4244 6574
610 370 763 441 1323

2108 364 2530 426 APPENDIX.

3858 368 4003 445 1324

607 498 704 554 ille
735 500 977 553 sanctus
1005 499 1113 562 est,
1144 494 1227 551 ita
1254 499 1312 551 et
1340 512 1447 551 nos
1478 495 1579 566 qui
1610 510 1788 568 Opera
1836 498 1966 568 ejus
2018 513 2248 563 sumus,
2278 498 2335 564 Α
2365 496 2514 560 Quid
2572 496 2762 553 dicit?
2815 496 2967 553 Dicit
3022 496 3187 567 mihi,
3251 516 3280 550 ι
3328 497 3547 569 Lauda,
3603 498 3804 556 anima
3856 517 3999 569 mea,

612 587 798 644 sancti
827 584 1156 642 efficiamur
1184 584 1243 639 in
1274 601 1361 640 eo.

683 700 710 726 ‹‹
747 674 965 731 Allevat
997 673 1283 729 Dominus
1314 689 1518 730 omnes
1549 673 1651 745 qui
1680 679 1980 730 corruunt.
2015 697 2043 725 »
2088 675 2169 731 Ne
2199 675 2257 729 in

612 769 828 822 aeterna
856 764 1027 820 ruina
1056 767 1415 835 mergantur.
1452 785 1480 813 ι(
1503 767 1572 818 Et
1592 762 1764 837 erigit
1793 781 1996 820 omnes
2026 764 2253 820 elisos.»

615 856 769 920 Quos
799 869 1084 926 corporeae
1114 851 1431 924 voluptatis
1470 852 1848 925 pracipitavit
1874 852 2176 925 stimulus,
2210 853 2260 908 si

614 943 1017 1017 pmnitentiam
1048 946 1246 1013 agant.

686 1056 714 1083 ‹‹
748 1031 912 1089 Oculi
941 1029 1206 1085 omnium
1237 1030 1295 1084 in
1326 1035 1379 1085 te
1401 1034 1659 1103 sperant,
1689 1030 1950 1098 Domine,
1984 1035 2041 1086 et
2069 1034 2133 1085 tu
2156 1031 2261 1087 das

617 1122 701 1180 eis
729 1137 925 1179 escam
956 1121 1015 1176 in
1043 1124 1302 1190 tempore
1334 1123 1681 1191 opportuno.
1730 1142 1757 1168 »
1788 1121 2140 1175 Sanctorum
2172 1120 2261 1175 in-

619 1211 797 1267 terior
824 1214 1096 1284 aspectus
1120 1208 1179 1263 in
1210 1207 1308 1263 illo
1340 1208 1534 1264 futuro
1568 1208 1968 1265 retributionis
2016 1208 2259 1282 suscipi-

606 1284 717 1357 .tur
744 1288 1027 1371 tempore.

700 1411 727 1442 α
755 1388 959 1461 Aperis
988 1392 1050 1443 tu
1086 1402 1328 1442 manum
1359 1391 1544 1459 tuam,
1578 1390 1634 1442 et
1664 1386 1874 1459 imples
1927 1402 2100 1443 omne
2147 1388 2267 1447 ani-

620 1478 738 1535 mal
770 1477 1195 1534 benedictione.
1230 1499 1258 1528 »
1295 1477 1455 1540 Quod
1490 1476 1930 1533 maledictiones
1960 1482 2019 1533 et
2048 1478 2265 1550 impro-

621 1568 780 1640 peria
815 1567 1034 1622 mundo
1060 1583 1164 1638 pro
1192 1565 1430 1621 nomine
1459 1570 1561 1620 tuo
1592 1565 1895 1621 sustinuit.

696 1678 723 1705 «
751 1656 965 1712 Justus
1000 1655 1281 1711 Dominus
1310 1654 1369 1708 in
1401 1654 1678 1709 omnibus
1725 1654 1835 1709 viis
1868 1655 2013 1725 suis,
2045 1660 2103 1709 et
2132 1672 2266 1710 san-

623 1751 753 1801 ctus
782 1746 842 1800 in
875 1744 1151 1799 omnibus
1181 1742 1457 1815 operibus
1496 1742 1639 1799 suis.
1676 1766 1705 1793 ‹‹
1757 1744 1919 1799 Sicut
1938 1746 2063 1816 jam
2094 1760 2267 1815 supe-

624 1836 749 1890 rius
779 1834 1004 1889 dictum
1033 1838 1141 1887 est.

698 1947 724 1973 α
761 1927 943 1994 Prope
972 1926 1061 1977 est
1088 1921 1372 1976 Dominus
1394 1922 1672 1977 omnibus
1702 1923 2113 1978 invocantibus
2134 1937 2268 1977 eum

628 2014 688 2069 in
717 2012 978 2069 veritate.
1014 2034 1041 2061 ››
1074 2011 1203 2083 Ipse
1233 2011 1373 2083 quid
1404 2011 1531 2067 ait?
1577 2016 1688 2080 Ego
1722 2029 1845 2067 sum
1893 2014 2032 2068 Deus
2079 2028 2268 2084 prape,

626 2112 675 2159 et
701 2120 810 2159 non
844 2103 979 2157 Deus
1009 2100 1074 2155 de
1104 2102 1286 2174 longe.
1320 2101 1537 2172 (Jerem.
1569 2118 1733 2169 xxm,
1764 2102 1876 2173 23).

702 2217 721 2242 α
756 2184 1129 2271 Voluntatem
1158 2189 1493 2246 timentium
1525 2207 1588 2247 se
1618 2191 1791 2247 faciet
1819 2197 1876 2247 et
1925 2208 2125 2264 preces
2172 2208 2268 2247 eo-

624 2299 757 2338 rum
786 2280 1076 2350 exaudiet,
1106 2284 1163 2334 et
1191 2278 1384 2335 salvos
1415 2279 1586 2335 faciet
1615 2297 1735 2337 eos.
1772 2304 1799 2329 »
1822 2281 1971 2336 Dum
1995 2297 2093 2336 eos
2123 2280 2275 2336 eruit

626 2370 715 2426 vel
748 2372 819 2426 ab
852 2368 1227 2442 instigatione
1255 2369 1496 2435 diaboli,
1539 2369 1626 2425 vel
1656 2369 1729 2425 ab
1755 2370 1961 2425 ardore
1991 2370 2232 2442 peccati.

699 2483 726 2510 «
761 2458 1026 2516 Custodit
1052 2456 1339 2513 Dominus
1368 2456 1678 2530 diligentes
1708 2474 1791 2526 se,
1823 2463 1881 2515 et
1909 2474 2115 2515 omnes
2146 2476 2276 2532 pec-

630 2554 855 2605 catores
901 2546 1217 2619 disperdet.
1266 2567 1295 2597 ››
1350 2545 1484 2602 Illos
1526 2546 1737 2619 diligit,
1771 2548 1869 2619 qui
1902 2547 2273 2604 dilectionem

628 2640 758 2711 ejus
780 2635 1096 2693 mundanis
1125 2635 1534 2692 dilectionibus
1555 2635 1955 2708 prmtulerunt.
1981 2635 2121 2692 Illos
2143 2653 2275 2693 vero

627 2726 935 2800 disperdit,
987 2725 1089 2798 qui
1137 2724 1321 2782 amori
1369 2725 1498 2796 ejus
1529 2720 2018 2784 amorem'saeculi
2052 2742 2275 2799 praepo-

629 2820 893 2875 suerunt.

702 2930 730 2957 «
764 2905 1021 2962 Laudem
1057 2903 1286 2959 Domini
1315 2902 1589 2976 loquetur
1613 2921 1677 2961 os
1713 2921 1931 2961 meum.
1963 2927 1991 2955 »
2027 2906 2193 2962 Nunc
2223 2909 2280 2961 et

633 2996 692 3051 in
744 2995 943 3050 futuro
989 2992 1396 3049 retributionis
1441 2998 1721 3065 tempore.
1772 3017 1799 3043 «
1851 2995 1921 3049 Et
1975 2995 2280 3051 benedicat

636 3082 826 3139 omnis
857 3098 990 3159 caro
1020 3080 1245 3137 nomini
1274 3085 1475 3136 sancto
1505 3082 1633 3153 ejus
1666 3082 1724 3137 in
1756 3089 2062 3151 aeternum,
2120 3088 2178 3139 et
2218 3084 2278 3139 in

637 3170 918 3250 saeculum
950 3168 1167 3241 saeculi.
1204 3192 1232 3219 ››
1259 3169 1421 3233 Quod
1448 3170 1564 3226 ait:
1604 3192 1631 3220 «
1660 3171 1850 3227 omnis
1896 3188 2050 3240 caro,
2086 3193 2113 3221 »
2165 3189 2280 3228 non

2371 586 2703 641 Dominum.
2741 608 2769 636 ››
2802 586 2919 659 Ego
2951 586 3080 658 ipsa
3109 587 3469 658 respondeo:
3505 608 3534 637 ‹‹
3593 586 3869 645 Laudabo
3894 588 3999 646 Do-

2368 675 2596 731 minum
2627 675 2686 731 in
2716 674 2836 730 vita
2865 690 3014 730 mea.
3052 696 3081 723 ››
3112 674 3279 730 Modo
3330 674 3572 732 laudare
3602 692 3719 732 non
3745 693 4001 749 possum,

2368 764 2621 835 peccatis
2687 781 2938 836 premor.
2985 764 3459 838 Quotiescunque
3504 763 3663 821 labia
3698 765 3758 822 in
3809 766 4002 825 laudes

2375 854 2470 909 Dei
2528 854 2745 925 aperio,
2803 853 2975 909 toties
3043 851 3146 909 illa
3219 852 3584 925 conglutinet
3656 855 4004 913 conscientia

2371 948 2765 1019 peccatorum.
2823 966 2843 989 α
2897 942 3170 997 Laudabo
3214 941 3533 999 Dominum
3562 943 3623 998 in
3652 944 3770 1000 vita
3800 961 3943 1002 mea.
3975 968 4001 996 ιο

2373 1021 2616 1086 Pulchre
2665 1030 2828 1100 dixit,
2879 1030 3132 1095 laudabo,
3181 1047 3319 1102 non,
3362 1030 3559 1087 laudo.
3590 1032 3830 1097 Quando
3876 1049 4003 1091 eum

2375 1119 2616 1175 Domino
2648 1136 2775 1174 meo
2808 1119 2991 1188 fuero,
3026 1124 3165 1174 tunc
3194 1118 3445 1177 laudabo
3479 1120 3789 1178 Dominum
3819 1123 3879 1178 in
3896 1124 4003 1179 vita

2374 1226 2523 1265 mea.
2574 1209 2740 1265 Nunc
2786 1209 2845 1264 in
2891 1214 3079 1265 morte
3122 1225 3281 1278 sum,
3332 1209 3575 1266 laudare
3605 1228 3723 1267 non
3750 1228 4001 1284 possum.

2377 1298 2708 1355 «Laudabo
2740 1299 3052 1355 Dominum
3082 1299 3143 1355 in
3198 1300 3318 1355 vita
3365 1316 3514 1356 mea.
3546 1323 3567 1350 ι
3628 1300 3764 1357 Vita
3818 1307 4006 1359 nostra

2374 1387 2639 1444 Christus
2668 1392 2776 1444 est.
2809 1388 3125 1444 Dominum
3158 1387 3466 1445 laudemus
3488 1390 3548 1444 in
3579 1390 3714 1447 vita.
3782 1414 3803 1441 ι
3858 1391 4004 1448 Psal-

2375 1476 2494 1533 lam
2524 1476 2639 1533 Deo
2671 1494 2800 1533 meo
2830 1478 3095 1549 quandiu
3137 1477 3319 1533 fuero.
3356 1500 3384 1527 »
3441 1478 3586 1534 Vide
3644 1479 3782 1551 quid
3840 1481 4004 1538 dicat.

2377 1566 2619 1632 Quando
2638 1566 2804 1637 juste
2831 1564 3055 1637 aliquid
3075 1566 3327 1638 agimus,
3351 1583 3560 1623 sumus
3584 1583 3598 1625 :
3624 1569 3857 1640 quando
3885 1585 4008 1625 vero

2379 1671 2710 1727 peccamus,
2744 1670 2872 1711 esse
2902 1654 3263 1711 desistimus.
3295 1654 3475 1711 Multa
3502 1661 3643 1712 sunt
3670 1672 3799 1728 qua:
3825 1658 4011 1714 dican-

2379 1748 2511 1798 tur:
2545 1744 2645 1798 sed
2679 1743 2750 1798 ad
2783 1742 2959 1798 tinem
2991 1732 3231 1798 festinat
3259 1743 3464 1799 oratio.

2455 1855 2483 1882 (ι
2512 1831 2699 1887 Nolite
2727 1832 3037 1898 confidere,
3086 1832 3146 1887 in
3189 1831 3575 1904 principibus,
3621 1848 3727 1890 nec
3775 1835 3834 1891 in
3880 1835 4012 1893 ﬁliis

2380 1922 2714 1993 hominum,
2745 1921 2806 1975 in
2837 1921 3055 1993 quibus
3082 1937 3199 1977 non
3228 1926 3318 1977 est
3347 1921 3530 1979 salus.
3568 1946 3597 1971 »
3638 1922 3757 1983 Hoc
3786 1940 4015 1996 genera-

2379 2012 2514 2068 liter
2542 2011 2615 2067 ad
2647 2027 2852 2067 omnes
2876 2010 3053 2069 dicit:
3088 2033 3110 2060 ι
3173 2010 3359 2068 Nolite
3396 2011 3686 2068 conﬁdere
3714 2011 3776 2075 in
3806 2014 4015 2086 princi-

2381 2101 2574 2173 pibus.
2612 2123 2639 2149 »
2670 2100 2796 2156 Non
2827 2098 2887 2155 in
2920 2099 3291 2172 imperatore,
3323 2116 3438 2156 non
3470 2100 3529 2157 in
3561 2100 3867 2173 praefectis,
3898 2120 4012 2160 non

2381 2191 2440 2245 in
2462 2189 2765 2262 judicibus
2795 2188 3013 2246 saeculi.

2454 2300 2483 2328 «
2529 2276 2715 2333 Nolite
2772 2276 3065 2334 conﬁdere
3110 2276 3170 2332 in
3217 2277 3601 2351 principibus.
3653 2301 3682 2327 ››
3732 2280 3839 2346 Qui
3881 2285 4019 2337 sunt

2383 2367 2678 2440 principes
2700 2366 2728 2421 ‘I
2755 2366 2880 2421 Filii
2911 2364 3240 2422 hominum.
3273 2366 3378 2431 Qui
3402 2371 3540 2423 sunt
3560 2367 3665 2423 filii
3686 2367 4016 2426 hominum?

2382 2456 2606 2522 Quibus
2639 2473 2753 2511 non
2784 2460 2875 2513 est
2905 2453 3088 2512 salus.

2463 2568 2484 2595 α
2520 2545 2708 2601 Exibit
2757 2545 3001 2617 spiritus
3045 2546 3197 2616 ejus,
3241 2551 3300 2601 et
3348 2551 3667 2604 revertetur
3690 2549 3752 2604 in
3807 2553 4015 2607 terram

2387 2652 2579 2693 suam.
2645 2656 2667 2686 ι
2717 2636 2861 2692 Cum
2909 2639 3110 2691 autem
3160 2650 3460 2708 regressus
3505 2636 3681 2694 fuerit
3722 2638 3784 2694 in
3811 2641 4018 2695 terram

2389 2742 2583 2790 suam,
2614 2724 2756 2796 quid
2789 2724 2935 2779 ﬁet?
2967 2746 2995 2774 «
3031 2724 3093 2780 ln
3124 2722 3227 2780 illa
3263 2725 3358 2781 die
3388 2726 3662 2797 peribunt
3707 2743 3907 2784 omnes
3934 2743 4022 2783 co.-

2388 2815 2701 2888 gitationes
2749 2829 2977 2870 eorum.
3028 2835 3058 2863 ››
3106 2812 3313 2870 Omnis
3361 2814 3692 2888 principum
3733 2815 4021 2873 confiden-

2389 2904 2470 2960 tia
2495 2903 2698 2976 periet,
2731 2907 2788 2959 ct
2817 2902 3093 2975 peribunt
3137 2918 3342 2960 omnes
3380 2903 3758 2975 cogitationes
3799 2922 4022 2961 eorum.

2392 3016 2421 3044 ‹‹
2483 2990 2671 3048 Nolite
2726 2991 3019 3047 confidere
3076 2991 3135 3048 in
3192 2991 3575 3064 principibus.
3637 3018 3664 3045 »λ
3697 2994 3870 3050 Hodie
3893 2994 4023 3063 fuit,

2390 3098 2522 3138 cras
2571 3098 2687 3137 non
2738 3086 2846 3137 est.
2896 3079 3075 3144 Hodie
3123 3080 3290 3149 illum
3342 3083 3617 3155 praecedit
3640 3083 3942 3153 exercitus,
3971 3087 4028 3139 et

2393 3188 2523 3228 sero
2554 3170 2611 3226 in
2644 3169 2912 3243 sepulcro
2933 3170 3111 3241 jacet.
3145 3169 3284 3228 Post
3312 3175 3533 3227 tantam
3567 3172 4025 3245 magnitudinem

638 3262 709 3317 ad
734 3247 1103 3335 insensibilia
1132 3258 1501 3315 referendum
1531 3264 1640 3328 est,
1674 3261 1775 3316 sed
1810 3261 1881 3317 ad
1932 3278 2103 3317 omne
2155 3279 2280 3319 cor-
2311 3247 2355 3316 (ἶ
2394 3265 2621 3317 tantam
2652 3258 2997 3327 claritatem,
3037 3258 3203 3316 nulla
3229 3259 3596 3318 intercedunt
3644 3268 3901 3335 tempora
3923 3278 3939 3317 :
3960 3258 4027 3317 in

636 3368 745 3422 pus
774 3348 1065 3416 Ecclesiae,
1100 3348 1253 3420 quod
1286 3365 1392 3405 nos
1425 3365 1656 3417 sumus,
1687 3350 1788 3422 qui
1810 3350 1995 3406 Deum
2019 3350 2281 3420 laudare,

636 3439 997 3505 benedicere,
1029 3436 1300 3494 extollere
1347 3455 1413 3493 ac
1461 3439 1777 3510 praedicare
1826 3440 2130 3512 debemus,
2182 3457 2286 3514 per

637 3545 811 3600 quem
840 3527 1112 3593 vivimus,
1145 3544 1249 3599 per
1279 3543 1453 3599 quem
1486 3527 1702 3613 alimur
1722 3545 1789 3584 ac
1815 3546 2043 3585 sumus.
2070 3530 2173 3586 Cui
2195 3536 2285 3586 est

637 3635 771 3675 cum
797 3622 1011 3673 aeterno
1050 3615 1218 3679 Patre
1243 3620 1301 3672 et
1330 3615 1549 3688 Spiritu
1580 3622 1779 3674 sancto
1811 3616 1996 3674 honor
2050 3624 2107 3675 et
2162 3620 2283 3691 glo-

640 3707 725 3763 ria
754 3706 814 3764 in
838 3705 1049 3763 saecula
1077 3704 1444 3761 saeculorum.
1478 3713 1685 3762 Amen.

1175 3828 1501 3885 PSALMUS
1540 3830 1747 3885 CXLV.

642 3922 900 3977 Alleluia.
937 3919 1133 3990 Aggaei
1161 3917 1542 3992 etZaehariae.
1597 3921 1711 3975 Iste
1760 3920 2025 3992 psalmus
2073 3938 2142 3977 ex
2189 3938 2288 3978 no-

712 3992 1155 4065 mineduorum
1178 3991 1597 4065 prophetarum
1620 3991 1997 4065 prws’criptus
2018 4010 2085 4050 ex
2109 3994 2285 4052 unius

708 4081 847 4122 voce
876 4062 1158 4135 loquitur,
1184 4062 1393 4119 dicens
1418 4080 1431 4119 :

715 4177 744 4205 ‹‹
807 4153 1019 4223 Lauda,
1077 4151 1275 4208 anima
1329 4169 1479 4220 mea,
1532 4152 1874 4219 Dominum.
1933 4174 1960 4208 η
2019 4156 2287 4213 Psalmus

640 4246 754 4301 iste
810 4241 1049 4299 titulum
1109 4241 1284 4297 habet
1337 4242 1533 4313 Aggzsi
1590 4249 1647 4298 et
1690 4242 2000 4313 Zachariae.
2034 4247 2146 4302 Sed
2178 4246 2288 4303 hoc

640 4334 899 4408 primum
932 4332 1082 4387 scire
1138 4331 1442 4398 debemus,
1502 4332 1657 4403 quod
1715 4333 1773 4387 in
1832 4334 2113 4390 Hebraico
2169 4353 2286 4409 non

640 4425 915 4491 habetur,
1001 4422 1098 4476 sed
1202 4421 1262 4475 in
1361 4420 1746 4493 Septuaginta
1846 4422 2285 4496 interpretibus.

640 4514 917 4571 Dicamus
950 4516 1147 4565 autem
1179 4514 1235 4565 et
1265 4509 1336 4566 de
1384 4509 1640 4566 editione
1686 4510 1939 4584 Vulgata
1984 4513 2184 4585 Aggwi
2232 4519 2290 4570 et

2393 3350 2597 3406 eodem
2648 3352 2944 3405 momento
2999 3348 3213 3405 Christi
3267 3355 3357 3407 est
3403 3352 3680 3423 operatio.
3726 3374 3767 3402 .‹‹
3798 3352 3861 3406 In
3892 3348 4029 3407 ﬁliis

2386 3438 2722 3509 hominum,
2771 3438 3094 3509 inquibus
3145 3454 3258 3495 non
3306 3444 3399 3496 est
3441 3440 3621 3498 salus.
3675 3463 3703 3491 »
3736 3441 3841 3507 Qui
3891 3444 4031 3497 sunt

2394 3526 2688 3600 principes
2704 3527 2732 3581 ’ἶ
2764 3526 2893 3582 Filii
2923 3525 3254 3583 hominum.
3307 3527 3368 3584 Si
3400 3528 3527 3601 ipsi
3558 3528 3836 3586 homines
3882 3527 4029 3585 nihil

2394 3621 2551 3684 sunt,
2585 3616 2726 3689 quid
2758 3619 2899 3671 sunt
2925 3614 3031 3675 ﬁlii
3071 3616 3323 3672 eorum?
3368 3640 3396 3668 ‹‹
3448 3617 3640 3674 Exibit
3686 3617 3948 3691 spiritus.
4000 3640 4029 3666 κ

2392 3708 2574 3778 Cujus
2602 3705 2631 3760 Ἰ
2660 3705 2947 3761 Hominis.
2981 3728 3008 3755 ‹‹
3038 3705 3229 3761 Exibit
3253 3706 3516 3778 spiritus.
3549 3731 3587 3771 »_
3613 3706 3715 3763 Hic
3759 3706 4029 3779 spiritum

2394 3813 2497 3869 pro
2553 3796 2754 3851 anima
2799 3794 2983 3866 ponit.
3023 3798 3212 3861 Pater,
3257 3796 3319 3850 in
3355 3811 3551 3852 manus
3582 3800 3702 3852 tua:
3724 3794 4031 3852 comendo

2392 3886 2654 3956 spiritum
2705 3899 2887 3939 meum
2941 3884 3092 3954 (Luc.
3137 3901 3303 3955 χχιιι,
3352 3886 3465 3957 49).
3507 3908 3535 3936 ‹‹
3578 3884 3765 3941 Exibit
3788 3883 4032 3957 spiritus

2395 3976 2546 4047 ejus,
2576 3977 2633 4029 et
2662 3977 2982 4029 revertetur
3010 3972 3068 4027 in
3101 3976 3317 4029 terram
3350 3990 3542 4031 suam.
3574 3997 3603 4025 ι»
3635 3974 3757 4033 Non
3786 3973 4032 4047 spiritus

2396 4066 2713 4120 revertetur
2741 4062 2802 4118 in
2834 4066 3053 4118 terram
3085 4078 3293 4119 suam:
3327 4079 3444 4119 non
3483 4063 3639 4119 enifn
3676 4066 3765 4120 est
3788 4062 4034 4135 spiritus

2395 4156 2466 4210 de
2493 4158 2669 4221 terra,
2718 4152 2820 4208 sed
2866 4150 3200 4224 egredietur
3253 4151 3521 4224 spiritus,
3564 4156 3620 4208 et
3648 4151 3818 4209 homo
3847 4167 4036 4208 rever-

2395 4248 2551 4299 tetur
2581 4242 2641 4297 in
2670 4246 2886 4298 terram
2914 4256 3106 4297 suam.
3140 4264 3168 4290 «
3201 4239 3398 4301 In,illa
3428 4241 3522 4298 die
3542 4242 3812 4314 peribunt
3831 4257 4038 4298 omnes

2397 4332 2778 4404 cogitationes
2834 4345 3058 4386 eorum.
3116 4348 3143 4382 υ
3206 4329 3324 4386 Nos
3370 4329 3484 4402 ipsi
3548 4331 3648 4401 qui
3710 4346 3879 4386 nunc-
3924 4331 4039 4400 [Αι.

2398 4422 2536 4491 non]
2568 4435 2776 4476 sumus
2799 4416 3111 4491 principes,
3152 4423 3375 4490 quanta
3421 4419 3684 4491 quotidie
3710 4418 4040 4491 cogitamus

2395 4516 2453 4568 et
2472 4510 2757 4574 .dicimus,
2784 4508 2891 4564 Die
2928 4507 3188 4564 crastina
3245 4506 3390 4564 illud
3443 4508 3676 4575 faciam,
3737 4508 4040 4565 destruam

642 4602 950 4658 Zachariae.
984 4600 1129 4664 Quia
1157 4600 1504 4655 instauratio
1550 4600 1641 4656 hic
1672 4600 1889 4657 dicitur
1917 4601 2243 4659 Jerusalem
2269 4620 2281 4659 :
2318 4622 2362 4688 ι)
2394 4602 2602 4657 horrea
2633 4614 2780 4688 mea,
2813 4602 2868 4653 et
2898 4613 3134 4688 rursum
3159 4596 3258 4688 die
3287 4598 3543 4654 crastina
3570 4596 3864 4688 ediﬁcabo
3891 4596 4039 4653 illal

644 4714 672 4742 ι(
706 4689 990 4762 Regnavit
1028 4689 1311 4743 Dominus
1362 4688 1421 4744 in
1469 4688 1683 4745 saecula
1729 4691 1883 4746 Deus
1932 4697 2091 4760 tuus,
2122 4692 2280 4762 Sion,

643 4780 704 4835 in
734 4777 1105 4852 generatione
1133 4781 1191 4831 et
1218 4778 1650 4853 generationem
1689 4784 1762 4850 (υ.
1799 4781 1886 4849 10)
1912 4798 1926 4848 ;
1960 4803 1989 4830 ››
2021 4782 2189 4853 quasi
2212 4783 2284 4838 de

643 4866 1067 4926 instauratione
1096 4865 1423 4923 Jerusalem
1454 4867 1568 4922 dici
1598 4872 1827 4941 putant,
1862 4886 1989 4941 quae
2019 4870 2174 4926 facta
2201 4877 2290 4929 est

644 4960 755 5015 sub
811 4961 1021 5031 Aggeeo
1074 4959 1131 5011 et
1182 4954 1480 5012 Zacharia.
1535 4980 1556 5005 ι»
1621 4956 1838 5023 Lauda,
1890 4959 2089 5015 anima
2138 4977 2289 5031 mea,

640 5048 981 5113 Dominum.
1011 5067 1039 5096 »
1066 5043 1191 5100 Non
1216 5044 1381 5115 dixit,
1413 5044 1632 5112 Lauda,
1665 5063 1898 5119 corpus,
1927 5048 2049 5117 sed,
2090 5070 2112 5100 α
2148 5049 2292 5107 Lau-

644 5138 763 5211 da,.
803 5136 1039 5204 anima;
1074 5158 1102 5185 »
1151 5151 1265 5191 non
1315 5135 1471 5207 quod
1523 5152 1733 5208 corpus
1774 5137 2154 5211 damnaverit,
2187 5140 2288 5196 sed

643 5226 837 5284 carnis
867 5242 1043 5299 opera
1072 5223 1503 5281 condemnavit.
1551 5247 1571 5274 α
1625 5221 1844 5293 Lauda,
1892 5224 2089 5282 anima
2136 5242 2289 5298 mea,

642 5317 980 5374 Dominum.
1007 5334 1035 5367 ιν
1073 5314 1287 5370 Anima
1310 5315 1440 5386 ipsa
1469 5331 1530 5369 se
1559 5313 1849 5372 hortatur.
1908 5317 2207 5380 Quomodo
2238 5318 2289 5374 si

642 5409 799 5461 dicat
851 5405 1060 5461 David:
1113 5427 1141 5452 «
1184 5403 1399 5467 Lauda,
1435 5403 1636 5471 David,
1673 5404 2025 5459 Dominum:
2061 5427 2088 5453 υ
2122 5404 2205 5459 sic
2234 5411 2292 5461 et

642 5496 771 5566 ipsa
801 5494 997 5548 anima
1027 5492 1169 5547 dicit
1197 5492 1269 5547 ad
1299 5508 1398 5546 se:
1433 5514 1462 5539 ‹‹
1525 5493 1735 5560 Lauda,
1770 5493 1969 5548 anima
2000 5509 2147 5561 mea,
2181 5498 2289 5549 Do-

647 5585 910 5636 minum:
964 5581 1214 5636 laudabo
1264 5581 1580 5636 Dominum
1636 5582 1690 5635 in
1739 5582 1855 5636 vita
1906 5596 2053 5635 mea.
2088 5602 2115 5629 ››
2148 5580 2291 5638 Vide

648 5668 788 5741 quid
834 5670 1025 5725 dicat:
1082 5672 1214 5741 ipsa
1262 5686 1324 5725 se
1371 5670 1662 5740 hortatur,
1710 5675 1766 5725 et
1795 5670 1924 5743 ipsa
1956 5670 2287 5743 respondet.

2392 4690 2615 4755 ﬁcitur
2642 4685 2786 4742 mihi
2827 4703 2841 4741 :
2897 4686 3092 4752 Stulte,
3151 4686 3251 4741 hac
3310 4690 3466 4741 nocte
3518 4687 3769 4759 rapietur
3848 4688 4044 4742 animo

2398 4790 2492 4838 tua
2512 4798 2535 4845 ;
2562 4792 2689 4849 quae
2718 4783 2901 4839 autem
2923 4777 3285 4847 przparasti,
3334 4776 3493 4847 cujus
3521 4783 3682 4839 erant
3723 4778 3875 4845 (Luc.
3938 4790 4042 4845 xu,

2396 4866 2536 4938 20)?
2565 4870 2687 4922 Hoc
2734 4865 2807 4920 de
2849 4862 2966 4919 illis
3015 4862 3158 4919 dicit
3188 4864 3289 4936 qui
3339 4863 3640 4921 confidunt
3675 4864 3735 4919 in
3762 4862 4046 4936 principi-

2399 4959 2531 5015 bus.
2563 4957 2851 5012 Caeterum
2876 4952 2948 5009 de
2977 4956 3182 5011 sancto
3216 4952 3356 5026 quid
3397 4953 3654 5009 dicitur?

2477 5068 2506 5100 α
2534 5048 2745 5111 Beatus
2772 5043 2943 5114 cujus
2980 5047 3133 5098 Deus
3159 5040 3337 5099 Jacob
3397 5041 3631 5113 acﬁutor
3682 5042 3826 5114 ejus,
3888 5061 3916 5092 ι
3985 5042 4052 5098 Hi

2399 5138 2461 5192 in
2489 5128 2742 5191 curribus
2771 5134 2821 5187 et
2850 5131 2912 5188 hi
2940 5133 3000 5187 in
3024 5132 3200 5203 equis,
3232 5148 3333 5187 nos
3361 5134 3546 5187 autem
3583 5132 3642 5187 in
3682 5132 3901 5187 nomine
3952 5133 4056 5187 Do-

2398 5227 2543 5282 mini
2572 5221 2947 5280 invocabimus
2973 5221 3144 5293 (Psal.
3180 5237 3296 5287 x1x,
3332 5221 3410 5293 8).
3452 5219 3545 5275 llli
3592 5217 3788 5292 plures
3827 5220 4057 5278 habent

2400 5316 2729 5386 adjutores:
2764 5311 2863 5367 sed
2893 5308 3187 5383 principes
3215 5315 3375 5382 sunt,
3407 5309 3510 5365 sed
3558 5307 3826 5365 homines
3875 5314 4056 5379 sunt,

2400 5405 2501 5460 sed
2562 5405 2864 5457 corruunt.
2916 5400 3033 5455 Nos
3084 5415 3269 5454 unum
3323 5398 3608 5454 habemus
3667 5397 3767 5470 qui
3824 5398 4059 5454 salvare

2401 5495 2613 5564 potest.
2674 5513 2702 5539 «
2758 5492 2899 5561 Spes
2950 5490 3079 5557 ejus
3157 5488 3215 5543 in
3286 5486 3533 5542 Domino
3599 5487 3708 5541 Deo
3772 5485 3996 5558 ipsius.
4032 5511 4060 5538 η

2404 5582 2717 5635 Videamus
2752 5583 2868 5632 tres
2896 5578 3059 5650 pueri
3093 5578 3235 5648 quid
3282 5577 3478 5632 dicent
3506 5575 3565 5630 in
3596 5576 3831 5632 fornace
3860 5574 4061 5652 Baby-

2401 5671 2558 5728 lonia
2590 5686 2602 5727 :
2638 5669 2916 5741 quoniam
2966 5672 3133 5725 vocat
3178 5683 3276 5724 eos
3330 5664 3868 5726 Nabuchodonosor
3909 5681 4063 5729 rex:
