4244 6628
217 425 372 483 1325

1378 407 1875 468 BREVIABIUM
1920 407 1999 465 ΙΝ
2048 409 2440 470 PSALMOS.

3474 410 3631 468 1326

215 555 340 611 Non
364 567 598 608 necesse
645 554 734 605 est
785 564 890 604 nos
937 547 1007 602 de
1039 545 1146 600 hoc
1176 543 1348 599 verbo
1409 541 1763 613 respondere
1794 539 1863 593 ti-
1897 541 1949 606 Α
1982 562 2008 589 ‹‹
2044 539 2150 595 Dat
2179 559 2370 598 escam
2404 542 2816 599 esurientibus.
2854 566 2880 592 ι›
2916 541 3318 599 Esurientibus
3348 541 3466 611 dat,
3512 558 3628 597 non

217 645 300 701 bi.
334 643 528 699 Potest
557 640 794 712 quidem
854 652 960 691 nos
1016 633 1169 690 Deus
1223 632 1472 687 liberare
1529 631 1600 685 de
1641 630 1871 684 fornace

219 731 464 790 ardenti.
496 731 604 786 Sed
637 729 686 784 si
717 743 829 783 non
879 723 1145 780 liberavit
1190 724 1344 784 scito,
1397 737 1518 787 rex,
1563 721 1695 790 quia
1729 721 1870 773 ima-

216 824 400 894 ginem
457 834 624 892 quam
680 813 1008 871 cmutituisti
1064 827 1173 866 non
1233 810 1533 865 adoramus
1583 809 1742 879 (Dan.
1790 824 1872 872 ιιι,

222 912 330 981 18).
365 909 560 966 Videte
591 906 784 960 fidem.
819 901 1144 965 Credimus,
1197 898 1410 969 inquit,
1462 897 1618 968 quod
1664 896 1874 951 libera-

222 1015 282 1054 re
313 1002 518 1070 potest.
551 996 662 1050 Sed
723 994 770 1049 si
831 993 975 1047 forte
1037 995 1273 1061 peccata
1332 990 1533 1042 nostra
1565 983 1876 1056 prohibue-

223 1089 375 1142 rint:
411 1090 606 1141 tamen
640 1082 936 1138 credimus
967 1079 1110 1135 etin
1161 1093 1297 1132 eum
1342 1075 1442 1146 qui
1494 1091 1610 1130 non
1668 1072 1881 1128 vultli-

223 1177 443 1232 berare.
478 1175 603 1230 Non
648 1172 805 1227 enim
855 1169 1151 1224 credimus
1201 1167 1260 1220 in
1310 1165 1420 1219 hac
1469 1164 1606 1233 vita,
1667 1163 1768 1219 sed
1819 1163 1877 1217 in

223 1264 442 1320 futura.
477 1267 602 1319 Non
654 1263 960 1333 propterea
1003 1255 1298 1312 credimus
1334 1254 1393 1308 in
1447 1252 1636 1321 illum,
1686 1269 1757 1306 ne
1787 1252 1880 1306 hic

223 1355 534 1410 ardeamus
561 1368 573 1407 :
611 1350 711 1406 sed
745 1365 816 1405 ne
847 1364 950 1420 per
979 1347 1093 1402 ista
1122 1343 1391 1400 incendia
1422 1343 1496 1398 ad
1543 1341 1657 1398 alia
1687 1346 1878 1396 trans-

227 1459 453 1500 eamus.
524 1440 774 1496 Incende
875 1435 1074 1509 igitur,
1182 1450 1441 1507 praepara
1541 1432 1878 1486 caminum:

226 1533 336 1588 iste
387 1531 578 1598 ardor,
627 1529 738 1584 ista
799 1523 1148 1588 combustio,
1206 1528 1406 1578 nostra
1439 1520 1705 1594 purgatio
1772 1524 1880 1576 est.

229 1644 257 1670 ‹‹
292 1621 505 1675 Beatus
531 1619 704 1689 cujus
752 1615 906 1672 Deus
953 1614 1135 1669 Jaceb
1184 1611 1416 1682 adjuter
1438 1611 1586 1681 ejus.
1615 1633 1641 1658 ››
1688 1609 1883 1665 Videte

230 1707 680 1780 significantiam
712 1706 1020 1761 verborum
1053 1724 1081 1750 «
1111 1701 1357 1770 Adjnter
1413 1700 1560 1770 ejus,
1598 1723 1624 1745 ››
1674 1703 1729 1752 et
1768 1715 1881 1753 non

231 1801 457 1870 poterat
485 1797 561 1852 ibi
598 1795 784 1850 ullum
819 1795 1055 1865 signum
1089 1792 1296 1858 facere,
1331 1793 1567 1860 prepter
1611 1787 1882 1842 incredu-

232 1887 454 1943 litatem
481 1901 681 1942 eorum
707 1883 932 1962 (Matt/ia
969 1899 1092 1946 xm,
1138 1879 1456 1978 58).“Deus
1509 1877 1741 1978 adjutqr
1783 1892 1880 1978 no-
1915 1913 1963 1978 B

235 1982 356 2030 ster
383 1978 493 2041 est,
525 1973 796 2028 Velentes
821 1977 878 2025 et
909 1971 1239 2024 laborantes
1273 1967 1496 2033 liberat,
1530 1971 1586 2020 et
1631 1964 1880 2020 collabe-

235 2068 354 2118 rat:
408 2061 790 2126 dormientes,
851 2065 906 2113 et
956 2061 1235 2122 tacentes,
1297 2061 1352 2109 et
1419 2054 1706 2120 nolentes,
1768 2071 1881 2109 non

235 2153 462 2208 liberat.
498 2175 526 2201 ‹‹
557 2155 700 2224 Spes
731 2150 858 2220 ejus
889 2148 948 2202 in
985 2146 1226 2202 Domino
1257 2145 1372 2200 Dee
1410 2144 1615 2215 ipsius.
1654 2166 1680 2192 ››
1714 2143 1883 2216 Egre-

235 2243 328 2314 gie
360 2241 520 2308 dixit,
577 2257 719 2312 spes.
752 2237 871 2294 Etsi
934 2236 990 2291 in
1043 2235 1313 2308 praesenti
1364 2251 1477 2289 non
1525 2233 1754 2300 liberat,
1801 2237 1886 2287 ta-

237 2347 370 2386 men
403 2347 538 2403 spes
568 2330 638 2385 de
675 2329 870 2384 futuro
897 2333 1001 2382 est.
1037 2348 1063 2374 «
1106 2324 1214 2390 Qui
1265 2323 1400 2378 fecit
1445 2321 1655 2378 coelum
1688 2326 1744 2377 et
1775 2326 1886 2376 ter-

235 2437 382 2476 ram.
418 2442 445 2470 »
480 2420 592 2475 lste
622 2418 776 2474 Deus
808 2415 909 2488 qui
937 2414 1071 2470 fecit
1099 2412 1310 2468 coelum
1335 2417 1388 2467 et
1411 2417 1649 2478 terram,
1677 2434 1703 2460 «
1731 2426 1888 2465 mare

235 2515 291 2565 et
320 2507 518 2565 omnia
549 2525 678 2580 quae
735 2506 794 2561 in
845 2504 929 2561 eis
977 2507 1135 2559 sunt.
1182 2525 1210 2551 »
1263 2502 1342 2557 Ad
1395 2500 1889 2573 comparationem

235 2598 387 2663 cmli,
418 2602 477 2654 et
509 2605 691 2664 terrai,
725 2601 784 2651 et
825 2593 1027 2660 maris,
1080 2608 1188 2647 nos
1246 2590 1516 2647 homines
1565 2589 1891 2645 secundum

237 2687 630 2743 conditionem
659 2684 873 2751 carnis,
925 2683 1009 2739 sic
1061 2698 1271 2737 sumus
1329 2679 1500 2752 quasi
1557 2679 1808 2734 formicae
1839 2681 1895 2732 et

242 2775 484 2849 pulices.
546 2776 653 2840 Qui
697 2789 833 2845 ergo
881 2771 1093 2828 caelum
1143 2770 1279 2826 fecit
1325 2774 1382 2824 et
1426 2773 1664 2832 terram,
1705 2765 1894 2822 hemi-

246 2881 379 2920 nem
414 2881 528 2920 nen
561 2867 750 2936 potest
782 2862 1026 2916 liberare
1057 2875 1232 2930 quem
1265 2859 1402 2913 fecit
1423 2859 1450 2912 ‘?

325 2974 346 3002 ι
381 2953 489 3018 Qui
521 2952 778 3008 custodit
824 2950 1128 3005 veritatem
1187 2949 1246 3003 in
1305 2947 1608 3003 saeculum.
1643 2967 1670 2996 »
1702 2946 1759 3000 Si
1792 2961 1897 3000 nos

249 3040 531 3114 opprimit
561 3039 955 3106 mendacium,
988 3053 1104 3092 non
1151 3035 1586 3091 contristemur.
1635 3033 1902 3090 Custodit

256 3128 536 3185 Dominus
565 3129 868 3184 veritatem
899 3126 958 3180 in
990 3123 1294 3180 saeculum.
1347 3124 1552 3180 Nescio
1601 3122 1735 3194 quis
1764 3139 1898 3178 cen-

251 3224 342 3273 tra
372 3234 478 3272 nos
510 3216 790 3272 mentitus
821 3217 928 3280 est,
963 3218 1020 3269 et
1063 3213 1252 3284 magis
1303 3211 1385 3266 illi
1439 3211 1698 3267 creditur
1737 3227 1901 3266 men-

1982 632 2400 688 eructantibus.
2433 633 2538 696 Qui
2571 649 2706 707 ergo
2744 650 2857 689 non
2889 630 3067 688 habet
3103 629 3447 699 monachus,
3492 647 3629 686 con-

1985 719 2230 773 ﬁdenter
2259 721 2520 793 accipiat.
2577 723 2686 786 Qui
2735 720 2909 779 habet
2957 726 3015 777 et
3062 724 3333 777 eructans
3363 723 3473 790 est,
3513 735 3626 776 non

1985 807 2249 878 accipiat.
2282 809 2407 864 Scis
2437 811 2576 881 quia
2604 811 2830 868 esuris:
2885 810 3002 866 scis
3054 808 3190 882 quia
3246 826 3360 865 non
3406 807 3628 864 habes:

1986 898 2028 951 si
2063 897 2361 965 esurieris,
2393 904 2450 953 et
2481 916 2595 954 non
2629 900 2846 956 habes:
2881 899 3072 973 magis
3101 899 3208 956 das
3255 896 3629 966 beneﬁcium,

1988 987 2034 1040 si
2068 986 2320 1058 accipias
2351 987 2504 1058 quod
2537 986 2814 1043 tribuitur
2854 989 2981 1044 tibi.
3029 989 3086 1044 Si
3138 992 3335 1045 autem
3366 986 3548 1043 habes
3577 990 3636 1042 et

1989 1091 2102 1129 non
2135 1075 2348 1143 esuris,
2381 1093 2493 1130 non
2527 1077 2703 1131 debes
2746 1076 2941 1131 cibum
2989 1078 3374 1134 esurientium
3407 1074 3631 1145 tollere,

1989 1169 2046 1219 et
2094 1165 2734 1236 accipere.saturatus.
2791 1165 3000 1236 Accipe
3049 1166 3204 1238 quod
3256 1166 3316 1221 in
3374 1170 3634 1223 ventrem

1991 1253 2213 1320 mittas,
2245 1270 2358 1309 non
2417 1253 2569 1325 quod
2625 1252 2684 1308 in
2742 1253 3066 1309 saeculum:
3127 1253 3322 1325 accipe
3371 1254 3641 1311 tunicam

1991 1359 2118 1414 quae
2150 1358 2358 1413 corpus
2389 1347 2564 1414 tegat,
2620 1358 2734 1397 non
2781 1358 2908 1412 quas
2939 1357 3102 1397 arcas
3155 1339 3414 1413 impleat.
3450 1365 3478 1393 ‹‹
3529 1343 3639 1398 Dat

1990 1447 2181 1486 escam
2240 1431 2658 1486 esurientibus.
2716 1452 2744 1480 »
2806 1430 2921 1485 Hoc
2973 1430 3303 1486 secundum
3356 1427 3636 1486 litteram.

1992 1519 2268 1575 Dicamus
2319 1525 2375 1575 et
2430 1519 2634 1576 aliter:
2669 1519 3012 1575 Esuriamus
3059 1517 3380 1589 Christum,
3432 1522 3490 1574 et
3514 1518 3641 1591 ipsa

1993 1609 2162 1666 nobis
2194 1611 2293 1664 dat
2319 1609 2613 1665 caelestem
2649 1626 2879 1682 panem.
2931 1610 3136 1664 Panem
3178 1617 3431 1665 nostrum
3457 1609 3640 1683 quoti-

1991 1699 2219 1754 dianum
2273 1698 2345 1753 de
2403 1699 2560 1754 nobis
2612 1699 2770 1754 hodie
2823 1699 3034 1770 (Matth.
3093 1716 3169 1770 v1,
3228 1699 3336 1769 11)..
3382 1697 3498 1754 Hoc
3538 1698 3641 1770 qui

1993 1789 2219 1854 dicunt,
2252 1789 2537 1843 esuriunt.
2569 1789 2677 1853 Qui
2709 1803 2920 1860 panem
2952 1788 3308 1856 desiderant,
3353 1788 3639 1846 esuriunt.

1993 1876 2098 1943 Qui
2135 1876 2294 1940 dicit,
2331 1877 2543 1933 Panem
2576 1883 2842 1934 nostrum
2891 1877 3298 1950 quotidianum
3353 1879 3427 1934 da
3473 1878 3644 1935 nobis

1999 1965 2191 2034 hodie,
2233 1967 2436 2038 utique
2487 1968 2752 2023 esuriens
2791 1967 3067 2038 loquitur.
3121 1965 3231 2022 Dat
3283 1983 3478 2024 escam
3508 1984 3639 2024 esu-

1996 2055 2299 2110 rientibus.
2337 2055 2503 2110 Putat
2538 2055 2775 2126 aliquis,
2808 2055 2964 2127 quod
2998 2071 3208 2128 panem
3247 2054 3542 2112 caelestem
3572 2057 3644 2113 de

1997 2144 2288 2218 mysteriis
2321 2143 2494 2200 dicat.
2530 2145 2596 2199 Et
2628 2143 2736 2200 hoc
2787 2143 3027 2217 quidem
3078 2143 3400 2217 accipimus
3424 2147 3466 2210 ¹,
3505 2145 3646 2217 quia

1996 2251 2127 2289 vere
2153 2250 2283 2288 caro
2313 2232 2527 2289 Christi
2559 2238 2668 2305 est,
2717 2238 2775 2289 et
2820 2249 2951 2289 vere
2999 2234 3242 2306 sanguis
3288 2232 3506 2291 Christi
3536 2237 3642 2290 est.

1997 2325 2282 2378 Caeterum
2314 2321 2581 2378 dicamus
2612 2327 2669 2378 et
2699 2322 2885 2378 aliter.
2919 2323 3094 2378 Panis
3142 2321 3354 2379 Christi
3413 2327 3472 2380 et
3509 2339 3644 2380 caro

1998 2414 2127 2484 ejus
2159 2428 2349 2468 sermo
2382 2411 2617 2468 divinus
2645 2416 2737 2467 est
2767 2415 2823 2466 et
2871 2410 3136 2468 doctrina
3188 2411 3460 2470 coelestia.
3505 2413 3645 2478 Qui-

2003 2516 2234 2573 cunque
2294 2517 2506 2572 psnem
2585 2499 2761 2556 istum
2843 2499 3149 2572 acceperit,
3233 2505 3291 2558 et
3345 2505 3646 2559 saturatas

2005 2589 2198 2656 fuerit,
2232 2589 2372 2660 quid
2407 2588 2552 2645 fiet?
2582 2589 2727 2655 Quid
2751 2589 2779 2643 ‘?

2082 2700 2109 2728 «
2141 2677 2428 2733 Dominus
2458 2677 2631 2733 solvit
2660 2678 3040 2750 compeditos.
3077 2700 3098 2728 ιι
3135 2678 3192 2734 Si
3242 2678 3503 2735 animam
3544 2673 3652 2734 ne-

2006 2771 2192 2822 stram
2225 2767 2334 2821 iste
2366 2765 2534 2838 panis
2567 2766 2849 2838 refecerit,
2898 2766 3008 2824 hoc
3058 2772 3147 2824 est
3193 2783 3386 2824 sermo
3416 2765 3653 2824 divinus

2007 2860 2065 2910 et
2095 2854 2363 2911 doctrina
2384 2853 2674 2910 coelestia:
2710 2856 2909 2911 statim
2940 2857 3116 2929 pedes
3147 2857 3354 2923 nostri,
3405 2856 3506 2929 qui
3537 2855 3654 2913 col-

2009 2944 2171 3017 ligati
2201 2944 2454 3012 fuerant,
2488 2943 2812 3000 solvuntur.
2869 2946 3132 3002 Dominus
3179 2947 3337 3003 solvit
3373 2946 3656 3019 compedi-

2010 3043 2108 3091 tos.
2143 3035 2208 3089 Et
2242 3033 2489 3088 Lazarus
2517 3033 2735 3106 ligatus
2774 3039 2918 3105 erat,
2963 3041 3022 3092 et
3067 3036 3249 3092 dixit:
3283 3031 3482 3094 Solvite
3532 3051 3660 3092 eum

2012 3125 2188 3194 (Joan.
2220 3140 2301 3189 x1,
2334 3123 2444 3193 44).
2485 3143 2511 3174 ι
2555 3120 2836 3178 Dominus
2879 3123 3050 3180 solvit
3095 3125 3476 3199 compeditos.
3511 3148 3540 3176 »
3566 3123 3661 3180 'Et

2013 3212 2132 3268 ﬁlia
2159 3211 2452 3268 Abraham
2484 3228 2611 3284 quae
2642 3211 2842 3268 decem
2875 3217 2932 3269 et
2961 3218 3086 3270 octo
3124 3231 3310 3272 annos
3358 3216 3661 3272 incurvata

252 3305 441 3373 tienti,
479 3321 656 3376 quam
689 3303 858 3359 nobis
903 3318 1104 3358 verum
1154 3283 1504 3356 dicentibus.
1555 3299 1680 3355 Non
1723 3299 1899 3354 debe-
1931 3283 1974 3350 (ἶ
2013 3301 2202 3358 fuerat
2238 3305 2296 3357 et
2344 3283 2560 3368 vincta,
2607 3299 2871 3372 solvitur,
2921 3307 2978 3357 et
3023 3302 3083 3363 in
3141 3303 3351 3360 coelum
3401 3303 3658 3376 respicit.

255 3412 391 3451 mus
438 3395 767 3465 desperare.
819 3391 1084 3447 Custodit
1132 3391 1416 3446 Dominus
1472 3390 1774 3445 veritatem
1844 3390 1903 3444 in

256 3482 557 3540 saeculum.
592 3482 838 3537 Pulchre
886 3480 1051 3546 dixit,
1101 3478 1356 3536 custodit.
1406 3478 1672 3534 Custodit
1717 3477 1904 3544 illam,

254 3577 313 3628 et
342 3571 517 3627 habet
573 3571 631 3625 in
663 3570 938 3626 thesauro
972 3585 1114 3624 sue:
1151 3568 1354 3623 reddet
1383 3566 1554 3623 nobis
1586 3568 1740 3640 quod
1781 3583 1905 3622 ser-

256 3661 428 3718 vavit.
465 3684 491 3709 ‹‹
554 3659 661 3726 Qui
717 3657 972 3715 custodit
1032 3657 1336 3712 veritatem
1407 3657 1464 3711 in
1535 3655 1905 3712 saeculum.»

257 3751 524 3806 Christus
553 3754 643 3805 est
673 3749 904 3817 veritas,
964 3746 1282 3802 Veritatem
1339 3745 1672 3818 loquamur,
1731 3750 1787 3800 et
1816 3761 1908 3800 ve-

261 3839 405 3894 ritas
435 3839 606 3894 nobis
638 3841 830 3892 servat
856 3837 1181 3892 veritatem.
1217 3857 1244 3884 «
1297 3834 1458 3890 Facit
1497 3833 1789 3906 judicium
1820 3835 1909 3888 in-

251 3926 478 4000 juriam
512 3927 872 4000 patentibus.
903 3947 932 3976 »
986 3924 1230 3980 Etiamsi
1281 3924 1616 3992 tardaverit,
1666 3941 1780 3979 non
1813 3923 1912 3978 de-

263 4032 484 4089 speres.
519 4015 774 4072 Veniens
793 4015 1002 4083 veniet,
1027 4019 1083 4070 et
1104 4013 1370 4070 salvabit.
1397 4036 1424 4062 «
1452 4013 1605 4068 Facit
1620 4013 1913 4084 judicium

264 4105 545 4176 injuriam
597 4103 980 4177 patientibus.
1014 4123 1042 4151 »
1095 4102 1212 4157 Hoc
1256 4101 1448 4156 solum
1501 4101 1578 4156 sit
1625 4100 1681 4156 in
1714 4107 1918 4156 nostra

265 4192 644 4259 conscientia,
693 4193 834 4264 quia
882 4192 1044 4262 juste
1093 4191 1371 4263 patimur.
1432 4189 1551 4246 Hoc
1579 4189 1916 4246 habeamus

265 4285 328 4338 in
376 4279 751 4351 conscientia,
802 4280 942 4351 quia
997 4297 1106 4335 nos
1163 4284 1396 4352 propter
1454 4284 1690 4352 peccata
1720 4283 1920 4335 nostra

268 4369 548 4444 patimur,
581 4374 641 4425 et
669 4385 785 4424 non
817 4368 1066 4424 facimus
1101 4367 1245 4424 illud
1279 4386 1383 4441 pro
1437 4386 1552 4441 quo
1594 4369 1918 4442 arguimur.

273 4483 302 4512 ‹‹
332 4461 443 4516 Dat
472 4475 666 4515 escam
697 4457 1114 4514 esurientibus.
1153 4480 1180 4505 »
1211 4457 1280 4512 Et
1307 4459 1631 4513 secundum
1664 4457 1920 4513 litteram

269 4549 538 4616 aediﬁcat,
572 4552 628 4604 et
657 4547 707 4602 si
737 4545 1082 4618 simpliciter
1111 4545 1492 4618 intelligatur,
1526 4544 1776 4601 aediﬁcat
1818 4562 1923 4601 au-

270 4637 551 4693 dientem.
584 4637 874 4709 Respicite
903 4633 1159 4690 volatilia
1189 4632 1315 4689 coeli
1340 4654 1354 4704 ;
1389 4634 1528 4706 quia
1551 4651 1666 4690 non
1695 4639 1921 4704 serunt,

272 4741 462 4798 neque
495 4718 744 4793 metunt,
772 4730 829 4781 et
857 4726 1024 4780 Pater
1068 4728 1259 4779 vester
1278 4722 1530 4779 cmlestis
1579 4723 1762 4796 pascit
1803 4723 1920 4780 illa.

350 4855 365 4887 ι
404 4849 858 4923 Locusinsignis
876 4850 948 4906 ad
981 4849 1280 4906 veritatem
1322 4851 1580 4923 corporis
1619 4850 1924 4923 Christiin

279 4921 556 4995 mysterio
579 4921 980 4995 Eucharistiaag
1009 4921 1507 4995 comprobandum
1555 4938 1624 4977 ex
1651 4921 1924 4995 vetustis-

281 4992 432 5050 simo
490 4999 724 5048 auctore
781 4992 1192 5050 ecclesiastico.
1248 4993 1524 5056 Quamvis
1585 4994 1741 5048 enim
1799 5010 1926 5049 eam

282 5065 454 5138 plane
504 5066 911 5138 demonstrent
959 5063 1242 5120 editiones
1292 5064 1520 5120 Erasmi
1571 5065 1926 5138 etMariani,

283 5136 384 5192 ubi
416 5137 524 5192 hoc
557 5137 728 5192 modo
760 5136 1032 5208 legimus,
1065 5138 1194 5208 quia
1222 5152 1349 5191 vera
1396 5153 1522 5192 caro
1582 5136 1795 5192 Christi
1829 5141 1928 5192 est.

285 5209 560 5281 Caeterum
588 5208 859 5281 dicamus,
890 5213 1024 5278 etc.,
1054 5209 1277 5281 auctior
1300 5213 1495 5281 tamen
1527 5213 1616 5281 est
1647 5225 1713 5264 ac
1743 5209 1932 5281 magis

287 5280 574 5351 explicata
622 5279 788 5335 lectio
844 5279 1251 5352 manuscripti,
1288 5278 1504 5352 codicis
1567 5278 1934 5352 Corbeiensis

289 5349 504 5418 nfiBIa,
538 5349 1036 5424 quicompletitur
1060 5349 1477 5424 expositionem
1507 5350 1936 5424 quinquaginta

290 5428 348 5479 et
378 5427 507 5477 octo
539 5422 922 5494 psalmorum,
970 5422 1148 5494 quam
1200 5423 1457 5478 maxima
1514 5427 1675 5494 parte
1707 5422 1936 5479 in'suos

276 5493 739 5564 commentarios
760 5493 1140 5566 transcripsit
1167 5494 1349 5550 falsus
1389 5494 1498 5549 iste
1517 5493 1529 5494 ί
1552 5494 1937 5566 Hieronymus

289 5569 548 5620 veterum
581 5564 946 5636 cempilator,
981 5564 1046 5618 ut
1078 5581 1208 5619 mox
1239 5566 1505 5621 dicturus
1553 5582 1683 5620 sum
1725 5564 1800 5636 in
1834 5567 1935 5622 ad-

290 5636 609 5709 monitione
641 5635 900 5708 proxime
949 5635 1211 5709 sequenti
1264 5643 1394 5709 post
1442 5642 1782 5709 prmscntem
1835 5639 1938 5692 Ex-

289 5707 710 5782 planatienem,
744 5724 846 5782 seu
884 5707 1237 5782 Breviarium
1266 5707 1344 5764 ‘S.
1380 5707 1729 5781 Hieronymo
1758 5710 1938 5782 ascri-

293 5778 482 5857 ptum.
544 5780 725 5864 Igitur
781 5779 839 5836 in
902 5778 1242 5854 supradicto
1303 5797 1413 5838 ms.
1475 5778 1773 5838 Cerbiensi
1823 5781 1942 5838 haec

2012 3394 2163 3461 (Luc.
2213 3408 2334 3461 xm,
2385 3391 2493 3462 16).
2543 3390 2746 3446 Videte
2791 3389 2932 3462 quid
2980 3390 3061 3446 ibi
3112 3392 3329 3448 dicitur
3376 3392 3438 3449 in
3483 3392 3664 3448 Evan-

2014 3480 2202 3553 gelio:
2240 3485 2390 3547 Ecce,
2423 3479 2636 3551 inquit,
2669 3480 2925 3551 quaedam
2954 3485 3071 3535 erat
3103 3481 3304 3537 mulier
3341 3495 3468 3554 quae
3493 3481 3662 3554 spiri-

2017 3579 2131 3625 tum
2184 3569 2532 3639 inﬁrmitatis
2589 3568 2817 3623 habebat
2872 3568 3056 3624 decem
3109 3571 3159 3626 et
3214 3579 3328 3626 octo
3383 3572 3568 3638 annis,
3609 3575 3666 3626 et

2016 3676 2126 3714 non
2146 3661 2375 3730 poterat,
2409 3656 2621 3728 inquit,
2646 3657 2860 3714 elevare
2880 3659 3143 3713 cervicem
3181 3658 3345 3729 (Ibid.
3378 3658 3488 3732 Η).
3521 3660 3670 3726 Quo-

2020 3749 2178 3803 niam
2212 3746 2484 3818 spiritum
2514 3745 2876 3803 infirmitatis
2907 3745 3178 3816 habebat,
3229 3748 3509 3806 cervicem
3539 3765 3668 3805 sur-

2020 3853 2154 3893 sum
2185 3835 2374 3892 levare
2404 3852 2521 3891 non
2554 3839 2799 3907 poterat.
2833 3858 2862 3886 «
2919 3834 3196 3893 Dominus
3243 3837 3415 3895 solvit
3444 3827 3674 3909 compe-

2023 3925 2196 3982 ditos.
2221 3947 2242 3976 ι
2283 3924 2396 3996 Ipsi
2432 3929 2572 3980 sunt
2592 3925 2903 3996 compedes
2925 3941 3052 3996 quae
3074 3928 3349 3997 etopera:
3378 3925 3673 3998 siquidem

2023 4015 2226 4070 eadem
2253 4018 2509 4087 peccata,
2534 4029 2658 4084 quae
2677 4012 2927 4069 cervices
2949 4017 3180 4070 nostras
3197 4015 3516 4088 excipiunt,
3534 4019 3591 4070 et
3609 4014 3676 4070 li-

2025 4106 2166 4176 gant
2188 4102 2383 4175 pedes.
2410 4101 2752 4174 Quicunque
2772 4103 3138 4173 compeditus
3159 4108 3266 4171 est,
3296 4119 3528 4160 currere
3557 4120 3674 4160 non

2027 4196 2238 4265 potest.
2262 4191 2604 4264 Quicunque
2626 4191 2990 4263 compeditus
3011 4195 3120 4264 est,
3142 4192 3202 4249 in
3234 4192 3423 4249 stadie
3456 4192 3675 4251 Christi

2029 4296 2260 4336 currere
2291 4295 2406 4334 non
2439 4284 2652 4351 potest.
2684 4279 3126 4352 Praegravantur
3144 4280 3301 4336 enim
3326 4280 3503 4352 pedes
3524 4296 3677 4337 com-

2031 4370 2304 4443 pedibus,
2337 4373 2392 4424 et
2421 4373 2768 4440 premuntur
2795 4369 2855 4423 in
2903 4373 3080 4437 terra,
3111 4373 3170 4424 et
3215 4369 3588 4440 conﬁguntur
3616 4369 3676 4424 in

2032 4466 2207 4516 terra.
2245 4477 2272 4510 α
2305 4457 2588 4513 Dominus
2621 4457 2790 4513 solvit
2821 4457 3202 4531 compeditos.
3238 4476 3260 4506 ι
3292 4457 3497 4514 Videte
3525 4457 3678 4513 ordi-

2035 4565 2190 4604 nem.
2213 4567 2240 4600 ι
2257 4547 2572 4602 Datescam
2594 4546 3011 4602 esurientibus.
3031 4569 3058 4596 »
3076 4546 3335 4602 Primum
3357 4545 3679 4604 esurimus:

1957 4656 2001 4721 ι)
2035 4637 2244 4694 deinde
2275 4636 2598 4708 accipimus
2630 4635 2848 4691 cibum.
2883 4640 3026 4691 Cum
3058 4639 3254 4691 autem
3282 4634 3528 4694 saturati
3557 4636 3681 4692 fue-

2035 4727 2244 4793 rimus,
2275 4725 2583 4782 solvuntur
2612 4725 2789 4798 pedes
2819 4725 3026 4796 nostri,
3057 4725 3159 4798 qui
3208 4725 3523 4797 compediti
3554 4725 3677 4782 fue-

2035 4852 2332 4924 leguntur,
2357 4856 2419 4908 Et
2449 4851 2562 4906 haec
2591 4851 2810 4922 quidem
2837 4853 3158 4923 accipimus,
3200 4868 3335 4916 eum
3365 4867 3504 4924 vana
3545 4867 3687 4908 cane

2033 4923 2262 4980 Crinis'n
2295 4940 2411 4993 es'r,
2446 4931 2496 4978 et
2552 4938 2693 4979 vsa:
2749 4939 2978 4979 SANGUIS
3006 4927 3233 4979 CHRISTI
3276 4939 3377 4978 κεί·
3425 4923 3690 4979 Caeterum

2036 4997 2302 5062 dicamus,
2357 5002 2465 5050 etc.
2517 4996 2650 5060 Quae
2699 4996 2954 5067 profecto
3010 4993 3390 5067 invictissime
3440 4995 3688 5067 demon-

2040 5072 2230 5123 strant
2259 5066 2605 5122 Christianis
2635 5065 2827 5138 quarti
2860 5066 3056 5122 seaculi
3113 5081 3461 5138 persuasum
3508 5065 3689 5138 fuisse

2040 5139 2300 5205 omnino,
2334 5154 2536 5193 verum
2567 5137 2779 5194 Christi
2830 5153 3041 5210 corpus
3092 5137 3148 5192 et
3190 5154 3391 5193 verum
3447 5137 3688 5210 sangui-

2041 5227 2174 5266 nem
2204 5210 2262 5264 in
2296 5210 2570 5279 mysterio
2597 5209 2970 5266 Eucharistize
3018 5212 3382 5277 contentum,
3430 5209 3600 5266 nobis
3629 5209 3687 5263 in

2042 5283 2238 5354 cibum
2271 5287 2328 5336 et
2346 5287 2546 5354 potum
2569 5283 2942 5354 datumesse,
2967 5286 3024 5336 et
3049 5286 3351 5354 sumptum
3391 5281 3503 5354 sub
3534 5296 3690 5354 sym-

2043 5352 2194 5409 bolis
2251 5351 2418 5424 panis
2472 5359 2529 5408 et
2583 5351 2722 5408 vini.
2784 5351 2965 5408 ΜΑιιτ.
3001 5383 3066 5394 -
3110 5351 3361 5424 Veteres
3408 5351 3692 5424 editiones

2045 5421 2296 5480 alterum
2323 5441 2573 5490 comma,
2599 5432 2651 5479 et
2677 5439 2800 5479 vere
2827 5425 3058 5493 sanguis
3089 5423 3295 5480 Christi
3321 5428 3418 5496 est,
3444 5421 3694 5481 solemni

2047 5498 2370 5552 scribarum
2404 5496 2569 5566 lapsu
2603 5496 2675 5550 ob
2706 5496 2970 5565 ejusdem
2998 5495 3161 5568 verbi
3195 5495 3494 5552 recursum
3546 5511 3693 5568 prse-

2051 5568 2402 5624 termittunt.
2437 5568 2827 5632 Martianaeus,
2859 5568 2957 5638 qui
2994 5567 3184 5622 locum
3206 5585 3236 5624 e
3264 5584 3373 5634 ms,
3396 5567 3697 5623 Corbeien-

2050 5640 2096 5694 si
2131 5639 2406 5708 restituit,
2493 5639 2879 5694 animadverti
2940 5645 3190 5710 pazterea
3236 5640 3410 5710 jubet
3465 5639 3698 5711 insigne

2050 5711 2451 5784 testimonium
2487 5711 2557 5765 ad
2591 5711 2891 5784 veritatem
2925 5711 3213 5784 rcorporis
3261 5711 3472 5766 Christi
3503 5711 3564 5768 in
3595 5727 3696 5769 eu-

2054 5782 2332 5842 charistia
2361 5783 2877 5856 comprehendam.
