4244 6564
258 471 414 536 1329

255 603 495 672 habent,
526 607 584 662 et
612 602 892 678 quoniam
925 605 1258 677 peccatores
1317 609 1475 670 sunt,
1539 604 1710 670 male,
1748 601 1898 675 psal-
1934 603 1986 668 Α

255 695 390 752 lunt
420 695 432 749 !
467 694 621 752 Bene
654 692 851 768 paallit
882 693 982 767 qui
1013 697 1209 749 cantat
1239 694 1298 749 in
1332 694 1524 759 corde,
1581 693 1681 766 qui
1713 696 1914 748 cantat

261 783 492 849 Christo
521 783 580 838 in
608 783 988 842 conscientia.

336 875 506 930 «Deo
539 877 737 930 nostro
799 873 876 928 sit
932 873 1198 944 jucunda
1255 870 1532 928 laudatio.
1581 893 1605 920 .>
1639 872 1908 928 Jucunda

257 963 338 1024 sit
362 963 620 1018 laudatio
653 979 768 1018 non
785 961 1052 1028 voce,sed
1077 961 1711 1032 conscientia.Denique
1734 969 1784 1017 el
1804 966 1917 1016 Noe

255 1052 457 1109 obtulit
481 1052 765 1117 hostias,et
794 1051 1047 1107 odoratus
1077 1055 1156 1106 est
1185 1052 1452 1110 Dominus
1487 1050 1714 1106 odorem
1735 1050 1916 1105 suavi-

256 1143 388 1204 tatis
427 1141 581 1211 (Gen.
620 1157 744 1210 vui,
775 1142 864 1205 20,
896 1141 1008 1208 21).
1039 1139 1222 1198 Multa
1249 1143 1391 1195 sunt
1450 1155 1577 1211 quae
1611 1139 1910 1204 dicantur,

255 1231 358 1292 sed
373 1229 740 1286 nosbreviter
761 1228 1042 1284 debemus
1056 1245 1290 1284 summa
1304 1226 1908 1300 quaequeperstringe-

265 1321 420 1387 re,ut
442 1334 680 1374 sensum
705 1316 895 1390 magis
915 1316 971 1376 in
991 1317 1461 1388 dicemus,quam
1480 1316 1656 1372 verba
1682 1315 1910 1372 latiora.

331 1430 359 1456 «
395 1406 708 1464 A‘Jdiﬁcans
764 1405 1090 1462 Jerusalem
1151 1406 1456 1472 Dominus,
1515 1404 1909 1477 dispersiones

265 1496 442 1554 Israel
475 1495 870 1568 congregabit,
909 1518 928 1544 ιι
965 1496 1266 1560 Quomodo
1315 1495 1636 1550 aediﬁcetur
1663 1495 1910 1549 Jerusa-

258 1585 394 1652 lem,
427 1585 719 1658 quomodo
751 1587 1155 1656 congregetur,
1185 1583 1307 1652 jam
1356 1583 1578 1640 dictum
1613 1586 1718 1638 est.
1755 1584 1910 1648 Quo-
1951 1608 1956 1614 -

263 1674 437 1732 modo
469 1673 648 1746 igitur
677 1674 746 1729 de
778 1673 906 1730 istis
940 1672 1171 1729 duobus
1227 1671 1534 1728 versiculis
1590 1672 1909 1728 dissertum

256 1767 364 1828 est,
397 1768 454 1819 et
485 1780 661 1836 super
689 1762 949 1818 alienum
984 1763 1433 1818 fundamentum
1467 1779 1582 1818 non
1628 1761 1911 1817 debemus

255 1851 564 1922 aediﬁcare,
600 1852 671 1908 ad
705 1850 933 1923 reliqua
964 1850 1694 1907 transeamus.Videamus
1727 1850 1906 1924 igitur

258 1941 551 2016 quomodo
583 1940 890 2007 aedificare,
920 1939 1263 1996 Jerusalem.
1327 1941 1385 1995 In
1450 1939 1692 2011 reliquis
1751 1939 1906 1994 enim
1939 1975 1988 2040 Β

256 2029 634 2102 propheticus
664 2046 857 2087 sermo
889 2028 1218 2102 descripsit.

323 2141 350 2168 α
380 2118 486 2184 Qui
517 2123 686 2176 sanat
714 2120 992 2176 contritos
1049 2118 1240 2175 corde.
1290 2141 1316 2167 »
1378 2120 1479 2175 Cor
1519 2121 1818 2175 contritum
1849 2127 1898 2174 el

252 2209 610 2266 humiliatum
666 2210 808 2263 Deus
837 2224 943 2264 non
997 2209 1210 2279 spernit
1256 2208 1423 2279 (Psal.
1488 2226 1538 2272 L,
1601 2208 1709 2277 19).
1742 2231 1769 2257 «
1833 2209 1899 2262 Et

245 2297 497 2372 alligans
530 2296 908 2364 contritiones
932 2314 1156 2353 eorum.
1225 2319 1251 2346 ››
1285 2297 1371 2353 Tu
1435 2313 1533 2354 cor
1561 2301 1728 2352 tuum
1760 2313 1894 2351 con-

242 2389 388 2456 tere,
423 2394 479 2442 et
513 2385 793 2442 Dominus
823 2385 1045 2462 colligit
1067 2385 1445 2442 contritiones
1468 2390 1618 2442 tuas.
1647 2384 1897 2441 Samari-

250 2479 428 2534 tanus
458 2474 574 2544 ille,
609 2475 708 2549 qui
752 2476 1144 2532 descendebat
1175 2475 1245 2532 de
1295 2474 1624 2532 Jerusalem
1655 2474 1714 2530 in
1745 2473 1893 2530 Jeri-

251 2565 382 2634 eho,
407 2551 646 2631 quando
675 2564 818 2620 vidit
846 2563 1216 2622 vulneratum
1247 2565 1540 2635 jacentem
1576 2563 1633 2618 in
1667 2563 1892 2629 itinere,

245 2651 540 2725 colligavit
572 2651 815 2709 vulnera
843 2653 972 2724 ejus
1001 2654 1137 2723 (Luc
1191 2670 1245 2720 x,
1279 2653 1348 2708 33
1375 2653 1530 2725 seq.).
1564 2653 1676 2708 Iste
1709 2656 1796 2708 est
1827 2651 1896 2708 de

241 2758 359 2814 quo
393 2746 448 2798 et
481 2759 636 2798 nunc
669 2742 886 2799 dicitur
920 2761 966 2798 τα
1005 2743 1071 2798 Et
1093 2741 1343 2815 alligans
1369 2741 1751 2797 contritiones
1774 2741 1896 2796 illo-

246 2847 400 2887 rum.
439 2853 467 2879 »
497 2834 615 2888 Hoc
640 2829 854 2885 dicitur
883 2831 952 2890 de
983 2831 1077 2888 his
1109 2831 1208 2902 qui
1259 2834 1439 2903 agunt
1471 2829 1892 2903 paenitentiam.

246 2920 532 2982 Caeterum
563 2921 635 2976 de
665 2919 757 2975 his
790 2919 890 2991 qui
921 2936 1038 2975 non
1071 2923 1256 2993 agunt
1295 2919 1722 2992 paenitentiam,
1753 2919 1897 2974 dici.

239 3011 341 3066 tur
372 3025 385 3065 :
417 3012 542 3068 Non
568 3017 646 3066 est
675 3010 953 3082 malagma
1003 3011 1306 3081 imponere,
1353 3025 1525 3080 neque
1551 3008 1778 3078 oleum,,
1810 3025 1897 3062 ne—

239 3113 344 3168 que
375 3099 704 3170 alligaturus
735 3099 864 3170 (lsa.
901 3116 938 3166 ι,
971 3098 1048 3167 6).

326 3205 346 3233 κ
382 3186 489 3250 Qui
520 3191 793 3240 numerat
839 3177 1278 3244 multitudinem
1340 3185 1666 3243 stellarum.
1703 3209 1729 3234 »
1762 3189 1894 3250 Quae

1417 468 1913 535 BBEVIARIUM
1959 469 2037 532 IN
2085 470 2466 535 PSALMOS.

3516 466 3669 531 1330

2090 627 2117 652 ‹‹
2150 607 2392 676 Magnus
2421 604 2704 660 Dominus
2735 608 2938 662 noster
2966 609 3024 661 et
3058 619 3280 678 magna
3310 602 3505 661 virtus
3537 603 3668 676 ejus

2025 696 2080 748 et
2108 691 2406 764 sapientia
2433 693 2562 763 ejus
2594 710 2708 750 non
2739 699 2827 750 est
2854 711 3191 752 numerus.»
3223 698 3432 767 Magna
3458 693 3668 763 virtus,

2023 781 2287 838 Christus
2319 782 2418 838 Dei
2451 781 2635 838 virtus
2667 786 2722 838 et
2752 784 2851 839 Dei
2893 785 3183 856 sapientia
3240 786 3284 855 (ι
3316 785 3443 841 Cor.
3480 803 3520 854 ι,
3550 784 3664 854 24).

2027 892 2054 920 ‹‹
2085 872 2154 926 Et
2184 871 2478 944 sapientiai
2511 873 2639 942 ejus
2693 891 2807 929 non
2857 877 2945 928 est
3003 890 3301 930 numerus.
3340 896 3367 923 ››
3398 873 3666 934 Christus

2025 960 2313 1032 sapientia
2342 962 2522 1016 est.Et
2549 979 2667 1016 una
2691 963 2977 1035 sapientia
3001 980 3114 1018 non
3129 967 3318 1036 potest
3341 963 3661 1019 numerari.

2097 1071 2124 1098 «
2157 1050 2494 1121 Suscipiens
2544 1057 2886 1108 mansuetos
2949 1051 3250 1110 Dominus.
3285 1075 3311 1102 »
3344 1055 3476 1118 Quae
3527 1057 3670 1114 sunt

2023 1137 2147 1193 istae
2185 1137 2364 1194 stellae
2394 1139 2422 1192 ‘?
2453 1162 2480 1188 «
2516 1140 2859 1212 Suscipiens
2908 1145 3249 1197 mansuetos
3297 1141 3601 1197 Dominus.
3635 1164 3662 1193 »

2022 1227 2309 1282 Mansueti
2339 1232 2647 1284 vertuntur
2676 1230 2734 1284 in
2767 1229 3142 1286 stellasJusti
3169 1239 3354 1287 autem
3378 1231 3669 1303 fulgebunt

2021 1319 2178 1387 quasi
2207 1317 2384 1374 stellae
2439 1319 2562 1374 caeli
2591 1319 2749 1390 (Dan.
2802 1337 2901 1388 x11,
2962 1320 3016 1391 3)
3063 1337 3074 1388 ;
3127 1318 3325 1380 Daniel
3381 1319 3664 1392 loquitur.

2023 1428 2048 1455 «
2083 1405 2412 1462 Humilians
2445 1413 2640 1463 autem
2673 1413 3006 1481 peccatores
3037 1425 3222 1483 usque
3253 1409 3324 1464 ad
3363 1413 3602 1465 terram.
3640 1432 3660 1458 ι»

2019 1495 2224 1549 Videte
2255 1495 2644 1552 differentiam
2679 1515 2895 1553 rerum.
2950 1497 3153 1572 Angeli
3185 1497 3242 1552 in
3274 1502 3488 1556 terram
3539 1487 3665 1554 cer-

2022 1587 2247 1639 ruunt:
2293 1584 2564 1642 homines
2614 1588 2683 1643 ad
2736 1585 2909 1643 caelos
2956 1588 3194 1643 vadunt.
3251 1591 3288 1636 α’
3325 1586 3665 1660 Suscipiens

2022 1677 2361 1729 mansuetos
2392 1675 2736 1733 Dominus.»
2759 1676 3145 1732 Mansuetudo
3165 1677 3234 1733 ad
3251 1675 3459 1733 coelum
3477 1680 3660 1732 vocat:

2020 1763 2296 1834 superbia
2323 1763 2382 1818 in
2414 1769 2628 1820 terram
2683 1765 2958 1822 detrahit.
3014 1789 3036 1813 ι
3087 1765 3417 1822 Humilians
3467 1768 3658 1824 autem

2021 1855 2354 1923 peccatores
2384 1870 2572 1925 usque
2603 1855 2673 1909 ad
2705 1859 2940 1911 terram.
2979 1877 3006 1904 »

2093 1960 2121 1988 «
2153 1940 2455 1998 Praecinite
2496 1943 2745 2000 Domino
2800 1943 2855 1998 in
2909 1929 3290 2000 confessione.
3327 1965 3355 1994 »
3388 1944 3506 2000 Hoc
3553 1944 3662 2001 im-

2021 2027 2201 2100 plevit
2234 2031 2411 2086 David
2449 2049 2461 2086 :
2499 2033 2598 2104 qui
2651 2032 2822 2106 nobis
2865 2032 3112 2104 justitiae
3157 2033 3488 2106 exemplum
3540 2051 3654 2108 pra:

2007 2115 2234 2185 buerat,
2266 2119 2513 2190 praebuit
2559 2124 2616 2176 et
2662 2121 3040 2194 pcenitentiee.
3084 2121 3292 2178 Docuit
3341 2121 3497 2178 enim
3546 2136 3655 2176 nos

2009 2207 2302 2278 quomodo
2334 2208 2652 2265 debeamus
2675 2226 2844 2282 agere
2868 2209 3424 2282 pmnitentiam,ipse
3455 2226 3654 2282 agens.

2007 2293 2202 2349 Videte
2233 2300 2502 2352 sanctum
2534 2298 2900 2369 prophetam,
2950 2298 3090 2370 quia
3118 2315 3232 2353 non
3269 2298 3459 2354 solum
3485 2297 3661 2368 justi-

2005 2382 2086 2438 tia
2115 2385 2242 2455 ejus
2281 2385 2448 2441 nobis
2481 2387 2716 2458 profuit,
2751 2388 2848 2442 sed
2883 2391 2938 2443 et
2970 2391 3293 2460 peccatum.

2079 2495 2105 2521 ‹‹
2141 2473 2376 2530 Psallite
2406 2475 2522 2532 Deo
2545 2481 2743 2532 nostro
2776 2476 2834 2531 in
2868 2476 3151 2551 cithara.»
3172 2475 3345 2533 Nulla
3373 2476 3653 2533 virtuthm

2007 2560 2224 2617 chorda
2256 2567 2428 2636 rupta
2459 2563 2554 2619 sit.
2589 2565 2734 2619 Tota
2762 2565 3048 2620 virtutum
3089 2555 3306 2621 chorda
3362 2565 3651 2625 concinet.

2009 2671 2036 2699 «
2069 2651 2304 2706 Psallite
2340 2656 2452 2708 Deo
2487 2657 2684 2708 nostro
2726 2653 2784 2708 in
2837 2653 3078 2710 cithara.
3114 2676 3141 2702 υ
3172 2639 3406 2710 Cithara
3436 2653 3656 2710 multas

2006 2740 2252 2797 chordas
2276 2741 2455 2797 habet
2489 2761 2500 2809 ;
2537 2742 2583 2797 si
2614 2759 2730 2798 una
2762 2748 2935 2814 rupta
2958 2743 3341 2812 fuerit,sonus
3359 2743 3519 2799 reddi
3541 2759 3657 2798 non

2006 2829 2314 2900 potest.Sic
2346 2834 2401 2883 et
2424 2833 2662 2885 sanctus
2685 2830 3065 2902 vir,quamvis
3097 2830 3514 2900 sanctus,sit,si
3537 2847 3653 2886 una

2005 2917 2188 2972 virtus
2219 2917 2488 2987 defuerit,
2521 2917 2775 2974 vocalem
2811 2936 3021 2974 sonum
3054 2920 3293 2974 reddere
3314 2936 3430 2975 non
3461 2923 3652 2992 potest

2078 3029 2103 3055 ‹‹
2141 3006 2247 3073 Qui
2281 3007 2466 3079 operit
2497 3006 2707 3063 coelum
2742 3007 3019 3063 nubibus.
3056 3030 3083 3057 »
3114 3007 3332 3068 Caelum
3354 3008 3464 3066 hoc
3496 3009 3649 3082 quod

2006 3095 2590 3166 cernimus,nubibus
2624 3095 2833 3169 operiri
2867 3113 2980 3152 non
3012 3095 3337 3169 potest.Sed
3384 3096 3540 3155 aliud
3562 3101 3652 3153 est

2006 3177 2237 3255 eoelum,
2264 3190 2321 3238 et
2354 3183 2476 3240 aliae
2511 3190 2650 3240 sunt
2682 3185 2888 3241 nubes.
2925 3185 2986 3242 Et
3013 3177 3222 3242 veritas
3252 3193 3348 3243 tua
3376 3202 3542 3258 usque
3582 3187 3653 3243 ad.

253 3257 672 3346 consequentia
697 3274 862 3345 juxta
890 3272 1162 3330 litteram!
1199 3277 1256 3329 et
1287 3273 1488 3347 alligat
1518 3274 1894 3330 contritiones
1940 3346 1950 3347 ί
2003 3274 2173 3328 nubes
2205 3273 2375 3343 (Psal.
2411 3291 2576 3342 xxxv,
2609 3275 2684 3345 6).
2732 3274 2876 3346 Ergo
2922 3274 3134 3329 veritas
3191 3275 3289 3330 Dei
3344 3257 3530 3347 usque
3576 3269 3650 3331 ad

242 3380 448 3420 eorum
481 3380 494 3418 :
529 3386 556 3412 «
590 3362 700 3427 Qui
731 3366 1002 3418 numerat
1031 3346 1468 3417 multitudinem
1504 3362 1829 3418 stellarum.
1865 3384 1891 3411 ››
1924 3346 1966 3411 C
2004 3359 2147 3416 istas
2179 3361 2365 3416 nubes
2396 3378 2547 3433 qua),
2580 3365 2751 3416 vento
2783 3361 2977 3429 flante,
3013 3362 3126 3418 cito
3184 3346 3589 3438 dissolvuntur
3618 3363 3647 3417 ?

237 3452 354 3514 Sed
383 3451 617 3524 quando
648 3455 819 3507 sanat
848 3450 1129 3507 contritos
1161 3451 1352 3518 corde,
1409 3455 1465 3506 et
1523 3450 1722 3522 alligat
1754 3468 1890 3506 con-

247 3541 520 3610 tritiones
550 3556 775 3607 eorum,
809 3539 940 3595 illos
971 3538 1072 3611 qui
1104 3542 1238 3594 ante
1288 3539 1520 3594 contriti
1550 3541 1799 3605 fuerant,
1833 3544 1889 3595 et

231 3635 442 3706 postea
490 3629 700 3696 sanati,
757 3628 929 3684 vertit
989 3629 1046 3684 in
1111 3627 1329 3685 stellas.
1370 3651 1390 3676 ι
1448 3628 1556 3695 Qui
1617 3633 1886 3684 numerat

233 3719 682 3782 multitudinem
715 3717 1038 3774 stellarum.
1073 3740 1100 3767 »
1137 3716 1306 3772 Multi
1336 3716 1492 3773 enim
1526 3718 1755 3774 fuerant
1785 3718 1882 3789 qui

233 3811 627 3880 peccaverunt
659 3825 670 3862 :
707 3807 878 3864 multi
917 3810 1056 3864 sunt
1111 3806 1213 3878 qui
1271 3805 1457 3862 curati
1521 3811 1677 3863 sunt.
1718 3827 1744 3858 «
1775 3807 1881 3873 Qui

234 3901 506 3962 numerat
538 3897 980 3954 multitudinem
1015 3895 1339 3954 stellarum.
1374 3921 1400 3946 η
1455 3895 1579 3954 Non
1614 3901 1886 3960 numerat

232 3985 700 4061 vulneratos,sed
716 4002 814 4042 eos
837 3989 1109 4042 numerat
1139 3986 1239 4057 qui
1273 3986 1400 4057 jam
1425 3985 1484 4040 in
1509 3984 1708 4041 stellas
1730 3986 1881 4042 versi

232 4078 393 4134 sunt.
425 4075 551 4132 Non
611 4078 883 4130 numerat
917 4075 1088 4139 Deus,
1123 4073 1235 4130 nisi
1295 4073 1397 4146 qui
1453 4090 1697 4130 numero
1753 4077 1881 4146 ejus

229 4162 396 4238 digni
430 4167 590 4220 sunt.
624 4185 652 4213 ‹‹
685 4163 754 4217 Et
807 4161 1084 4219 omnibus
1141 4161 1227 4218 eis
1286 4163 1525 4218 nomina
1580 4180 1814 4219 vocans.
1852 4187 1878 4213 ››

227 4251 380 4316 Quia
408 4251 480 4306 de
507 4249 770 4306 Lucifero
824 4249 984 4322 dicit,
1017 4256 1074 4306 et
1121 4252 1192 4306 de
1231 4245 1441 4307 Orione
1499 4269 1672 4324 quem
1729 4252 1880 4309 vide—

225 4357 366 4400 mus
396 4339 456 4395 in
490 4337 653 4396 coelo.
687 4340 756 4394 Et
786 4339 896 4396 hoc
934 4339 1173 4411 quidem
1220 4344 1414 4413 potest
1442 4337 1689 4414 intelligi
1725 4360 1736 4396 :
1773 4343 1876 4397 Mi-

225 4428 435 4492 rabilis
465 4428 642 4500 Deus,
691 4429 793 4500 qui
824 4428 957 4484 fecit
988 4428 1194 4485 ccelum
1225 4433 1280 4485 et
1325 4434 1562 4497 terram,
1597 4436 1652 4486 et
1683 4432 1879 4488 omnia

225 4536 358 4596 qua
390 4519 448 4576 in
480 4519 565 4576 eis
595 4523 754 4575 sunt.
788 4519 1068 4574 Caeterum
1104 4518 1187 4575 sic
1225 4517 1646 4592 intelligamus,
1681 4525 1742 4576 ut
1773 4539 1874 4576 no-

225 4607 334 4668 his.
354 4608 540 4682 prosit
596 4607 748 4682 quod
784 4605 1044 4679 quotidie
1077 4607 1159 4661 ﬁt.
1196 4629 1223 4655 «
1259 4607 1328 4661 Et
1357 4607 1632 4663 omnibus
1663 4609 1746 4664 eis
1778 4627 1875 4665 no-

1996 3447 2224 3504 Veritas
2253 3449 2376 3518 Dei,
2410 3450 2681 3506 Christus
2715 3454 2820 3506 est.
2858 3455 2968 3521 Ego
2999 3468 3120 3506 sum
3173 3454 3283 3520 via,
3340 3461 3391 3508 et
3419 3454 3552 3523 vita,
3587 3456 3641 3507 et

1997 3539 2197 3593 veritas
2227 3540 2404 3606 (Joan.
2436 3556 2550 3608 xxv,
2601 3540 2694 3608 6).;
2730 3556 2865 3612 ergo
2922 3539 3137 3596 veritas
3183 3539 3395 3597 Christi
3441 3540 3499 3596 in
3549 3541 3644 3596 his

1997 3626 2255 3682 nubibus
2286 3632 2394 3692 est,
2429 3645 2554 3699 qua:
2579 3645 2692 3683 non
2717 3628 2936 3684 habent
2954 3628 3013 3684 in
3046 3646 3106 3685 se
3124 3630 3469 3687 substantia:
3497 3631 3643 3685 veri-

1997 3720 2193 3771 tatem.
2250 3715 2396 3770 Fieri
2446 3733 2583 3788 ergo
2624 3721 2836 3790 potest,
2904 3722 2968 3773 ut
3014 3717 3092 3801 ibi
3141 3719 3219 3774 sit
3258 3720 3495 3787 veritas,
3537 3719 3634 3775 ubi

1993 3809 2202 3860 ventus
2234 3805 2561 3877 dissipandi
2590 3810 2938 3878 potestatem
2997 3807 3173 3863 habet
3202 3808 3230 3862 ?
3260 3808 3519 3864 Mandabo
3549 3809 3638 3864 in-

1995 3893 2143 3965 quit,
2176 3897 2415 3949 nubibus
2438 3912 2507 3950 ne
2528 3897 2725 3967 pluunt
2744 3913 2909 3968 super
2944 3913 3035 3952 eos
3065 3898 3295 3954 imbrem
3324 3898 3444 3968 (lsa.
3480 3916 3534 3966 ν,
3557 3900 3635 3969 6),

1992 3983 2100 4039 hoc
2130 3984 2735 4076 est,super-populum
2767 3985 3324 4076 Judeeorum.Nubes
3343 3986 3634 4076 prophetae

1991 4077 2150 4126 sunt.
2182 4072 2474 4127 Mandavit
2523 4071 2641 4126 illis
2688 4072 2970 4129 Dominus
3015 4089 3087 4128 ne
3143 4073 3412 4146 pluerent
3454 4071 3636 4148 super

1988 4159 2161 4217 Israel
2192 4161 2461 4216 imbrem.
2496 4162 2582 4216 Ad
2615 4178 2720 4217 nos
2752 4161 3068 4234 prophetiae
3101 4179 3292 4219 sermo
3317 4180 3634 4221 conversus

1989 4255 2095 4306 est.
2129 4249 2325 4306 Nubes
2361 4250 2483 4306 istae
2515 4251 2563 4306 si
2596 4249 2676 4306 ibi
2737 4251 2950 4306 collisa:
3010 4253 3246 4320 fuerint,
3308 4255 3633 4310 tonitruUm

1987 4338 2208 4394 faciunt
2229 4343 2284 4394 et
2315 4338 2566 4412 fulgura.
2603 4362 2629 4389 ‹‹
2652 4339 2758 4404 Qui
2790 4341 2977 4413 operit
3024 4340 3234 4397 ccelum
3295 4342 3570 4414 nubibus.
3607 4365 3634 4391 »

1988 4428 2048 4482 Si
2083 4429 2267 4484 nubes
2299 4428 2597 4501 propheta:
2632 4433 2777 4485 sunt
2798 4432 2855 4484 et
2879 4429 3122 4501 apostoli
3159 4449 3172 4498 ;
3207 4432 3497 4503 quomodo
3530 4448 3633 4487 au-

1984 4521 2100 4573 tem
2133 4516 2412 4590 apostolis
2435 4522 2491 4572 et
2515 4517 2813 4590 prophetis
2835 4517 3044 4572 coelum
3112 4517 3326 4590 tegitur
3353 4518 3380 4572 ?
3410 4518 3630 4575 Caelum

1985 4605 2260 4676 mysteria
2281 4609 2422 4660 sunt
2450 4605 2956 4670 divina.Quoniam
2985 4605 3164 4677 igitur
3185 4606 3463 4679 mysteria
3483 4625 3634 4680 quaa-

224 4695 394 4759 mina
420 4712 692 4752 vocans.»
726 4694 911 4752 Vultis
942 4694 1087 4752 scire
1143 4695 1437 4767 quomodo
1494 4696 1565 4751 de
1604 4699 1870 4754 contritis
1901 4712 1947 4777 ο
1983 4711 2215 4766 cunque
2246 4693 2441 4748 divina
2471 4693 2847 4760 sunt,coelum
2879 4693 3267 4766 appellantur:
3295 4697 3632 4771 quicunque

225 4783 409 4862 stellae
438 4783 582 4840 ﬁant
615 4784 958 4856 i‘Scriptum
989 4787 1077 4839 est
1107 4784 1166 4838 in
1197 4783 1426 4848 Genesi,
1491 4785 1626 4854 quia
1657 4787 1866 4840 eduxe-

224 4873 304 4939 rit
333 4873 486 4940 Deus
514 4872 830 4940 Abraham,
863 4879 920 4930 et
949 4872 1267 4929 ostenderit
1289 4874 1339 4928 ei
1373 4873 1593 4938 stellas,
1625 4879 1682 4930 et
1711 4876 1869 4932 dixe-

224 4962 306 5019 rit
333 4963 380 5019 ei
431 4962 567 5016 :Sic
610 4966 713 5017 erit
770 4980 953 5019 semen
1007 4967 1161 5018 tuum.
1217 4961 1372 5033 (Gen.
1433 4981 1522 5032 xv,
1581 4963 1655 5033 5).
1718 4988 1744 5013 ‹‹
1808 4966 1877 5021 Et

224 5050 504 5112 omnibus
535 5050 620 5107 eis
653 5051 895 5107 nomine.
951 5068 1244 5108 vocans.»
1302 5051 1382 5107 De
1440 5053 1654 5109 Abram
1712 5058 1876 5110 vocat

221 5139 525 5198 Abraham
558 5141 709 5214 (Gen.
742 5157 878 5207 xvn,
910 5142 987 5213 5).
1029 5142 1241 5196 Abram
1275 5141 1582 5197 dicebatur
1611 5142 1670 5196 in
1704 5143 1871 5198 Chal-

221 5229 369 5298 deea,
401 5233 458 5287 et
487 5230 547 5285 in
578 5227 720 5286 cmlo
750 5233 996 5310 vocatur
1016 5228 1332 5286 Abraham.
1366 5230 1444 5285 Eo
1475 5235 1736 5304 tempore
1757 5249 1872 5302 quo

220 5319 416 5382 factus
443 5318 613 5377 stella
631 5321 740 5385 est,
770 5322 1009 5375 vocatur
1038 5318 1352 5376 Abraham.
1391 5319 1496 5385 Qui
1530 5323 1702 5376 antea
1749 5325 1873 5376 erat
1927 5351 1932 5358 -

216 5407 452 5474 Saulus,
485 5411 688 5482 postea
716 5409 956 5464 vocatur
987 5407 1043 5463 in
1076 5407 1220 5464 coelo
1265 5408 1481 5464 Paulus
1512 5408 1646 5479 (Act.
1676 5427 1751 5470 ιχ,
1792 5412 1811 5463 1
1853 5429 1865 5478 ;

216 5516 346 5569 xw,
378 5499 455 5570 9).
483 5499 743 5575 Joannes
785 5501 840 5552 et
897 5497 1154 5553 Jacobus
1213 5497 1318 5553 ﬁlii
1378 5497 1618 5555 tonitrui
1679 5500 1864 5569 (Marc.

219 5605 306 5657 tu,
376 5587 485 5658 17).
545 5586 903 5646 ‘Tonitruum
971 5585 1176 5657 utique
1250 5587 1310 5643 in
1370 5585 1511 5644 coelo
1577 5591 1683 5644 est.
1749 5592 1865 5643 Nu-

219 5675 781 5742 meranturitaque
847 5673 1030 5730 stellae
1103 5690 1114 5726 :
1194 5679 1582 5731 numerantur
1652 5676 1863 5731 inﬁniti

222 5763 434 5834 sancti,
477 5767 534 5848 et
585 5764 854 5822 Christus
915 5780 1068 5820 unus
1127 5779 1243 5820 non
1301 5770 1490 5838 potest
1544 5765 1861 5821 numerari.

1978 4783 2192 4855 dignus
2207 4781 2585 4848 fuerit,istum
2601 4783 2785 4839 nubes
2800 4784 3191 4856 protegunt.Si
3208 4785 3341 4857 quis
3354 4785 3631 4860 indignus

1985 4877 2074 4928 est
2103 4876 2469 4927 sacramenta
2499 4871 2903 4944 accipere,non
2927 4877 3119 4945 potest
3141 4875 3254 4948 tegi
3287 4891 3320 4929 a
3350 4875 3626 4932 nubibus.

1987 4985 2014 5012 ‹‹
2046 4962 2153 5030 Qui
2187 4965 2353 5034 parat
2384 4965 2546 5017 terra:
2577 4961 2856 5034 pluviam.
2895 4984 2922 5013 ››
2984 4963 3209 5035 Indiget
3249 4962 3444 5036 pluvia
3473 4968 3629 5020 terra

1987 5057 2270 5120 nostra,et
2302 5052 2412 5106 nisi
2448 5050 2701 5123 pluviam
2732 5052 3034 5123 acceperit,
3052 5052 3108 5105 id
3141 5056 3230 5107 est
3257 5052 3626 5109 doctinarum

1985 5141 2226 5210 fontem,
2263 5141 2517 5196 fructum
2551 5158 2664 5196 non
2697 5142 2917 5196 afferet.
2971 5141 3151 5195 Terra
3191 5157 3324 5196 cum
3356 5142 3631 5198 humecta

1985 5229 2160 5287 fuerit
2191 5228 2526 5286 istiusmodi
2550 5229 2948 5285 doctrinarum
2974 5229 3299 5300 fonte,quid
3330 5231 3628 5303 sequitur?

2055 5342 2082 5367 «
2118 5318 2225 5386 Qui
2257 5318 2524 5391 producit
2555 5319 2612 5373 in
2645 5317 2945 5373 montibus
2976 5318 3197 5385 fenum,
3261 5340 3288 5367 ››
3321 5323 3428 5376 etc.
3465 5320 3525 5376 Si
3557 5321 3627 5377 de

1980 5408 2102 5464 solo
2138 5410 2266 5464 I'eno
2298 5407 2635 5480 loqueretur
2669 5422 2680 5460 :
2717 5405 2918 5478 utique
2955 5407 3149 5462 fenum
3196 5409 3384 5481 magis
3414 5409 3474 5467 in
3497 5427 3627 5467 con-

1979 5495 2230 5553 vallibus
2263 5495 2547 5560 nascitur,
2580 5513 2756 5566 quam
2794 5495 2848 5550 in
2895 5497 3242 5552 montuosis.
3281 5497 3623 5572 Ubicunque

1976 5587 2132 5642 enim
2165 5585 2361 5660 pluvia
2390 5585 2638 5658 amplior
2672 5585 2949 5652 luerit,ibi
2983 5586 3172 5659 magis
3203 5587 3403 5643 fenum
3435 5590 3623 5645 nasci-

1977 5680 2090 5729 tur.
2125 5675 2205 5730 De
2235 5675 2533 5730 montibus
2565 5675 2830 5729 defluunt
2859 5691 3022 5746 aquae
3055 5673 3113 5728 in
3145 5675 3526 5745 convallibus,
3561 5685 3620 5736 et

1978 5764 2165 5837 magis
2197 5764 2375 5820 herba
2405 5764 2686 5820 nascitur.
