4244 6582
578 483 729 547 1331

2077 487 2502 553 APPENDIX.

3839 494 3990 558 1332

647 645 675 673 ‹‹
708 622 779 679 Et
808 620 1217 696 datjumentis
1273 640 1467 682 escam
1532 625 1816 698 ipsorum.
1869 646 1896 674 »
1925 624 2228 697 Scriptura
2261 628 2311 692 Α
2344 625 2424 681 ris
2455 622 2968 696 spiritualiter,sed
3001 623 3488 695 carnaliter,dicis
3519 623 3680 684 enim
3703 627 3984 703 scriptum

576 709 688 768 ista
716 729 894 785 quam
926 712 1203 787 legimus,
1235 731 1414 787 quam
1446 720 1793 782 tractamus,
1826 732 2003 787 quam
2056 714 2233 770 habe-

582 818 718 858 mus
749 803 809 859 in
841 804 1135 868 manibus,
1170 809 1398 861 montes
1431 805 1614 860 sancti
1675 805 1954 860 dicuntur
1985 805 2043 860 in
2077 803 2230 860 Scri-

579 892 790 965 pturis.
846 896 1012 950 Mons
1079 899 1319 951 vocatur
1367 895 1662 951 Abraham
1710 913 1723 962 ;
1771 911 1940 950 mons
1999 899 2238 950 vocatur

589 984 751 1040 Isaac
785 1002 798 1052 ;
847 1000 1019 1041 mons
1065 984 1348 1041 Jeremias
1384 1002 1396 1052 ;
1433 989 1662 1041 montes
1692 984 1876 1040 sancti
1911 984 2235 1056 prephetw.

596 1072 825 1130 Montes
854 1072 953 1129 isti
975 1072 1195 1129 habent
1223 1077 1280 1129 et
1309 1075 1624 1144 frumenta,
1652 1073 1871 1130 habent
1929 1079 1985 1128 et
2016 1075 2236 1143 fenum,

590 1161 650 1218 Si
683 1161 860 1218 homo
890 1179 972 1233 es,
1027 1162 1244 1235 accipis
1276 1163 1348 1218 ab
1404 1163 1552 1236 ipsis
1611 1164 1973 1219 frumentum
2010 1179 2023 1217 :
2056 1179 2105 1218 ει
2149 1179 2241 1234 pe-

586 1267 691 1307 cus
721 1268 805 1318 es,
838 1251 1037 1308 fenum
1068 1251 1304 1326 accipis.
1352 1254 1609 1309 Homines
1665 1257 1718 1310 et
1767 1255 2025 1326 jumenla
2065 1252 2241 1308 salvos

583 1343 775 1413 facies,
808 1342 1033 1396 Domine
1074 1343 1243 1413 (Psal.
1302 1359 1469 1410 xxxv,
1533 1344 1610 1412 7).
1667 1343 2003 1398 Secundum
2065 1341 2240 1396 fidem

581 1435 744 1487 tuam
777 1430 1039 1488 salvaris.
1074 1452 1102 1481 «
1135 1431 1244 1498 Qui
1275 1432 1544 1504 producit
1572 1432 1631 1486 in
1680 1432 1985 1488 montibus
2014 1431 2238 1486 fenum,

579 1523 638 1577 et
669 1521 770 1576 dat
791 1520 1080 1593 jumentis
1112 1537 1308 1578 escam
1356 1522 1643 1594 ipsorum.
1677 1545 1706 1572 »
1739 1521 1798 1578 Si
1863 1521 2038 1578 homo
2070 1537 2153 1588 es,
2185 1519 2241 1574 in

579 1609 899 1682 Scripturis
930 1610 1152 1667 sanctis
1209 1611 1428 1684 accipis
1485 1611 1852 1683 spiritualem
1918 1609 2241 1681 intelligen-

578 1699 769 1756 tiam:
803 1700 854 1756 si
876 1699 1218 1771 jumentum
1258 1717 1342 1768 es,
1402 1702 1731 1757 secundum
1791 1700 2046 1758 litteram
2086 1714 2247 1755 more

578 1789 841 1846 Judaico.
879 1789 1024 1846 Rem
1055 1806 1333 1862 magnam
1357 1791 1711 1848 video.Deus
1744 1791 1847 1864 qui
1881 1791 2063 1847 tantis
2107 1807 2250 1862 prae-

581 1877 770 1936 coniis
799 1876 1168 1935 collaudatus
1198 1884 1309 1945 est,
1340 1880 1663 1936 deducitur
1713 1882 1784 1935 ad
1817 1879 2040 1951 viliora,
2073 1886 2129 1936 et
2159 1881 2245 1935 di-

2346 731 2474 770 esse
2506 715 2575 768 de
2601 713 2874 770 corvis.Si
2905 731 3040 786 ergo
3070 715 3140 771 de
3171 715 3347 788 pullis
3369 733 3678 773 corvorum
3710 719 3990 791 scriptum

2345 807 2454 869 est,
2487 807 2542 858 et
2570 802 2666 858 hic
2699 802 2920 858 dictum
2953 805 3173 859 est:«Et
3191 803 3690 876 pulliscorvorum
3724 807 3991 864 invocan-

2348 893 2507 946 tibus
2538 909 2670 947 eum
2697 915 2725 942 »
2759 897 2811 947 et
2845 893 3129 964 scriptum
3160 899 3270 962 est,
3295 895 3613 966 Omnisqui
3644 894 3990 954 invocaverit

2349 997 2560 1036 nomen
2599 981 2825 1037 Domini
2859 982 3052 1038 salvus
3083 982 3192 1038 erit
3221 999 3235 1039 :
3271 999 3407 1058 ergo
3429 990 3486 1039 et
3515 983 3660 1057 pulli
3683 1001 3985 1043 corvorum

2349 1069 2493 1125 salvi
2523 1076 2696 1127 erunt
2724 1071 2783 1126 in
2798 1073 3366 1130 resurrectione.Nos
3381 1090 3517 1147 ergo
3530 1073 3677 1146 pulli
3690 1089 3984 1132 corvorum

2350 1159 2690 1216 invocamus
2737 1164 2913 1233 atque
2973 1161 3292 1218 salvamur.
3352 1164 3606 1235 Denique
3663 1169 3720 1219 et
3775 1163 3984 1221 Paulus

2351 1249 2655 1322 apostolus
2684 1251 2923 1324 scripsit
2951 1253 3023 1307 ad
3055 1267 3394 1309 sanctorum
3419 1252 3732 1308 Ecclesiam
3764 1254 3990 1327 scripsit

2353 1340 2423 1393 ad
2457 1356 2556 1395 eos
2589 1339 2690 1411 qui
2720 1339 2991 1396 invocant
3048 1357 3260 1397 nomen
3320 1341 3547 1398 Domini
3602 1342 3645 1413 (ι
3691 1345 3815 1400 Cor.
3848 1360 3885 1411 ι,
3903 1327 3984 1414 '2).

2429 1449 2457 1478 «
2483 1428 2606 1484 Non
2640 1430 2699 1484 in
2731 1430 3072 1486 fortitudine
3102 1431 3237 1503 equi
3270 1431 3628 1488 voluntatem
3677 1430 3928 1487 habebit.
3959 1454 3985 1482 η

2353 1517 2698 1575 Brevitatem
2734 1519 3138 1591 promisimus,
3185 1525 3242 1576 et
3305 1520 3652 1577 necessitate
3709 1519 3986 1594 compulsi

2355 1624 2564 1664 sumus
2595 1608 2774 1664 latius
2801 1608 3102 1681 disputare
3137 1627 3150 1665 :
3183 1609 3409 1665 mentiti
3441 1626 3670 1678 sumus,
3707 1610 3806 1666 sed
3837 1625 3987 1665 men-

2355 1696 2591 1752 dacium
2626 1697 2980 1754 utilissimus
3009 1702 3116 1754 est.
3151 1697 3383 1754 Utinam
3435 1699 3689 1755 Herodes
3719 1699 3991 1755 mentitus

2355 1792 2512 1842 esset
2541 1791 2598 1842 et
2627 1788 2948 1860 pejerasset
2979 1788 3194 1859 (Matth.
3226 1790 3512 1856 x1v,7-li)
3541 1788 3554 1843 Ξ
3588 1789 3656 1844 Et
3682 1805 3787 1844 nos
3816 1789 3990 1860 igitur

2358 1876 2585 1931 minora
2616 1877 3022 1950 promisimus,
3083 1881 3140 1932 et
3197 1877 3502 1934 orantibus
3558 1877 3718 1933 vobis
3774 1879 3991 1949 majora

581 1967 737 2023 citur
768 1985 781 2024 :
820 1989 840 2015 α
877 1967 946 2022 Et
972 1967 1152 2041 pullis
1192 1985 1500 2024 corvorum
1560 1970 1970 2026 invocantibus
2024 1987 2180 2027 eum.
2217 1995 2238 2022 υ
2276 2003 2323 2068 Β
2357 1966 2737 2038 praebuimus.
2772 1966 2923 2022 Hora
2944 1966 3244 2039 compellit
3265 1970 3330 2022 ut
3348 1972 3569 2023 taceam
3603 1985 3618 2023 :
3653 1966 3986 2040 magnitudo

584 2055 644 2113 Si
672 2057 744 2113 de
779 2055 987 2113 avibus
1018 2055 1148 2113 cmli
1179 2057 1421 2126 diceret,
1453 2059 1640 2131 magis
1678 2059 1909 2131 aquilas
1941 2059 2238 2115 nominas-

583 2149 674 2203 set
701 2149 804 2202 aut
821 2145 1104 2203 vultures.
1144 2168 1166 2198 ι
1199 2147 1270 2202 Et
1293 2146 1472 2220 pullis
1503 2164 1810 2205 corvorum
1835 2149 2242 2205 invocantibus

587 2249 746 2292 eum.
777 2257 807 2286 »
840 2234 1013 2291 Nulla
1042 2235 1157 2292 alia
1183 2236 1301 2292 alia
1330 2236 1453 2293 avis
1475 2243 1869 2310 nuncupatur,
1905 2239 2017 2294 nisi
2041 2237 2241 2312 pullus

585 2341 914 2393 corvorum,
947 2329 1004 2381 et
1033 2341 1148 2382 non
1180 2324 1294 2398 ipsi
1334 2327 1507 2393 corvi,
1571 2329 1670 2383 sed
1707 2327 1852 2399 pulli
1910 2344 2237 2385 corvorum.

586 2413 713 2470 Non
743 2412 1002 2470 salvatur
1029 2430 1258 2482 corvus,
1293 2416 1392 2470 sed
1427 2415 1627 2488 pullus
1671 2417 1771 2488 qui
1833 2417 1903 2472 de
1953 2433 2019 2473 eo
2067 2421 2240 2474 natus

586 2506 696 2560 est.
727 2502 845 2560 Nos
902 2501 1047 2576 pulli
1114 2519 1415 2560 cervorum
1476 2522 1704 2561 sumus.
1756 2506 1836 2562 De
1895 2508 2241 2578 parentibus

586 2591 744 2649 enim
777 2591 1099 2650 idololatria
1127 2594 1452 2651 nascimur.
1493 2595 1771 2668 Legimus
1807 2595 1865 2650 in
1901 2597 2239 2667 Salomone,

585 2680 866 2754 quoniam
898 2680 1102 2739 oculus
1134 2682 1233 2755 qui
1258 2682 1465 2739 irridet
1521 2689 1748 2756 patrem
1807 2690 1865 2741 et
1909 2702 2239 2743 sermonem

584 2770 815 2838 matris,
837 2771 1118 2828 effodiant
1145 2788 1280 2828 eum
1313 2773 1464 2828 corvi
1499 2774 1571 2829 de
1628 2773 1995 2830 convallibus
2052 2777 2237 2845 (Prov.

583 2877 714 2927 xxx,
738 2859 852 2932 17).
881 2860 1007 2917 Non
1033 2860 1200 2931 dixit,
1231 2861 1375 2934 pulli
1408 2879 1740 2933 corvorum,
1761 2865 1883 2932 sed,
1917 2864 2028 2937 ipsi
2060 2867 2236 2921 corvi.

587 2950 693 3018 Qui
726 2949 888 3008 enim
924 2967 1138 3007 corvus
1168 2955 1277 3023 est,
1310 2950 1522 3008 salvari
1571 2970 1689 3009 non
1750 2959 1963 3026 potest.
2023 2955 2240 3011 Corvus

587 3039 660 3095 de
689 3055 826 3096 arca
857 3038 1178 3095 dimittitur
1205 3043 1263 3095 et
1293 3057 1407 3096 non
1453 3041 1760 3098 revertitur
1788 3045 1945 3108 (Gen.
2003 3062 2125 3111 vm,
2161 3046 2236 3114 7).

589 3127 654 3184 In
687 3125 907 3183 diluvio
939 3143 1072 3183 cum
1121 3127 1340 3184 caeteris
1388 3134 1477 3184 est
1506 3145 1519 3184 :
1555 3133 1688 3202 post
1741 3130 2029 3186 diluvium
2059 3132 2117 3187 in
2150 3133 2237 3188 in-

595 3215 932 3274 felicitatem
959 3216 1290 3289 projicitur,
1320 3217 1431 3274 hoc
1463 3223 1570 3286 est,
1603 3236 1670 3276 eo
1715 3224 1977 3293 tempore
2007 3224 2240 3294 quando

588 3305 992 3378 tranquillitas
1017 3311 1108 3362 est
1134 3323 1250 3363 non
1283 3312 1477 3379 potest
1535 3324 1664 3364 esse
1719 3309 1778 3364 in
1838 3326 1972 3366 arca
2029 3311 2149 3367 Dei.
2181 3312 2240 3366 Si

2355 2055 2769 2128 mysteriorum
2803 2056 3102 2128 compellit
3131 2060 3196 2111 ut
3226 2055 3487 2128 loquar.«
3521 2056 3646 2112 Non
3677 2055 3736 2111 in
3767 2056 3989 2112 fortitu-

2351 2145 2489 2201 dine
2518 2145 2652 2217 equi
2681 2143 3041 2201 voluntatem
3072 2145 3368 2202 habebit.»
3400 2145 3590 2201 Audio
3611 2161 3826 2218 equum
3858 2145 3986 2200 hin-

2356 2235 2640 2299 nientem,
2673 2239 2730 2290 et
2758 2251 2871 2290 non
2907 2251 3225 2307 possumus
3257 2233 3873 2307 praeterire.Scriptum
3904 2238 3991 2290 est

2354 2325 2411 2380 in
2443 2323 2720 2397 psalterio
2749 2341 2763 2392 ;
2793 2325 2996 2382 Fallax
3025 2340 3196 2396 equus
3226 2325 3297 2380 ad
3326 2325 3555 2380 salutem
3585 2323 3760 2395 (Psal.
3815 2341 3986 2390 xxxn,

2353 2415 2538 2486 l7).Et
2571 2415 2628 2469 in
2661 2413 2774 2470 alio
2805 2414 2930 2470 loco
2965 2429 2978 2469 :
3013 2416 3223 2485 Equum
3254 2417 3308 2469 et
3345 2430 3686 2470 ascensorem
3713 2414 3901 2485 dejecit
3931 2416 3989 2468 in

2349 2521 2502 2560 mare
2527 2504 2702 2574 (Exod
2755 2521 2847 2569 xv,
2881 2504 2955 2575 1).
2989 2503 3328 2575 Praecipitur
3355 2507 3410 2559 et
3441 2503 3638 2575 Israel,
3683 2519 3754 2559 ne
3811 2519 3987 2576 equos

2352 2593 2618 2648 nutriant
2643 2595 2822 2662 (Deut.
2857 2610 2995 2660 xvu,
3047 2593 3156 2663 16).
3216 2592 3478 2664 Denique
3531 2591 3801 2648 Salomon
3856 2592 3991 2663 quia

2351 2682 2667 2754 quadrigas
2689 2683 3019 2738 adducebat
3048 2699 3116 2738 ex
3139 2686 3405 2755 )Egypto,
3438 2679 3734 2754 voluptate
3760 2697 3986 2752 supera-

2350 2777 2446 2828 tus
2475 2777 2566 2828 est
2597 2775 2699 2844 (Ill
2728 2775 2856 2843 Reg.
2902 2788 2960 2842 x,
3016 2772 3232 2843 26-29).
3267 2794 3293 2821 ‹‹
3355 2769 3480 2826 Non
3537 2771 3594 2826 in
3653 2769 3987 2826 fortitudine

2349 2861 2485 2933 equi
2514 2861 2873 2917 voluntatem
2907 2860 3165 2918 habebit.
3201 2882 3230 2910 ››
3263 2861 3490 2932 Equum
3522 2864 3579 2915 et
3625 2873 3982 2916 ascensorem

2351 2950 2638 3022 dejecitin
2673 2967 2854 3017 mare,
2889 2950 3038 3022 Equi
3070 2950 3430 3006 insanientes
3460 2948 3520 3004 in
3578 2949 3823 3005 feminas
3851 2947 3984 3004 facti

2351 3044 2492 3094 sunt
2549 3038 2693 3094 mihi
2742 3058 2760 3095 :
2817 3041 3198 3111 Unusquisque
3245 3041 3309 3094 in
3337 3053 3560 3094 iuvarem
3605 3039 3848 3110 proximi
3899 3039 3986 3092 sui

2351 3128 2635 3184 hinniebat
2666 3129 2880 3199 (Jerem.
2941 3146 2994 3196 v,
3022 3130 3077 3199 8)
3114 3145 3127 3184 :
3162 3127 3423 3200 loquitur
3479 3126 3781 3184 Jeremias.
3839 3127 3982 3199 Ergo

2351 3232 2530 3290 super
2558 3217 2704 3274 tales
2753 3235 2934 3290 equos
2993 3219 3141 3274 Deus
3202 3234 3316 3274 non
3377 3216 3554 3274 habet
3609 3215 3981 3272 voluntatem.

2353 3309 2624 3365 Diximus
2655 3308 2726 3364 de
2756 3325 2927 3380 equo,
2961 3324 3174 3379 equum
3207 3311 3264 3363 et
3295 3323 3662 3363 ascensorem
3695 3306 3901 3376 dejecit
3931 3305 3989 3360 in

593 3395 831 3468 quando
861 3394 1148 3452 diluvium
1179 3400 1286 3465 est,
1317 3414 1530 3469 corpus
1581 3398 1638 3453 in
1672 3398 1864 3455 medio
1911 3405 2018 3456 cst.
2054 3403 2236 3457 Tran-
2267 3371 2310 3436 δ
2353 3414 2536 3456 mare.
2574 3396 2837 3453 Diximus
2870 3397 2970 3469 qui
3001 3401 3142 3453 sunt
3189 3396 3322 3468 equi
3357 3413 3370 3450 :
3406 3397 3673 3453 dicamus
3729 3394 3822 3466 qui
3854 3398 3993 3450 sunt

594 3483 856 3557 quillitas
885 3484 1056 3551 redit,
1098 3489 1155 3540 et
1183 3501 1392 3542 corvus
1424 3487 1591 3559 fugit.
1616 3487 1725 3552 Qui
1758 3493 1898 3544 sunt
1926 3489 2022 3545 isti
2056 3491 2240 3546 corvi?

587 3573 695 3640 Qui
727 3578 868 3629 sunt
897 3572 1042 3646 pulli
1081 3591 1386 3630 corvorum
1424 3574 1452 3629 ‘I
1482 3576 1604 3647 Ego
1659 3582 1798 3648 pulo
1857 3595 2057 3634 corvos
2086 3579 2237 3652 nigri

587 3662 821 3729 coloris,
855 3663 951 3733 qui
1009 3679 1244 3736 semper
1301 3671 1739 3736 persequuntur
1772 3669 2050 3724 cadavera
2079 3686 2238 3725 mor-

585 3756 847 3807 tuorum:
884 3752 983 3823 qui
1016 3767 1248 3823 semper
1276 3769 1413 3808 voce
1445 3754 1794 3810 raucissima
1823 3755 1976 3812 rixas
2005 3773 2240 3830 compa-

592 3846 748 3907 rant,
811 3841 1108 3897 daemones
1166 3858 1315 3913 esse,
1376 3847 1432 3896 et
1488 3842 1825 3914 quicunque
1881 3847 2244 3903 daemonibus

593 3929 919 3998 servierint,
944 3931 1112 4002 juxta
1143 3946 1345 3987 corvos
1375 3935 1432 3986 et
1478 3931 1591 4004 ipsi
1641 3931 1894 3989 colorem
1937 3950 2241 3992 corvorum

596 4018 914 4092 accipiunt.
942 4017 1125 4092 Igitur
1154 4019 1340 4075 nostri
1371 4025 1661 4092 parentes,
1721 4021 1874 4078 sicut
1919 4025 2046 4095 jam
2096 4025 2244 4080 dixi-

593 4123 750 4176 mus,
780 4107 882 4180 qui
917 4106 1089 4164 idolis
1146 4108 1478 4165 serviebant
1532 4116 1588 4166 et
1644 4111 2030 4184 daemonibus,
2091 4114 2245 4170 corvi

594 4199 782 4252 erant.
811 4196 938 4252 Non
967 4196 1123 4253 enim
1156 4197 1535 4254 inveniuntur
1575 4199 1690 4256 nisi
1751 4201 1848 4257 ubi
1907 4201 2160 4273 illuvies,
2192 4209 2248 4260 et

595 4285 905 4359 spurcitia,
939 4291 996 4342 et
1023 4287 1308 4343 cadavera
1336 4292 1702 4344 mortuorum
1733 4290 2094 4349 fuerint.Nos
2114 4311 2246 4350 vero

597 4373 701 4450 qui
730 4375 803 4431 de
833 4375 1021 4431 corvis
1054 4373 1176 4434 nati
1203 4392 1433 4444 sumus,
1478 4394 1592 4433 non
1626 4378 1910 4435 cadavera
1957 4387 2249 4453 exspecta-

592 4481 748 4533 mus,
785 4465 888 4521 sed
916 4480 1129 4522 rorem.
1165 4463 1318 4521 Pulli
1349 4465 1506 4521 enim
1541 4484 1847 4524 corvorum
1877 4468 2150 4525 dicuntur
2178 4472 2250 4527 de

591 4569 720 4609 rore
747 4554 957 4612 vivere.
992 4555 1084 4611 Sic
1115 4554 1274 4611 enim
1305 4554 1640 4628 philosophi
1699 4556 1926 4626 dicunt,
1975 4561 2129 4632 quod
2178 4561 2249 4615 de

594 4657 726 4697 rore
752 4643 958 4698 vivant
986 4642 1132 4716 pulli
1162 4659 1490 4700 corvorum.
1524 4644 1714 4701 Vultis
1769 4651 1827 4701 et
1881 4647 2039 4703 aliud
2101 4649 2250 4705 scire

2348 3487 2723 3558 equites.Ego
2754 3490 2894 3558 puto
2924 3503 3110 3557 equos
3143 3485 3412 3542 homines
3433 3501 3562 3542 esse
3592 3488 3999 3558 peccatores,et

2348 3576 2580 3649 equites
2613 3576 2912 3632 daemones
2944 3575 3045 3647 qui
3104 3575 3372 3646 equitant
3401 3575 3458 3630 in
3490 3575 3595 3630 eis.
3655 3573 3710 3629 Si
3766 3573 3999 3645 quando

2351 3683 2488 3737 ergo
2523 3666 2851 3722 viderimus
2890 3664 3149 3737 aliquem
3199 3665 3440 3720 fratrem
3472 3667 3912 3736 persequentem
3940 3666 4000 3717 et

2349 3751 2661 3813 inimicum
2694 3772 2844 3820 esse,
2879 3755 3138 3810 sciamus
3163 3753 3300 3824 quia
3327 3752 3424 3809 ille
3453 3770 3640 3826 equus
3683 3757 3788 3809 est.
3821 3751 3997 3807 Caete-

2354 3863 2485 3902 rum
2519 3861 2699 3917 eques
2722 3843 2995 3900 diabolus
3019 3849 3127 3914 est,
3161 3843 3262 3915 qui
3295 3860 3404 3899 sua
3435 3841 3639 3899 lancea
3669 3842 3773 3898 dos
3798 3856 3998 3914 percu-

2353 3936 2443 3992 tit.
2481 3935 2595 3990 lste
2625 3932 2830 4000 currit,
2861 3946 2916 3988 et
2943 3932 3043 3989 ille
3086 3933 3355 4006 percutit.
3404 3933 3516 3989 Sed
3574 3937 3630 3987 ct
3660 3931 3782 4005 ipse
3810 3946 3996 4002 equus

2355 4023 2688 4081 calcaribus
2716 4023 2972 4089 ducitur,
3005 4021 3357 4093 confoditur,
3390 4026 3447 4078 et
3476 4020 3693 4077 invitus
3751 4017 3992 4076 insanit.

2357 4140 2383 4165 α
2419 4114 2533 4170 Nec
2565 4113 2623 4168 in
2657 4111 2818 4168 tibiis
2839 4111 2945 4166 viri
2978 4109 3412 4183 beneplacitum
3469 4111 3579 4166 erit
3630 4108 3702 4165 ei.
3738 4131 3767 4158 »
3795 4108 3996 4164 Videte

2357 4203 2498 4276 quid
2530 4203 2708 4259 dicat.
2740 4201 2865 4257 Non
2898 4199 3063 4271 dixit,
3097 4201 3155 4255 in
3187 4198 3378 4272 capite
3407 4199 3537 4269 viri,
3568 4215 3682 4255 non
3737 4197 3899 4267 dixit,
3930 4197 3992 4252 in

2357 4292 2631 4349 manibus
2660 4289 2768 4345 viri
2803 4306 2814 4345 :
2844 4291 2968 4359 sed,
3020 4291 3079 4344 in
3128 4289 3298 4355 tibiis,
3358 4306 3484 4360 quae
3541 4287 3808 4344 deorsum
3833 4288 3993 4342 sunt.

2433 4403 2454 4430 ι
2489 4381 2604 4436 Nec
2633 4379 2693 4434 in
2725 4379 2886 4435 tibiis
2914 4377 3022 4434 viri
3053 4378 3483 4450 beneplacitum
3515 4377 3623 4434 erit
3651 4375 3722 4434 ei.
3758 4398 3785 4426 ρ)
3816 4374 3996 4432 Tibiae

2358 4469 2453 4526 hic
2484 4470 2636 4525 sic'ut
2662 4473 2718 4524 et
2748 4468 2990 4534 femora,
3025 4482 3258 4540 semper
3288 4467 3348 4522 in
3406 4465 3647 4522 libidine
3701 4463 3994 4537 accipiun-

2358 4564 2473 4615 tur.
2510 4559 2774 4631 Denique
2804 4561 2861 4613 et
2887 4558 2945 4612 in
2977 4555 3236 4612 Ezechiel
3270 4556 3424 4613 Deus
3469 4556 3699 4613 videtur
3726 4551 3997 4610 alumbis

2358 4665 2546 4721 usque
2576 4664 2838 4716 sursum,
2872 4645 3180 4714 electreus,
3202 4662 3237 4701 a
3266 4644 3484 4702 lumbis
3507 4661 3692 4717 usque
3723 4643 3996 4700 deorsum

595 4730 942 4802 mysterium
974 4733 1046 4788 de
1075 4732 1263 4788 corvis
1291 4733 1319 4787 ‘2
1349 4733 1502 4790 Elias
1561 4735 1995 4807 interpretatur,
2033 4759 2059 4791 «
2091 4736 2244 4794 Deus
2276 4744 2322 4808 1)
2356 4739 2562 4810 igneus
2594 4738 2817 4806 (Επειδὴ.
2855 4754 2892 4801 ι,
2927 4737 3002 4802 4),
3036 4735 3096 4791 Si
3129 4734 3264 4806 quis
3295 4729 3532 4792 sursum
3593 4737 3699 4805 est,
3729 4731 3863 4788 huic
3891 4748 3996 4788 au-

594 4819 902 4878 Dominus.
943 4844 968 4867 ››
1001 4821 1177 4887 Elias,
1204 4821 1313 4878 hoc
1345 4828 1452 4886 est,
1502 4824 1788 4881 Dominus
1843 4831 2041 4882 noster
2068 4831 2243 4899 atque

589 4909 872 4978 Salvator,
925 4927 959 4966 a
999 4910 1220 4968 Judaais
1272 4913 1767 4984 persecutionem,
1813 4916 2053 4986 patitur,
2105 4922 2161 4972 et
2209 4935 2242 4972 a

589 5000 800 5068 corvis,
833 5000 890 5057 id
922 5005 1012 5058 est
1040 5003 1306 5074 gentium
1340 5001 1555 5074 populo
1595 5004 1872 5074 pascitur.
1908 5029 1933 5052 «
1971 5005 2036 5061 Et
2063 5006 2242 5078 pullis

589 5106 900 5147 corvorum
932 5091 1341 5147 invocantibus
1369 5107 1570 5146 eum.»
1598 5092 1656 5146 Si
1690 5093 1922 5149 invocas
1947 5095 2239 5168 eum,pul-

587 5178 682 5236 lus
715 5196 776 5236 es
809 5197 821 5234 :
859 5180 907 5235 si
942 5185 1119 5247 taces,
1152 5197 1360 5236 corvus
1392 5197 1454 5236 es
1489 5197 1502 5236 :
1539 5203 1567 5231 «
1605 5181 1670 5236 Et
1702 5181 1880 5254 pullis
1937 5201 2241 5240 corvorum

587 5268 996 5326 invocantibus
1052 5286 1208 5326 eum.
1267 5292 1294 5319 ››
1345 5270 1619 5343 Legimus
1676 5270 1736 5326 in
1787 5273 2119 5345 propheta:
2180 5277 2243 5330 El

586 5361 764 5415 omnis
819 5361 918 5430 qui
972 5360 1303 5416 invocaverit
1360 5377 1562 5416 nomen
1620 5362 1868 5427 Domini,
1925 5363 2110 5420 salvus
2140 5366 2246 5419 erit

590 5448 744 5520 (Joel.
778 5465 840 5516 ιι,
872 5449 984 5520 32).
1017 5447 1200 5520 Igitur
1232 5449 1282 5505 si
1314 5449 1384 5505 de
1414 5449 1601 5506 corvis
1652 5449 1999 5523 simpliciter
2027 5452 2240 5525 accipi-

588 5553 722 5616 mus
756 5552 770 5594 :
803 5554 940 5610 ergo
970 5541 1029 5595 et
1059 5538 1212 5593 corvi
1247 5537 1390 5595 salvi
1421 5540 1622 5594 erunt?
1652 5539 1980 5613 Responde,
2019 5541 2237 5613 Judzee,

588 5628 875 5696 responde
899 5627 1000 5699 qui
1032 5627 1340 5684 Judaicam
1380 5627 1634 5684 litteram
1689 5634 1920 5686 tantum
1954 5632 2237 5703 sequeris,

587 5711 735 5768 dicis
766 5714 910 5770 istos
932 5731 1134 5772 corvos
1165 5734 1296 5773 vere
1320 5733 1521 5774 corvos
1553 5719 1712 5773 esse?
1733 5719 1858 5775 Non
1893 5719 2234 5792 interpreta-

660 5823 832 5874 ‘Imn
882 5837 1012 5875 vero
1073 5823 1487 5898 tibiasuipsas,
1531 5826 1763 5898 _‘f.‘i‘.-‘:|u:t:
1827 5843 2056 5898 nempe,
2120 5847 2232 5883 non

587 5906 806 5957 ocreas,
843 5907 944 5946 seu
976 5891 1373 5965 περικνημὶὂοῖς
1407 5891 1669 5965 intelligi
1691 5914 1838 5969 opus
1869 5891 2049 5955 estex
2080 5899 2233 5956 Grae-

2357 4846 2489 4884 reus
2521 4832 2610 4882 est
2641 4843 2652 4880 :
2688 4827 2736 4882 si
2771 4825 2868 4897 qui
2928 4826 3226 4890 deorsum,
3261 4824 3397 4880 huic
3456 4824 3723 4896 gehenna
3776 4837 3998 4894 prepa-

2356 4922 2478 4972 rata
2511 4920 2617 4970 est.
2655 4939 2676 4959 υ
2714 4915 2826 4969 Nec
2862 4914 2917 4968 in
2958 4913 3118 4969 tibiis
3147 4912 3253 4967 viri
3288 4913 3712 4986 beneplacitum
3743 4915 3830 4967 est
3856 4910 3927 4965 ei.
3973 4934 3998 4954 υ

2352 5006 2627 5062 Dicamus
2683 5004 3008 5059 secundum
3072 5003 3348 5058 litteram.
3410 5003 3693 5068 Quoniam
3750 5001 3997 5064 dixerat,

2357 5119 2377 5142 σι
2413 5095 2537 5150 Non
2570 5094 2626 5148 in
2663 5092 3006 5148 fortitudine
3039 5091 3172 5160 equi
3205 5089 3564 5146 voluntatem
3599 5090 3850 5159 habebit,
3883 5110 3910 5136 »
3933 5094 3999 5143 et

2352 5183 2518 5256 quasi
2554 5181 2891 5238 bellatorem
2925 5180 3120 5236 virum
3151 5179 3566 5252 descripserat:
3596 5178 3819 5235 videtur
3849 5175 3995 5232 mihi

2351 5272 2445 5329 hic
2478 5272 2577 5328 ubi
2608 5271 2773 5336 dixit,
2807 5287 2915 5328 non
2951 5271 3008 5325 in
3039 5269 3217 5336 tibiis,
3247 5285 3362 5326 non
3395 5285 3596 5325 vocare
3625 5267 3865 5336 tibias,‘,
3889 5265 3995 5322 sed

2312 5351 2768 5435 ’περικνημίδας.
2831 5359 3112 5415 Videmus
3173 5376 3309 5431 ergo
3380 5359 3764 5432 quodcunque
3818 5355 4000 5412 tibias

2351 5452 2553 5509 texerit
2585 5469 2699 5508 non
2733 5448 2960 5523 placere
3006 5448 3148 5518 Deo,
3204 5448 3306 5504 sed
3367 5448 3508 5505 illud
3567 5449 3722 5521 quod
3752 5461 3997 5505 sursum

2348 5546 2456 5598 est.
2491 5542 2612 5597 Non
2649 5541 2836 5615 placet
2865 5539 2980 5594 Deo
3010 5537 3070 5592 in
3119 5538 3480 5607 fortitudine,
3543 5555 3656 5596 non
3713 5536 3902 5611 placet
3933 5535 3997 5591 in

2349 5631 2508 5687 tibiis
2541 5631 2667 5699 viri,
2720 5627 2909 5702 placet
2938 5631 3134 5683 autem
3166 5628 3223 5682 in
3254 5628 3463 5685 timore
3485 5646 3611 5685 suo.
3645 5627 3845 5683 Virtus
3875 5641 3999 5681 non

2350 5721 2558 5793 placet,
2589 5721 2766 5776 timor
2792 5717 2998 5790 placet.
3033 5715 3353 5774 Bellantem
3390 5716 3656 5784 destruit,
3691 5718 3998 5788 rogantem

2349 5845 2415 5883 co
2445 5833 2603 5883 textu
2637 5834 2690 5882 et
2725 5827 2958 5881 Patrum
2994 5824 3485 5896 interpretatione.
3549 5824 3899 5881 Ambrosius
3933 5824 4002 5880 in

2349 5899 2590 5968 Psalter,
2625 5899 2799 5955 habet
2828 5903 2889 5952 in
2916 5895 3232 5954 tibialibus.
