4244 6584
302 490 457 555 1333

1457 492 1949 559 BREVIARIUM
1995 493 2073 556 IN
2121 495 2502 557 PSALMOS.

3545 488 3571 551 l
3587 489 3705 552 334

308 625 512 693 elevat,
543 622 800 684 humiles
847 625 1083 696 exaltat,
1119 628 1401 700 superbos
1449 629 1667 700 dejicit.
1710 651 1735 681 α
1767 631 1944 684 Bene-
1978 628 2028 693 A
2061 625 2439 698 Evangelium
2473 625 2688 680 intrare
2706 641 2818 681 non
2849 626 3052 699 potuit.
3076 625 3191 683 Nos
3222 641 3358 700 ergo
3382 625 3701 700 recipimus

302 715 583 788 placitum
632 721 721 772 est
749 716 864 772 Deo
915 732 1094 790 super
1122 719 1397 774 timentes
1427 735 1584 774 eum.
1624 742 1643 767 υ
1683 719 1842 774 Unus
1873 719 1945 773 ti-

301 821 432 861 mor
487 805 685 878 plures
744 807 986 862 timores
1035 807 1284 879 projicit.
1349 807 1557 864 Melius
1615 815 1704 864 est
1762 825 1943 863 unum

299 893 526 958 timere,
563 900 626 949 ut
658 894 855 966 plures
879 912 993 951 non
1029 895 1257 963 timeas,
1279 914 1456 968 quam
1489 896 1689 968 plures
1719 897 1948 963 timere,

301 987 368 1038 ut
393 1000 577 1038 unum
610 999 724 1039 non
756 985 983 1040 timeas.
1019 1006 1045 1033 «
1081 985 1148 1039 Et
1177 986 1233 1039 in
1258 984 1340 1040 eis
1371 987 1470 1056 qui
1503 991 1742 1056 sperant
1771 1002 1950 1060 super

300 1071 702 1128 misericordia
731 1073 878 1144 ejus.
915 1097 935 1126 ι
977 1074 1226 1146 Sperant
1256 1091 1370 1129 non
1403 1074 1461 1128 in
1493 1074 1766 1146 operibus
1797 1073 1944 1140 suis,

300 1162 399 1217 sed
453 1161 512 1216 in
574 1160 972 1218 misericordia
1013 1162 1244 1233 judicii.
1299 1163 1552 1218 Laudate
1609 1162 1939 1228 Dominum,

300 1251 578 1321 quoniam
628 1251 845 1306 bonum
875 1256 964 1306 est
1010 1251 1313 1324 psalmus;
1350 1251 1625 1324 quoniam
1663 1252 1763 1323 qui
1813 1268 1942 1323 spe-

301 1344 432 1394 rant
478 1355 656 1411 super
705 1339 1104 1396 misericordia
1135 1341 1283 1412 ejus,
1316 1341 1438 1397 sola
1484 1341 1802 1397 salvatione
1852 1357 1941 1395 sa-

299 1431 532 1484 nantur.
558 1429 660 1484 Cui
694 1434 782 1485 est
801 1429 986 1501 gloria
1015 1430 1074 1484 in
1102 1431 1314 1486 saecula
1338 1431 1703 1486 saeculorum.
1734 1435 1940 1485 Amen.

808 1519 1130 1575 PSALMUS
1169 1519 1428 1575 CXLVII.

374 1629 402 1656 «
436 1608 650 1675 Lauda,
695 1607 1042 1679 Jerusalem,
1099 1607 1406 1665 Dominum
1468 1628 1480 1664 :
1542 1608 1716 1665 lauda
1761 1615 1942 1666 Deum

298 1698 490 1766 tuum,
512 1696 670 1752 Sion.
696 1720 718 1749 ι
755 1697 923 1752 Modo
945 1696 1278 1753 audivimus
1299 1703 1567 1753 sanctum
1592 1697 1942 1769 Prophetam

299 1785 709 1857 praedicantem
742 1791 978 1858 propter
1024 1786 1551 1858 praevaricationem
1590 1787 1734 1860 legis
1766 1803 1945 1858 popu-

300 1871 424 1928 lum
469 1872 780 1929 Judaicum
831 1891 958 1930 esse
1005 1876 1324 1943 desertum,
1357 1879 1413 1932 et
1463 1877 1756 1948 quomodo
1788 1893 1942 1930 nunc

299 1961 516 2017 dicitur
565 1979 577 2016 :
635 1983 661 2014 α
709 1964 925 2029 Lauda,
975 1963 1322 2029 Jerusalem,
1373 1965 1685 2020 Dominum
1721 1982 1732 2020 :
1767 1965 1942 2021 lauda

299 2050 482 2106 Deum
512 2055 707 2119 tuum,
737 2051 894 2107 Sion.
931 2075 958 2101 ››
991 2053 1208 2109 Deinde
1241 2053 1380 2126 quid
1413 2055 1731 2125 sequitur?

371 2162 399 2188 «
433 2139 718 2202 Quoniam
750 2141 1091 2197 confortavit
1125 2159 1284 2198 seras
1314 2147 1614 2214 portarum
1648 2147 1942 2198 tuarum.»

301 2226 446 2300 Ergo
463 2229 533 2283 de
550 2227 660 2284 ista
673 2229 997 2285 Jerusalem
1011 2229 1495 2302 loquitur,deista
1506 2233 1639 2287 Sion
1664 2247 1677 2287 :
1702 2232 1944 2288 «Lauda

299 2316 485 2372 Deum
538 2321 730 2385 tuum,
763 2319 921 2374 Sion.
961 2343 980 2368 ι
1017 2319 1254 2384 Quare?
1285 2343 1312 2371 «
1340 2320 1624 2386 Quoniam
1657 2321 1944 2376 conforta-

296 2405 380 2460 vit
409 2421 571 2463 seras
614 2413 915 2480 portarum
967 2413 1224 2466 tuarum.
1261 2432 1288 2458 ››
1320 2411 1443 2466 Non
1493 2414 1632 2465 sunt
1664 2415 1860 2481 portae,
1889 2415 1945 2464 et

299 2496 593 2567 quomodo
625 2512 764 2552 serae
817 2499 986 2554 salvae
1018 2499 1207 2556 sunt?
1239 2522 1267 2548 «
1301 2499 1602 2555 Benedixit
1631 2498 1780 2554 filios
1811 2503 1943 2554 tuos

298 2584 357 2640 in
389 2588 464 2640 te.
503 2607 523 2634 ι
558 2585 859 2649 Quomodo
891 2587 1204 2650 benedixit,
1233 2587 1334 2659 qui
1365 2588 1510 2644 dixit
1541 2606 1554 2645 :
1592 2589 1946 2660 Relinquetur

298 2674 448 2729 vobis
477 2674 667 2730 domus
696 2684 876 2732 vestra
903 2677 1133 2733 deserta.
1167 2678 1328 2749 (Luc.
1363 2695 1485 2742 xm,
1518 2678 1649 2749 35)?

371 2783 398 2810 «
431 2760 539 2824 Qui
571 2763 768 2833 posuit
797 2764 945 2820 fines
991 2769 1124 2820 tuos
1157 2781 1376 2836 pacem.
1415 2789 1434 2817 ιι
1474 2765 1581 2820 Ubi
1614 2782 1724 2837 pax
1757 2766 1945 2837 posita

299 2854 409 2916 est,
443 2867 567 2922 quae
613 2850 765 2907 bello
815 2853 1094 2908 subversa
1123 2853 1257 2908 est?
1293 2873 1314 2902 ε
1355 2853 1418 2908 Et
1465 2854 1637 2925 adipe
1668 2854 1944 2910 frumenti

300 2939 478 2994 satiat
509 2943 583 2994 te.
620 2962 646 2987 ››
696 2941 1078 2996 Frumentum
1124 2942 1352 3012 adipem
1386 2942 1606 2997 habet?
1637 2943 1680 2998 Ο
1711 2945 1941 3009 Iudaeae,

300 3029 606 3098 responde.
643 3029 1025 3086 Frumentum
1055 3030 1288 3103 adipem
1320 3030 1542 3087 habet?
1571 3031 1628 3086 Si
1663 3048 1798 3103 ergo
1834 3033 1947 3086 fru-

301 3120 564 3172 mentum
617 3117 818 3189 adipes
867 3136 983 3175 non
1012 3119 1211 3184 habet,
1243 3124 1300 3174 et
1346 3119 1715 3191 compelleris
1746 3137 1944 3177 neces-

299 3205 472 3261 sitate
493 3205 876 3276 spiritualiter
902 3205 1240 3279 intelligere,
1261 3209 1583 3263 secundum
1617 3208 1792 3264 istum
1817 3227 1946 3264 vcr-

300 3291 554 3349 siculum
584 3297 642 3348 et
665 3298 870 3350 caetera
898 3294 1274 3368 intelligenda
1295 3299 1453 3350 sunt.
1492 3317 1519 3344 ‹‹
1539 3296 1754 3361 Lauda,
1781 3299 1944 3352 Jeru-

2059 721 2255 788 portas
2288 716 2620 788 prophetas,
2645 720 2702 771 et
2731 733 2832 787 per
2857 720 3052 788 portas
3080 716 3463 787 ingredimur.
3487 717 3594 772 Sed
3620 717 3702 772 vi-

2059 806 2304 860 deamus
2356 821 2482 876 qum
2533 805 2651 860 sint
2698 821 2838 860 serae
2870 809 3189 876 portarum.
3237 805 3398 860 Multi
3447 806 3702 863 latrones

2058 893 2226 951 multi
2261 895 2418 950 fures
2447 894 2691 965 cupiunt
2722 894 2939 949 intrare
2963 911 3063 964 per
3091 899 3308 965 portas.
3345 900 3548 952 Omnes
3577 911 3703 965 qua:

2055 987 2184 1038 ante
2230 1000 2316 1037 me
2365 991 2646 1047 venerunt,
2695 986 2844 1054 fures
2893 985 3201 1053 fueruntet
3249 985 3490 1040 latrones
3521 987 3695 1055 (Joan.

2055 1088 2109 1140 χ,
2141 1073 2217 1139 8).
2249 1071 2292 1126 0
2347 1071 2397 1126 si
2427 1076 2484 1126 et
2531 1071 2676 1126 mihi
2732 1073 3072 1128 concederet
3119 1073 3425 1139 Dominus,
3459 1079 3521 1128 ut
3571 1091 3701 1130 sera

2054 1177 2240 1216 essem
2295 1162 2366 1216 de
2410 1160 2592 1232 portis
2647 1160 2826 1215 Sionl
2873 1161 2932 1215 Si
2964 1160 3099 1232 quis
3148 1161 3550 1219 haereticorum
3601 1179 3702 1235 per

2054 1247 2184 1306 illas
2215 1250 2273 1304 in
2307 1248 2603 1321 Evangelii
2634 1248 3078 1321 dispositionem
3110 1249 3284 1305 vellet
3313 1252 3563 1320 intrare;
3594 1268 3698 1325 ego

2054 1343 2269 1394 starem
2303 1339 2360 1392 in
2393 1339 2597 1410 portis,
2632 1342 2688 1392 et
2733 1338 3098 1410 prohiberem
3129 1329 3316 1394 illum.
3356 1361 3384 1390 «
3414 1341 3700 1405 Quoniam

2054 1427 2398 1484 confortavit
2427 1444 2587 1483 seras
2618 1431 2918 1499 portarum
2944 1431 3203 1483 tuarum.
3235 1447 3261 1479 ιο
3300 1432 3382 1484 Da
3412 1429 3554 1485 mihi
3591 1427 3699 1485 ali-

2053 1533 2228 1588 quem
2263 1515 2720 1572 ecclesiasticum
2763 1516 2977 1582 virum,
3012 1517 3328 1589 Scripturis
3361 1517 3698 1575 ccelestibus

2053 1606 2371 1675 eruditum,
2432 1607 2482 1661 si
2538 1605 2744 1661 viderit
2801 1605 3017 1662 venire.
3068 1607 3445 1679 Eunomium,
3504 1608 3700 1678 venire

2054 1695 2279 1765 Arium,
2312 1693 2457 1750 velle
2505 1693 2709 1750 tollere
2761 1694 2982 1766 aliquid
3034 1695 3105 1751 de
3149 1695 3448 1768 prephetis
3498 1702 3700 1754 contra

2055 1801 2205 1840 nos:
2244 1799 2437 1840 nonne
2483 1787 2599 1839 stat
2652 1785 2820 1856 quasi
2875 1783 3052 1839 sera?
3083 1801 3272 1840 nonne
3324 1786 3502 1841 vincit
3531 1789 3698 1858 quasi

2053 1874 2230 1929 sera?
2263 1896 2288 1922 ‹‹
2323 1873 2608 1937 Quoniam
2643 1872 2991 1928 confortavit
3037 1890 3197 1933 seras
3244 1879 3546 1945 portarum
3575 1879 3702 1931 tua-

2055 1979 2205 2017 rum.
2245 1984 2271 2010 »
2303 1962 2548 2017 Pulchre
2580 1962 2747 2028 dixit,
2778 1959 3117 2035 confortavit
3138 1979 3157 2023 ,ο
3189 1966 3254 2017 ut
3283 1966 3519 2035 quando
3542 1965 3697 2020 vide-

2052 2052 2133 2107 ris
2163 2051 2350 2106 virum
2396 2050 2857 2106 ecclesiasticum
2913 2051 3331 2122 disputantem,
3365 2069 3479 2108 non
3529 2057 3699 2125 putes

2053 2139 2219 2196 illum
2251 2157 2380 2196 esse
2409 2139 2507 2210 qui
2537 2139 2818 2210 disputat,
2844 2141 2943 2195 sed
2978 2141 3078 2211 qui
3110 2140 3396 2196 confortat
3426 2141 3697 2198 ecclesia-

2053 2229 2285 2286 sticum.
2310 2250 2337 2279 «
2359 2230 2428 2283 Et
2457 2227 2625 2299 adipe
2647 2228 2924 2283 frumenti
2956 2228 3131 2284 satiat
3160 2233 3235 2283 te.
3265 2251 3290 2277 »
3315 2231 3457 2298 Nisi,
3481 2229 3696 2302 inquit,

2053 2335 2286 2390 granum
2335 2319 2512 2372 tritici
2558 2317 2826 2383 ceciderit,
2879 2319 3058 2388 ipsum
3103 2317 3281 2373 solum
3325 2319 3544 2373 salvum
3594 2322 3698 2389 erit

2053 2412 2236 2475 (Joan.
2272 2425 2373 2473 χιι,
2404 2408 2495 2473 24,
2529 2407 2643 2460 25).
2691 2407 2752 2461 Si
2797 2409 2987 2484 autem.
3011 2409 3190 2478 ipsum
3234 2408 3515 2477 ceciderit,
3549 2407 3698 2462 mul-

2053 2508 2134 2554 tos
2163 2498 2340 2552 salvos
2368 2497 2526 2567 facit.
2570 2495 2856 2551 Dominus
2905 2499 3101 2552 noster
3129 2512 3380 2568 granum
3432 2495 3606 2551 tritici
3640 2497 3700 2552 in

2054 2592 2270 2642 terram
2302 2586 2529 2650 cecidit,
2562 2590 2620 2640 et
2650 2601 2755 2640 nos
2787 2583 3214 2656 multiplicavit.
3240 2585 3351 2640 Sed
3385 2585 3541 2641 istud
3573 2602 3703 2657 gra-

2055 2693 2195 2732 num
2230 2674 2507 2730 frumenti
2541 2673 2998 2745 pinguissimum
3031 2677 3138 2740 est,
3165 2673 3483 2729 medullam
3504 2675 3698 2741 habet,

2055 2765 2286 2837 adipem
2307 2763 2502 2818 habet.
2528 2784 2556 2812 «
2575 2763 2642 2817 Et
2675 2762 2843 2834 adipe
2870 2761 3155 2817 frumenti.
3177 2763 3353 2818 satiat
3382 2768 3458 2818 te.
3487 2785 3514 2812 »
3545 2763 3698 2818 Felix

2053 2858 2143 2910 est
2171 2853 2272 2925 qui
2295 2852 2355 2907 in
2384 2852 2678 2907 frumento
2705 2852 2815 2906 isto
2846 2851 3076 2922 adipem
3109 2849 3399 2924 intelligit.
3425 2851 3696 2924 Legimus

2056 2946 2289 2998 sanctas
2319 2941 2636 3011 Scipturas.
2672 2941 2784 3013 Ego
2833 2955 3047 3010 corpus
3094 2942 3232 2995 Jesu
3270 2940 3696 3012 1Evangelium

2058 3036 2236 3106 puto;
2271 3035 2504 3086 sanctas
2534 3029 2870 3101 Scripturas
2903 3033 3042 3100 puto
3093 3029 3420 3084 doctrinam
3451 3030 3599 3101 ejus.
3632 3029 3702 3085 Et

2058 3121 2292 3194 quando
2323 3119 2483 3189 dicit,
2518 3120 2622 3186 Qui
2666 3135 2777 3174 non
2823 3117 3115 3174 comederit
3157 3134 3379 3174 carnem.
3424 3121 3621 3185 mea‘m,
3652 3122 3702 3173 et

2058 3211 2253 3265 biberit
2295 3210 2623 3276 sanguinem
2671 3224 2852 3262 meum
2903 3209 3120 3274 (Joann.
3179 3223 3255 3276 vr,
3300 3207 3414 3276 51;),
3469 3206 3604 3262 licet
3649 3209 3707 3281 et

2058 3298 2115 3351 in
2149 3296 2426 3367 mysterio
2459 3295 2646 3366 possit
2695 3294 2944 3365 intelligi
2976 3313 2988 3348 :
3023 3299 3217 3349 tamen
3267 3294 3459 3349 verius
3491 3311 3703 3366 corpus

300 3380 504 3448 salem,
528 3383 860 3438 Dominum.
884 3405 912 3432 ››
941 3383 1291 3454 Jerusalem,
1323 3386 1468 3440 visio
1490 3387 1661 3456 pacis.
1697 3407 1716 3432 ιι
1747 3386 1946 3440 Lauda
1975 3368 2018 3433 Ο
2055 3383 2292 3448 Christi,
2327 3389 2383 3439 et
2413 3383 2655 3454 sanguis
2701 3384 2850 3453 ejus,
2886 3399 3078 3437 sermo
3125 3381 3560 3454 Scripturarum
3591 3386 3700 3450 est,

297 3471 484 3527 Deum
536 3475 726 3540 tuum,
757 3472 914 3528 Sion.
960 3494 988 3522 ››
1037 3472 1174 3528 Sion
1223 3473 1459 3542 specula
1508 3475 1940 3546 interpretatur.

296 3560 520 3616 Videtis
568 3576 704 3632 ergo
735 3561 875 3633 quid
927 3561 1099 3617 dicat.
1133 3584 1162 3611 «
1197 3562 1412 3633 Lauda,
1457 3563 1805 3633 Jerusalem,
1843 3564 1944 3618 Do-

296 3649 546 3704 minum.
582 3671 611 3698 »
661 3647 1004 3721 Ubicunque
1050 3649 1195 3706 visio
1243 3651 1404 3722 pacis
1443 3654 1551 3716 est,
1606 3651 1944 3722 ubicunque

295 3737 707 3809 contemplatio
765 3739 886 3808 Dei,
945 3738 1026 3793 ibi
1075 3739 1204 3794 laus
1262 3738 1360 3794 Dei
1422 3741 1504 3794 fit.
1555 3741 1754 3796 Lauda
1805 3755 1942 3812 ergo

294 3825 552 3881 Ecclesia
628 3827 960 3894 Dominum,
1030 3830 1263 3896 quando
1332 3829 1570 3901 cmperit
1647 3830 1707 3884 in
1776 3829 1941 3884 illum

293 3915 526 3972 credere
607 3920 664 3972 et
731 3917 947 3973 habere
1033 3934 1256 3990 pacem,
1326 3923 1382 3973 et
1448 3919 1686 3990 cmperit
1748 3918 1944 3975 videre

295 4019 521 4076 pacem,
572 4005 681 4061 hoc
736 4011 846 4071 est,
891 4006 1215 4062 Jerualem
1264 4007 1548 4063 visionem
1601 4007 1782 4078 pacis.
1836 4007 1942 4071 Qui

296 4091 462 4164 prius
493 4109 654 4149 seras
687 4109 890 4150 servus
929 4093 1241 4164 idolorum,
1275 4095 1462 4150 factus
1494 4111 1556 4149 es
1587 4110 1788 4150 servus
1818 4093 1938 4149 Dei.

296 4181 494 4237 Lauda
524 4198 658 4254 ergo
686 4182 870 4238 Deum
901 4185 1092 4238 tuum.
1117 4183 1358 4248 Quando
1387 4199 1520 4238 vero
1549 4183 1793 4255 coeperis
1817 4185 1940 4254 jam

295 4269 513 4326 habere
551 4269 880 4336 scientiam,
913 4275 970 4326 et
1014 4287 1144 4328 esse
1193 4271 1450 4345 specula,
1483 4273 1590 4328 hoc
1635 4277 1725 4328 est
1753 4272 1888 4328 Sion
1927 4289 1940 4327 :

295 4357 474 4415 lauda
504 4358 844 4424 Dominum,
877 4359 986 4415 hoc
1019 4365 1130 4425 est.
1162 4365 1226 4417 tu
1275 4360 1471 4432 lauda,
1502 4361 1849 4425 Jerusalem,
1879 4366 1944 4416 tu

297 4447 474 4504 lauda
523 4447 708 4503 Sion:
743 4453 804 4503 tu
855 4448 1248 4505 ecclesiastica
1304 4450 1522 4514 anima,
1554 4455 1616 4505 tu
1664 4450 1940 4506 Ecclesia.

295 4535 422 4592 Non
455 4537 699 4593 laudent
727 4536 1001 4603 haeretici,
1036 4554 1151 4592 non
1203 4538 1444 4593 laudent
1474 4539 1810 4611 Synagogae,
1841 4541 1939 4593 sed

298 4629 361 4680 tu
392 4624 587 4680 lauda.
622 4625 808 4690 Quare
828 4627 855 4679 ‘2
885 4649 911 4674 «
947 4626 1231 4691 Quoniam
1262 4626 1608 4682 confortavit
1637 4643 1795 4682 seras
1817 4644 1946 4698 por-

2053 3473 2319 3528 doctrina
2349 3471 2543 3526 divina
2572 3473 2679 3525 est.
2704 3471 2764 3526 Si
2796 3471 3028 3543 quando
3056 3469 3211 3526 imus
3230 3471 3300 3525 ad
3334 3471 3698 3542 mysterium,

2053 3562 2154 3634 qui
2187 3559 2374 3616 fidelis
2416 3564 2526 3626 est,
2560 3559 2852 3632 intelligit,
2887 3559 2937 3615 si
2971 3559 3028 3613 in
3078 3557 3369 3615 maculam
3405 3559 3700 3628 ceciderit,

2055 3649 2437 3724 periclitatur.
2474 3648 2533 3704 Si
2585 3649 2819 3719 quando
2869 3648 3146 3704 audimus
3197 3663 3528 3704 sermonem
3578 3648 3679 3705 Dei

2053 3743 2110 3796 et
2152 3755 2344 3795 sermo
2376 3738 2494 3802 Dei,
2529 3742 2586 3794 et
2632 3755 2766 3794 caro
2816 3737 3052 3803 Christi,
3086 3741 3143 3791 et
3192 3737 3434 3810 sanguis
3483 3738 3612 3808 ejus
3641 3737 3700 3792 in

2054 3829 2296 3883 auribus
2328 3827 2546 3883 nostris
2576 3827 2865 3896 funditur,
2900 3830 2957 3881 et
3006 3834 3123 3880 aen
3155 3825 3314 3881 aliud
3349 3826 3700 3899 cogitamus,

2052 3918 2111 3973 in
2143 3919 2429 3987 quantum
2463 3915 2788 3988 periculum
2814 3914 3170 3970 incurrimus
3197 3914 3210 3967 ί
3240 3935 3267 3963 ‹‹
3297 3915 3565 3985 Etadipe
3585 3915 3702 3969 fru-

2054 4005 2232 4061 menti
2267 4003 2442 4059 satiat
2471 4009 2544 4059 te.
2569 4024 2596 4055 n
2632 4002 3068 4074 Pinguissimus
3101 4016 3292 4057 sermo
3324 4001 3557 4057 divinus
3587 4006 3695 4058 est.

2053 4095 2267 4151 Omnes
2302 4093 2478 4148 habet
2507 4092 2566 4146 in
2616 4109 2677 4147 se
2709 4091 2967 4146 delicias.
3001 4090 3292 4162 Quidquid
3326 4089 3597 4157 volueris,
3630 4108 3699 4146 ex

2053 4197 2322 4240 sermone
2343 4180 2540 4236 divino
2563 4179 2844 4250 nascitur,
2866 4179 3019 4234 sicut
3035 4177 3274 4234 tradunt
3302 4177 3486 4234 Judai
3512 4193 3532 4254 ς
3559 4195 3700 4251 quo-

2054 4273 2213 4327 niam
2257 4286 2474 4326 manna
2504 4269 2739 4341 quando
2787 4267 3190 4336 comedebant,
3226 4269 3551 4322 secundum
3599 4283 3698 4321 vo-

2053 4361 2340 4416 luntatem
2381 4358 2871 4429 uniuscujusque,
2905 4356 2989 4411 sic
3035 4355 3298 4424 sapiebat
3328 4355 3384 4410 in
3416 4371 3514 4411 ore
3545 4354 3696 4427 (Sap.

2051 4467 2166 4518 xvr,
2193 4451 2286 4514 20,
2316 4449 2428 4519 21).
2465 4453 2543 4502 Ac
2576 4447 2626 4501 si
2656 4446 2899 4501 dixisset
2923 4462 2936 4500 :
2959 4445 3067 4509 Qui
3091 4460 3308 4499 manna
3337 4443 3696 4513 comedebat,

2053 4539 2101 4594 si
2134 4537 2504 4593 desiderabat
2535 4534 2708 4600 mala,
2741 4535 2803 4587 si.
2825 4533 3040 4604 pirum,
3073 4533 3120 4586 si
3155 4549 3348 4597 uvam,
3383 4531 3431 4584 si
3462 4533 3698 4603 panem,

2053 4629 2101 4682 si
2133 4643 2356 4695 carnes,
2392 4625 2718 4679 secundum
2750 4621 3091 4693 qualitatem
3137 4626 3194 4675 et
3225 4621 3578 4676 voluntatem
3610 4638 3701 4677 co-

294 4717 492 4769 tarum
535 4718 794 4770 tuarum.
829 4737 858 4765 ››
902 4717 1094 4787 Ditigit
1136 4717 1400 4771 Dominus
1440 4721 1629 4788 portas
1659 4716 1810 4784 Sion,
1851 4734 1944 4772 su-
1976 4731 2022 4795 D
2053 4715 2365 4785 medentis,
2397 4713 2481 4769 ita
2527 4716 2584 4768 et
2633 4729 2806 4783 sapor
2861 4712 2921 4766 in
2974 4727 3191 4766 manna
3221 4715 3364 4766 erat.
3399 4710 3491 4765 Sic
3540 4715 3596 4766 et
3639 4711 3698 4764 in

296 4818 396 4874 per
453 4805 643 4860 omnia
702 4805 1057 4861 tabernacula
1123 4806 1282 4861 Iacob
1343 4805 1518 4876 (Psal.
1582 4823 1806 4872 Lxxxw,
1865 4809 1941 4877 2).

298 4882 501 4950 Portas
530 4892 666 4950 Sion
689 4894 947 4950 diximus
978 4893 1312 4967 prophetas.
1337 4895 1622 4960 Quoniam
1655 4913 1791 4969 ergo
1814 4913 1943 4968 por-

296 4984 360 5038 ta
389 4981 526 5039 Sion
568 4983 839 5040 novimus
871 4983 1186 5055 prophetas
1233 4983 1346 5038 dici
1404 5001 1417 5038 :
1468 4985 1772 5041 videamus
1819 5003 1944 5057 quae

299 5069 422 5126 sint
471 5088 610 5128 sera
659 5075 982 5144 portarum.
1033 5072 1190 5128 Versa
1247 5072 1400 5127 enim
1453 5073 1719 5130 Ecclesiae
1769 5081 1943 5147 portae

298 5159 595 5232 prophetae
641 5164 802 5217 sunt.
857 5161 995 5217 Sine
1023 5161 1321 5234 prophetis
1370 5160 1687 5218 Ecclesiam
1719 5164 1942 5236 ingredi

299 5265 416 5305 non
448 5265 786 5320 possumus.
822 5249 1178 5306 Manichacus
1199 5251 1414 5306 intrare
1441 5250 1628 5306 voluit
1658 5252 1784 5308 sine
1807 5270 1945 5324 por-

298 5337 398 5407 tis,
429 5343 490 5395 et
520 5355 635 5394 non
664 5338 1190 5396 intravit.Marcion
1240 5357 1356 5395 non
1386 5339 1592 5410 recipit
1623 5345 1804 5397 Vetus
1835 5343 1942 5398 'I‘e-

299 5431 684 5496 stamentum,
717 5431 776 5484 et
815 5428 942 5483 sine
987 5428 1172 5499 portis
1219 5428 1442 5484 Veteris
1492 5429 1850 5486 Testamenti
1881 5431 1939 5486 in

373 5571 556 5652 {‘Huc.
589 5569 739 5652 reter
767 5568 1248 5652 interpolatorum
1301 5570 1611 5652 Ignatianaa
1633 5573 1833 5652 _epist.
1867 5574 1938 5629 ad

297 5639 806 5714 Philadelphenos,
841 5639 940 5714 ubi
990 5657 1053 5696 se
1101 5641 1181 5695 ait
1224 5639 1532 5714 confugere
1580 5644 1653 5697 ad
1692 5639 1940 5714 Evange-

295 5712 443 5767 lium
475 5711 746 5785 ta-riquam
775 5711 853 5768 ad
881 5727 1123 5785 carnem,
1149 5714 1272 5768 Jesu
1303 5711 1523 5769 Christi.
1557 5714 1700 5770 Vide
1730 5720 1786 5771 et
1817 5711 1938 5770 Cle-

296 5788 480 5843 ment.
513 5784 791 5842 Alexand.
824 5784 1048 5855 Padag.
1082 5785 1125 5841 Ι.
1163 5802 1202 5850 1,
1231 5801 1282 5840 c.
1314 5788 1350 5840 6
1377 5805 1390 5854 ;
1424 5786 1731 5859 Origenem
1762 5786 1820 5843 in
1844 5793 1942 5844 Le-

2055 4821 2226 4862 carne
2277 4802 2514 4872 Christi,
2567 4800 2667 4873 qui
2718 4805 2808 4855 est
2855 4816 3047 4856 sermo
3091 4799 3388 4870 doctrinae,
3429 4799 3538 4855 hoc
3588 4803 3696 4865 est,

2057 4894 2490 4967 Scripturarum
2524 4895 2864 4948 sanctarum
2897 4889 3319 4962 interpretatio,
3355 4889 3509 4943 sicut
3537 4887 3700 4943 volu-

2058 5000 2209 5050 mus,
2242 4983 2323 5037 ita
2369 4985 2426 5037 et
2477 4980 2674 5036 cibum
2725 4980 3065 5051 accipimus.
3108 4978 3166 5034 Si
3216 4983 3455 5032 sanctus
3501 4991 3586 5042 es,
3618 4975 3702 5030 in-

2054 5071 2216 5128 venis
2248 5070 2639 5142 rel'rigerium.
2674 5070 2731 5124 Si
2765 5073 3032 5140 peccator
3078 5083 3160 5131 es,
3192 5064 3415 5120 invenis
3444 5067 3700 5119 tormen-

2056 5166 2205 5217 tum.
2239 5181 2267 5209 «
2304 5160 2373 5214 Et
2402 5159 2572 5231 adipe
2603 5157 2879 5213 frumenti
2931 5155 3104 5210 satiat
3135 5158 3208 5210 te.
3245 5175 3272 5201 ››
3304 5153 3428 5208 Non
3461 5153 3703 5208 dimittit

2055 5249 2311 5322 reliquas
2339 5247 2635 5319 reliquias.
2666 5243 2961 5300 Benedixit
2982 5243 3132 5298 filios
3154 5247 3286 5298 tuos
3316 5241 3376 5296 in
3394 5245 3469 5297 te.
3491 5244 3702 5306 «Quot-

2054 5343 2198 5410 quot
2228 5341 2424 5393 autem
2473 5338 2815 5406 receperunt
2862 5349 3019 5399 eum,
3053 5332 3212 5387 dedit
3240 5331 3326 5387 eis
3355 5334 3700 5402 potestatem

2055 5428 2206 5484 ﬁlios
2262 5426 2364 5483 Dei
2421 5425 2546 5480 ﬁeri
2603 5423 2780 5493 (Joan.
2817 5439 2856 5486 1,
2911 5422 3018 5492 12).
3076 5442 3098 5472 ι
3149 5419 3256 5487 Qui
3307 5419 3503 5492 posuit
3555 5420 3703 5476 fines

2048 5573 2202 5627 vitic.
2262 5570 2420 5626 hom.
2477 5567 2532 5621 7.
2590 5582 2639 5621 c.
2677 5567 2777 5631 10;
2810 5565 3018 5621 Euseb.
3055 5566 3096 5620 Ι.
3131 5580 3196 5620 lII
3227 5563 3469 5632 Theolog,
3501 5563 3699 5620 Eccles.

2051 5649 2253 5695 contra
2295 5638 2632 5694 Marcellum
2684 5642 3081 5706 Ancyranum.
3116 5636 3227 5689 Alii
3282 5635 3414 5688 libri
3464 5633 3700 5704 habent,

2051 5729 2244 5786 corpus
2277 5711 2497 5777 Christi,
2533 5725 2638 5781 pro
2667 5710 2811 5764 Jesu.
