4244 6634
311 491 464 568 I337

1469 489 1964 559 BREVIARIUM
2009 488 2088 558 ιΝ
2129 487 2517 556 PSALMOS.

3565 473 3732 538 £888

313 627 496 699 (Deut.
531 641 608 697 ιν,
640 625 753 698 34).
785 623 1012 699 Siergo
1055 623 1210 682 Deus
1252 629 1450 686 noster
1500 625 1654 699 ignis
1686 631 1775 688 est
1809 643 1822 686 :
1858 643 1961 700 pro
1991 624 2040 692 Α
2074 625 2133 680 in
2153 621 2424 698 praesenti
2440 620 2782 692 saeculo,sed~
2798 619 2854 676 in
2872 611 3722 679 futuro.«LaudateDominum’

311 720 512 791 pterea
531 716 685 792 ignis
707 720 813 784 est,
831 720 896 771 ut
915 715 1104 789 frigus
1127 715 1344 774 diaboli
1365 716 1576 790 ejiciat.
1601 718 1812 791 Aquilo
1831 735 1965 776 ven-

311 812 408 864 tus
450 805 895 879 frigidissimus,
925 804 1162 877 nomine
1209 809 1405 864 autem
1453 811 1660 864 Dexter
1703 813 1961 866 vocatur.

318 895 570 954 Pulchre
617 895 782 962 dixit,
831 899 1086 950 vocatur.
1136 896 1476 968 Assumpsit
1520 897 1678 956 enim
1717 897 1829 954 sibi
1863 914 1966 954 no-

314 1001 472 1051 men,
523 1001 660 1060 cum
707 982 949 1042 sinister
977 983 1071 1038 sit.
1106 983 1164 1039 Si
1197 984 1369 1055 cujus
1397 1000 1536 1058 ergo
1573 985 1776 1042 anima
1791 985 1966 1043 refri-

313 1074 484 1141 xerit,
517 1077 584 1128 ut
611 1071 820 1145 Aquilo
863 1077 1070 1129 ventus
1116 1071 1538 1146 frigidissimus
1581 1079 1690 1132 est.
1725 1075 1966 1141 Quando

316 1167 515 1220 autem
546 1163 704 1220 calor
734 1161 1035 1220 charitatis
1065 1161 1125 1217 in
1157 1163 1328 1219 corde
1367 1167 1564 1224 nostro
1612 1164 1968 1236 refrigescit?

314 1252 372 1308 Si
407 1251 750 1325 peccaverit,
783 1249 833 1306 si
864 1249 1170 1319 refrixerit,
1222 1251 1271 1308 si
1323 1256 1590 1310 mortuus
1640 1252 1830 1310 fuerit.
1875 1253 1964 1310 Di-

319 1341 571 1420 ligenter
623 1339 903 1399 attendite
931 1356 1058 1412 quae
1090 1340 1219 1396 dico
1252 1356 1265 1396 :
1299 1341 1364 1396 Si
1391 1341 1693 1410 refrixerit,
1727 1342 1778 1398 si
1808 1358 1968 1398 mor-

316 1437 458 1488 tuus
507 1429 702 1486 fuerit.
755 1429 1148 1501 Befrigeecere
1194 1434 1388 1486 autem
1440 1436 1803 1488 mortuorum
1857 1437 1967 1499 est,

320 1519 506 1577 calere
533 1517 877 1574 viventium.
932 1518 989 1576 Si
1030 1518 1164 1590 quis
1213 1535 1348 1592 ergo
1398 1520 1706 1587 refrixerit,
1735 1526 1792 1578 et
1822 1537 1972 1577 mor-

318 1613 460 1665 tuus
491 1607 682 1677 fuerit,
718 1607 910 1663 mittet
938 1607 1093 1664 Deus
1120 1608 1364 1672 verbum
1397 1625 1595 1677 suum,
1628 1614 1686 1666 et
1722 1609 1971 1682 liquefa-

321 1697 436 1755 ciet
465 1713 622 1754 eum.
656 1696 944 1754 Dominus
983 1701 1215 1769 praestet
1261 1701 1324 1752 ut
1366 1702 1423 1753 et
1473 1702 1741 1756 nostrum
1787 1699 1973 1772 frigus

321 1786 606 1859 liquetlat,
659 1789 726 1840 ut
780 1785 1120 1858 crystallum
1171 1786 1316 1842 illud
1367 1787 1644 1859 solvatur,
1695 1791 1753 1844 et
1798 1787 1975 1844 molle

320 1877 442 1932 ﬁat.
482 1898 503 1925 ι
540 1875 783 1934 Emittet
812 1875 1058 1932 verbum
1089 1893 1288 1944 suum,
1340 1881 1397 1934 et
1444 1876 1777 1948 liquefaciet
1822 1895 1908 1934 ea.
1943 1901 1970 1928 «

321 1968 404 2020 Da
433 1963 577 2018 mihi
611 1966 1181 2037 peccatoremquem
1213 1965 1499 2024 Dominus
1541 1983 1656 2022 non
1688 1966 1927 2039 respicit
1959 1983 1973 2022 :

321 2068 437 2107 non
469 2050 986 2122 habere'calorem,
1021 2053 1122 2108 sed
1155 2056 1343 2109 totum
1395 2071 1527 2112 esse
1574 2054 1876 2127 frigidum,
1922 2059 1979 2112 et

321 2143 644 2196 mortuum.
676 2140 734 2195 Si
767 2140 838 2196 ad
879 2157 1210 2197 sermonem
1263 2142 1364 2198 Dei
1415 2148 1806 2216 compunctus
1856 2145 1978 2200 fue-

323 2229 420 2296 rit,
478 2232 536 2292 et
591 2228 832 2301 casperit
889 2245 1067 2302 agere
1125 2231 1552 2303 paenitentiam,
1610 2237 1666 2288 et
1730 2233 1979 2290 durissi—

324 2334 488 2374 mum
521 2334 622 2373 cor
649 2317 818 2374 illius
844 2318 1178 2376 emollitum
1209 2320 1406 2386 fuerit,
1438 2337 1504 2377 eo
1535 2326 1800 2394 tempore
1823 2339 1980 2378 com-

323 2405 517 2480 pletur
567 2425 644 2464 :«
690 2407 931 2465 Emittet
984 2409 1226 2466 verbum
1282 2425 1482 2477 suum,
1539 2415 1596 2468 et
1651 2410 1986 2482 liquefaciet

327 2495 718 2567 eas,»Emittit
738 2500 908 2577 Pater
927 2496 1216 2554 :Verbum
1232 2499 1488 2555 mittitur
1508 2515 1519 2554 :
1541 2500 1712 2572 ungit
1733 2499 1987 2572 Spiritus

327 2588 592 2642 sanctus.
618 2608 646 2634 α
682 2584 868 2641 Flevit
899 2586 1147 2658 spiritus
1177 2588 1338 2658 ejus;
1373 2610 1402 2637 ››
1433 2588 1643 2660 spiritu
1674 2589 1982 2645 ferventes.

327 2673 536 2744 Frigus
573 2690 689 2729 non
728 2671 1055 2745 expellitur,
1105 2675 1221 2732 nisi
1277 2675 1472 2732 calore
1494 2677 1746 2749 Spiritus
1777 2677 1984 2733 sancti.

325 2762 434 2818 Ubi
465 2765 606 2820 sunt
633 2762 1009 2831 Eunomiani,
1045 2763 1145 2819 ubi
1173 2764 1394 2832 Ariani,
1431 2763 1530 2824 ubi
1563 2765 1986 2833 Macedoniani,

327 2850 430 2923 qui
461 2851 666 2906 dicunt
695 2850 985 2922 Spiritum
1019 2855 1289 2910 sanctum
1346 2871 1465 2910 non
1515 2855 1812 2910 numerari
1855 2870 1990 2910 cum

325 2940 497 2998 Patre
519 2944 576 2995 et
600 2939 746 2998 Filio
764 2940 792 2994 ?
822 2940 980 3000 Deus
1001 2942 1170 3000 Pater
1192 2942 1370 2998 mittit
1393 2961 1405 2998 :
1431 2943 1693 3000 Verbum
1714 2944 1988 3010 mittitur,

328 3031 386 3084 et
435 3032 634 3084 tamen
693 3027 866 3100 plena
921 3029 1148 3088 sanitas
1206 3046 1319 3087 non
1391 3035 1499 3103 est,
1564 3032 1678 3090 nisi
1734 3032 1996 3104 Spiritus

330 3120 576 3178 sanctus
623 3116 868 3187 flaverit.
900 3141 928 3167 ‹‹
976 3117 1160 3183 Flevit
1205 3120 1460 3192 spiritus
1506 3122 1995 3192 ejus,,et.l1uent

329 3221 514 3277 aquae.
549 3226 577 3253 »
613 3205 792 3276 Aque:
825 3221 954 3276 quis
984 3208 1310 3264 anteduras
1347 3213 1542 3276 erant,
1575 3208 1779 3267 molles
1828 3211 1988 3266 ﬁent.

328 3292 439 3357 Qui
472 3295 614 3346 ante.
648 3291 943 3365 justitiam
996 3293 1199 3350 audire
1246 3295 1334 3350 vel
1385 3297 1526 3352 dare
1576 3313 1696 3352 non
1741 3301 1992 3369 poterat,

329 3381 440 3448 iste
493 3364 662 3440 nunc
703 3381 1033 3454 discipulus
1087 3386 1197 3439 eet.
1243 3383 1533 3446 Quoniam
1583 3364 1776 3446 autem
1810 3385 1998 3442 multa
2025 3364 2080 3434 (ἶ

330 3470 508 3533 locuti
542 3486 773 3540 sumus,
807 3473 864 3526 ct
893 3487 1021 3542 quae
1054 3476 1412 3543 sequuntur,
1464 3473 1962 3532 manifestasunt.

331 3575 573 3616 oremus
602 3559 945 3630 Dominum,
973 3563 1039 3616 ut
1069 3564 1270 3628 nostra
1315 3561 1534 3618 duritia
1581 3562 1910 3628 mollescat,
1942 3562 2002 3618 et

332 3652 536 3722 nostra
553 3651 796 3720 peccata
813 3653 1237 3721 purgentur,ut
1259 3651 1594 3708 efﬁciamur
1615 3651 1787 3723 quasi
1808 3650 1963 3722 ignis
1982 3648 1997 3689 ί

332 3740 399 3792 ut
431 3740 488 3796 et
521 3736 710 3810 frigus
738 3737 982 3805 diaboli,
1014 3739 1430 3812 quodcumque
1475 3744 1584 3807 est,
1633 3741 1692 3798 in
1727 3740 2002 3797 cordibus

329 3825 580 3904 nostris,
597 3825 948 3898 expellatur,
976 3832 1034 3882 et
1063 3826 1364 3888 caleamus
1395 3829 1618 3901 Spiritu
1650 3833 1871 3886 sancto.
1902 3831 2002 3886 Est

331 3914 555 3989 quippe
575 3919 633 3969 et
663 3914 854 3971 malus
885 3915 1065 3974 calor.
1097 3920 1323 3975 Omnes
1348 3917 1772 3985 adulterantes,
1821 3919 2000 3990 quasi

321 4001 607 4060 clibanus
635 4003 815 4058 corda
841 4019 1042 4068 eorum
1077 4008 1244 4074 (Osee
1269 4023 1367 4074 vn,
1400 4007 1470 4076 4).
1505 4007 1616 4064 Sed
1672 4005 1778 4062 ille
1818 4006 1998 4065 calor.

331 4088 527 4150 calore
561 4091 822 4163 Spiritus
852 4091 1041 4150 sancti
1082 4093 1410 4165 expellitur.
1445 4095 1548 4150 Cui
1581 4095 1664 4151 sit.
1697 4093 1885 4167 gloria
1935 4095 1996 4151 in

332 4177 548 4245 saecula
577 4177 956 4238 seculorum.
987 4182 1188 4238 Amen.

837 4268 1174 4330 PSALMUS
1211 4271 1491 4330 CXLVIII.

331 4337 599 4424 Alleluia;
643 4336 842 4424 A‘gg‘am:
882 4347 940 4420 et
975 4341 1303 4424 __Z_achariag.
1374 4341 1826 4424 Iste-psalmus
1878 4343 2000 4408 duo.

404 4407 643 4484 alleluia
673 4405 851 4484 habet
879 4409 939 4484 in
970 4411 1162 4484 titulo,
1181 4419 1238 4469 et
1265 4413 1374 4469 hoc
1405 4405 1574 4470 multi
1602 4418 1830 4484 putant,
1855 4405 1995 4484 quo-

406 4479 566 4562 niam
592 4479 655 4535 in
686 4479 859 4562 titqu
891 4481 1009 4538 sint
1029 4479 1475 4562 psalmippsita.
1500 4479 1657 4562 scire
1679 4479 1993 4562 autem-de-

393 4553 646 4636 bentes,
667 4553 1172 4636 quoniamunnm‘
1188 4553 1424 4636 alleluia
1442 4556 1518 4636 de
1537 4556 1650 4612 fine
1676 4555 1992 4636 superioris

407 4623 627 4700 psalmi
671 4627 760 4700 est
811 4641 852 4700 :_
883 4624 1044 4700 aliud
1101 4625 1339 4700 alleluia
1393 4627 1625 4700 initium
1687 4623 1990 4700 sequentis

407 4693 1060 4798 ἓῗῖῐξξιῃίβθεέζωξξηξξρηο
1095 4697 1357 4798 regulam1
1399 4699 1683 4781 debemus
1729 4693 1992 4782 accipere
2023 4733 2072 4798 Β

391 4763 468 4822 ct
497 4763 668 4834 scire,
699 4766 978 4890 quoniam
1010 4763 1214 4849 omnes
1234 4768 1446 4842 psalmi
1473 4769 1572 4841 qui
1609 4769 1666 4825 in

410 4836 628 4890 habent
656 4836 710 4890 al
741 4838 912 4890 elusa.
943 4843 1000 4890 ei:
1031 4855 1111 4890 in.
1144 4838 1260 4890 ﬁne
1289 4839 1563 4890 habeant.
1599 4841 1666 4890 Mi

656 4836 912 4920 alleluia,
943 4843 1008 4920 et
1022 4839 1122 4920 in,
1144 4836 1260 4897 ﬁne
1289 4836 1563 4920 habeant.
1581 4836 1766 4920 Multi
1790 4836 1988 4920 autem

489 4911 621 4968 ωε
640 4910 926 4991 quoniam
958 4910 1202 4991 alterius
1223 4912 1454 4991 psalmi
1507 4912 1858 4991 principium
1879 4914 1992 4991 sit.

459 4984 660 5063 quiest
686 4981 796 5063 ita,
974 4981 1071 5063 ille
1112 4981 1402 5063 psalmus;
1434 4981 1535 5063 qui
1585 4985 1644 5063 in
1699 4981 1999 5063 principio

401 5050 582 5134 habet
657 5049 950 5134 alleluiam
971 5049 1128 5134 ipse
1152 5060 1248 5134 et‘
1278 5057 1338 5114 in
1370 5049 1490 5112 line
1516 5049 1722 5134 habet:
1744 5058 1861 5114 Hoc
1880 5049 1997 5134 ξιο-

417 5129 543 5200 tum
573 5138 755 5200 quare
787 5123 1282 5200 dixi?‘Ut_sciatis
1315 5144 1493 5198 quare
1525 5129 1583 5182 in
1629 5129 1738 5184 isto
1771 5127 1999 5200 psalmo

417 5138 543 5192 tum
617 5138 755 5178 uere
787 5138 1055 5186 uixl'r‘Ut
1085 5138 1282 5182 SOlatlS

413 5194 534 5251 duo
560 5138 794 5250 aiiieluia
823 5197 1136 5269 preposita
1163 5198 1300 5254 sint.

417 5302 444 5332 π
475 5282 739 5339 Laudate
763 5282 1080 5342 Dominum
1130 5287 1202 5343 de
1248 5286 1408 5344 cmlis
1439 5302 1451 5344 :
1487 5287 1721 5343 laudate
1769 5304 1906 5344 eum
1939 5287 1998 5344 in

339 5372 602 5432 excelsis.
633 5374 720 5430 Ad
751 5373 988 5431 laudem
1015 5373 1139 5449 Dei,
1168 5375 1294 5435 sola
1321 5377 1628 5442 hominum
1649 5382 1861 5434 natura
1882 5393 1998 5434 non

343 5461 581 5531 sufﬁcit“,
607 5463 942 5536 junguntur
967 5465 1024 5519 et
1048 5464 1196 5521 coeli.
1222 5488 1250 5516 «
1291 5466 1550 5523 Laudate
1581 5465 1897 5521 Dominum
1929 5464 1999 5520 de

347 5549 527 5607 ccelis.
564 5571 590 5598 »
621 5550 948 5620 Neridixi't,
981 5551 1236 5625 laudate,
1268 5551 1428 5624 cccli;
1469 5554 1569 5611 sed
1619 5571 1720 5609 vos
1766 5553 2002 5608 laudate

349 5638 454 5711 qui
480 5639 633 5696 estis
654 5639 714 5694 in
739 5638 927 5709 'cmlis,
959 5639 1070 5696 hoc
1099 5644 1209 5712 est,
1243 5644 1342 5716 qui
1383 5642 1662 5700 habitatis
1711 5643 1770 5698 in
1817 5641 1997 5706 caelis,

350 5727 568 5794 throni,
597 5727 1060 5799 dominationes,
1113 5733 1448 5806 potestates,
1499 5731 1816 5806 seraphim,
1866 5731 1999 5788 che-

352 5817 631 5885 rubim,et
659 5821 1072 5878 omne'nomen
1106 5821 1261 5899 quod
1301 5824 1780 5895 nominatur,non
1808 5816 1999 5880 solum

1742 4771 1990 4843 tineipio

2072 715 2145 771 de
2175 712 2353 770 caelis.
2389 733 2414 765 ιι
2451 711 2558 778 Qui
2589 711 2732 770 estis
2759 711 2820 767 in
2849 707 3029 774 caelis,
3062 706 3168 780 qui
3191 706 3334 763 estis
3362 705 3423 761 in
3450 702 3715 770 excelsis,

2074 805 2342 861 claudate
2369 819 2504 859 eum
2535 802 2594 858 in
2629 800 2891 860 excelsis.
2921 822 2949 852 ››
2984 796 3227 864 Excelsi,
3259 796 3492 852 laudate
3524 791 3716 850 Excel-

2076 913 2231 952 sum.
2264 896 2390 951 Non
2423 892 2570 948 dixit
2598 890 2928 948 humilibus
2956 894 3014 944 et
3040 890 3314 945 deorsum
3345 884 3572 958 positis,
3595 883 3722 938 lau-

2076 985 2254 1042 date:
2291 984 2393 1040 sed
2421 999 2525 1038 vos
2555 982 2656 1055 qui
2689 981 2747 1037 in
2779 979 3022 1037 sublimi
3055 978 3216 1035 estis.

2147 1091 2404 1148 Laudate
2433 1107 2592 1159 eum,
2624 1104 2830 1145 omnes
2861 1085 3049 1160 angeli
3083 1085 3230 1156 ejus.
3258 1105 3284 1132 η
3313 1081 3489 1137 Vides
3513 1081 3574 1135 in
3605 1095 3721 1152 quo

2076 1181 2260 1254 gradu
2320 1183 2460 1236 sunt
2515 1175 2750 1250 angeli?
2817 1176 3081 1232 Primum
3151 1171 3348 1229 throni
3422 1169 3718 1225 dicuntur.

2077 1269 2316 1339 Throni,
2342 1269 2529 1325 sedes.
2562 1268 2687 1324 Non
2710 1271 2984 1339 putemus
3008 1255 3316 1319 caﬁiedras
3337 1258 3560 1327 esse,in
3593 1257 3723 1332 qui-

2077 1361 2190 1417 bus
2211 1360 2365 1416 Deus
2386 1359 2615 1414 sedeat:
2642 1358 2741 1412 sed
2763 1355 3007 1410 virtutes
3029 1351 3258 1423 aliquas
3279 1351 3339 1406 in
3365 1347 3724 1412 coelestibus,

2079 1449 2136 1504 in
2153 1449 2369 1521 quibus
2381 1447 2536 1504 Deus
2551 1447 2752 1502 sedeat
2767 1441 3194 1517 semper,quasi
3217 1439 3276 1496 in
3293 1436 3576 1512 quadriga
3597 1452 3725 1492 sua.

2080 1539 2374 1595 «Laudate
2393 1551 2760 1603 eum,omnes
2783 1531 2974 1606 angeli
2997 1532 3178 1603 ejus.»
3203 1528 3308 1595 Qui
3341 1525 3587 1600 angelus
3617 1529 3728 1594 est“,

2080 1625 2416 1698 laudat:qui
2432 1626 2660 1681 daemon
2683 1628 2790 1694 est,
2813 1622 3053 1679 laudare
3074 1637 3189 1676 non
3213 1615 3738 1700 potest.«Laudate‘

2083 1732 2450 1787 eum,omnes
2478 1713 2720 1770 virtutes
2745 1713 2893 1784 ejus.
2931 1733 2959 1760 »
2989 1710 3134 1775 Quia
3160 1709 3231 1765 ad
3263 1708 3467 1764 laudes
3494 1701 3597 1762 Dei
3629 1719 3732 1759 an-

2083 1806 2244 1879 gelos
2276 1804 2741 1878 provocavimus,
2777 1806 2834 1858 et
2863 1802 3037 1858 homo
3068 1803 3412 1855 cunctarum
3449 1794 3733 1854 virtutum

2085 1911 2298 1952 nomen
2331 1895 2478 1950 scire
2523 1910 2639 1949 non
2689 1894 2898 1964 potest,
2933 1887 3281 1963 generaliter
3311 1885 3438 1941 dico
3472 1900 3486 1940 :
3521 1905 3550 1933 «
3583 1883 3734 1939 Lau-

2010 1985 2218 2082 B'date
2263 1999 2423 2051 eum,
2453 1997 2659 2038 omnes
2702 1981 2948 2036 virtutes
2996 1979 3144 2050 ejus.
3181 1999 3209 2026 ››
3245 1977 3408 2030 Hunc
3445 1988 3635 2044 usque
3664 1969 3735 2026 de

2091 2075 2100 2085 ι
2189 2074 2200 2085 ο
2242 2073 2275 2085 ο.
2305 2073 2380 2085 ηι-
2576 2071 2599 2085 ο
2714 2071 2729 2085 ς
2779 2074 2789 2085 ι
3051 2084 3056 2085 ,
3103 2067 3135 2085 Α
3203 2065 3335 2085 --1:_
3383 2059 3711 2085 2..--2-2L2vl-_

2087 2073 2497 2130 invisibilibus.
2525 2071 2830 2127 nLaudate
2859 2085 2994 2124 eum
3039 2067 3139 2139 qui
3196 2065 3337 2121 estis
3383 2059 3738 2118 invisibiles.

2089 2165 2153 2218 In
2183 2161 2440 2218 visibilis
2477 2161 2774 2216 humanus
2841 2156 3046 2214 oculus
3086 2172 3201 2212 non
3243 2157 3433 2225 potest
3493 2149 3742 2206 intueri.

2094 2252 2260 2308 Nunc
2288 2246 2446 2307 venit
2475 2249 2546 2306 ad
2588 2252 2887 2304 creaturas
2919 2261 3066 2318 quas
3096 2243 3282 2301 oculis
3311 2241 3630 2298 cernimus;

2167 2384 2194 2410 «
2229 2359 2486 2415 Laudate
2514 2373 2670 2427 eum,
2704 2354 2791 2411 sol
2820 2359 2877 2410 et
2904 2354 3067 2410 luna.
3100 2373 3128 2403 »
3160 2350 3389 2414 Videte,
3442 2345 3692 2422 gentiles
3726 2361 3738 2400 :

2091 2449 2301 2514 videte,
2359 2435 2686 2506 Manichaei.
2745 2443 2843 2500 Sol
2915 2441 3137 2510 laudat,
3197 2456 3314 2495 non
3374 2436 3668 2499 Laudatur
3728 2451 3740 2489 :

2095 2559 2124 2588 ‹‹
2156 2536 2413 2592 Laudate
2458 2551 2616 2610 eum,
2667 2531 2752 2589 sol
2804 2535 2862 2587 et
2907 2530 3065 2586 luna.
3115 2548 3142 2580 ιι
3199 2531 3315 2582 Vos
3354 2525 3537 2583 solem
3569 2524 3744 2580 deum

2097 2625 2312 2681 dicitis.
2343 2624 2485 2680 Ecce
2517 2626 2649 2696 post
2678 2625 2901 2694 quanta
2932 2618 3152 2676 laudat.
3189 2639 3216 2667 ‹‹
3249 2615 3509 2678 Laudate
3550 2611 3746 2672 Domi-

2098 2731 2240 2770 num
2272 2714 2343 2769 de
2373 2711 2823 2780 ccelis;1audate
2873 2725 3008 2767 eum
3059 2709 3118 2763 in
3167 2704 3431 2762 excelsis.
3487 2702 3745 2761 Laudate

2100 2819 2260 2869 eum,
2310 2817 2517 2858 omnes
2546 2799 2734 2874 angeli
2765 2800 2914 2870 ejus.
2950 2797 3206 2854 Laudate
3232 2811 3387 2863 eum,
3412 2807 3616 2868 omnes
3639 2791 3757 2847 vir-.

2101 2897 2256 2950 tutes
2286 2893 2433 2964 ejus.
2467 2913 2495 2942 ››
2532 2895 2683 2946 Deus
2712 2891 2904 2948 vester
2950 2887 3005 2942 in
3050 2885 3254 2958 quinto
3286 2883 3474 2964 gradu
3505 2880 3769 2952 laudans.

2103 2963 2363 3054 ponitur.
2398 3003 2426 3030 «
2460 2980 2718 3037 Laudate
2765 2995 2922 3045 eum,
2955 2976 3044 3034 sol
3074 2979 3130 3032 et
3156 2974 3321 3030 luna.
3354 2995 3384 3022 »
3416 2969 3559 3054 Non
3587 2963 3757 3038 dixit,

2100 3053 2241 3128 luna
2270 3073 2328 3125 et
2358 3069 2488 3126 sol:
2524 3069 2646 3133 sed,
2689 3069 2770 3123 ,ςοι
2811 3071 2861 3122 et
2911 3069 3070 3122 (una.
3102 3063 3265 3130 Quod
3311 3061 3507 3133 majus
3553 3053 3614 3115 in
3664 3057 3753 3113 lu-

2102 3159 2260 3215 mine
2291 3164 2402 3226 est,
2433 3148 2598 3230 prius
2628 3157 2846 3213 laudat.
2880 3155 3085 3211 Videte
3124 3153 3389 3211 ordinem
3437 3143 3758 3232 visibilium

2106 3269 2134 3296 «
2163 3248 2421 3303 Laudate
2451 3247 2629 3313 enim,
2663 3245 2779 3312 sol;
2816 3269 2837 3298 υ
2877 3251 3007 3316 post
3035 3240 3250 3312 solem,
3276 3239 3458 3307 luna;
3494 3241 3625 3310 post
3666 3235 3756 3292 lu-

2106 3351 2266 3400 nam,
2298 3358 2324 3385 ‹‹
2359 3351 2564 3392 omnes
2608 3331 2808 3389 stellae.
2862 3353 2890 3381 »
2942 3332 3066 3386 Non
3099 3331 3329 3386 tantum
3367 3326 3611 3393 lucifer;
3645 3341 3762 3380 non

2111 3427 2340 3481 tantum
2373 3424 2624 3495 majores
2652 3420 2962 3487 stellae,sed
2996 3419 3252 3476 minores
3284 3413 3500 3489 pariter
3521 3413 3766 3478 laudent

2110 3511 2446 3569 Dominum.
2489 3510 2653 3566 Dicat
2707 3508 2921 3582 aliquis
2976 3525 2989 3563 :
3040 3506 3343 3573 Quomodo
3371 3503 3478 3570 sol,
3513 3506 3570 3558 et
3597 3501 3764 3569 luna,

2110 3603 2166 3657 et
2197 3600 2374 3658 stellae
2418 3601 2686 3658 laudant
2709 3598 2933 3654 Deum?
2963 3598 3024 3652 In
3073 3613 3138 3652 eo
3182 3595 3339 3668 quod
3371 3610 3405 3650 a
3434 3610 3538 3664 suo
3571 3589 3760 3654 ofﬁcio

2110 3694 2168 3746 et
2198 3689 2430 3752 servitio
2461 3707 2578 3746 non
2610 3688 2908 3764 recedunt.
2944 3685 3260 3743 Servitium
3315 3682 3602 3758 ipsorum,
3632 3679 3766 3744 laus

2109 3780 2204 3835 Dei
2240 3782 2345 3834 est.
2381 3777 2672 3852 Grandem
2703 3777 2983 3832 honorem
3013 3774 3217 3841 habes,
3250 3773 3510 3830 humana
3535 3770 3751 3835 anima.

2109 3869 2227 3938 Sol,
2259 3871 2318 3924 et
2347 3866 2507 3934 luna,
2537 3872 2594 3925 et
2624 3866 2803 3922 stellae
2848 3882 2950 3938 pro
2999 3869 3056 3920 te
3108 3866 3370 3929 currunt,
3404 3879 3512 3936 pro
3547 3865 3606 3920 te
3636 3877 3754 3920 ser-

2107 3957 2294 4012 viunt.
2328 3955 2554 4029 Angeli,
2605 3955 2843 4020 Throni,
2889 3951 3324 4010 Dominationes
3373 3942 3490 4008 non
3537 3947 3757 4012 habent

2108 4045 2290 4102 solem
2326 4043 2744 4110 necessarium,
2768 4059 2884 4098 non
2927 4041 3150 4107 lunam,
3175 4056 3294 4096 non
3317 4037 3537 4098 stellas.
3569 4041 3758 4108 Super

2106 4132 2288 4190 solem
2319 4131 2476 4188 enim
2499 4136 2556 4188 et
2582 4131 2784 4188 lunam
2819 4133 2959 4186 sunt
2990 4129 3048 4184 in
3082 4127 3436 4194 coelestibus.
3467 4124 3562 4189 Sol
3597 4115 3757 4190 enim

2105 4225 2162 4278 et
2184 4221 2346 4289 luna,
2368 4227 2424 4278 et
2455 4219 2634 4276 stella:
2665 4224 2900 4293 propter
2928 4236 3036 4276 nos
3067 4222 3206 4284 sunt
3238 4236 3250 4273 :
3285 4216 3454 4274 nobis
3475 4215 3753 4278 serviunt.

2105 4309 2257 4368 Dicit
2286 4315 2343 4366 et
2371 4309 2728 4382 Apostolus:
2771 4309 2928 4380 quod
2975 4307 3105 4380 ipsa
3152 4310 3416 4368 creatura
3459 4296 3756 4386 congemi-

2105 4399 2233 4467 scit,
2268 4404 2324 4455 et
2354 4397 2609 4471 parturit
2637 4397 2696 4452 in
2727 4395 3071 4456 liberatione
3115 4411 3414 4454 servorum
3445 4391 3546 4458 Dei
3580 4392 3754 4464 (Rom.

2102 4505 2226 4557 vm,
2258 4488 2372 4558 2'2).
2403 4487 2646 4551 Quando
2702 4492 2901 4542 autem
2932 4484 3037 4550 filii
3066 4483 3170 4544 Dei
3197 4483 3486 4556 assumpti
3519 4480 3772 4548 fuerint,

2103 4583 2162 4634 et
2207 4577 2340 4650 ipsa
2386 4580 2658 4632 creatura
2699 4574 2773 4631 de
2819 4575 2929 4631 hoc
2979 4572 3211 4646 servitio
3259 4572 3560 4634 liberatur.
3592 4571 3760 4630 Dicat

2107 4665 2321 4739 aliquis
2356 4681 2367 4720 :
2407 4665 2707 4728 Quomodo
2757 4662 2844 4719 sol
2890 4662 3083 4725 servit.
3139 4665 3194 4719 et
3238 4661 3559 4722 liberatur?
3603 4662 3760 4740 Quo-

2103 4755 2276 4811 modo
2311 4753 2496 4810 luna?
2526 4753 2827 4818 Quomodo
2859 4750 3039 4808 stellae
3068 4751 3432 4810 liberentur?
3463 4750 3575 4812 Sed
3612 4750 3764 4808 libe-

2107 4847 2287 4909 ratur,
2323 4859 2395 4898 ne
2426 4843 2665 4898 Judaeos.
2712 4841 2904 4899 videat
2955 4859 2965 4896 :
3020 4858 3125 4899 nec
3168 4841 3440 4914 gentiles,
3471 4856 3574 4898 nec
3605 4837 3757 4901 blas-

2106 4932 2453 5006 phemantes
2484 4929 2801 4990 Dominum
2832 4948 3029 4987 suum.
3065 4931 3237 4987 Videt
3284 4929 3624 5002 parricidas,
3658 4943 3761 4983 ve-

2110 5023 2209 5077 det
2253 5019 2608 5087 homicidas,
2641 5025 2698 5076 et
2733 5025 2932 5086 tamen
2972 5019 3147 5076 servit
3195 5017 3439 5091 imperio
3485 5018 3612 5088 ejus
3661 5015 3762 5090 qui

2100 5107 2302 5180 jussit.
2337 5107 2538 5174 Solem
2573 5107 2730 5164 enim
2760 5124 2934 5164 suum
2958 5105 3095 5160 oriri
3129 5103 3461 5176 facitsuper
3480 5102 3676 5173 justos
3707 5107 3766 5160 et

2109 5196 2324 5270 impios
2359 5196 2569 5268 (Matth.
2601 5215 2656 5263 v,
2690 5197 2798 5267 45).
2825 5219 2851 5245 ‹‹
2887 5195 3142 5250 Laudate
3170 5210 3326 5261 eum,
3359 5208 3562 5250 omnes
3582 5184 3762 5249 stellae

2109 5291 2165 5342 et
2215 5285 2436 5342 lumen.
2474 5308 2501 5335 ι»
2545 5285 2709 5340 Dicat
2755 5283 2998 5354 aliquis;
3048 5281 3208 5347 Quod
3257 5285 3347 5339 est
3389 5280 3592 5343 lumen,
3636 5277 3788 5342 sine,

2111 5373 2254 5443 sole,
2288 5373 2412 5431 sine
2445 5372 2655 5440 stellis,
2682 5372 2807 5428 sine
2835 5371 3015 5428 luna?
3043 5371 3241 5438 Dicere
3272 5387 3588 5444 possumus
3610 5369 3762 5432 inter

2111 5469 2340 5522 noctem
2371 5467 2427 5526 et
2455 5461 2632 5528 diem,
2664 5460 2760 5516 vel.
2806 5461 2957 5516 inter
3008 5461 3162 5516 diem
3215 5466 3272 5516 et
3316 5464 3568 5526 noctem,
3603 5447 3766 5530 quod

2128 5553 2349 5625 absque
2379 5550 2500 5608 sole
2531 5550 2720 5610 lucet:
2748 5549 2885 5609 licet
2913 5549 3085 5606 multi
3117 5554 3322 5620 putent
3353 5548 3546 5621 ipsum
3578 5545 3770 5621 splen-

2110 5642 2309 5698 dorem
2363 5639 2505 5695 solis
2553 5655 2701 5695 esse.
2750 5637 3027 5694 Dicitur:
3062 5660 3090 5688 «
3144 5639 3400 5694 Laudate
3447 5653 3610 5705 eum,
3644 5652 3769 5692 om-

2112 5747 2214 5788 nes
2243 5729 2419 5787 stellae
2450 5733 2507 5787 et
2536 5728 2756 5786 lumen.
2793 5751 2820 5777 ››
2854 5728 2922 5785 Ut
2955 5727 3246 5800 quomodo
3278 5728 3349 5784 de
3377 5725 3795 5792 invisibilibus,

2112 5820 2353 5892 dixerat,
2391 5842 2418 5868 ‹‹
2452 5819 2706 5877 Laudate
2740 5835 2894 5888 eum,
2922 5833 3125 5874 omnes
3147 5817 3392 5875 virtutes
3413 5818 3571 5888 ejus;
3596 5817 3679 5875 sic
3709 5833 3738 5872 θ
