4244 6576
521 471 678 536 i339

518 607 590 664 de
619 604 952 662 visibilibus
983 603 1416 673 dicat,laudate
1444 621 1781 674 eum,omne
1802 604 1956 678 quod
1988 602 2164 671 lucet,
2197 599 2251 665 Α

587 719 616 744 ‹‹
647 695 907 751 Laudate
954 711 1112 761 eum,
1163 695 1290 752 coeli
1335 695 1636 753 caelorum.
1671 716 1699 744 »
1748 693 1946 752 Plures
1993 692 2166 749 caelos

515 775 790 833 dicimus.
825 775 1087 848 Denique
1118 776 1427 848 Apostolus
1459 792 1646 848 usque
1677 777 1748 831 ad
1779 775 2017 831 tertium
2055 792 2166 829 coe-

513 864 639 921 lum
671 867 904 936 raptum
938 881 1000 920 se
1037 881 1164 921 esse
1209 865 1349 920 dicit
1401 867 1473 937 (II
1518 865 1639 920 Cor.
1691 881 1790 934 xu,
1840 866 1917 934 2).
1968 863 2170 918 Videte

516 954 697 1027 igitur
745 959 1006 1026 quantus
1062 954 1254 1027 fulgor
1299 958 1407 1022 est,
1457 959 1524 1010 ut
1571 954 1781 1009 caelum
1812 953 1939 1008 caali
1973 953 2066 1009 sit.
2101 953 2170 1008 Et

515 1049 724 1100 caetera
753 1060 879 1116 quae
909 1048 1258 1115 sequuntur,
1292 1044 1437 1099 dixit
1465 1044 1536 1099 de
1566 1043 1916 1100 visibilibus.

590 1155 620 1183 «
649 1133 798 1197 Quia
827 1133 952 1205 ipse
983 1133 1150 1199 dixit,
1203 1136 1260 1188 et
1306 1133 1457 1188 facta
1487 1136 1644 1189 sunt.
1679 1133 1777 1189 Dei
1801 1132 2057 1204 jussisse
2089 1133 2167 1188 fe-

514 1221 668 1278 cisse
715 1225 834 1289 est;
885 1222 1014 1292 ejus
1059 1221 1373 1294 imperium
1416 1222 1636 1278 fabrica
1667 1226 1775 1278 est.
1810 1247 1837 1272 «
1871 1223 2017 1288 Quia
2046 1221 2171 1293 ipse

515 1310 684 1381 dixit,
711 1315 769 1366 et
801 1311 952 1366 facta
982 1315 1140 1378 sunt,
1155 1313 1482 1368 secundum
1513 1311 1656 1366 illud
1691 1311 1845 1383 quod
1871 1311 1928 1366 in
1961 1311 2166 1366 Genesi

517 1402 799 1473 scriptum
832 1404 921 1456 est
953 1417 966 1455 :
1001 1401 1070 1456 Et
1099 1399 1247 1456 dixit
1275 1401 1452 1466 Deus,
1485 1406 1543 1456 et
1572 1400 1707 1456 fecit
1735 1401 1889 1456 Deus
1921 1400 2074 1472 (Gen.
2131 1418 2168 1464 1,

514 1491 569 1555 3,
601 1491 656 1556 6,
688 1493 845 1558 etc.).
879 1493 998 1545 Hoc
1025 1495 1134 1562 est,
1167 1489 1316 1546 dixit
1345 1490 1500 1547 Deus
1541 1491 1737 1558 Pater;
1789 1491 1926 1546 fecit
1968 1489 2166 1545 Filius-

514 1580 681 1637 Dicat
724 1579 986 1652 aliquis:
1023 1581 1170 1652 Ergo
1223 1581 1411 1652 major
1458 1584 1548 1636 est
1593 1579 1690 1635 ille
1735 1579 1836 1651 qui
1877 1579 2068 1650 jubet,
2118 1582 2173 1633 et

514 1669 707 1726 minor
735 1674 825 1725 est
853 1668 963 1725 iste
992 1669 1086 1724 cui
1111 1668 1595 1740 jubetur.Dicunt
1614 1669 1722 1725 hoc
1743 1667 2172 1734 Ariani,dicunt

515 1756 623 1814 hoc
654 1756 1028 1824 Eunomiani,
1062 1761 1119 1812 et
1145 1757 1347 1813 dicunt
1379 1757 1800 1814 Macedoniani.
1834 1756 2172 1828 Respondeo

517 1844 625 1900 tibi
671 1847 996 1902 secundum
1048 1862 1290 1902 sensum
1338 1851 1507 1901 tuum
1544 1846 1634 1901 :0
1666 1846 1952 1916 haeretice,
2005 1845 2170 1910 dicis,

520 1927 710 2007 major
747 1939 838 1990 est
886 1935 1055 1990 Pater
1085 1936 1185 2007 qui
1209 1936 1438 2007 jubeat,
1472 1941 1530 1991 et
1563 1935 1754 1992 minor
1781 1940 1871 1992 est
1901 1935 2080 1992 Filius
2112 1934 2170 1990 in

519 2038 585 2080 eo
617 2024 771 2096 quod
800 2023 1086 2095 jubeatur
1116 2025 1188 2079 ab
1231 2023 1419 2079 illo.Si
1446 2025 1554 2080 hoc
1575 2025 1901 2080 secundum
1928 2040 2169 2097 sensum

517 2105 846 2169 humanum
881 2113 1097 2184 accipis
1132 2130 1144 2169 :
1179 2113 1467 2186 responde
1498 2113 1664 2181 mihi,
1689 2114 1829 2186 quid
1856 2118 1945 2170 est
1975 2114 2170 2184 majus

511 2203 820 2274 jubere,an
846 2203 1070 2260 facere?
1091 2203 1228 2259 Dico
1253 2221 1265 2258 :
1291 2204 1393 2259 ﬁat
1419 2205 1717 2274 domus,et
1743 2202 1894 2259 alius
1915 2203 2053 2258 facit
2076 2203 2173 2259 do-

520 2309 706 2349 mum.
728 2293 927 2349 Dicere
960 2292 1104 2348 nihil
1123 2294 1346 2365 grande
1366 2298 1477 2360 est,
1502 2293 1689 2348 facere
1707 2291 1961 2347 difﬁcile.
1989 2293 2174 2362 Major

513 2398 650 2455 ergo
673 2381 768 2437 ille
791 2381 890 2454 qui
923 2381 1263 2454 facit,quam
1295 2382 1397 2453 qui
1431 2381 1826 2454 praecipit.Sed
1855 2385 1912 2436 et
1934 2381 2041 2437 hoc
2069 2381 2176 2435 im-

524 2471 689 2542 pium
720 2475 839 2537 est;
873 2486 987 2525 non
1018 2470 1175 2526 enim
1209 2469 1388 2526 Filius
1417 2471 1604 2542 major
1643 2474 1733 2526 est
1779 2471 1966 2526 Patre.
2011 2470 2174 2525 Sicut

523 2559 682 2617 enim
715 2559 823 2614 hoc
854 2559 1103 2631 impium
1133 2565 1222 2615 est
1253 2561 1323 2615 de
1356 2559 1499 2616 Filio
1529 2565 1732 2616 contra
1775 2559 2002 2615 Patrem
2053 2576 2172 2614 cre-

523 2647 770 2730 derejsic
801 2651 857 2704 et
887 2645 1028 2704 illud
1063 2648 1310 2721 impium
1335 2654 1423 2705 est
1445 2649 1516 2704 de
1539 2649 1706 2708 Patre
1737 2653 1939 2705 contra
1963 2647 2173 2704 Filium

521 2738 777 2794 credere.
803 2760 831 2788 «
866 2736 1012 2802 Quia
1043 2737 1168 2810 ipse
1199 2737 1365 2804 dixit,
1389 2742 1444 2794 et
1476 2739 1628 2794 facta
1657 2741 1831 2805 sunt;
1861 2738 1986 2810 ipse
2009 2754 2174 2793 man-

519 2826 698 2898 davit,
727 2830 784 2881 et
808 2830 1000 2883 creata
1031 2831 1189 2883 sunt.
1225 2849 1253 2876 ››
1285 2827 1409 2884 Una
1458 2831 1668 2884 natura
1688 2827 1878 2900 'jubet
1916 2832 1974 2883 et
2013 2827 2171 2883 facit.

523 2915 678 2973 Deus
714 2914 905 2986 jubet,
955 2920 1012 2970 et
1058 2916 1212 2972 Deus
1258 2915 1413 2972 facit.
1447 2917 1626 2972 Jubet
1655 2915 1841 2988 pictor
1872 2921 1937 2972 ut
1975 2915 2179 2988 pingat

524 3003 710 3075 pictor
743 3019 756 3057 :
785 3008 843 3059 et
873 3004 1060 3075 pictor
1091 3004 1280 3077 pingit
1310 3005 1465 3076 quod
1493 3004 1654 3077 pingi
1688 3009 2059 3076 praeceperat.

597 3115 626 3141 «
653 3091 872 3148 Statuit
901 3107 969 3148 ea
996 3093 1057 3148 in
1090 3093 1392 3160 saeculum,
1425 3097 1483 3148 et
1512 3093 1571 3148 in
1601 3093 1879 3149 saeculum
1929 3093 2123 3150 saeculi
2160 3109 2172 3148 :

522 3184 879 3253 praeceptum
909 3181 1123 3252 posuit,
1155 3185 1212 3236 et
1241 3199 1355 3237 non
1389 3182 1724 3254 praeteribit.
1751 3205 1776 3232 ››
1812 3182 2062 3238 Grandis
2091 3185 2178 3239 est

525 3269 786 3326 hominis
817 3268 1023 3339 honor,
1056 3274 1114 3326 et
1142 3270 1383 3342 grandis
1413 3269 1743 3327 infelicitas.
1779 3271 1876 3328 Sol
1907 3271 2012 3327 tibi
2047 3288 2177 3328 cur-

2016 461 2436 528 APPENDIX.

3768 459 3924 525 1340

2357 622 2376 647 ι
2414 598 2669 655 Laudate
2697 596 3013 654 Dominum
3045 596 3114 653 de
3143 599 3317 653 terra.
3345 617 3372 646 ››
3403 594 3690 661 Quoniam
3719 594 3921 654 lauda-

2277 693 2486 746 verunt
2534 687 2746 760 angeli,
2795 687 3057 743 laudavit
3104 685 3312 742 cmlum
3346 702 3360 742 :
3395 684 3594 742 laudet
3645 693 3703 742 et
3747 692 3920 746 terra.

2276 779 2597 834 Videamus
2624 778 2695 832 de
2723 781 2878 832 terra
2924 776 3025 848 qui
3075 775 3239 847 prius
3277 775 3539 831 laudent.
3575 799 3604 825 «
3637 779 3922 832 Dracones

2279 874 2334 925 et
2364 884 2568 924 omnes
2600 866 2818 938 abyssi,
2852 865 3025 938 ignis,
3059 865 3300 937 grando,
3335 865 3455 932 nix,
3489 863 3724 937 glacies,
3758 866 3922 936 spiri-

2279 960 2374 1010 tus
2405 954 2960 1026 procellarum,quae
2984 951 3205 1008 faciunt
3225 952 3465 1008 verbum
3492 953 3617 1023 ejus
3648 970 3660 1008 :
3696 959 3923 1010 montes

2280 1050 2337 1100 et
2368 1060 2572 1100 omnes
2624 1042 2820 1111 colles,
2867 1042 3027 1115 ligna
3072 1041 3391 1109 fructifera,
3424 1047 3483 1098 et
3511 1057 3714 1098 omnes
3745 1043 3920 1114 cedri,

2282 1133 2500 1199 bestiae,
2531 1137 2590 1188 et
2620 1132 2893 1188 universa
2936 1148 3162 1204 pecora,
3213 1136 3511 1204 serpentes
3563 1135 3620 1187 et
3663 1131 3922 1188 volucres

2281 1227 2566 1296 pennatis.
2595 1244 2617 1273 ι
2654 1222 2789 1277 Post
2818 1225 2982 1277 tanta
3011 1221 3152 1293 quid
3183 1220 3438 1276 dicitur?
3471 1221 3603 1277 Post
3625 1220 3919 1289 dracones,

2282 1317 2413 1385 post
2451 1315 2771 1384 serpentes,
2806 1315 2937 1384 post
2981 1310 3196 1382 ignem,
3233 1314 3365 1382 post
3411 1309 3773 1383 grandinem,
3799 1315 3925 1382 post

2281 1401 2502 1458 bestias
2527 1406 2584 1456 et
2613 1400 2887 1456 universa
2917 1413 3145 1471 pecora,
3164 1417 3196 1455 ο
3228 1398 3532 1470 homo,qui
3562 1399 3667 1455 tibi
3687 1399 3925 1472 grandis

2280 1490 2594 1558 videris,de
2623 1493 2679 1544 te
2705 1488 3001 1554 dicitur,et
3030 1505 3142 1543 non
3176 1488 3246 1544 de
3278 1487 3531 1560 simplici
3553 1486 3806 1558 homine,
3821 1488 3921 1544 sed

2282 1579 2354 1635 de
2374 1577 2468 1634 his
2499 1578 2840 1634 hominibus
2864 1577 2965 1650 qui
2987 1577 3141 1633 inter
3161 1576 3462 1633 hominem
3491 1577 3739 1648 majores
3764 1583 3921 1633 sunt.

2358 1689 2379 1715 ι
2418 1666 2598 1739 Reges
2644 1673 2831 1736 terrae,
2885 1670 2942 1721 et
2987 1682 3192 1722 omnes
3240 1664 3460 1738 p0puli,
3510 1665 3821 1738 principes,
3870 1671 3927 1721 et

2283 1771 2488 1811 omnes
2510 1755 2742 1826 judices
2773 1759 2956 1810 terrae.
2995 1777 3016 1803 ι
3047 1753 3266 1810 Deinde
3296 1753 3435 1825 quid
3471 1753 3766 1825 sequitur?

2356 1867 2384 1894 ε(
2415 1846 2664 1902 Juvenes
2698 1848 2754 1898 et
2784 1843 3054 1915 virgines,
3077 1859 3248 1900 senes
3277 1859 3410 1898 cum
3433 1843 3770 1914 junioribus
3801 1842 3922 1899 lau-

2283 1935 2427 1990 dent
2465 1949 2677 1990 nomen
2729 1932 2984 1998 Domini,
3033 1932 3172 2002 quia
3217 1931 3536 1987 exaltatum
3587 1939 3674 1988 est
3716 1947 3924 1987 nomen

2282 2025 2410 2096 ejus
2441 2023 2648 2089 solius,
2683 2043 2711 2071 »
2743 2027 2801 2078 et
2828 2025 3034 2077 caetera
3085 2038 3206 2090 qua":
3255 2023 3604 2091 sequuntur.
3637 2019 3682 2075 0
3712 2025 3927 2098 quanta

2284 2115 2343 2169 in
2394 2113 2525 2169 istis
2574 2111 2850 2184 mysteria
2899 2109 3298 2167 continentur!
3358 2109 3762 2165 Laudaverunt
3814 2125 3926 2164 ca:-

2285 2203 2475 2269 lestia,
2532 2201 2918 2259 laudaverunt
2984 2197 3302 2264 invisibile,
3356 2215 3510 2253 nunc
3567 2198 3639 2252 ad
3701 2201 3929 2253 terrena

2281 2292 2679 2371 descendit,et
2713 2290 2786 2346 ad
2811 2289 3206 2346 laudationem
3235 2286 3620 2360 Dei,primum
3650 2287 3928 2343 dracones

2283 2386 2342 2436 et
2398 2379 2594 2453 abyssi
2653 2379 3038 2435 concitantur.
3103 2378 3202 2434 Ubi
3272 2376 3575 2433 abundavit
3629 2385 3907 2445 peccatum

2282 2468 2754 2540 superabundavit
2804 2468 2988 2538 gratia
3034 2467 3208 2537 (Rom.
3257 2482 3311 2532 v,
3360 2466 3471 2534 2-0).
3516 2464 3622 2531 Qui
3676 2463 3925 2537 primum

2285 2559 2458 2615 draco
2505 2574 2658 2625 eras,
2710 2555 2812 2628 qui
2861 2556 3122 2612 habebas
3169 2570 3391 2611 venena
3439 2553 3769 2625 serpentis:
3802 2559 3924 2608 otu

2285 2647 2384 2719 qui
2420 2646 2680 2719 primum
2712 2645 2961 2717 abyssus
2992 2659 3142 2708 eras,
3175 2647 3231 2698 et
3260 2643 3512 2700 tenebras
3533 2659 3708 2715 super
3722 2643 3927 2714 abysso

2285 2737 2624 2793 ferebantur
2678 2735 2830 2806 (Gen.
2893 2752 2928 2805 ι,
2978 2734 3056 2803 2).
3105 2732 3311 2788 Videte
3356 2730 3500 2804 quid
3557 2731 3709 2787 dicat
3753 2747 3766 2785 ε
3821 2730 3924 2787 Ubi

2285 2827 2589 2892 dracones,
2623 2824 2723 2881 ubi
2769 2840 3012 2890 venena,
3064 2822 3165 2878 ubi
3206 2822 3476 2894 abyssus,
3510 2821 3608 2876 ubi
3639 2821 3926 2877 tenebrae?

2285 2916 2367 2972 Ne
2397 2916 2675 2988 desperes
2705 2913 2904 2987 igitur.
2937 2914 2981 2969 0
3010 2917 3073 2969 tu
3105 2911 3203 2985 qui
3250 2912 3424 2968 draco
3455 2928 3608 2978 eras,
3642 2910 3740 2982 qui
3772 2915 3925 2966 tene-

2286 3006 2497 3061 brosus
2528 3021 2682 3070 eras,
2720 3008 2776 3059 et
2823 3003 3009 3059 Deum
3063 3001 3304 3058 laudare
3351 3018 3468 3058 non
3519 2999 3792 3069 audebas,
3823 3016 3928 3072 age

2287 3093 2715 3167 pcenitentiam,
2750 3096 2808 3149 et
2838 3092 3039 3149 statim
3080 3091 3453 3148 converteris.
3506 3090 3663 3146 Licet
3712 3089 3770 3144 in
3817 3089 3922 3144 He-

2287 3183 2439 3240 braeo
2493 3200 2608 3240 non
2662 3183 2874 3239 habeat
2921 3182 3218 3248 dracones,
3249 3181 3350 3238 sed
3389 3180 3601 3236 habeat
3625 3196 3921 3244 mammas,

2288 3274 2442 3346 quod
2488 3273 2903 3346 interpretatur
2949 3280 3080 3328 cete.
3133 3271 3359 3328 Dicitur
3398 3274 3595 3327 autem
3643 3273 3763 3324 cete
3800 3267 3927 3324 inﬁ-

524 3357 916 3438 rit,ele_menta'
940 3358 1046 3414 tibi
1078 3361 1340 3416 serviunt
1367 3377 1380 3416 :
1414 3365 1473 3417 et
1498 3365 1560 3416 tu
1591 3360 1826 3433 ignoras
1849 3363 2177 3417 Creatorem
2209 3348 2252 3416 C
2291 3364 2427 3420 nitw
2459 3378 2587 3419 esse
2619 3360 3066 3435 magnitudinis.
3091 3361 3353 3432 Denique
3383 3360 3507 3432 ipse
3536 3362 3656 3415 cete
3683 3357 3740 3414 in
3772 3358 3934 3430 abys-

523 3447 744 3505 tuum?
774 3470 803 3498 «
837 3447 1195 3521 Praeceptum
1249 3449 1466 3521 posuit,
1510 3455 1566 3504 et
1617 3467 1729 3507 non
1779 3450 2112 3523 praeteribit.
2151 3474 2177 3499 ‹‹

529 3536 890 3610 Praeceptum
922 3537 1031 3593 soli
1057 3537 1424 3610 posuit.Ecce
1455 3554 1558 3610 per
1582 3543 1776 3595 tantos
1814 3556 2000 3595 annos
2038 3556 2180 3612 prae-

525 3631 761 3699 ceptum
813 3625 914 3682 Dei
965 3643 1268 3698 nunquam
1315 3628 1610 3699 praeteriit.
1662 3629 1723 3684 In
1777 3633 2005 3684 tantum
2065 3645 2182 3685 non

530 3715 832 3786 praeteriit,
913 3720 976 3770 ut
1057 3732 1268 3772 cursus
1325 3733 1393 3771 ex
1450 3715 1710 3772 humana
1765 3714 2184 3775 'observatione

529 3801 994 3875 comprehensus
1056 3804 1152 3860 sit.
1195 3824 1222 3856 υ
1276 3809 1636 3877 Praeceptum
1693 3807 1908 3876 posuit,
1960 3811 2016 3862 et
2065 3824 2182 3864 non

529 3891 866 3966 praeteribit.
902 3914 931 3941 ››
966 3893 1142 3950 Lunae
1191 3897 1545 3966 praeceptum
1588 3894 1805 3966 posuit,
1854 3899 1918 3950 ut
1949 3912 2050 3967 per
2079 3897 2182 3953 tri-

528 3982 694 4056 ginta
723 3980 848 4038 dies
880 3987 1104 4039 crescat
1125 3987 1302 4056 atque
1323 3983 1942 4057 decrescat.Numquid
1974 4001 2184 4042 cursus

533 4087 674 4128 suos
725 4070 1040 4143 aliquando
1093 4071 1324 4128 mutat?
1374 4072 1437 4127 In
1488 4072 1630 4129 cmlo
1680 4078 2035 4146 praeceptum
2087 4074 2182 4130 Dei

531 4163 817 4229 servatur,
847 4163 904 4215 et
933 4159 991 4214 in
1024 4164 1180 4216 terra
1210 4177 1325 4216 non
1357 4165 1638 4218 servatur.
1656 4162 1796 4218 Mari
1829 4167 2184 4236 praeceptum

533 4247 755 4322 posuit,
788 4251 852 4305 ut
880 4249 1078 4306 littora
1107 4266 1215 4306 sua
1244 4266 1358 4306 non
1390 4250 1744 4322 egrediatur.
1790 4251 1960 4308 Venit
2007 4252 2182 4309 Ocea-

535 4355 671 4394 mus
699 4343 936 4394 tumens
968 4338 1266 4404 ﬂuctibus,
1285 4342 1342 4394 et
1371 4338 1429 4394 in
1458 4355 1519 4395 se
1549 4340 1721 4408 redit,
1745 4344 1800 4396 et
1832 4346 2183 4414 praeceptum

531 4427 636 4485 Dei
663 4427 951 4484 meminit.
999 4428 1182 4484 Totus
1232 4428 1492 4486 mundus
1541 4429 1657 4486 Deo
1710 4430 1907 4501 servit,
1940 4436 1996 4486 et
2035 4449 2185 4504 prie-

533 4520 767 4588 ceptum
800 4517 928 4588 ejus
959 4516 1326 4583 meminit,et
1348 4516 1523 4573 homo
1556 4516 1716 4574 solus
1748 4535 1862 4574 non
1896 4519 2182 4575 meminit.

535 4605 670 4660 Ideo
712 4605 967 4662 dicimus
1016 4611 1073 4661 ct
1122 4605 1181 4660 in
1231 4604 1503 4661 Oratione
1550 4606 1854 4662 Dominica
1885 4626 1896 4662 :
1929 4610 2057 4665 Fiat
2098 4626 2183 4665 v0—

533 4695 720 4750 l-untas
768 4703 864 4750 tua
913 4697 1052 4750 sicut
1095 4696 1156 4749 in
1204 4695 1333 4751 cwlo
1381 4703 1432 4750 et
1477 4697 1538 4750 in
1585 4703 1730 4751 terra
1775 4697 1980 4768 (Matth.
2014 4715 2091 4768 v1,
2123 4700 2185 4752 6-

2292 3453 2377 3509 sis
2405 3467 2535 3508 esse
2565 3451 2797 3508 dicitur.
2835 3449 3104 3506 Dicamus
3147 3464 3284 3523 ergo
3326 3447 3583 3520 primum
3615 3446 3931 3504 secundum

2293 3539 2568 3597 litteram.
2619 3539 2821 3597 Videte
2869 3539 3009 3612 quid
3053 3539 3230 3610 dicat,
3283 3537 3540 3594 Laudate
3586 3552 3653 3593 ea
3699 3552 3819 3608 quae.
3877 3535 3933 3589 in

2293 3628 2440 3684 mari
2495 3631 2654 3695 sunt,
2709 3632 2767 3684 et
2812 3625 3045 3682 laudate
3087 3641 3156 3681 ea
3201 3641 3329 3698 quae
3377 3628 3538 3681 extra
3583 3639 3740 3680 mare
3779 3627 3934 3686 sunt,

2294 3721 2584 3774 Dracones
2615 3720 2673 3772 et
2698 3731 2904 3772 omnes
2953 3715 3171 3788 abyssi.
3218 3716 3263 3769 Α
3313 3717 3473 3786 parte
3517 3716 3704 3770 totum
3733 3729 3931 3785 synec-

2293 3806 2588 3862 dochicos.
2647 3804 2862 3861 Deinde
2912 3804 3198 3876 sequitur,
3244 3805 3410 3874 Ignis.
3460 3801 3660 3858 Videte
3704 3817 3931 3858 concor-

2294 3895 2530 3952 dantem
2577 3891 2929 3950 discordiam
2962 3907 3126 3963 aquae
3157 3895 3216 3948 et
3243 3891 3397 3964 ignis
3430 3907 3444 3947 :
3478 3889 3653 3948 simul
3703 3888 3939 3946 laudant

2295 3988 2495 4040 Deum.
2532 4006 2560 4032 «
2598 3983 2884 4038 Dracones
2941 3985 3000 4037 et
3055 3995 3258 4036 omnes
3319 3979 3536 4052 abyssi.
3587 4001 3613 4028 »
3665 3978 3938 4034 Universa

2294 4089 2420 4145 quae
2451 4074 2775 4128 nascuntur
2821 4086 2889 4125 ex
2935 4085 3108 4142 aqua,
3142 4073 3470 4125 nascuntur
3519 4083 3588 4123 ex
3634 4067 3782 4140 igne,
3831 4065 3938 4122 hoc

2295 4165 2384 4218 est
2430 4176 2498 4216 ex
2541 4161 2786 4216 humore
2831 4163 2889 4215 et
2940 4157 3157 4226 calore;
3209 4174 3314 4213 nec
3365 4157 3518 4231 ignis
3565 4156 3723 4213 solus
3772 4171 3935 4228 gene-

2296 4267 2424 4306 rare
2475 4253 2669 4322 potest
2717 4249 2845 4303 sine
2891 4246 3157 4319 humore,
3208 4263 3316 4305 nec
3362 4246 3575 4302 humor
3616 4245 3741 4301 sine
3785 4245 3934 4318 igne.

2295 4337 2452 4394 Nihil
2485 4340 2575 4394 est
2601 4341 2722 4392 tam
2762 4334 3124 4392 contrarium
3171 4351 3349 4407 quam
3399 4333 3611 4390 humor
3656 4332 3849 4403 calori,
3881 4336 3938 4388 et

2295 4426 2455 4484 color
2483 4425 2738 4483 humori.
2775 4425 2994 4481 Tamen
3022 4423 3319 4480 voluntate
3338 4423 3462 4492 Dei,
3486 4421 3609 4479 haec
3636 4439 3762 4495 qua
3792 4422 3940 4476 inter

2297 4533 2360 4574 se
2391 4516 2621 4577 diversa
2674 4519 2832 4583 sunt,
2882 4514 2941 4570 in
2992 4520 3192 4570 nostra
3236 4513 3534 4570 nativitate
3571 4511 3934 4569 concordant.

2297 4632 2324 4658 ‹‹
2359 4606 2615 4673 Grando,
2647 4606 2766 4672 nix,
2800 4603 3036 4678 glacies,
3062 4608 3118 4659 et
3137 4603 3381 4675 spiritus
3401 4600 3936 4675 protellarum,que3

2220 4723 2268 4788 D
2301 4697 2522 4753 faciunt
2548 4693 2792 4751 verbum
2826 4695 2974 4766 ejus.
3014 4715 3034 4742 ιι
3071 4691 3255 4748 Multa
3300 4693 3440 4749 sunt
3487 4707 3613 4764 quae
3659 4689 3938 4788 dicantur,

539 4783 648 4853 10).
679 4781 843 4839 Sicut
873 4782 932 4838 in
968 4782 1107 4840 coelo
1140 4783 1327 4857 angeli
1358 4783 1461 4840 tibi
1497 4785 1779 4850 serviunt,
1821 4790 1878 4842 et
1925 4790 2192 4843 creatura
2220 4777 2262 4788 ”
2299 4792 2358 4844 et
2407 4787 2463 4842 in
2515 4783 2765 4857 singulis
2814 4782 3114 4839 immorari
3165 4799 3281 4858 non
3336 4796 3600 4854 possum.
3631 4803 3658 4828 ‹‹
3693 4777 3939 4847 Grando,

540 4872 741 4939 servit,
774 4872 857 4928 ita
888 4872 1102 4928 serviat
1132 4877 1190 4928 ct
1217 4871 1414 4928 homo.
1443 4875 1487 4927 0
1522 4873 1718 4930 infelix
1744 4875 2049 4931 hominum
2083 4893 2185 4948 ge-

537 4965 674 5019 nus!
712 4960 1024 5018 Descendit
1047 4961 1119 5017 ad
1151 4965 1207 5018 te
1239 4961 1387 5018 Deus
1422 4979 1433 5015 :
1468 4963 1747 5032 quoniam
1772 4969 1833 5021 tu
1868 4965 1939 5021 ad
1975 4964 2185 5021 coelum

536 5069 651 5108 non
682 5053 770 5108 vis
801 5052 1136 5108 ascendere.
1171 5055 1294 5107 Non
1328 5050 1435 5106 tibi
1467 5052 1686 5108 sufﬁcit
1716 5055 1869 5126 quod
1904 5072 2019 5111 non
2051 5073 2188 5112 sus-

535 5141 683 5213 cipis
717 5161 729 5198 :
765 5143 865 5198 sed
899 5139 2189 5218 occidis,crucifigis,blasphemas,ﬂagellas?

538 5231 663 5288 Non
697 5231 803 5288 tibi
835 5231 1054 5288 sufﬁcit
1082 5231 1236 5301 quod
1270 5229 1506 5300 occidis,
1526 5232 1626 5288 sed
1654 5249 1758 5289 nec
1787 5234 2187 5305 pcenitentiam

538 5321 666 5394 agis
697 5321 852 5395 quod
884 5321 1185 5377 occideris.
1219 5321 1372 5376 Dixit
1401 5321 1472 5376 de
1503 5321 1935 5379 invisibilihus:
1970 5323 2114 5379 dixit
2135 5329 2191 5379 et

536 5411 608 5468 de
636 5410 992 5479 visibilibu’s,
1019 5410 1118 5466 sed
1151 5410 1224 5466 de
1252 5409 1584 5475 visibilihus
1615 5410 1948 5468 ccelestibus
1996 5431 2006 5467 :
2035 5431 2189 5469 nunc

534 5499 712 5557 etiam
744 5501 815 5556 de
846 5505 1022 5555 terra.
1047 5500 1248 5556 Videte
1279 5499 1542 5556 ordinem
1576 5499 1895 5559 laudantis.
1930 5497 2188 5560 Primum

538 5586 782 5644 laudant
811 5589 1149 5655 invisibilia,
1184 5588 1391 5644 deinde
1416 5589 1687 5646 visibilia.
1723 5593 1789 5646 Et
1820 5592 1948 5666 ipsa
1986 5593 2186 5650 visibi-

536 5674 617 5731 lia
647 5673 992 5732 dividuntur
1043 5677 1100 5732 in
1159 5679 1273 5732 duo
1325 5693 1337 5730 :
1397 5677 1453 5732 in
1499 5678 1754 5734 cmlestia
1785 5687 1841 5736 et
1869 5681 2187 5738 terrestria.

543 5764 696 5822 Dixit
724 5766 796 5820 de
827 5765 1185 5838 coelestibus,
1219 5783 1376 5824 nunc
1408 5767 1549 5824 dicit
1582 5769 1652 5824 de
1686 5773 2080 5832 terrestribus.

2301 4877 2420 4948 nix,
2453 4874 2690 4949 glacies,
2717 4876 2774 4928 et
2805 4871 3048 4945 spiritus
3079 4869 3494 4945 procellarum.
3529 4892 3556 4919 ››
3587 4867 3793 4926 Omnia
3813 4883 3940 4939 qua

2294 4967 2564 5022 videmus
2622 4963 2681 5018 in
2739 4961 2981 5030 mundo,
3044 4960 3213 5016 nobis
3270 4959 3551 5016 serviunt.
3610 4957 3933 5030 Serpentes,

2296 5053 2514 5129 abyssi,
2568 5051 2742 5125 ignis,
2793 5049 3035 5125 grando,
3096 5049 3215 5114 nix,
3265 5047 3510 5121 spiritus
3559 5044 3938 5119 procellarum

2295 5145 2568 5200 videntur
2598 5141 2724 5198 sine
2753 5140 2977 5198 ratione
3009 5155 3138 5195 esse
3168 5154 3181 5192 :
3217 5137 3318 5194 sed
3344 5136 3513 5194 nobis
3542 5135 3816 5193 serviunt.
3839 5134 3942 5190 Die

2298 5235 2572 5291 hesterna
2602 5233 2923 5304 tempestas
2953 5227 3082 5300 fuit,
3116 5227 3424 5283 videbatur
3449 5226 3617 5282 nobis
3647 5239 3773 5280 esse
3801 5239 3938 5280 con-

2296 5322 2546 5380 trarium
2580 5337 2592 5375 :
2627 5323 2752 5375 erat
2781 5317 2968 5391 frigus
3009 5335 3022 5373 :
3056 5320 3182 5373 erat
3209 5316 3424 5373 humor
3458 5334 3471 5372 :
3504 5317 3670 5372 erant
3713 5311 3938 5387 pluvias.

2298 5417 2418 5470 Hoc
2445 5411 2600 5484 quod
2625 5409 2694 5465 ad
2718 5408 2926 5465 horam
2948 5406 3118 5464 nobis
3147 5405 3377 5463 videtur
3405 5421 3533 5463 esse
3562 5402 3939 5472 contrarium,

2299 5519 2402 5576 pro
2453 5500 2622 5558 nobis
2670 5502 2760 5555 est
2804 5516 2817 5554 :
2854 5497 3107 5553 fructum
3155 5495 3311 5552 enim
3361 5494 3531 5552 nobis
3576 5492 3746 5567 parit.
3798 5491 3946 5550 Vide

2299 5592 2457 5649 enim
2489 5589 2629 5664 quid
2670 5587 2814 5645 dicit
2847 5605 2860 5641 :
2897 5583 3000 5642 Illa
3030 5589 3089 5642 et
3115 5583 3218 5640 illa
3261 5601 3389 5657 quae
3441 5583 3661 5640 faciunt
3705 5581 3944 5640 verbum

2301 5684 2449 5754 ejus.
2474 5679 2784 5744 Erubesce,
2819 5675 3014 5730 homo.
3052 5674 3385 5746 Serpentes,
3419 5671 3635 5745 abyssi,
3663 5669 3778 5735 nix,
3811 5671 3945 5743 plu-

2299 5773 2426 5844 viae,
2485 5771 2826 5844 tempestas,
2877 5764 3121 5845 verbum
3175 5763 3278 5820 Dei
3327 5761 3569 5829 faciunt,
3617 5765 3678 5818 et
3719 5763 3779 5816 tu
3827 5778 3944 5817 non
