4244 6600
348 465 498 531 1381

1511 470 2010 538 BREVIARIUM
2055 467 2137 536 IN
2179 471 2326 535 PSA
2337 469 2570 534 LMOS.

3605 465 3766 529 1342

349 599 512 659 facis.
573 623 602 652 ι(
663 600 888 662 Montes
944 606 1001 660 et
1054 620 1259 662 omnes
1315 605 1510 662 colles.
1549 629 1574 656 »
1610 609 1724 663 Nec
1774 610 1998 662 montes
2028 622 2084 688 Α
2112 608 2210 661 tus
2241 604 2505 677 psalmus
2535 603 2647 659 hoc
2674 601 2842 659 titulo
2874 603 3266 676 prmnotatur:
3296 599 3617 658 «Psalmus
3647 601 3761 658 Da-

355 694 659 748 mutantur
688 693 746 748 in
779 693 974 763 colles,
1023 711 1128 750 nec
1159 695 1336 752 valles
1367 696 1425 752 in
1458 701 1685 753 montes
1720 715 1733 753 :
1767 701 2001 752 servant

352 783 623 837 naturam
655 799 885 839 suam.«
917 783 1097 857 Ligna
1129 785 1443 854 fructifera,
1468 791 1524 842 et
1551 803 1754 842 omnes
1784 785 1997 842 cedri.»

353 868 596 942 Lignum
653 871 818 928 vides
876 874 1042 946 quasi
1073 875 1290 930 siccum
1353 875 1590 931 amissis
1623 875 1796 943 foliis,
1827 879 2003 931 aestas

349 975 480 1016 cum
514 960 759 1029 venerit,
791 963 895 1018 tibi
930 963 1112 1019 mittit
1162 981 1424 1036 germen,
1485 965 1588 1022 tibi
1622 966 2003 1036 fructus.par-

347 1048 512 1103 turit.
554 1050 804 1123 Lignum
828 1051 934 1108 tibi
967 1053 1221 1110 fructum
1255 1056 1426 1126 parit,
1452 1061 1511 1110 et
1537 1059 1598 1111 tu
1632 1055 1747 1111 Deo
1778 1055 2003 1109 fructus

347 1152 462 1192 non
495 1138 672 1210 paris.
709 1161 738 1190 «
770 1141 840 1195 Et
892 1157 1096 1198 omnes
1153 1144 1329 1200 cedri.
1396 1167 1422 1194 ››
1476 1145 1709 1200 Imitare
1739 1144 1999 1200 cedrum.

347 1224 513 1281 Cedri
547 1227 819 1285 nituntur
876 1231 946 1286 ad
1010 1231 1126 1288 alta
1155 1233 1322 1306 quasi
1376 1235 1447 1290 ad
1481 1234 1692 1290 cmlum
1725 1233 1809 1289 ire
1840 1233 2003 1288 festi-

343 1321 511 1370 nant.
543 1317 614 1373 Et
641 1321 703 1374 tu
736 1318 968 1376 imitare
997 1319 1158 1394 ligna
1238 1323 1678 1380 irrationabilia.
1739 1344 1760 1372 α
1800 1323 2004 1378 Bestiae

348 1410 406 1459 et
438 1406 716 1464 universa
754 1426 988 1481 pecora.
1019 1433 1047 1461 ››
1080 1413 1208 1468 Non
1244 1416 1480 1468 mutant
1509 1418 1780 1469 naturam
1809 1428 2001 1489 suam.

345 1495 555 1553 Omnia
587 1503 750 1554 stant
783 1499 841 1555 in
899 1500 1104 1556 ordine
1164 1517 1290 1568 suo,
1324 1503 1546 1574 absque
1591 1501 1714 1558 solo
1745 1501 2004 1584 homine,

346 1589 438 1642 cui
473 1587 672 1644 omnia
704 1589 970 1660 subjecta
1019 1595 1179 1646 sunt.
1233 1614 1260 1640 «
1317 1591 1631 1663 Serpentes
1660 1595 1718 1647 et
1743 1591 2007 1648 volucres

347 1682 634 1749 pennatae.
671 1701 698 1727 ››
731 1679 934 1751 Neque
976 1695 1044 1735 ea
1075 1696 1202 1752 quae
1237 1679 1294 1735 in
1327 1680 1469 1736 coelo
1499 1686 1661 1747 sunt,
1692 1681 1763 1737 ad
1791 1684 2007 1736 terram

346 1765 590 1822 veniunt
622 1785 634 1823 :
670 1769 770 1824 sed
828 1769 910 1824 ibi
940 1772 1053 1823 Deo
1112 1769 1396 1824 serviunt.
1441 1769 1607 1826 Dicat
1645 1769 1884 1838 aliquis,
1916 1787 2005 1826 se-

349 1857 608 1912 cundum
641 1856 947 1914 historiam
999 1857 1258 1929 loqueris
1291 1874 1303 1912 :
1340 1875 1455 1915 non
1487 1859 1635 1915 dicis
1667 1857 1998 1931 allegorice.

350 1945 411 2002 Si
477 1947 801 2002 secundum
870 1946 1178 2002 historiam
1248 1947 1396 2004 dicis
1437 1965 1451 2004 :
1494 1965 1676 2020 quare
1743 1948 2001 2020 primum

349 2033 564 2106 abyssi,
598 2039 657 2090 et
686 2035 804 2106 nix,
835 2039 892 2091 et
935 2037 1180 2108 grando,
1233 2036 1444 2094 deinde
1493 2036 1652 2110 ligna
1680 2037 1998 2103 fructifera,

347 2126 404 2178 et
432 2126 638 2178 caetera
667 2121 1092 2180 irrationabilia
1122 2124 1366 2181 laudant
1395 2125 1602 2197 Deum,
1631 2131 1686 2182 et
1716 2127 1788 2182 ad
1824 2131 2004 2182 extre-

349 2227 513 2267 mum
543 2211 718 2268 homo
739 2213 767 2266 ‘I
807 2213 1098 2287 Legamus
1127 2215 1398 2271 Genesim
1431 2217 1576 2287 (cap.
1612 2217 1675 2284 1),
1705 2220 1762 2271 et
1792 2232 2000 2272 secun-

348 2301 490 2357 dum
539 2300 805 2357 ordinem
837 2303 1177 2374 nativitatis,
1211 2308 1270 2359 et
1299 2305 1813 2372 creaturarum,ita
1841 2305 2000 2360 vide-

347 2389 544 2445 bimus
577 2393 788 2447 cuncta
818 2389 1076 2447 laudare.
1113 2391 1194 2448 Ibi
1228 2391 1387 2449 enim
1419 2393 1703 2465 scriptum
1738 2399 1849 2465 est,
1885 2395 2002 2467 pri-

347 2479 515 2533 mum
547 2495 646 2534 eas
677 2479 1008 2536 animantes
1037 2480 1218 2537 factas
1247 2497 1534 2554 esse,quaa
1566 2482 1625 2537 in
1656 2497 1811 2555 aqua
1841 2488 2002 2550 sunt,

345 2567 559 2624 deinde
616 2585 685 2624 ea
736 2569 888 2624 facta
946 2587 1073 2642 quae
1105 2571 1162 2625 in
1197 2575 1350 2626 terra
1397 2576 1580 2627 sunt:
1617 2571 1825 2628 deinde
1855 2573 2007 2628 facta

351 2657 630 2725 volatilia,
658 2662 714 2714 et
746 2663 950 2730 postea
980 2659 1278 2716 hominem
1311 2677 1494 2716 unum
1527 2660 1873 2734 fecit.Igitur
1901 2679 2007 2718 SIC-

359 2750 425 2801 ut
455 2745 711 2818 primum
745 2747 965 2804 factum
997 2753 1087 2806 est
1120 2767 1133 2805 :
1169 2749 1252 2805 sic
1294 2749 1495 2805 laudat
1523 2751 1860 2806 Dominum.
1894 2751 2004 2808 Sed

354 2835 506 2892 alius
549 2851 762 2894 sensus
792 2842 901 2905 est,
934 2838 978 2894 0
1007 2838 1203 2906 homo,
1267 2839 1540 2895 universa
1569 2839 1682 2896 ista
1711 2856 1835 2912 quae
1866 2839 2004 2906 dixi,

349 2926 523 2997 cujus
553 2941 733 2982 causa
764 2926 917 2983 facta
946 2931 1085 2983 sunt
1124 2929 1152 2982 ?
1207 2928 1435 2994 Bestiae,
1495 2932 1816 3000 serpentes,
1849 2929 2008 3001 ligna

353 3013 674 3083 fructifera,
707 3015 972 3073 volucres
1005 3020 1271 3090 pennata
1330 3034 1343 3072 :
1405 3018 1526 3074 haec
1561 3017 1828 3074 universa
1859 3019 1915 3074 in
1941 3035 2007 3075 eo

358 3101 605 3160 laudant
633 3109 835 3171 Deum,
870 3103 1009 3176 quia
1065 3123 1180 3161 non
1240 3111 1473 3162 mutant
1511 3114 1782 3163 naturam
1815 3125 2005 3164 suam.

359 3213 388 3240 ‹‹
424 3192 610 3262 Reges
639 3195 888 3262 terrae,et
917 3207 1121 3249 omnes
1154 3194 1375 3266 populi,
1400 3194 1692 3267 principes
1722 3201 1780 3251 et
1805 3213 2009 3253 omnes

350 3278 582 3349 judices
638 3282 824 3336 terra.
884 3279 1135 3336 Juvenes
1191 3286 1249 3337 et
1314 3281 1589 3354 virgines,
1647 3293 1815 3340 senes
1869 3300 2004 3340 cum

2108 694 2228 760 vid,
2255 694 2490 766 quando
2513 694 2724 748 domus
2741 691 3138 748 aedificabatur
3159 695 3292 764 post
3306 691 3757 763 captivitatem,»

2110 784 2167 840 id
2201 789 2289 840 est
2319 787 2450 856 post
2480 781 2882 854 paenitentiam
2913 781 3124 838 domus
3170 781 3382 837 Christi
3413 781 3758 839 mdiﬁcatur.

2111 873 2396 938 Quoniam
2447 872 2625 944 igitur
2685 870 2829 927 dixit
2882 871 3120 944 primo:
3159 895 3180 920 ε
3216 874 3456 928 Cantate
3511 870 3759 926 Domino

2112 963 2406 1020 canticum
2439 979 2674 1034 novum,
2711 985 2732 1015 ι
2769 967 2827 1019 et
2857 979 3046 1019 novus
3088 963 3342 1035 populus
3398 965 3594 1018 cantat
3623 979 3759 1018 can-

2111 1053 2293 1108 ticum
2352 1069 2590 1118 novum,
2623 1056 2679 1108 et
2708 1052 3004 1108 benedixit
3034 1068 3142 1108 nos
3179 1053 3252 1108 ad
3294 1051 3534 1124 reliqua
3563 1068 3761 1109 curra-

2113 1159 2267 1198 mus.

2185 1254 2211 1280 ‹‹
2252 1234 2494 1288 Laetetur
2543 1231 2720 1288 Israel
2778 1231 2836 1286 in
2895 1247 2961 1287 eo
3019 1230 3119 1302 qui
3177 1229 3312 1286 fecit
3349 1231 3567 1304 ipsum.
3600 1251 3628 1278 ››
3663 1229 3762 1285 Ille

2115 1318 2360 1391 laetetur,
2393 1320 2494 1393 qui
2525 1337 2700 1377 sensu
2731 1319 2885 1376 videt
2913 1320 3120 1376 Deum.
3158 1318 3334 1375 Israel
3363 1320 3522 1374 enim
3548 1318 3643 1375 hic
3671 1319 3762 1374 in-

2115 1413 2489 1482 terpretatur,
2521 1427 2697 1465 sensu
2746 1409 2951 1465 videns
2986 1412 3184 1464 Deum.
3247 1429 3276 1458 «
3337 1411 3404 1462 Et
3457 1406 3563 1462 filii
3623 1407 3761 1463 Sion

2115 1498 2412 1555 exsultent
2441 1500 2499 1555 in
2533 1514 2666 1571 rege
2697 1515 2824 1555 suo.
2884 1521 2911 1549 »
2946 1497 3076 1555 Filii
3130 1494 3420 1564 Ecclesia,
3478 1495 3582 1551 filii
3633 1495 3763 1552 novi

2118 1587 2338 1661 populi,
2369 1588 2660 1644 exsultent
2688 1588 2745 1644 in
2778 1603 2911 1660 rege
2942 1585 3141 1657 suo,in
3171 1584 3525 1657 Christo,qui
3558 1586 3766 1657 regnat

2119 1677 2176 1733 in
2208 1677 2312 1734 eis.
2348 1677 2572 1734 Videtis
2622 1677 2913 1749 quomodo
2970 1675 3173 1732 leviter
3229 1689 3463 1730 summa
3521 1689 3775 1747 quisque

2117 1766 2588 1838 perstringimus.

2190 1877 2219 1905 «
2253 1856 2511 1912 Laudent
2550 1871 2760 1912 nomen
2819 1857 2947 1927 ejus
3007 1854 3066 1909 in
3125 1852 3320 1909 choro.
3357 1874 3384 1902 »
3417 1851 3762 1925 Ubicunque

2115 1944 2331 2000 chorus
2387 1950 2498 2013 est,
2556 1945 2637 2000 ibi
2692 1945 2931 2000 diversas
2960 1960 3128 1999 voces
3161 1943 3221 1998 in
3252 1958 3438 1998 unum
3469 1941 3758 1998 canticum

2111 2037 2526 2106 congeruntur.
2587 2033 2886 2098 Quomodo
2943 2031 3096 2088 enim
3147 2032 3390 2088 diversa:
3431 2047 3620 2098 voces,
3653 2031 3764 2088 hoc

2110 2129 2222 2195 est,
2252 2142 2385 2181 cum
2418 2123 2596 2181 simul
2627 2123 2844 2180 fuerint
2870 2121 3504 2195 congregataphorum
3532 2121 3760 2178 Domini

2110 2214 2392 2270 efficiunt.

2184 2327 2211 2353 «
2247 2302 2514 2359 Laudent
2543 2319 2754 2359 nomen
2787 2304 2916 2374 ejus
2950 2302 3010 2357 in
3041 2302 3236 2358 choro.
3274 2323 3301 2351 ››
3334 2300 3440 2357 Ubi
3472 2299 3762 2358 dissensio

2111 2397 2220 2461 est,
2256 2393 2355 2447 ubi
2389 2392 2630 2458 invidia,
2663 2392 2743 2448 ibi
2777 2393 2992 2448 chorus
3023 2409 3142 2447 non
3171 2395 3280 2447 est.
3726 2439 3732 2444 .

2187 2503 2214 2532 «
2248 2482 2507 2538 Laudent
2537 2499 2748 2538 nomen
2776 2481 2905 2553 ejus
2934 2481 2994 2536 in
3027 2481 3203 2537 choro
3255 2497 3268 2538 :
3313 2479 3372 2535 in
3403 2483 3682 2552 tympano
3709 2483 3767 2536 et

2114 2570 2386 2643 psalterio
2416 2569 2675 2642 psallant
2703 2570 2813 2626 ei.»
2846 2569 3072 2626 Chorus
3102 2569 3210 2626 iste
3241 2569 3536 2626 canticum
3567 2569 3763 2633 habet,

2119 2664 2178 2715 et
2205 2666 2576 2733 tympanum,
2635 2664 2692 2714 et
2732 2659 3076 2731 psalterium
3106 2658 3300 2714 habet.
3335 2657 3760 2730 Cruciligamus

2114 2765 2359 2821 corpora
2388 2752 2588 2804 nostra
2643 2747 2893 2814 Christo,
2952 2751 3009 2803 et
3038 2747 3139 2804 tali
3168 2752 3446 2820 tympano
3477 2762 3763 2802 canamus
3865 2791 3870 2794 .

2115 2843 2251 2906 Deo,
2281 2838 2340 2894 in
2372 2842 2649 2910 tympano
2682 2841 2738 2892 et
2767 2835 3041 2909 psalterio
3073 2835 3327 2909 psallant
3379 2834 3451 2891 ei.
3512 2836 3765 2908 Tympa-

2115 2944 2259 2983 num
2290 2944 2404 2984 non
2439 2927 2616 2983 habet
2643 2927 3008 2992 carnem,sed
3033 2924 3343 2999 pellem.Et
3366 2941 3472 2981 nos
3504 2925 3766 2998 quandiu

2117 3015 2309 3072 carnei
2329 3032 2558 3086 sumus,
2591 3032 2707 3072 non
2738 3031 2947 3071 sumus
2976 3019 3347 3088 tympanum.
3395 3014 3766 3085 Tympanum

2118 3122 2232 3160 non
2262 3109 2372 3172 est,
2404 3103 2517 3161 nisi
2548 3104 2703 3178 quod
2735 3120 2849 3159 non
2910 3103 3127 3160 habeat
3177 3119 3383 3158 carnes
3417 3119 3430 3158 :
3466 3101 3582 3158 nisi
3611 3102 3767 3173 quod

2116 3194 2395 3264 tenditur,
2425 3195 2794 3265 Tympanum
2856 3209 2973 3249 non
3005 3196 3196 3266 potest
3223 3207 3352 3248 esse
3380 3196 3764 3257 contractum,

2121 3283 2220 3337 sed
2251 3287 2576 3337 extensum.
2607 3283 2673 3336 Et
2701 3297 2810 3337 nos
2834 3286 3071 3352 peccata
3099 3297 3216 3336 non
3247 3279 3616 3346 contrahant,
3665 3280 3766 3336 sed

350 3367 690 3438 junioribus
719 3367 962 3423 laudent
989 3382 1201 3425 nomen
1230 3370 1486 3438 Domini,
1517 3372 1655 3443 quia
1687 3370 2008 3428 exaltatum
2041 3354 2084 3420 C
2115 3370 2350 3442 justitia
2378 3369 2600 3425 dilatet.
2625 3369 2713 3424 Ad
2744 3367 2971 3440 reliqua
2999 3384 3431 3442 percurramus.
3459 3389 3487 3418 ‹‹
3523 3369 3584 3423 In
3617 3371 3768 3440 tym-

359 3459 448 3512 est
477 3471 690 3512 nomen
710 3456 840 3527 ejus
870 3456 1074 3513 solius.
1109 3479 1137 3506 »
1163 3456 1367 3515 Omnis
1386 3460 1779 3525 estas,omnis
1811 3476 2005 3531 sexus,

356 3545 667 3616 omnisque
697 3550 956 3618 potestas
987 3545 1155 3602 illum
1189 3546 1408 3618 laudet,
1440 3547 1534 3604 cui
1569 3549 1732 3604 Pater
1760 3565 2006 3605 evacua-

358 3632 434 3689 tis
453 3633 866 3705 potestatibus,
900 3634 1061 3690 dedit
1090 3650 1304 3692 nomen
1336 3636 1625 3693 excelsam
1660 3654 1672 3690 :
1708 3653 1811 3693 nec
1845 3638 2006 3709 quis-

356 3737 534 3792 quam
565 3721 678 3777 sibi
707 3738 823 3794 quo
854 3723 1058 3795 utitur,
1092 3729 1336 3790 revocet.
1371 3726 1470 3782 sed
1505 3725 1555 3781 ei
1586 3726 1656 3782 de
1689 3743 1804 3798 quo
1835 3732 1893 3781 et
1922 3743 2008 3783 se-

361 3811 582 3881 quitur.

427 3920 456 3949 ‹‹
489 3898 788 3956 Confessio
818 3901 946 3973 ejus
976 3917 1154 3974 super
1183 3900 1391 3958 coelum
1422 3907 1479 3960 et
1510 3907 1744 3960 terram.
1782 3926 1802 3952 ι
1839 3905 2006 3973 Quia,

350 3987 524 4059 juxta
549 3988 1125 4060 Apostolum,omnia
1151 3991 1204 4046 ei
1233 3991 1585 4048 confitentur
1617 4011 1629 4048 :
1667 4010 1783 4049 non
1813 3993 2007 4050 solum

358 4075 614 4132 ccslestia
645 4093 713 4133 ac
739 4081 990 4146 terrena,
1040 4094 1241 4135 verum
1298 4080 1475 4136 etiam
1507 4083 1565 4136 et
1596 4080 1823 4137 inferna
1851 4082 2006 4152 (Phi-

358 4167 497 4239 lipp.
531 4183 593 4237 ιι,
630 4167 738 4237 10).
778 4188 806 4216 ‹‹
838 4165 906 4222 Et
933 4166 1206 4224 exaltavit
1254 4185 1432 4224 cornu
1464 4168 1665 4242 populi
1695 4168 1807 4227 sui.
1839 4190 1866 4223 ι
1901 4172 2004 4227 Ec-

357 4253 666 4312 clesiastici
696 4255 917 4327 utique.

435 4364 462 4397 α
495 4345 758 4417 Hymnus
783 4345 1062 4402 omnibus
1078 4345 1296 4403 sanctis
1325 4347 1473 4420 ejus,
1507 4346 1642 4405 filiis
1675 4348 1870 4422 Israel,
1904 4366 2006 4422 po-

355 4433 494 4506 pulo
526 4433 1020 4507 appropinquanti
1050 4435 1184 4490 sibi.
1220 4457 1250 4486 »
1282 4436 1383 4493 His
1414 4437 1729 4509 deputatur
1757 4439 2006 4496 celestis

355 4521 632 4595 hymnus,
669 4522 768 4595 qui
801 4522 860 4578 in
891 4539 957 4579 eo
1015 4524 1200 4579 sancti
1261 4524 1449 4581 effecti
1508 4532 1686 4594 sunt;
1720 4527 1820 4600 qui
1869 4544 2004 4584 eum

357 4614 553 4667 mente
582 4611 987 4685 conspiciunt;
1022 4611 1122 4685 qui
1153 4613 1282 4685 ejus
1316 4612 1448 4669 fidei
1480 4614 1956 4688 apprOpinquant
1987 4635 2000 4686 ;

2120 3476 2271 3532 pano
2302 3462 2359 3515 et
2380 3457 2657 3531 psalterio
2689 3457 2945 3530 psallant
2974 3457 3047 3513 ei.
3085 3480 3105 3507 ι»
3143 3457 3306 3522 Quod
3337 3459 3396 3513 in
3426 3456 3591 3515 choro
3619 3457 3769 3512 dici-

2120 3564 2274 3618 mus,
2302 3547 2413 3603 hoc
2444 3547 2712 3603 dicamus
2742 3546 2799 3601 in
2828 3545 3122 3618 psalterio.
3155 3545 3503 3603 Psalterium
3535 3545 3768 3618 proprie

2123 3653 2310 3710 genus
2363 3636 2565 3709 organi
2598 3640 2687 3691 est
2716 3634 2947 3701 musici,
3000 3636 3153 3706 quod
3187 3639 3277 3690 est
3306 3635 3470 3708 quasi
3517 3633 3764 3690 cithara.

2115 3724 2571 3782 Similitudinem
2603 3724 2780 3780 habet
2808 3723 3064 3789 citharae,
3097 3723 3197 3780 sed
3247 3740 3362 3780 non
3401 3726 3491 3778 est
3519 3722 3762 3779 cithara.

2119 3817 2276 3872 Inter
2306 3813 2650 3888 psalterium
2675 3817 2732 3869 et
2760 3813 3186 3882 citharam,hoc
3211 3813 3454 3870 interest
3484 3829 3497 3868 :
3531 3811 3769 3868 Cithara

2122 3905 2399 3961 deorsum
2431 3903 2798 3976 percutitur;
2832 3907 3104 3958 caeterum
3135 3901 3479 3975 psalterium
3525 3916 3763 3957 sursum

2121 3994 2468 4066 percutitur,
2501 3992 2656 4063 quod
2685 3991 2857 4046 verbo
2872 3989 3094 4062 vulgari
3127 3989 3340 4045 dicitur
3367 3987 3764 4061 polyphthon-

2117 4098 2277 4155 gum.
2315 4085 2432 4136 Hoc
2463 4085 2551 4136 est
2581 4095 2716 4152 ergo
2748 4077 3116 4152 psalterium.
3140 4078 3244 4134 Hic
3272 4093 3409 4151 ergo
3435 4076 3766 4150 praecipitur

2117 4171 2312 4237 nobis,
2368 4173 2432 4224 ut
2487 4171 2546 4224 in
2603 4167 2828 4224 cantico
2886 4183 3032 4223 novo
3088 4183 3370 4223 canamus
3429 4166 3588 4233 Deo;
3645 4181 3760 4220 non

2117 4260 2392 4317 deorsum
2447 4259 2516 4314 de
2572 4257 2816 4326 cithara,
2873 4257 2974 4312 sed
3023 4257 3356 4323 desursum,
3415 4255 3524 4312 hoc
3581 4258 3666 4311 est
3701 4254 3761 4309 in

2117 4349 2413 4423 psalterio.

2192 4461 2220 4488 «
2251 4437 2396 4503 Quia
2425 4439 2572 4494 bene
2599 4436 2878 4510 placitum
2910 4439 2999 4493 est
3020 4434 3262 4491 Domino
3293 4435 3352 4490 in
3384 4431 3599 4506 populo
3629 4449 3759 4500 suo,

2117 4532 2176 4584 et
2202 4527 2473 4584 exaltavit
2503 4530 2839 4582 mansuetos
2896 4523 2956 4579 in
3004 4522 3274 4579 salutem.
3313 4545 3334 4570 ιι
3369 4523 3528 4578 Beati
3553 4523 3711 4578 mites
3740 4539 3757 4574 :

2115 4618 2375 4690 quoniam
2420 4617 2531 4686 ipsi
2575 4612 2922 4686 possidebunt
2963 4616 3168 4667 terram
3208 4609 3425 4682 (Matth.
3463 4626 3521 4676 v,
3575 4609 3649 4680 4).
3701 4608 3757 4663 Si

358 4715 508 4772 quos
537 4699 610 4755 ah
640 4717 708 4756 eo
728 4702 1078 4774 perversitas
1098 4701 1302 4776 iniqua
1333 4719 1450 4760 non
1481 4709 1747 4775 seperat;
1781 4706 2007 4779 quinos
2035 4724 2083 4790 Ι)
2115 4721 2252 4778 ergo
2282 4703 2360 4760 ibi
2393 4703 2628 4773 dicitur,
2661 4701 2814 4758 beati
2865 4700 3055 4770 mites,
3112 4699 3224 4756 hoc
3275 4703 3366 4755 est
3416 4697 3707 4754 mansueti
3740 4712 3754 4752 :

357 4788 635 4862 dignetur
662 4790 890 4847 tradere
944 4791 1003 4847 in
1037 4807 1282 4864 regnum
1314 4793 1430 4850 Deo
1479 4793 1655 4862 Patri,
1690 4798 1746 4850 et
1775 4796 2002 4852 confor-

359 4894 484 4934 mes
531 4878 758 4934 efficere
791 4878 1037 4936 claritati
1071 4881 1330 4954 corporis
1361 4881 1451 4937 sui
1485 4901 1501 4935 :
1534 4886 1597 4938 ut
1616 4884 1740 4955 jam
1776 4901 1887 4941 non
1952 4887 2004 4941 ei

358 4965 529 5022 locali
561 4971 618 5024 et
648 4968 982 5026 transitorio
1013 4973 1210 5042 cantu,
1263 4970 1361 5026 sed
1403 4975 1678 5044 perpetuo
1708 4977 1763 5028 et
1796 4973 2004 5030 immo-

360 5055 464 5112 bili
521 5055 772 5112 scelestis
827 5057 1098 5116 stationis
1157 5059 1395 5132 hymno,
1444 5061 1576 5134 jugi
1610 5061 2007 5120 modulatione

360 5162 642 5202 canamus
677 5162 690 5200 :
725 5147 864 5219 quia
891 5147 1002 5221 ipsi
1036 5153 1125 5206 est
1155 5164 1290 5204 cum
1331 5153 1544 5206 aeterno
1603 5151 1767 5208 Patre
1795 5156 1852 5207 et
1879 5151 2004 5224 Spi-

359 5234 477 5291 ritu
509 5239 710 5292 sancto
739 5235 926 5293 honor
955 5241 1012 5294 et
1043 5237 1228 5312 gloria
1259 5237 1317 5294 in
1381 5239 1592 5296 saecula
1649 5240 2003 5298 seculorum.

363 5329 564 5382 Amen.

884 5414 1212 5475 PSALMUS
1248 5417 1482 5475 CXLIX.

362 5505 474 5561 Iste
504 5502 773 5578 psalmus
800 5503 988 5561 lectus
1017 5509 1128 5576 est,
1170 5507 1272 5580 qui
1300 5507 1477 5565 habet
1504 5507 1561 5565 in
1597 5509 1882 5584 principio
1919 5529 1930 5566 :

425 5613 460 5642 ’‹‹
492 5593 733 5651 Cantate
759 5593 1009 5651 Domino
1065 5595 1356 5654 canticum
1401 5611 1636 5671 noyum.
1698 5619 1726 5650 νδ
1778 5599 1923 5664 Quia
1951 5604 2008 5656 et

360 5681 776 5755 nonagesimus
807 5682 1052 5756 quintus
1101 5684 1390 5757 psalmus,
1435 5687 1852 5761 nonagesimus
1882 5704 2006 5762 sep-

360 5769 539 5828 timus
564 5771 767 5829 eadem
800 5771 1018 5832 habent
1046 5772 1350 5848 principia.
1387 5777 1812 5851 Nonagesimus
1843 5779 2006 5852 quin-

2114 4793 2389 4867 quoniam
2423 4791 2807 4866 possidebunt
2828 4793 3130 4856 terram,et
3156 4789 3251 4845 hic
3272 4788 3484 4846 dicitur
3506 4805 3519 4843 :
3539 4811 3565 4838 «
3591 4785 3758 4844 Exalo

2115 4884 2257 4940 tavit
2277 4887 2616 4940 mansuetos
2645 4881 2703 4936 in
2737 4879 3016 4949 salutem;
3042 4902 3068 4928 »
3100 4882 3157 4936 et
3184 4878 3278 4935 isti
3314 4875 3606 4934 mansueti
3638 4875 3759 4930 bas-

2118 4973 2363 5030 reditate
2393 4971 2779 5045 possidebunt
2810 4975 3022 5026 terram
3057 4985 3069 5023 :
3104 4985 3239 5041 ergo
3298 4968 3411 5022 ista
3459 4970 3613 5021 terra
3641 4964 3756 5021 non

2115 5067 2206 5118 est
2233 5062 2531 5128 deorsum,
2565 5060 2665 5117 sed
2699 5060 3010 5116 desursum
3041 5062 3147 5114 est.
3180 5056 3326 5121 Quid
3357 5056 3514 5111 enim
3569 5053 3760 5109 dicit?

2116 5150 2400 5208 Exaltavit
2429 5153 2768 5206 mansuetos
2796 5149 2856 5204 in
2887 5147 3155 5205 salutem.
3189 5146 3248 5202 Si
3279 5145 3434 5201 enim
3467 5142 3758 5200 mansueti

2115 5239 2290 5297 istam
2319 5243 2537 5297 terram
2567 5237 2936 5310 possiderent
2981 5254 3108 5310 qum
3168 5237 3443 5299 deorsum
3475 5236 3583 5301 est,
3642 5249 3757 5288 non

2114 5330 2352 5400 diceret,
2385 5327 2676 5387 exaltavit.

2193 5441 2215 5469 α
2249 5419 2634 5477 Exsultabant
2660 5415 2848 5473 sancti
2882 5417 2937 5472 in
2971 5417 3179 5491 gloria.
3224 5438 3252 5465 »
3283 5415 3345 5472 In
3377 5431 3494 5487 qua
3523 5411 3708 5486 gloria
3731 5413 3760 5465 ‘I

2113 5507 2583 5582 Exsurge,gloria
2613 5521 3014 5579 mea,exsurge
3035 5504 3377 5578 psalterium
3406 5507 3463 5560 et
3489 5501 3753 5558 cithara:

2113 5613 2424 5670 exsurgam
2466 5594 2742 5653 diluculo.
2798 5596 2860 5650 In
2915 5611 3028 5664 qua
3056 5594 3290 5665 gloria?
3348 5591 3582 5650 Necdum
3609 5592 3759 5648 enim

2113 5691 2233 5744 erat
2260 5687 2486 5760 spiritus
2517 5687 2674 5742 datus
2727 5702 2745 5739 .·
2805 5685 2933 5756 quia
2961 5685 3116 5738 Iesus
3143 5683 3374 5738 necdum
3402 5683 3518 5737 erat
3546 5680 3754 5753 gloriﬁ-

2113 5781 2269 5834 catus
2297 5777 2474 5850 (Joan.
2524 5792 2621 5844 vn,
2657 5775 2768 5846 39),
2800 5773 2908 5832 hoc
2965 5777 3073 5838 est,
3105 5788 3218 5831 non
3268 5773 3392 5828 erat
3420 5769 3752 5828 cruciﬁxus.
