4244 6574
509 447 672 512 1343

2003 450 2424 519 APPENDIX.

3756 450 3913 514 l3“

579 605 610 634 «ι
639 583 1038 640 Exsultabunt.
1057 583 1248 642 sancti
1274 583 1334 642 in
1363 582 1568 658 gloria.
1607 607 1632 633 »
1665 585 1782 642 Hoc
1811 600 1946 658 ergo
1978 584 2106 640 dico
2139 602 2152 639 :
2184 586 2241 656 Α
2269 584 2368 641 Vis
2399 585 2681 658 populum
2711 584 3003 644 liberare?
3036 584 3350 658 magistros
3402 584 3541 658 liga.
3592 604 3621 634 ‹‹
3668 581 3755 639 Ad
3785 581 3915 640 alli-

509 672 888 734 euultabunt
920 675 1106 731 sancti
1136 674 1200 731 in
1228 691 1416 733 cruce.
1451 674 1584 731 Mihi
1626 679 1820 731 autem
1872 675 2014 731 absit
2039 675 2158 745 glo-

508 765 672 829 riari,
712 766 826 820 nisi
893 767 952 820 in
1014 781 1170 821 cruce
1238 767 1463 822 Domini
1527 767 1706 821 nostri
1762 767 1889 821 Iesu
1958 766 2160 822 Christi

509 851 710 923 (Galea.
742 869 818 908 vx.
851 855 963 926 14).
1009 855 1154 910 Ecce
1198 871 1334 910 voce
1381 854 1637 926 Apostoli
1667 853 1966 927 prophetia
2001 870 2159 910 com-

509 940 670 1014 plet-3
697 946 804 1000 est.
839 966 867 992 ί(
902 944 1195 1000 Lateutur
1223 944 1281 1000 in
1341 943 1632 1000 cubilibus
1683 943 1826 1001 suis.
1888 967 1916 993 ››
1948 944 2166 1002 Lavabo

502 1045 606 1103 per
632 1032 883 1100 singulas
911 1039 1087 1086 noctes
1119 1031 1314 1086 leclum
1342 1033 1834 1102 meumJacrymus
1863 1033 1997 1087 meis
2025 1039 2163 1086 stra-

507 1123 625 1175 tum
653 1135 837 1175 meum
868 1121 1058 1189 rigabo
1092 1121 1261 1190 (Psal.
1293 1137 1367 1183 v1,
1389 1123 1467 1190 7).
1503 1119 1651 1175 Illud
1684 1120 2003 1194 peccatoris
2031 1124 2121 1176 est
2147 1127 2160 1166 τ

510 1208 657 1266 illud
687 1209 1024 1280 pcenitentis
1056 1214 1164 1266 est.
1199 1209 1317 1270 Hoc
1341 1225 1474 1267 vero
1497 1210 1651 1281 quod
1683 1210 1918 1278 dicitur,
1964 1233 1991 1260 «
2045 1215 2158 1262 Lae-

509 1297 883 1364 tabuntur,in
907 1297 1207 1358 cubilibus
1227 1298 1404 1370 suis,»
1442 1299 1514 1354 ad
1547 1303 1781 1356 sanctos
1813 1299 2160 1371 pertinet,ad

503 1387 700 1459 justus
758 1388 1030 1460 pertinet.
1091 1388 1232 1456 Quis
1262 1389 1333 1443 de
1363 1389 1534 1447 nobis
1562 1388 1620 1449 in
1653 1388 1828 1444 cubili
1864 1406 1970 1444 suo
1999 1387 2162 1444 lenta-

510 1476 647 1532 tur?
677 1475 816 1543 Quis
848 1495 962 1538 non
1009 1481 1230 1551 pugnat
1259 1494 1395 1535 cum
1425 1495 1599 1534 carne
1637 1479 1791 1534 sua?
1822 1479 1938 1550 Ego
1969 1494 2102 1534 cum
2135 1494 2166 1532 e

510 1563 726 1625 lectulo
755 1584 883 1624 meo
919 1568 1256 1640 vigilavero,
1280 1586 1393 1626 non
1423 1568 1606 1634 laetor,
1641 1569 1741 1624 sed
1775 1585 1971 1641 pugno
2005 1585 2018 1624 ε
2049 1584 2164 1622 non

509 1671 754 1728 regnum
785 1656 1066 1714 ccelorum
1099 1657 1355 1730 suspiro,
1415 1659 1514 1715 sed
1573 1675 1706 1715 cum
1741 1675 1914 1718 carne
1945 1675 2162 1731 pugno.

509 1747 846 1806 Incendium
881 1747 1075 1804 carnis
1107 1749 1231 1820 rigo
1261 1747 1556 1821 lacrymis,
1583 1753 1640 1804 et
1670 1749 2001 1821 exstinguo.
2035 1751 2169 1805 Pro-

513 1839 713 1908 pterea
743 1837 1011 1893 diciturzu
1047 1839 1269 1894 Lavabo
1303 1855 1407 1910 per
1427 1837 1692 1911 singulas
1723 1843 1922 1896 noctes
1949 1839 2164 1896 lectum

2266 676 2492 746 gandos
2522 693 2705 750 reges.
2743 701 2769 726 »
2799 677 2926 734 Non
2954 675 3178 733 vocavit
3205 675 3539 748 magistros,
3594 673 3693 732 sed
3737 689 3912 744 reges.

2273 763 2540 837 Begnnnt
2571 767 2728 822 enim
2761 767 2817 822 in
2851 765 3103 840 peccatis
3131 770 3186 822 et
3229 763 3484 825 miseriis
3513 779 3736 822 eorum.
3770 786 3796 812 «
3832 763 3912 818 Ad

2272 853 2600 927 alligandos
2659 873 2824 928 reges
2882 872 3084 912 eorum
3141 855 3199 910 in
3258 853 3658 926 compedibus.
3709 873 3732 903 ι
3769 857 3916 908 Bene

2271 943 2435 1012 dixit,
2473 965 2493 992 α
2521 945 2579 1001 in
2612 945 3016 1016 compedibus,
3051 969 3078 995 ››
3112 962 3184 1002 ne
3209 943 3476 1016 magistri
3508 941 3758 1001 multum
3789 959 3918 996 cur-

2271 1038 2466 1090 rerent
2497 1049 2510 1087 :
2547 1051 2618 1090 ne
2651 1033 2872 1090 multos
2926 1034 3260 1105 deciperent
3291 1049 3304 1087 :
3339 1032 3441 1090 sed
3470 1031 3818 1102 colligantur
3863 1034 3919 1085 et

2273 1127 2447 1180 stent.
2483 1147 2508 1173 ‹‹
2546 1125 2615 1179 Et
2645 1122 2873 1180 nobiles
2897 1139 3098 1183 eorum
3132 1123 3189 1178 in
3224 1121 3472 1178 manicis
3502 1119 3718 1179 ferreis.
3753 1143 3779 1169 »
3813 1120 3920 1174 No-

2273 1211 2422 1268 biles
2450 1229 2654 1270 eorum
2683 1212 2884 1272 videas
2914 1213 3064 1270 inter
3094 1211 3404 1268 haereticos
3428 1209 3618 1268 dicere
3650 1227 3663 1264 :
3690 1209 3802 1266 Iste
3833 1209 3919 1263 vir

2272 1301 2480 1358 doctus
2511 1307 2599 1358 est
2633 1319 2645 1356 :
2679 1301 2778 1360 ille
2810 1301 2980 1374 signa
3012 1301 3148 1358 facit
3206 1318 3219 1358 :
3284 1300 3392 1360 iste
3421 1300 3722 1360 daemones.
3743 1298 3916 1368 ejicit.
3943 1321 3956 1333 -

2271 1391 2463 1448 Sancti
2497 1391 2749 1460 Domini,
2780 1392 2922 1463 quia
2967 1390 3187 1450 habent
3213 1388 3441 1462 gladios
3480 1385 3781 1461 ancipites,
3813 1385 3922 1444 boc

2274 1467 2382 1550 est,
2406 1481 2656 1539 duorum
2689 1481 2972 1553 capitum,
3003 1485 3060 1538 et
3089 1481 3158 1536 de
3188 1478 3402 1545 Veteri,
3433 1483 3491 1533 et
3516 1478 3588 1534 de
3616 1476 3772 1534 Novo
3809 1477 3918 1534 Te-

2276 1571 2782 1644 stamento,ligant
2803 1570 2936 1627 illos
2951 1571 3349 1642 magistros,et
3368 1567 3725 1640 praepediant
3747 1567 3920 1637 pedes

2276 1661 2560 1733 ipsorum,
2586 1677 2658 1718 ne
2691 1661 3201 1732 possint-currere.
3234 1683 3254 1707 α
3289 1660 3359 1715 Et
3388 1656 3612 1716 nobiles
3642 1672 3835 1713 eorum
3861 1656 3919 1710 in

2278 1751 2527 1812 manicis
2549 1750 2775 1806 ferreis.
2813 1773 2838 1799 ››
2875 1751 3097 1821 ligant,
3122 1767 3236 1808 non
3269 1748 3580 1813 occidunt;
3611 1763 3726 1806 non
3752 1746 3922 1802 inter-

2277 1840 2503 1908 ficiunt,
2537 1841 2638 1897 sed
2667 1839 2873 1913 ligant.
2905 1840 3185 1898 Vinciunt
3214 1842 3514 1904 manus,et
3539 1836 3794 1909 captivos
3814 1835 3920 1892 du-

511 1940 710 1982 meum
743 1943 758 1984 :
789 1925 1065 1998 lacrymis
1089 1927 1238 1983 meis
1273 1931 1524 1984 stratum
1556 1945 1752 1985 meum
1785 1929 2158 2002 rigabo.»Le-
2190 1965 2238 2030 Β
2277 1933 2419 1986 cunt
2447 1930 2518 1987 ad
2542 1929 2861 1992 Ecclesium
2887 1928 3137 1988 vinculis
3159 1928 3380 1986 ferreis.
3411 1931 3633 1983 Catenis
3661 1925 3782 1980 istae
3805 1940 3917 1980 non

510 2013 706 2072 alubis
735 2031 922 2082 meus,
955 2014 1053 2088 qui
1085 2018 1249 2073 ardet
1277 2016 1538 2082 libidine,
1589 2018 1948 2093 extinguitur
1975 2018 2155 2092 lacry-

508 2103 642 2161 mis.
675 2103 892 2162 Felices
923 2105 1040 2176 isti,
1100 2107 1170 2162 de
1229 2107 1443 2179 quibus
1474 2107 1690 2164 dicitur
1721 2125 1734 2163 :
1784 2109 2154 2166 Laetabuntur

505 2192 564 2247 in
599 2193 894 2250 cubilibus
925 2195 1070 2251 suis.

573 2305 602 2331 ‹‹
639 2282 1074 2341 Exsultationes
1106 2284 1205 2342 Dei
1239 2285 1297 2342 in
1328 2291 1570 2358 gutture
1623 2304 1846 2345 eorum.
1883 2311 1910 2338 ››
1945 2289 2154 2360 Utique

501 2371 601 2442 qui
633 2370 869 2440 clamat,
905 2390 1022 2431 non
1049 2373 1108 2430 in
1140 2379 1378 2446 gutture
1407 2376 1641 2446 clamat,
1666 2378 1766 2434 sed
1795 2377 1858 2434 in
1885 2377 2156 2435 labiis.Et

503 2461 801 2532 quomodo
855 2461 1015 2532 dicit,
1078 2487 1106 2514 ‹‹
1166 2463 1596 2524 Exsultationes
1654 2467 1753 2522 Dei
1815 2467 1872 2523 in
1916 2471 2153 2539 gutture

503 2551 782 2610 eorum?»
803 2549 1138 2609 Clamantes
1169 2553 1228 2608 in
1261 2554 1534 2613 cordibus
1557 2555 2156 2630 nostris,Abba,pater

502 2640 679 2711 (Rom.
712 2657 830 2711 vui,
855 2642 972 2713 45).
1005 2645 1132 2700 Mox
1162 2659 1292 2716 quae
1321 2643 1536 2702 clamat
1575 2646 1645 2700 ad
1678 2645 1883 2712 Deum,
1919 2663 2033 2704 non
2065 2651 2154 2703 est

500 2727 814 2798 lebiorum,
839 2732 942 2788 sed
971 2732 1165 2789 cordis
1184 2737 1292 2789 est.
1318 2733 1580 2808 Denique
1601 2735 1742 2791 dicit
1771 2736 2056 2792 Dominus
2080 2738 2150 2792 ad

505 2818 742 2894 Moysen
778 2838 790 2875 :
827 2822 984 2894 Quid
1036 2823 1239 2880 clamas
1298 2824 1390 2882 ad'
1423 2841 1510 2880 me
1563 2825 1758 2894 (Exod.
1824 2843 1934 2897 xiv,
1997 2828 2084 2896 15)
2125 2828 2153 2881 ‘2

503 2907 668 2966 Certe
697 2910 922 2984 Moyses
951 2911 1098 2968 nihil
1130 2913 1372 2971 dixerat.
1409 2939 1434 2963 «
1470 2916 1539 2970 Et
1566 2915 1742 2988 gladii
1776 2916 2061 2990 ancipites
2092 2917 2153 2972 in

503 2997 786 3056 man-ibus
808 3014 1033 3056 eorum.
1071 3023 1097 3050 »
1130 3000 1423 3073 Istud,qui
1445 3001 1740 3060 exsultant
1769 3002 1828 3059 in
1859 3002 2154 3060 cubilibus

501 3085 646 3151 suis.
679 3087 754 3142 de
782 3088 1000 3146 sanctis
1031 3088 1263 3156 dicitur,
1319 3091 1391 3147 de
1420 3091 1689 3162 perfectis
1745 3091 1888 3148 viris
1915 3092 2150 3161 dicitur,

501 3175 646 3247 quid
669 3175 886 3233 habent
909 3176 1070 3233 aliud
1094 3179 1208 3236 'lEl:
1227 3177 1454 3251 gladios
1477 3179 1759 3252 ancipites
1786 3181 1848 3236 in
1876 3181 2152 3238 manibus

499 3263 645 3324 suis.
680 3263 872 3322 Gladii
919 3271 1254 3326 sanctorum
1286 3269 1570 3342 ancipites
1616 3271 2060 3344 sunt.Legimus
2091 3272 2152 3326 in

497 3354 844 3428 Apocalypsi
873 3355 1142 3424 Joannis,
1175 3375 1300 3430 quae
1334 3359 1393 3415 in
1435 3359 1707 3416 Ecclesiis
1736 3342 2032 3433 legit—uiget
2061 3379 2146 3417 re-
2181 3342 2226 3410 (ἶ

501 3442 718 3515 cipitur
768 3446 982 3518 (neque
1037 3447 1195 3503 enim
1234 3448 1387 3504 inter
1413 3450 1777 3524 apeorypbas
1825 3451 2154 3523 Scripturas

498 3531 768 3602 habetur,
802 3535 904 3592 sed
934 3535 1088 3593 inter
1141 3537 1610 3610 ecclesiasticas),
1661 3540 1877 3596 dicitur
1905 3557 2042 3614 ergo
2070 3540 2152 3596 ibi

496 3622 576 3680 de
599 3623 848 3680 Domino
877 3625 1174 3683 Salvatore
1202 3644 1214 3680 :
1246 3629 1306 3684 Et
1336 3629 1577 3698 gladius,
1619 3629 1833 3701 inquit,
1893 3647 1963 3686 ea:
1990 3636 2150 3686 utra-

497 3727 608 3783 que
629 3720 788 3782 parte
815 3720 1006 3771 acum
1063 3715 1446 3784 egrediebatur
1501 3718 1566 3774 de
1622 3735 1712 3774 ore
1748 3721 1863 3782 eius
1893 3720 2074 3792 (Apoc.
2111 3738 2151 3789 1,

497 3801 608 3871 1.6).
641 3800 818 3859 Vrides
846 3817 987 3875 ergo
1013 3820 1130 3874 quo
1160 3803 1260 3860 isti
1289 3805 1476 3862 sancti
1532 3807 1760 3879 gladios
1815 3808 1960 3864 istos
1991 3808 2151 3864 auci-

499 3889 828 3961 pitestquos
859 3891 1075 3948 habent
1103 3893 1161 3950 in
1199 3893 1492 3966 manibus,
1526 3896 1599 3952 de
1628 3912 1725 3952 ore
1757 3896 1988 3954 Domini
2020 3914 2150 3953 sus-

501 3984 784 4052 ceperunt
805 3980 838 4034 ‘?‘
861 3981 1149 4039 Dominus
1179 4000 1316 4057 ergo
1349 3983 1576 4059 gladios
1606 3986 1677 4041 de
1705 4003 1802 4042 ore
1833 4003 1940 4042 suo
1972 3987 2153 4045 donat

497 4069 719 4126 sanctis
744 4070 896 4127 suis.
917 4071 1189 4130 Gladium
1223 4075 1674 4148 ancipitem,boc
1705 4080 2150 4146 est,sermonem

499 4157 778 4218 doctrina
835 4176 977 4217 suae.
1035 4161 1308 4219 Gladium
1363 4164 1700 4237 ancipitem,
1735 4170 1790 4220 et
1823 4166 2150 4222 secundum

497 4245 830 4316 historiam,
864 4253 922 4304 et
953 4251 1275 4307 secundum
1337 4252 1694 4326 allegoriam,
1740 4260 1798 4309 et
1826 4255 2152 4312 secundum

497 4334 848 4405 litteram,et
868 4340 1192 4396 secundum
1216 4341 1763 4414 spiritum,Gladius
1784 4344 1894 4400 iste
1913 4361 2150 4416 anceps,

501 4428 620 4485 duo
651 4427 844 4499 capita
874 4427 1068 4501 habet,
1102 4435 1159 4486 et
1189 4431 1266 4488 de
1318 4432 1586 4504 praesenti
1627 4431 1838 4489 saeculo
1867 4433 2150 4505 loquitur,

502 4519 561 4571 et
588 4515 664 4572 de
690 4516 910 4573 futuro.
942 4517 1130 4576 Ethic
1161 4519 1372 4577 occidit
1401 4522 1786 4589 adversarios,
1834 4527 1892 4578 et
1919 4522 1978 4578 in
2009 4523 2153 4580 coelo

504 4603 696 4676 aperit
723 4621 902 4678 regna
931 4608 1230 4666 scelerum.
1263 4610 1502 4668 Gladios
1549 4611 1694 4667 istos
1726 4628 1906 4684 quare
1937 4611 2155 4669 habent

503 4691 692 4786 sancti
717 4697 738 4748 Ρ
767 4697 919 4786 «AAd
948 4697 1273 4756 faciendam
1303 4700 1930 4773 vindictam,inquit,in
1964 4702 2149 4757 natio-
2182 4717 2227 4786 Ι)

505 4779 700 4837 nibus.
739 4804 765 4831 ››
800 4781 844 4838 Ο
875 4785 921 4839 si
955 4801 1062 4857 ego
1089 4787 1350 4860 gladium
1393 4791 1570 4845 istum
1596 4790 1914 4862 ancipitem
1943 4789 2157 4847 habere

502 4887 761 4943 possem,
785 4877 850 4929 ut
885 4873 1200 4932 vindictam
1233 4878 1418 4936 facere
1447 4895 1682 4952 possem
1705 4880 1764 4936 in
1797 4879 2154 4950 nationibus,

501 4967 705 5034 gon-tes
737 4981 970 5037 possem
1009 4967 1370 5032 interficere;
1419 4969 1622 5025 Arium
1655 4986 1924 5042 possem;
1960 4970 2148 5025 Euno-

503 5051 690 5108 mium
752 5072 1025 5127 possem;
1061 5059 1442 5115 Manicbamm
1503 5077 1734 5131 possem
1773 5077 1787 5125 ;
1849 5059 2150 5116 universas

500 5139 751 5199 hareses
783 5147 1053 5216 possem!
1091 5153 1153 5203 Et
1203 5149 1397 5206 videte
1453 5150 1592 5222 quid
1652 5149 1808 5206 dicat
1839 5167 1852 5205 :
1886 5173 1913 5198 ‹‹
1947 5150 2031 5205 Ad
2064 5149 2146 5207 fa-

498 5231 764 5290 ciendam
792 5234 1108 5295 vindictam
1143 5239 1201 5293 in
1235 5239 1590 5296 nationibus.
1627 5262 1654 5290 n
1688 5241 1760 5300 Ut
1784 5239 2146 5306 occidantur,

499 5326 556 5378 et
583 5327 864 5396 pereant?
893 5327 1016 5383 Non
1071 5328 1180 5384 hoc
1218 5329 1378 5385 dicit.
1416 5352 1442 5380 ‹‹
1476 5329 1906 5402 Increpationes
1945 5327 2004 5383 in
2046 5346 2149 5400 po-

496 5414 734 5484 pulis.-»
767 5416 1049 5489 Increpat,
1082 5423 1148 5474 ut
1175 5418 1476 5476 salvantur
1528 5418 1752 5492 populi.
1813 5417 2145 5484 Salventur,

494 5503 592 5572 qui
619 5505 839 5562 inducti
874 5511 1016 5564 sunt
1043 5524 1077 5562 a
1107 5507 1280 5564 malis
1309 5508 1764 5581 magistris.Non
1798 5511 1992 5564 autem
2017 5523 2147 5579 pos-

495 5597 637 5648 sunt
664 5595 864 5668 populi
892 5596 1150 5669 liberari,
1183 5599 1297 5654 nisi
1327 5597 1596 5670 magistri
1629 5597 1874 5670 obligati
1905 5596 2140 5654 fuerint.

497 5678 660 5738 Unde
689 5687 957 5756 sequitur
997 5707 1010 5744 :

573 5797 593 5825 α
628 5776 708 5832 Ad
743 5776 1073 5849 alligandos
1102 5795 1268 5854 reges
1326 5798 1528 5838 eorum
1588 5779 1645 5834 in
1677 5776 2079 5852 compedibus.
2115 5798 2143 5825 ››

2267 2021 2418 2080 fiunt
2447 2019 2561 2077 nisi
2592 2020 2664 2076 de
2714 2018 3070 2076 testimoniis
3149 2017 3583 2090 Scripturarum
3611 2031 3623 2069 :
3659 2014 3799 2076 dum
3831 2017 3917 2068 te-

2263 2107 2605 2168 stimonium
2629 2109 2817 2181 jungo
2839 2105 3265 2168 testimonio.Si
3296 2105 3384 2164 vis
3416 2108 3481 2162 ut
3509 2121 3624 2162 nen
3642 2119 3912 2174 rumpan-

2264 2203 2361 2254 tur
2392 2199 2514 2254 istas
2545 2203 2785 2265 catenae,
2818 2214 2934 2258 non
2967 2198 3085 2254 sint
3115 2195 3436 2268 simplices,
3471 2194 3568 2250 sed
3615 2192 3748 2249 hinc
3778 2192 3914 2248 inde

2264 2293 2542 2346 contexta
2596 2306 2609 2344 :
2669 2288 2970 2346 Funimdm
3029 2288 3180 2344 enim
3239 2285 3442 2357 triplex
3500 2301 3610 2340 non
3638 2283 3916 2353 rumpitur

2262 2378 2457 2447 (Eccle.
2496 2395 2568 2447 ιν,
2605 2379 2714 2445 12).
2751 2378 2866 2434 Hoc
2897 2381 3091 2434 autem
3122 2379 3314 2432 totum
3345 2388 3532 2446 quare
3561 2371 3668 2428 ﬁt?

2341 2488 2364 2517 ι
2397 2467 2471 2524 Ut
2502 2466 2804 2524 facientia
2836 2464 3226 2537 eisjudicium
3258 2462 3671 2534 conscriptum.
3707 2482 3738 2508 ››
3765 2459 3908 2526 Quid

2262 2561 2352 2615 est
2372 2556 2665 2628 judicium
2699 2554 3098 2626 conscriptum
3123 2553 3150 2609 ‘2
3182 2553 3256 2610 Ut
3277 2552 3377 2625 qui
3399 2550 3654 2625 primum
3680 2564 3916 2620 negave—

2263 2651 2396 2704 rant
2450 2646 2656 2716 Deum,
2718 2648 3084 2703 revertantur
3140 2647 3344 2716 postea
3372 2641 3444 2707 ad
3486 2638 3903 2712 paenitentiam.

2260 2735 2558 2794 Judicium
2591 2734 3009 2808 con-scriptum,
3048 2737 3112 2790 ut
3141 2732 3400 2805 captivus
3425 2747 3566 2790 suos
3593 2727 3909 2797 solvant,ut

2263 2843 2410 2899 quos
2442 2825 2784 2898 ligaverunt,
2814 2828 2870 2880 et
2917 2841 3064 2896 quos
3123 2823 3199 2880 ab
3229 2819 3484 2883 Ecclesia
3512 2819 3816 2886 duxerant,
3849 2816 3906 2870 in

2262 2915 2519 2976 Ecclesia
2547 2919 2750 2987 postea
2775 2912 3115 2974 dissolvent.
3151 2934 3178 2960 ››
3210 2911 3283 2968 Ut
3311 2909 3530 2968 faciant
3556 2907 3616 2966 in
3645 2906 3736 2970 eis,-
3749 2905 3912 2976 judi~

2261 3007 2419 3064 cium
2451 3003 2867 3076 conscriptum.
2907 3025 2933 3051 ››
2962 3002 3172 3060 Verbis
3191 2998 3648 3073 simplicioribus
3679 2995 3908 3068 loquor,

2261 3094 2370 3155 hoc
2401 3099 2510 3163 est,
2547 3097 2610 3149 ut
2637 3093 2722 3151 sic
2751 3109 2850 3150 eos
2873 3091 3161 3162 judicent,
3195 3089 3489 3163 quomodo
3511 3087 3572 3146 in
3599 3083 3908 3158 Scripturis

2260 3184 2479 3241 sanctis
2511 3183 2804 3255 digestum
2870 3186 2979 3242 est.
3046 3179 3300 3242 «Gloria
3352 3178 3474 3235 hac
3502 3180 3590 3236 est
3638 3173 3873 3234 omnibs

2259 3273 2481 3334 sanctis
2513 3273 2661 3344 ejus.
2700 3293 2726 3328 α
2755 3271 2904 3330 Vere
2933 3287 3052 3329 non
3081 3269 3269 3343 gloria
3291 3272 3401 3335 est,
3432 3266 3535 3324 ubi
3563 3269 3650 3326 est
3678 3279 3905 3330 aurum,

2263 3362 2364 3421 ubi
2395 3367 2486 3420 est
2515 3361 2962 3435 argentum,ubi
2991 3377 3260 3434 gemma,
3278 3358 3380 3418 ubi
3408 3356 3759 3418 vestimenta.
3772 3358 3909 3412 sunt

2262 3451 2467 3512 serica.
2500 3452 2850 3523 Quicunque
2881 3451 3060 3510 habet
3112 3449 3261 3506 istos
3288 3446 3534 3521 gladios,
3567 3443 3709 3516 quid
3738 3442 3910 3500 habet

2261 3540 2420 3598 aliud
2453 3539 2856 3599 necessarium
2877 3540 2905 3598 ?
2939 3539 3078 3597 Vide
3137 3537 3236 3611 qui
3268 3538 3446 3597 dicit:
3478 3558 3506 3586 α
3539 3532 3732 3590 Gloria
3784 3531 3904 3590 hac

2261 3635 2350 3687 est
2405 3630 2682 3688 omnibus
2741 3629 2964 3688 sanctis
3017 3629 3166 3700 ejus.
3203 3651 3224 3676 ι
3267 3628 3560 3700 Rogemus
3610 3623 3813 3685 Deum.
3844 3623 3908 3680 ut

2260 3717 2410 3776 hanc
2441 3717 2770 3776 habeamus
2797 3715 3046 3789 gloriam
3078 3734 3097 3770 :
3128 3719 3198 3774 ut,
3222 3713 3453 3788 gladius
3503 3713 3576 3770 de
3603 3726 3698 3768 ore
3728 3707 3909 3770 nostri

2261 3805 2578 3862 Salvatoris
2607 3806 2937 3878 egrediens,
2998 3809 3188 3860 armet
3235 3807 3468 3859 nostras
3516 3815 3741 3858 manus.
3799 3796 3903 3863 Qui

2261 3895 2419 3960 hanc
2445 3895 2801 3967 romphacam
2835 3894 3030 3959 habet.
3055 3891 3253 3952 saeculi
3282 3890 3544 3965 gladium
3577 3905 3688 3948 non
3718 3888 3902 3944 timet.

2259 3982 2396 4046 item
2428 3982 2594 4044 vobis
2625 3981 2755 4042 dico
2814 3997 3046 4040 novam.
3083 3982 3437 4053 Frequenter
3478 3977 3710 4051 gladius
3737 3974 3904 4040 istius

2259 4071 2454 4132 saeculi
2511 4071 2766 4130 concidit
2816 4069 2983 4132 illum
3030 4070 3315 4143 gladium.
3345 4071 3696 4139 Frequenter
3721 4064 3907 4122 evenit

2259 4167 2326 4218 ut
2355 4161 2551 4218 saeculi
2577 4180 2594 4229 ;
2624 4161 2857 4234 gladius
2889 4163 3065 4218 donet
3117 4158 3286 4220 nobis
3313 4157 3481 4214 illum
3514 4155 3793 4230 gladium.
3844 4153 3902 4210 Si

2259 4252 2416 4307 enim
2474 4251 2651 4306 istum
2711 4249 3106 4319 timuerimus,
3165 4248 3332 4304 illum
3387 4263 3506 4304 non
3533 4245 3902 4318 accipiemus.

2259 4340 2493 4400 Gratias
2520 4339 2700 4413 igitur
2728 4355 2979 4412 agamus
3001 4339 3052 4395 ei
3083 4337 3184 4410 qui
3211 4337 3390 4394 habet
3446 4333 3907 4408 istumglad’ium,

2261 4434 2318 4490 at
2348 4429 2766 4490 benedicamus
2793 4445 2929 4484 eum
2960 4428 3019 4484 in
3052 4425 3266 4485 saecula
3288 4425 3652 4486 saeculorum.
3675 4425 3874 4482 Amen.

2842 4545 2970 4599 PSA
2982 4543 3173 4600 LMUS
3229 4542 3335 4598 CL.

2263 4638 2524 4694 Alleluia.
2565 4637 2675 4691 Iste
2734 4632 3181 4712 psalmustertii
3211 4627 3694 4712 quinquagenarii
3725 4626 3901 4712 copti-

2335 4713 2434 4785 ne_t
2463 4699 2920 4785 sacramentum,
3063 4708 3172 4774 est,
3415 4699 3641 4785 primus
3671 4716 3771 4773 per
3798 4699 3904 4755 ba-

2337 4781 2616 4851 ptismum
2651 4786 2707 4834 et
2738 4776 3137 4851 pcenitentiam
3162 4775 3232 4832 ad
3252 4775 3603 4851 innocentia
3620 4788 3725 4851 ops
3753 4785 3908 4851 rege.

2340 4844 2506 4926 norat
2532 4844 2754 4926 bonum
2788 4844 2804 4904 ε’
2833 4848 3149 4926 secundus,
3175 4845 3630 4926 postjudicium
3650 4844 3901 4926 fructum

2335 4921 2679 4980 innocentiae
2711 4919 3155 4993 comprehendit
3177 4915 3194 4974 Ξ
3214 4915 3675 4990 tertius,expleta
3704 4915 3903 4993 divina:

2333 4995 2588 5050 civitatis
2644 4986 3044 5062 aediﬁcatione,
3103 4994 3161 5048 et
3208 4986 3614 5062 consummata
3643 4986 3902 5062 omnium

2333 5071 2674 5144 sanctorum
2723 5081 2846 5137 spe,
2880 5065 2952 5122 ad
2987 5057 3279 5144 cateruam
3302 5060 3750 5144 gratulationem
3778 5057 3902 5113 lau-

2331 5135 2886 5209 dati-onemque'nos
2915 5135 3272 5194 exhortatur.
3305 5135 3396 5194 Ait
3422 5135 3576 5198 enim
3617 5148 3631 5189 :

2331 5263 2358 5288 ‹‹
2395 5237 2647 5294 Laudato
2700 5233 3016 5294 Dominum
3072 5233 3130 5290 in
3180 5231 3399 5292 sanctis
3428 5232 3578 5304 ejus.
3611 5251 3639 5282 »
3671 5227 3778 5295 Qui
3805 5243 3906 5286 eos

2258 5332 2389 5402 post
2419 5326 2778 5383 celebratum
2804 5321 3186 5396 j'udicium,in
3215 5319 3555 5378 aaternitatis
3581 5316 3768 5392 gloria
3793 5315 3903 5372 col-

2254 5417 2489 5474 locabit.
3334 5426 3338 5429 '

2329 5529 2358 5556 ‹‹
2392 5505 2647 5564 Laudato.
2674 5519 2808 5566 eum
2825 5503 2906 5564 in
2931 5501 3314 5574 ﬁrmamento.
3334 5497 3568 5562 manu
3595 5497 3744 5569 ejus.
3776 5516 3802 5544 ιι
3821 5494 3903 5560 Eo

2256 5596 2433 5670 quod,
2465 5594 2624 5652 omni
2679 5593 3028 5654 inﬁrmitate
3054 5589 3308 5661 sublata,
3341 5589 3778 5653 ﬂmameatum
3809 5582 3902 5644 his

2254 5689 2480 5742 aeternae
2508 5683 2741 5740 virtut-is
2767 5681 3065 5740 invexerit.

2327 5800 2354 5828 ‹‹
2390 5773 2643 5834 Laudate
2667 5788 2808 5832 eum
2836 5771 2896 5828 in
2924 5771 3240 5832 virtutibus
3267 5770 3416 5841 ejus.
3449 5789 3485 5821 »ι
3509 5767 3615 5828 Pro
3645 5783 3714 5826 eo
3743 5764 3898 5840 quod
