4244 6574
377 429 529 487 1345

1565 419 2060 487 BREVIABIUM
2109 427 2184 486 IN
2232 423 2613 489 PSALMOS.

3619 430 3778 496 +346

379 561 622 614 mortem
649 551 1092 612 immortalitate
1118 555 1511 627 potentialiter
1535 573 1906 624 consumens,
1933 557 2020 612 in-
2046 559 2105 625 Α
2135 558 2741 629 concupiscentiisque
2765 559 2966 616 evictis
2987 561 3342 632 carnalibus,
3365 563 3526 636 digni
3557 564 3775 621 inventi

371 645 811 704 commutabilis
832 646 961 702 vitae
982 645 1069 700 eis
1091 645 1363 700 tribuerit
1382 643 1632 717 gloriam
1661 663 1673 701 :
1707 663 1886 718 quam
1919 661 2022 701 nec

279 760 282 763 ·
379 737 582 793 oculus
608 735 772 801 vidit,
803 749 908 790 nec
939 733 1097 790 a’uris
1137 733 1377 804 audivit,
1411 749 1516 788 nec
1549 734 1606 789 in
1638 751 1736 790 cor
1766 735 2022 790 hominis

376 826 643 882 ascendit
689 825 736 896 (1
767 823 890 880 Cor.
926 841 987 893 ιι,
1017 823 1095 895 9).
1147 845 1175 874 «
1209 823 1466 879 Laudate
1514 840 1649 878 eum
1698 825 2022 880 secundum

375 913 820 971 multitudinem
849 911 1275 986 magnitudinis
1297 913 1447 984 ejus.
1473 933 1500 962 »
1533 912 1680 978 Quia
1703 912 2022 970 multifario

371 1005 592 1060 honore
647 1004 962 1058 distinctas
1020 1001 1346 1058 cmlestium
1404 1015 1714 1074 corporum
1781 1003 2023 1073 deputat

373 1092 732 1157 mansiones,
758 1092 910 1147 sicut
938 1091 1224 1147 Dominus
1253 1091 1335 1147 ait
1363 1109 1374 1147 :
1407 1091 1566 1162 Apud
1583 1095 1808 1148 Patrem
1837 1105 2022 1146 meum

373 1183 558 1238 multae
583 1183 896 1236 mansiones
926 1189 1054 1236 sunt
1085 1182 1258 1252 (Joan.
1291 1197 1406 1249 xxv,
1444 1184 1520 1251 2).

439 1294 479 1322 -«
509 1272 765 1328 Laudate
797 1286 932 1326 eum
963 1271 1023 1325 in
1057 1285 1200 1326 sono
1231 1271 1404 1325 tubae.
1443 1293 1464 1319 ι
1503 1275 1564 1324 In
1601 1285 1713 1341 quo
1743 1269 1894 1324 bello
1925 1285 2018 1324 oc-

377 1361 480 1416 cisi
521 1360 830 1417 vicerunt:
882 1364 1215 1415 conterente
1274 1359 1522 1414 Domino
1583 1359 1859 1413 Satanam
1909 1358 2018 1412 sub

376 1450 622 1523 pedibus
651 1465 852 1505 eorum
903 1451 1076 1521 (Rom.
1109 1463 1224 1515 xvr,
1256 1449 1367 1518 20).
1422 1470 1449 1496 ‹‹
1484 1449 1736 1503 Laudate
1779 1464 1914 1503 eum
1959 1447 2019 1502 in

371 1539 654 1610 psalterio
676 1543 731 1593 et
755 1538 998 1594 cithara.
1027 1561 1048 1589 ι
1081 1537 1157 1592 Eo
1180 1537 1335 1608 quod
1359 1537 1443 1592 eis
1463 1537 1549 1592 vel
1578 1537 1648 1592 de
1669 1537 1812 1592 coelo
1837 1535 2020 1592 canti-

375 1641 510 1684 cum
532 1626 677 1701 legis
701 1626 944 1694 implere
966 1625 1326 1698 praestiterit:
1347 1625 1434 1681 vel
1459 1629 1590 1697 post
1609 1625 2020 1681 mortiﬁcatam

373 1731 609 1773 carnem
636 1731 764 1789 quae
792 1716 1016 1771 cithara
1044 1714 1344 1786 accipitur,
1370 1714 1429 1769 in
1461 1729 1522 1770 se
1554 1714 1946 1769 viviﬁcaverit.

445 1830 472 1856 ‹‹
509 1806 767 1862 Laudate
796 1821 931 1860 eum
963 1805 1018 1859 in
1053 1809 1326 1877 tympano
1357 1809 1412 1859 et
1443 1802 1641 1858 choro.
1681 1825 1708 1852 ››
1759 1803 1822 1857 In
1866 1807 2020 1874 tym-

372 1911 545 1966 pano,
578 1895 732 1966 quod
765 1893 1182 1950 mortiﬁcatum
1227 1898 1439 1964 corpus
1471 1893 1546 1948 sit
1579 1891 2020 1948 immortalitate
2049 1931 2054 1936 ο

367 1985 675 2039 donatum.
734 1983 796 2036 In
845 1982 1042 2051 choro,
1079 1982 1232 2054 quod
1265 1981 1462 2037 choris
1491 1981 1571 2038 sit
1599 1981 1877 2054 angelicis
1927 1998 2019 2037 so-

369 2072 612 2128 ciatum.
649 2095 670 2124 ι
731 2071 989 2126 Laudate
1042 2087 1175 2126 eum
1227 2072 1286 2126 in
1335 2070 1570 2127 chordis
1614 2075 1672 2126 et
1719 2085 1958 2142 organo.
1990 2093 2018 2120 »

371 2161 537 2224 Quod
561 2173 663 2233 per
683 2160 950 2216 ciborum
980 2160 1399 2216 abstinentiam
1423 2160 1655 2216 retortis
1673 2160 2016 2226 visceribus,

2133 651 2271 700 sunt
2302 661 2481 719 regno
2513 647 2635 711 Dei,
2665 647 2734 702 ad
2764 649 3153 707 concinendas
3179 651 3410 708 divinas
3435 652 3664 709 laudes.

2208 757 2234 784 «
2268 735 2523 791 Laudate
2569 749 2722 791 eum
2755 737 2824 792 in'
2860 738 3143 809 cymbalis
3183 740 3327 797 bene
3375 743 3722 799 sonantibus
3755 761 3769 800 :

2132 823 2365 880 laudate
2397 840 2532 880 eum
2560 825 2623 881 in
2653 825 2940 898 cymbalis
2968 828 3114 884 bene
3145 829 3550 887 tinnientibus.
3586 854 3612 882 »
3659 837 3772 888 Im-

2131 913 2322 986 pletur
2341 912 2461 969 haec
2481 912 2611 970 laus
2635 914 2693 970 in
2727 915 3012 988 cymbalis
3036 916 3183 973 bene
3213 919 3556 976 sonantibus
3581 921 3774 976 exsul-

2130 1003 2531 1074 tantibusque,
2554 1019 2621 1058 eo
2651 1005 2805 1075 quod
2833 1005 3205 1078 corruptione
3228 1008 3417 1063 carnis
3440 1009 3771 1082 sanguinis-

2131 1105 2244 1164 que
2291 1091 2559 1164 depulsa,
2591 1093 2935 1149 conformati
2984 1095 3056 1149 ad
3102 1095 3421 1166 imaginem
3461 1097 3770 1168 Creatoris,

2130 1181 2288 1236 omni
2321 1181 2684 1252 plenitudine
2715 1183 2836 1253 spei
2870 1182 3179 1254 completa,
3212 1187 3367 1240 sicut
3399 1186 3482 1241 sol
3515 1187 3773 1259 resplen-

2129 1271 2305 1324 deant
2353 1269 2411 1324 in
2464 1278 2638 1342 regno
2668 1269 2765 1325 Dei
2802 1272 2985 1326 Patris
3016 1273 3452 1344 omnipotentis.
3509 1297 3538 1324 «
3569 1276 3774 1332 Omnis

2129 1358 2378 1430 spiritus
2409 1358 2606 1413 laudet
2631 1359 2962 1414 Dominum.
2997 1384 3021 1406 υ
3053 1365 3118 1414 In
3144 1361 3260 1416 hoc
3290 1377 3426 1435 ergo
3448 1380 3624 1436 regno
3655 1381 3772 1422 non

2131 1464 2286 1514 caro,
2319 1464 2430 1502 non
2481 1448 2744 1521 sanguis,
2780 1465 2894 1502 non
2949 1450 3267 1522 corruptio,
3301 1453 3400 1507 sed
3447 1452 3621 1508 homo
3643 1456 3772 1525 jam

2130 1536 2454 1608 spiritualis
2487 1541 2644 1592 totus
2673 1535 2912 1593 eil‘ectus
2946 1557 2958 1594 :
2996 1543 3174 1594 Deum
3205 1540 3264 1595 in
3297 1541 3500 1613 spiritu
3533 1544 3773 1614 (quiest

2130 1625 2394 1697 spiritus)
2427 1625 2664 1682 laudare
2696 1644 2810 1683 non
2845 1628 3093 1683 desinat.
3145 1629 3250 1694 Qui
3297 1631 3464 1686 nobis
3494 1638 3773 1703 prestera

2131 1714 2422 1786 dignetur,
2457 1720 2520 1770 ut
2550 1719 2606 1770 in
2640 1715 2747 1772 hoc
2776 1717 2988 1773 saeculo
3020 1718 3265 1774 factores
3295 1717 3440 1792 legis
3470 1719 3678 1790 eil'ecti,
3708 1723 3770 1778 in

2128 1803 2308 1876 hujus
2339 1805 2468 1859 vitae
2509 1821 2694 1876 agone
2723 1805 2971 1877 probati,
3001 1811 3061 1862 et
3091 1807 3288 1864 fideles
3313 1809 3558 1881 inventi,
3592 1813 3770 1884 spiri-

2131 1893 2388 1949 tualibus
2437 1893 2603 1949 ditati
2654 1894 2958 1966 fructibus,
3011 1895 3104 1950 his
3152 1911 3482 1954 mereamur
3529 1901 3772 1974 adjuugi

2124 1982 2596 2037 concinentibus.
2622 1982 2737 2054 Ipsi
2763 1982 2948 2055 gloria
2977 1989 3033 2039 et
3063 1983 3374 2056 imperium
3397 2003 3531 2044 cum
3551 1994 3771 2046 ueterno

2129 2072 2297 2126 Patre
2328 2076 2385 2126 et
2415 2071 2632 2143 Spiritu
2664 2075 2886 2137 sancto,
2919 2075 2978 2127 et
3017 2071 3079 2127 in
3109 2079 3322 2131 cuncta
3350 2077 3563 2133 secula
3587 2092 3771 2134 saecu-

2128 2159 2341 2216 lorum.
2388 2167 2596 2217 Amen.

659 2445 1242 2544 SECUNDA
1309 2447 1976 2544 EXPOSITIO
2050 2442 2449 2543 SUPER
2509 2447 3107 2546 PSALMUM
3171 2450 3493 2548 CXIX.

438 2788 761 2844 Veniamus
790 2789 861 2844 ad
895 2789 1191 2862 psalmum
1216 2791 1313 2862 qui
1347 2795 1481 2862 post
1507 2791 1898 2847 centesimum
1925 2792 2020 2846 de-

367 2859 588 2933 cimum
623 2859 913 2916 octavum
943 2859 1251 2933 psalmum‘
1271 2859 1458 2918 lectus
1489 2867 1598 2918 est.
1649 2863 2016 2919 Centesimus

369 2931 633 3006 decimus
664 2937 910 3006 octavus,
942 2931 1224 3006 psalmus,
1257 2935 1343 3004 (ut
1375 2935 1708 3004 frequenter
1735 2934 2014 3006 diximus)

367 3001 662 3077 litteratus
692 3010 798 3072 est,
833 3001 1080 3071 hoc—est,
1115 3001 1504 3077 alphabetites
1545 3012 1635 3062 est
1669 3023 1680 3061 :
1734 3006 1806 3061 ab
1835 3001 2015 3061 ALspu

367 3074 754 3160 enim‘in‘cipit
774 3091 960 3160 usque
982 3077 1050 3131 ad
1077 3074 1400 3160 extremam
1417 3076 1670 3160 litteram
1693 3078 2010 3160 Hebracam,

367 3153 497 3217 quae
517 3146 796 3217 Hebraiee
820 3146 1035 3201 dicitur
1057 3161 1227 3202 mw.
1264 3148 1332 3201 Et
1354 3147 1570 3217 singuli
1596 3165 1818 3213 versus,
1845 3167 1877 3203 a
1898 3146 2014 3204 sin-

363 3215 518 3289 gulis
545 3215 752 3271 litteris
771 3217 1083 3289 incipiunt.
1107 3217 1326 3289 Viginti
1357 3215 1484 3289 dua}
1515 3223 1654 3273 sunt
1685 3219 1888 3275 littera
1910 3220 2014 3275 He-

367 3287 597 3361 braicge,
621 3292 677 3342 et
701 3287 1118 3361 octoni’versus
1139 3305 1172 3343 a
1187 3287 1445 3361 singulis
1466 3288 1676 3361 litteris
1700 3290 1811 3344 inci
1821 3291 2007 3361 piunt.

367 3357 539 3413 Verbi
576 3375 772 3430 causa,
807 3359 877 3414 ab
908 3358 1184 3430 aglittera.
1217 3357 1345 3430 quis
1391 3359 1606 3415 dicitur
1651 3357 1854 3427 ALEPH]
1886 3365 2014 3417 octo

365 3445 570 3485 versus
600 3429 907 3501 incipiunt.
943 3428 1198 3485 Rursum
1235 3428 1381 3485 'cum
1415 3431 1498 3486 illi
1531 3431 1680 3486 finiti
1714 3431 1948 3498 fuerint,
1983 3449 2015 3488 a

365 3501 624 3574 secunda
653 3500 846 3574 littera
876 3518 1004 3574 qua:
1034 3501 1249 3574 dicitur
1277 3518 1440 3568 eam,
1485 3502 1584 3557 alii
1632 3507 1760 3558 octo
1808 3517 2013 3559 versus

364 3573 673 3644 incipiunt.
707 3577 770 3628 Et
820 3572 1098 3646 intortio
1146 3572 1264 3628 illis
1305 3573 1515 3646 ﬁnitis,
1549 3574 1621 3629 ab
1663 3575 1845 3629 altera
1884 3589 2012 3646 quae.

364 3649 602 3718 vocatur
620 3661 852 3718 GnIMEL,
879 3644 977 3700 alii
1003 3649 1132 3700 octo
1154 3661 1358 3718 versus
1378 3644 1687 3718 incipiunt.
1711 3646 1859 3718 Ergo
1885 3644 2014 3702 oen-

364 3715 614 3789 tesimus
641 3716 902 3789 decimus
923 3721 1168 3789 octavus,
1194 3717 1466 3789 psalmus
1481 3715 1872 3789 alphabetites
1901 3723 2008 3774 est.

365 3786 424 3862 Si
456 3787 726 3862 volumus
755 3787 946 3862 legere
967 3786 1776 3862 epistolam,_non_possumus
1801 3788 2009 3862 legere,

365 3858 480 3915 nisi
513 3858 679 3930 prius
709 3858 966 3933 sciamus
999 3858 1242 3916 litteras.
1293 3860 1385 3916 Sic
1429 3858 1609 3933 igitur
1653 3858 2010 3933 etnos'non

364 3945 684 4001 possumus
709 3931 1044 4003 Scripturas
1088 3931 1606 4004 cognoscerefnisi
1633 3932 1896 4058 (primum
1927 3932 2011 3988 al-

364 4001 683 4058 phabetum
706 4003 1062 4058 noverimus.
1087 4003 1451 4058 Centesimus
1476 4019 1611 4058 ergo
1675 4004 1899 4058 ecimus
1922 4021 2011 4058 oe-

363 4001 689 4076 phabetum
706 4001 1062 4076 noverimus.
1087 4001 1454 4076 Centesimus
1468 4019 1611 4076 ergo
1633 4001 1899 4076 decimus
1922 4021 2012 4060 oc-

364 4078 531 4146 tavus
569 4073 831 4146 psalmus
861 4073 1244 4146 alphabetites
1277 4073 1514 4129 moralis
1544 4073 1654 4140 est,
1686 4081 1744 4129 et
1775 4075 2012 4130 instruit

365 4143 544 4217 vitam
572 4143 864 4217 nostram.
908 4143 991 4217 Et
1009 4143 1146 4216 quia
1176 4161 1331 4200 nunc
1361 4161 1476 4200 non
1509 4149 1599 4200 est
1627 4146 1908 4217 temporis
1939 4145 2010 4202 de

364 4216 638 4293 universo
687 4215 912 4293 psalmo
962 4215 1174 4293 dicere,
1209 4218 1475 4293 dicamus
1523 4231 1680 4293 nunc
1720 4215 1789 4272 de
1820 4218 2008 4288 primo

363 4288 657 4358 graduum
686 4287 935 4360 psalmo,
961 4289 1070 4359 'qu‘i
1099 4289 1187 4343 sic
1219 4288 1428 4360 incipit
1462 4306 1474 4345 :

435 4417 463 4444 «
497 4395 582 4449 Ad
615 4393 926 4450 Dominum
960 4410 1093 4448 cum
1127 4394 1436 4451 tribularer
1458 4395 1723 4463 clamavi,
1747 4400 1804 4452 et
1833 4413 2008 4452 exau-

361 4482 506 4538 divit
556 4499 668 4540 me.
704 4504 732 4533 »
781 4485 1091 4554 Pr0pterea
1141 4487 1336 4537 autem
1388 4477 1670 4538 vocantur
1714 4484 2004 4556 graduum

361 4571 596 4644 psalmi,
630 4577 696 4627 ut
725 4572 1056 4644 frequenter
1095 4570 1375 4640 diximus,
1407 4571 1683 4644 quoniam
1726 4572 2006 4646 gradibus

361 4660 716 4732 quibusdam
741 4661 814 4718 ad
843 4661 1066 4732 majora
1091 4659 1561 4716 conscendimus.
1585 4664 1750 4716 Nunc
1776 4675 1895 4718 non
1917 4669 2006 4720 est

362 4748 642 4821 temporis
667 4750 744 4806 de
772 4749 1045 4806 omnibus
1077 4749 1320 4822 psalmis
1351 4750 1641 4822 graduum
1680 4751 2002 4824 disputare,

360 4843 418 4894 et
445 4839 657 4906 dicere,
690 4839 983 4912 quomodo
1035 4855 1137 4911 per
1180 4837 1443 4912 singulos
1485 4835 1742 4911 psalmos
1785 4842 2003 4914 gradus

359 4927 528 5008 ﬁant,
539 4928 691 4984 uitad
710 4943 946 4985 summa
965 4928 1290 4984 veniamus.
1310 4925 1546 4984 Interim
1565 4929 1830 4985 dicamus
1849 4947 2004 4988 nunc

361 5018 431 5074 de
454 5017 861 5090 primogradu,
877 5017 1274 5089 relinquentes
1298 5014 1638 5090 mysterium
1659 5035 1838 5091 quare
1855 5019 2004 5100 deci-

360 5121 494 5164 mus
512 5107 752 5179 quintus
771 5108 988 5179 gradus
1010 5107 1265 5175 dicatur;
1289 5107 1556 5162 eamdem
1574 5108 1730 5164 enim
1755 5125 1872 5165 rem
1901 5109 2004 5168 fre-

361 5201 607 5274 quenter
620 5196 830 5267 dicere,
846 5197 1082 5253 ttedium
1097 5201 1186 5253 est
1202 5195 1596 5252 audientibus.
1614 5192 1777 5253 Unde
1794 5203 1849 5254 et
1864 5202 2003 5272 Apo~

358 5285 545 5343 stolu‘s
559 5285 891 5358 quindecim
907 5287 1028 5342 dies
1042 5303 1104 5343 se
1119 5289 1367 5342 testatur
1385 5284 1590 5341 fecisse
1604 5286 1756 5359 apud
1775 5289 2000 5346 Petrum

355 5375 414 5431 in
438 5374 843 5448 Hierosolyma
865 5373 1067 5443 (Colat.
1095 5393 1158 5443 ιι,
1185 5375 1261 5445 2),
1287 5380 1350 5430 ut
1379 5373 1669 5431 conferret
1687 5382 2002 5450 utrumque

357 5459 824 5531 Testamentum,
893 5468 950 5518 et
1011 5464 1430 5535 septenarium,
1489 5469 1544 5519 et
1610 5467 1996 5524 octonarium.

357 5551 541 5609 Multa
570 5557 712 5609 sunt
742 5569 866 5625 quae
899 5551 1190 5607 dicantur.
1229 5549 1256 5605 ἐκ
1278 5552 1363 5609 Ad
1394 5551 1705 5608 Dominum
1740 5571 1873 5611 cum
1905 5557 2002 5612 tri-

357 5642 594 5698 bularer
651 5641 918 5709 clamavi,
971 5646 1027 5696 et
1082 5642 1376 5698 exaudivit
1431 5659 1543 5698 me.
1581 5665 1607 5691 ››
1659 5643 2000 5718 Quicunque

358 5731 649 5801 adh‘ucin
699 5732 816 5788 imo
857 5730 1043 5805 gradu
1073 5734 1181 5800 est,
1215 5731 1454 5805 respicit
1483 5730 1836 5790 altissimum
1867 5750 1999 5808 gra-

2129 2793 2310 2847 duum
2345 2791 2635 2847 decimum
2669 2792 2967 2865 quintum.
2989 2793 3332 2867 Quicunque
3363 2795 3420 2851 in
3452 2797 3656 2870 quinto
3677 2799 3771 2856 de-

2127 2881 2278 2936 cimo
2311 2880 2502 2950 fuerit,
2531 2883 2654 2952 jam
2677 2883 2850 2952 juxta
2875 2882 3162 2955 templum
3196 2889 3305 2952 est,
3337 2889 3395 2940 et
3421 2887 3580 2942 istud
3614 2892 3767 2943 tem-

2125 2969 2313 3041 plum,
2345 2971 2515 3040 cujus
2545 2985 2701 3026 nunc
2731 2971 2933 3027 ruinas
2973 2971 3264 3040 videmus,
3298 2974 3539 3030 oﬂ‘endit
3568 2976 3768 3033 Domi-

2123 3075 2268 3113 num
2328 3075 2524 3114 suum.
2583 3060 2653 3114 Et
2711 3060 2865 3132 quod
2925 3061 3072 3116 dixit
3127 3061 3468 3119 Dominus?
3523 3065 3764 3137 Surgite,

2123 3148 2380 3203 abeamus
2427 3150 2555 3204 hinc
2601 3149 2779 3221 (Joan.
2811 3165 2925 3217 xxv,
2957 3151 3066 3222 31).
3113 3147 3183 3206 Et
3221 3151 3361 3224 quid
3394 3153 3534 3209 dicit
3563 3156 3623 3210 in
3654 3157 3766 3212 alio

2044 3226 2086 3291 (ἶ
2125 3245 2250 3300 loco
2271 3246 2299 3300 ?
2330 3246 2688 3317 Relinquetur
2732 3247 2880 3301 vobis
2927 3247 3115 3302 domas
3155 3257 3342 3304 vestra
3370 3249 3581 3307 deserta
3610 3253 3764 3324 (Luc.

2126 3349 2247 3402 xm,
2279 3334 2391 3404 35).
2444 3333 2729 3389 Dominus
2775 3349 3046 3405 egressus
3082 3340 3190 3406 est,
3222 3343 3278 3392 et
3321 3327 3605 3410 templum
3637 3351 3764 3397 ‘cor-

2124 3422 2258 3475 ruit.
2285 3420 2400 3476 Hoc
2425 3421 2602 3493 igitur
2620 3422 2910 3493 templum
2933 3424 2991 3478 in
3013 3424 3258 3480 circuitu
3283 3427 3617 3497 quindecim
3640 3446 3768 3503 gra-

2123 3509 2233 3564 dus
2281 3509 2474 3564 habet.
2521 3510 2698 3582 Signa
2745 3509 2944 3583 aliqua
2986 3513 3300 3570 videmus:
3354 3523 3676 3587 numerate,
3711 3505 3768 3576 et

2122 3607 2394 3663 videbitis
2439 3607 2519 3662 ita
2557 3625 2686 3663 esse
2718 3612 2783 3664 ut
2811 3609 3083 3665 dicimus.
3117 3610 3323 3667 Levitze
3354 3610 3556 3686 igitur,
3586 3621 3643 3672 et
3671 3635 3767 3673 sa-

2123 3695 2823 3768 cerdotes,unusquisque
2851 3699 3177 3756 secundum
3199 3699 3462 3757 ordinem
3490 3703 3684 3760 stabat
3707 3705 3767 3761 in

2123 3783 2424 3860 gradibus.
2456 3783 2631 3841 Verbi
2675 3802 2851 3842 causa
2885 3805 2896 3843 :
2953 3788 3061 3852 Qui
3105 3787 3366 3861 pontifex
3402 3797 3544 3858 erat,
3579 3795 3770 3850 stabat

2124 3881 2181 3937 in
2217 3883 2405 3955 primo
2453 3883 2660 3957 gradu,
2694 3882 2804 3941 hoc
2851 3890 2941 3942 est
2978 3886 3038 3941 in
3083 3885 3287 3959 quinto
3328 3889 3552 3946 decimo
3583 3887 3768 3964 gradu

2123 3988 2384 4027 sursum.
2411 3971 2475 4027 In
2498 3973 2753 4028 secundo
2776 3974 3120 4058 vero‘gradu
3146 3973 3384 4031 stabant
3414 3973 3764 4049 sacerdotes,

2119 4074 2175 4125 et
2218 4068 2277 4124 in
2327 4069 2472 4141 ipsis
2518 4070 2920 4126 sacerdotibus
2966 4069 3093 4128 erat
3135 4073 3462 4131 diversitas.
3495 4076 3558 4148 In
3591 4077 3760 4134 tertio

2121 4175 2353 4216 rursum
2389 4159 2643 4216 minores
2674 4159 2926 4216 stabant.
2953 4161 3015 4216 In
3039 4166 3245 4234 quarto
3267 4180 3502 4242 rursum
3523 4167 3762 4223 stabant

2120 4257 2346 4313 Levites.
2374 4262 2438 4312 Et
2466 4258 2616 4314 inter
2638 4259 2865 4316 Levitas
2895 4265 3019 4318 erat
3047 4262 3234 4319 multa
3254 4263 3558 4322 diversitas
3587 4284 3600 4323 :
3633 4267 3762 4339 qui-

2117 4362 2350 4418 cunque
2397 4352 2524 4403 erat
2571 4349 3038 4415 extremus,.ille
3088 4351 3149 4406 in
3205 4353 3522 4410 novissimo
3569 4356 3755 4428 gradu

2115 4439 2256 4491 erat.
2281 4436 2656 4493 Considerate
2678 4438 2954 4508 quoniam
2981 4443 3276 4497 terrenum
3307 4441 3418 4499 hoc
3446 4445 3756 4516 templum,

2115 4532 2365 4590 caelestis
2395 4533 2599 4606 templi
2629 4534 2817 4606 ﬁgura
2835 4539 2931 4591 est
2962 4553 2976 4591 :
3009 4537 3183 4593 Stella
3209 4541 3359 4595 enim
3388 4555 3421 4596 a
3448 4541 3612 4598 stella
3639 4543 3755 4618 dif-

2037 4602 2218 4710 Πίον-ι
2276 4627 2336 4676 in
2390 4602 2645 4679 claritate
2674 4602 2716 4678 ἰ
2773 4626 2854 4680 ita
2911 4629 2961 4679 et
3029 4631 3356 4685 resurrectio
3408 4602 3756 4690 mortuoruin

2115 4720 2164 4788 (Ι
2205 4718 2324 4776 Cor.
2374 4737 2464 4786 xv,
2509 4721 2600 4787 41,
2646 4721 2756 4792 42).
2817 4721 2972 4778 Felix
3019 4725 3118 4796 qui
3171 4726 3227 4781 in
3275 4727 3479 4799 quinto
3525 4731 3754 4788 decimo

2114 4808 2299 4881 gradu
2354 4809 2412 4863 in
2471 4807 2690 4866 cmlesti
2743 4810 3093 4880 Jerusalem,
3143 4819 3201 4871 et
3254 4815 3316 4871 in
3364 4817 3580 4891 templo
3623 4835 3755 4877 esse

2112 4905 2407 4966 meruerit.
2457 4907 2674 4963 Tamen
2723 4908 2862 4980 quia
2902 4909 3048 4968 illud
3097 4915 3316 4985 grande
3361 4921 3470 4983 est,
3501 4921 3560 4971 et
3604 4916 3751 4973 illud

2113 5000 2252 5068 puto
2281 5010 2409 5052 esse
2439 4998 2860 5069 apostolorum,
2890 5006 3335 5074 martyrumque
3367 5009 3704 5062 sanctorum
3735 5024 3748 5063 :

2112 5109 2218 5149 nos
2249 5109 2505 5165 oremus,
2537 5103 2598 5151 ut
2627 5096 2833 5153 saltem
2864 5098 2923 5154 in
2957 5099 3162 5155 ultimo
3191 5101 3375 5172 gradu
3405 5102 3606 5174 templi
3641 5107 3750 5161 Do-

2114 5183 2257 5238 mini
2288 5195 2418 5240 esse
2441 5201 2788 5242 mereamur.
2814 5187 2875 5241 In
2903 5187 3148 5243 diversis
3171 5191 3406 5260 quidem
3440 5197 3597 5248 stant
3618 5207 3749 5266 gra-

2111 5273 2304 5341 dibus,
2338 5273 2438 5329 sed
2491 5289 2672 5329 unum
2723 5274 3015 5346 psalmum
3059 5277 3117 5333 in
3161 5277 3363 5336 laudes
3394 5278 3623 5337 Domini
3655 5299 3748 5340 ca.

2111 5366 2279 5417 nunt.
2308 5362 2544 5418 Diversa
2572 5362 2697 5418 loca
2723 5369 2867 5418 sunt
2891 5383 2903 5421 :
2935 5367 3036 5422 sed
3070 5379 3186 5423 una
3209 5368 3334 5425 laus
3360 5370 3606 5427 Domini.
3631 5369 3747 5428 Hoc

2111 5459 2265 5530 quod
2299 5458 2553 5514 diximus
2585 5461 2655 5515 de
2687 5460 2904 5518 cmlesti
2933 5463 3281 5530 Jerusalem,
3328 5483 3480 5523 nunc
3515 5469 3746 5527 interim

2109 5548 2167 5602 in
2217 5549 2327 5604 isto
2381 5547 2590 5604 szeculo
2644 5550 2967 5623 constituti,
3023 5559 3157 5626 puto
3208 5555 3416 5612 diebus
3473 5559 3746 5616 omnibus

2109 5646 2379 5703 exerceri.
2411 5646 2573 5702 Alius
2621 5653 2887 5706 nostrum
2937 5652 2994 5706 in
3043 5653 3230 5724 primo
3271 5655 3454 5728 gradu
3488 5659 3597 5725 est,
3631 5667 3746 5712 neu

2107 5737 2375 5811 desperet
2405 5738 2757 5809 secundum;
2786 5740 2884 5814 qui
2906 5739 2965 5799 in
2988 5743 3243 5802 secundo
3273 5745 3458 5818 gradu
3489 5750 3596 5819 est,
3627 5760 3743 5808 non
