4244 6620
2077 413 2502 479 APPENDIX.

2881 711 2886 718 ‘
2918 710 2953 724 υ
3129 710 3382 717 ⁷“““““““’““
3413 710 3648 738 “ν⁴“⁴⁶⁴¹ῑ⁸
3697 710 3805 730 “VU
3859 710 3957 735 uuu

567 712 930 762 meruerunt.
965 710 1072 776 Qui
1124 711 1266 768 vivit
1319 715 1376 769 in
1425 716 1540 772 isto
1590 719 1822 787 saeculo,
1866 737 1980 776 non
2031 726 2221 795 potest
2329 730 2553 787 ducunt
2582 735 2652 789 ad
2687 753 2866 810 regna
2893 741 3218 802 cmlorum:
3269 751 3366 806 sed
3414 754 3822 835 sinejejuniis,
3855 783 3957 824 non

567 794 760 835 ΩίΩίίΠὶ
791 796 860 835 ΑΩ
888 798 1076 835 νηπίη-ιη
1101 801 1167 835 ΔΑ
1194 818 1494 835 ΩΙΊΜΜιὶΙ-νι
1523 809 1910 835 ΛΛνιηΛΑ-ΑᾹΑ-ιι
1967 809 2087 835 λτΑ-
2127 813 2191 835 Δ-
2335 833 2348 835 Α
2598 823 2635 835 ιο
2877 830 2891 835 -

562 882 772 940 bemus
821 885 1001 958 igitur
1048 891 1303 945 contenti
1347 908 1477 948 esse
1523 895 1712 966 primo
1743 898 1954 970 gradu,
1981 916 2218 973 semper

560 970 844 1029 debemus
874 975 946 1029 ad
981 977 1205 1047 majora
1236 981 1452 1035 conari.
1505 981 1619 1038 Nec
1651 985 1752 1055 qui
1799 985 1857 1040 in
1892 988 2212 1045 novissimo

558 1064 668 1127 est,
690 1061 959 1134 desperet
989 1065 1283 1136 primum;
1318 1085 1422 1124 nec
1454 1071 1553 1141 qui
1586 1071 1645 1128 in
1675 1074 1866 1146 primo
1897 1081 2008 1145 est,
2041 1078 2214 1135 debet

556 1161 686 1200 esse
716 1163 995 1207 securus:
1027 1157 1220 1223 potest
1249 1155 1405 1211 enim
1433 1158 1640 1216 cadere
1672 1161 1731 1216 in
1769 1163 2066 1222 ultimum.
2090 1167 2208 1240 Ego

554 1239 698 1306 puto
731 1235 872 1292 illud
905 1255 1032 1296 esse
1063 1243 1221 1314 quod
1261 1244 1555 1318 significat
1602 1250 1780 1307 etiam
1812 1252 1994 1309 Jacob
2026 1235 2206 1327 scala,

555 1325 790 1394 quando
825 1327 972 1399 fugit
999 1329 1179 1386 Jacob
1214 1333 1364 1389 Esau
1398 1335 1638 1393 fratrem
1670 1356 1871 1398 suum.
1922 1345 1990 1398 Et
2034 1325 2202 1417 venit,

553 1412 765 1485 inquit,
798 1418 854 1471 in
889 1419 1094 1486 Bethel,
1135 1430 1189 1476 et
1237 1421 1498 1480 dormivit
1548 1427 1644 1497 ibi,
1678 1439 1730 1486 et
1755 1434 1937 1502 posuit
1964 1412 2206 1505 lapidem

548 1502 618 1556 ad
663 1509 824 1575 caput
871 1523 1037 1562 suum
1081 1509 1236 1581 (Gen.
1287 1529 1485 1586 xxvm,
1537 1517 1645 1586 1t).
1698 1519 1902 1577 Videte
1961 1502 2198 1592 mare.

547 1597 839 1665 nostrum,
875 1596 1134 1669 fugiebat
1168 1599 1464 1658 hominem
1497 1605 1996 1675 crudelissimum,
2025 1613 2202 1684 fugie-

545 1680 644 1735 bat
677 1683 938 1752 fratrem,
969 1690 1026 1740 et
1055 1688 1337 1745 auxilium
1382 1692 1602 1748 invenit
1651 1696 1708 1750 in
1759 1697 1972 1770 lapide.
2028 1680 2200 1773 Lapis

543 1767 640 1824 ille
670 1770 937 1828 Christus
972 1781 1063 1830 est
1095 1793 1108 1830 :
1163 1776 1313 1850 lapis
1343 1780 1437 1835 hic
1469 1781 1562 1838 his
1595 1786 1697 1856 qui
1729 1767 2195 1858 persecutionem

543 1858 867 1929 patiuntur,
901 1863 1185 1919 auxilium
1214 1873 1323 1922 est.
1358 1871 1642 1927 Caeterum
1673 1875 1893 1933 Judwis
1924 1877 2193 1936 incredu-

539 1945 633 2013 lis,
664 1947 817 2020 lapis
857 1951 1218 2021 offensionis,
1250 1962 1308 2012 et
1353 1963 1519 2030 petra
1566 1963 1825 2018 scandali
1875 1968 1922 2035 (I
1949 1969 2095 2024 Petr.
2130 1987 2190 2040 ιι,

537 2036 613 2108 8).
663 2038 730 2093 Et
775 2039 928 2108 vidit,
982 2041 1190 2115 inquit,
1243 2047 1322 2101 ibi
1369 2050 1528 2104 Jacob
1582 2054 1786 2108 scalam
1841 2065 2076 2112 erectam
2121 2036 2190 2116 de

534 2303 689 2374 (Gen.
723 2323 920 2375 xxvm,
958 2310 1043 2374 12,
1079 2312 1186 2383 l3).
1231 2312 1433 2371 Videte
1465 2319 1602 2389 quid
1635 2321 1792 2377 dicat
1823 2341 1834 2378 :
1888 2324 2047 2380 Vidit
2076 2344 2184 2382 an-

533 2393 692 2464 gclos
715 2399 1207 2457 conscendentes:
1233 2402 1379 2459 vidit
1402 2406 1646 2464 Paulum
1670 2415 2180 2473 conscendentem.

533 2480 691 2538 Vidit
712 2485 951 2556 angelos
972 2488 1390 2549 descendentes
1416 2511 1428 2549 :
1460 2494 1492 2550 J
1500 2497 1644 2552 udas
1668 2501 1930 2570 proditor
1950 2521 2182 2560 corrue-

532 2569 652 2626 bat.
689 2572 845 2628 Vidit
876 2576 1115 2648 angelos
1145 2582 1525 2640 ascendentes
1559 2603 1570 2640 :
1625 2569 1861 2646 sanctos
1911 2591 2179 2650 homines

529 2660 600 2715 de
646 2667 800 2718 terra
849 2665 920 2720 ad
971 2667 1183 2724 cmlum
1233 2677 1560 2743 pergentes.
1610 2677 1768 2733 Vidit
1810 2681 2047 2754 angelos
2078 2684 2177 2740 de-

527 2751 914 2809 scendentes:
965 2756 1268 2814 diabolum
1317 2765 1374 2815 et
1419 2762 1712 2822 daemones
1753 2784 1886 2826 cum
1919 2774 2176 2830 exercitu

527 2856 632 2895 suo
666 2842 736 2897 de
766 2843 910 2899 coelo
941 2847 1349 2919 praecipitatos.
1374 2851 1626 2910 Grandis
1647 2860 1738 2912 est
1763 2857 2078 2917 difficultas
2105 2863 2175 2920 de

524 2930 694 2987 terris
741 2932 814 2987 ad
864 2933 1121 2990 caelestia
1172 2943 1581 2999 conscendere.
1639 2946 1891 3004 Facilius
1945 2950 2173 3008 ruimus

526 3035 702 3091 quam
729 3023 1182 3081 conscendimus
1207 3044 1220 3082 :
1255 3027 1422 3084 facile
1448 3032 1696 3097 ruimus,
1725 3036 1782 3090 in
1805 3039 2172 3098 ascendendo

523 3109 765 3178 grandis
812 3109 978 3166 labor
1025 3117 1132 3181 est,
1165 3117 1406 3186 grandis
1436 3121 1618 3175 sudor
1645 3129 1751 3179 est.
1802 3125 1860 3180 Si
1907 3127 2068 3184 fuero
2111 3131 2168 3186 in

522 3197 711 3267 primo
729 3200 937 3271 gradu,
953 3207 1236 3272 quantum
1259 3206 1402 3265 mihi
1422 3214 1601 3266 restat
1622 3229 1808 3285 usque
1829 3217 1901 3270 ad
1924 3218 2165 3275 cmlum!

2325 823 2778 882 conscendimus
2823 830 2894 884 ad
2947 848 3125 905 regna
3175 837 3473 900 caelorum.
3506 847 3638 903 Sola
3686 867 3800 908 non
3842 872 3958 928 pro-

2325 914 2484 977 sunt,
2500 927 2634 968 cum
2658 914 2788 972 aliis
2812 927 3074 990 prosunt.
3093 928 3208 980 Hoc
3230 931 3414 986 totum
3440 948 3619 1005 quare
3639 938 3754 996 dixi
3777 941 3804 997 ἱ)
3823 914 3956 1008 Quia

2322 999 2492 1068 quasi
2524 1001 2973 1066 fundamentum
3013 1017 3102 1069 est
3131 999 3584 1080 ascendentibus
3617 1029 3687 1083 ad
3721 999 3951 1103 majora:

2321 1087 2628 1146 Secundus
2659 1109 2790 1151 vero
2821 1100 3038 1168 gradus
3068 1109 3157 1158 est
3190 1122 3203 1160 :
3250 1109 3460 1170 saeculo
3492 1087 3839 1190 renuntiare,
3871 1125 3948 1179 ni-

2319 1175 2401 1230 hil
2433 1179 2505 1233 de
2543 1182 2755 1238 saeculo
2801 1202 3078 1258 quaerere,
3111 1198 3343 1254 terrena
3392 1208 3780 1265 contemnere.
3834 1212 3949 1267 Ali-

2318 1265 2452 1335 quis
2483 1268 2638 1326 dicat
2667 1289 2680 1326 :
2735 1277 2801 1330 Et
2830 1275 2939 1332 hoc
2970 1280 3155 1338 facere
3185 1289 3480 1346 secundus
3508 1295 3644 1351 est?
3685 1297 3801 1372 Ego
3831 1265 3946 1359 dico

2316 1359 2662 1417 secundum.
2698 1362 2852 1420 Nihil
2884 1371 2974 1423 est
3001 1373 3234 1430 terrena
3266 1376 3560 1438 dimittere
3593 1401 3606 1440 :
3658 1359 3796 1446 vitia
3832 1393 3948 1448 ani-

2314 1457 2422 1497 mai
2470 1445 2785 1521 dimittere,
2846 1457 3067 1526 grande
3113 1465 3220 1516 est.
3278 1464 3333 1517 Si
3385 1467 3539 1524 enim
3591 1445 3946 1549 jejunavero,

3591 1529 3614 1541 ..
3649 1529 3672 1542 ..
3770 1529 3944 1549 π“’-“1

2313 1529 2421 1588 hoc
2451 1541 2560 1604 est,
2587 1537 2636 1592 si
2668 1539 2826 1596 fuero
2859 1543 2917 1598 in
2951 1546 3140 1617 primo
3169 1553 3352 1622 gradu
3385 1573 3398 1610 :
3433 1556 3480 1611 si
3512 1559 3786 1620 dimisero
3817 1583 3944 1638 pos-

2312 1623 2602 1680 sessiones
2633 1644 2813 1698 meas,
2843 1631 2951 1689 hoc
2973 1641 3080 1704 est,
3109 1638 3158 1693 si
3190 1639 3350 1698 fuero
3383 1644 3440 1699 in
3467 1651 3724 1707 secundo
3744 1656 3940 1726 gradu,

2310 1712 2451 1782 quid
2502 1715 2646 1770 mihi
2698 1721 2954 1792 prodest,
2989 1726 3036 1780 si
3091 1728 3318 1786 rixosus
3362 1751 3516 1804 sum,
3550 1738 3598 1794 si
3630 1740 3940 1802 iracundus

2308 1817 2463 1870 sum,
2516 1805 2565 1859 si
2614 1807 2911 1866 detractor
2959 1832 3112 1886 sum,
3167 1820 3216 1874 si
3270 1821 3501 1881 invidus
3559 1831 3741 1886 sum?
3792 1833 3937 1891 Nihil

2223 1933 2271 2000 Β
2306 1894 2534 2000 grande.
2556 1900 2646 1996 est
2675 1901 2904 2000 terrena
2952 1903 3289 2000 dimittere:
3343 1915 3566 1985 majora
3612 1925 3747 1977 sunt
3783 1925 3936 1995 vitia,

2303 1995 2430 2051 quae
2480 1983 2830 2044 dimittenda
2873 1999 3032 2050 sunt.
3080 1996 3211 2068 Sed,
3245 1999 3403 2057 dicat
3435 1983 3677 2079 aliquis,
3709 1983 3934 2071 difﬁcile

2300 2074 2389 2124 est
2420 2088 2433 2125 :
2481 2075 2702 2145 grande
2748 2083 2837 2134 est
2871 2097 2883 2136 :
2935 2083 3148 2141 durum
3188 2093 3295 2144 est.
3332 2091 3397 2147 Et
3426 2074 3557 2151 ideo
3585 2074 3800 2170 grande
3827 2110 3931 2170 est,

2301 2158 2437 2229 quia
2465 2162 2702 2221 difﬁcile
2733 2175 2823 2223 est
2854 2186 2866 2223 :
2904 2171 3125 2230 athleta
3154 2193 3268 2233 non
3302 2158 3632 2256 coronatur,
3657 2190 3767 2246 nisi

2297 2249 2435 2304 time
2466 2256 2786 2312 certaverit.
2820 2259 2972 2315 Nulli
3008 2263 3179 2321 faciat
3208 2249 3693 2348 desperationem,
3717 2249 3932 2340 arduus

2294 2354 2575 2398 ascensus
2627 2349 2734 2414 est,
2784 2348 3040 2408 difﬁcilis
3090 2361 3223 2412 est:
3279 2359 3606 2434 desperatio
3654 2371 3928 2428 nascitur.

2295 2426 2419 2482 Noli
2452 2431 2781 2504 desperare,
2832 2454 2865 2492 ο
2915 2439 3111 2513 homo,
3158 2445 3216 2501 in
3249 2426 3450 2519 quinto
3481 2453 3705 2513 decimo
3745 2426 3925 2532 gradu

2297 2517 2577 2576 Dominus
2609 2539 2789 2596 supra
2820 2533 2946 2597 est;
2985 2517 3367 2607 intuetur‘te;
3400 2541 3499 2598 dat
3529 2517 3827 2605 auxilium.

2292 2605 2348 2659 in
2382 2608 2569 2678 primo
2601 2614 2783 2682 gradu
2817 2633 2899 2684 es,
2924 2623 2979 2673 et
3009 2621 3239 2679 videtur
3267 2605 3370 2682 tibi
3401 2633 3621 2702 grande
3643 2652 3767 2693 esse
3797 2605 3925 2712 spa;

2288 2695 2434 2751 tium
2467 2697 2621 2754 inter
2649 2703 2930 2777 primum,
2955 2713 3012 2764 et
3032 2712 3305 2782 quintum
3333 2717 3663 2791 decimum;
3698 2726 3812 2783 noli
3837 2747 3923 2786 re-

2287 2783 2506 2856 spicere
2553 2792 2824 2862 gradum,
2857 2797 2956 2851 sed
3008 2800 3242 2870 coelum,
3268 2807 3481 2879 aSpice.
3517 2811 3585 2866 Et
3619 2783 3746 2871 vide
3785 2783 3918 2890 quid

2283 2872 2457 2931 dicat.
2482 2881 2606 2934 Non
2638 2879 2785 2938 dixit
2812 2901 2826 2940 :
2859 2887 2988 2942 Vidi
3013 2872 3606 2957 Dominum-stantem
3640 2903 3695 2959 in
3723 2872 3919 2977 quinto

2283 2962 2508 3020 decimo
2538 2970 2720 3039 gradu
2758 2989 2770 3026 :
2826 2991 2929 3030 nos
2960 2978 3115 3035 enim
3149 2983 3220 3038 ad
3260 2989 3510 3044 stantem
3562 2996 3619 3046 et
3663 3000 3917 3054 erectum

2282 3053 2593 3110 Dominum
2627 3063 2923 3129 pervenire
2947 3083 3059 3122 non
3086 3076 3420 3142 poteramus
3446 3095 3459 3146 ;
3495 3081 3592 3135 sed
3626 3081 3749 3140 vide
3779 3087 3916 3158 quid

2279 3139 2432 3197 dicat
2482 3159 2494 3198 :
2564 3146 2687 3202 Vidi
2748 3151 3041 3210 Dominum
3086 3139 3434 3221 “innitentem
3494 3185 3655 3242 super
3717 3177 3917 3233 scalam

2278 3228 2430 3299 (Gen.
2467 3250 2661 3305 xxvm,
2698 3239 2806 3310 13).
2861 3243 3004 3300 Vide
3052 3249 3194 3319 quid
3245 3252 3401 3310 dicat
3448 3257 3518 3314 de
3556 3228 3622 3316 ὲο
3663 3228 3916 3335 qui;

2281 3285 2291 3299 κ
2469 3285 2661 3305 θ’-π--ν
2701 3285 2806 3310 “'1'
2880 3285 3004 3300 ἰι-ν
3052 3285 3194 3319 Ὶυιυι
3245 3285 3401 3310 usual.
3448 3285 3518 3314 uu
3557 3285 3622 3316 ϐυ
3706 3285 3761 3318 υι
3801 3285 3915 3322 sm-

517 3285 573 3339 Si
609 3287 770 3342 fuero
802 3287 861 3342 in
893 3292 1170 3361 secundo,
1204 3293 1251 3348 si
1286 3295 1343 3349 in
1378 3300 1566 3367 tertio,
1597 3301 1645 3357 si
1677 3302 1734 3357 in
1767 3312 1994 3376 quarto,
2028 3308 2078 3363 si
2111 3309 2167 3365 in
2200 3305 2242 3374 C
2282 3317 2381 3374 bat
2413 3337 2426 3374 :
2460 3321 2783 3383 Incurvavit
2811 3347 2894 3397 se,
2927 3338 2984 3388 et
3014 3333 3342 3397 humiliavit
3373 3361 3454 3413 se,
3490 3353 3556 3403 ut
3586 3285 3698 3406 ne:
3720 3369 3915 3425 posse-

517 3375 766 3425 decimo-
800 3378 938 3425 nnid
995 3380 1136 3425 mihi
1181 3385 1414 3425 nman
1448 3388 1560 3425 ηςος
1597 3391 1663 3425 mi
1699 3410 1997 3425 numam...
2035 3415 2138 3425 ......
2293 3424 2300 3425 ,
2665 3416 2679 3425 .
3016 3422 3025 3425 _

517 3375 767 3445 decimo,
793 3378 941 3453 quid
995 3380 1140 3436 mihi
1179 3385 1417 3470 prodest
1448 3388 1562 3443 nisi
1595 3391 1664 3446 ad
1698 3375 2000 3452 summum
2035 3415 2162 3470 per-

512 3481 720 3522 venero
743 3466 769 3520 ?
807 3467 917 3522 Fac
950 3470 1299 3554 mihiistam
1331 3462 1549 3534 scalam
1581 3482 1917 3552 quindecim
1950 3487 2163 3545 habere

510 3555 728 3626 gradus
764 3573 777 3610 :
833 3557 966 3613 veni
1000 3576 1184 3632 usque
1229 3565 1300 3618 ad
1348 3571 1624 3636 quartum
1658 3571 1997 3644 decimum;
2048 3577 2159 3633 nisi

508 3643 782 3713 quintum
805 3646 1095 3705 decimum
1119 3656 1380 3725 tenuero,
1404 3655 1542 3726 quid
1569 3659 1711 3715 mihi
1740 3663 1978 3732 prodest
2002 3667 2156 3736 quod

507 3731 581 3785 ad
607 3737 883 3802 quartum
907 3736 1202 3794 decimum
1232 3743 1360 3796 veni
1384 3743 1412 3797 ‘?
1440 3745 1510 3799 Et
1540 3746 1588 3801 si
1619 3750 1690 3803 ad
1714 3731 1984 3821 quintum
2009 3731 2157 3811 deci-

507 3836 672 3875 mum
718 3838 925 3878 venero
970 3830 1027 3880 et
1075 3835 1591 3904 corruero,'major
1636 3853 1936 3908 ascensus,
1970 3845 2158 3915 major

503 3909 677 3967 ruina
707 3916 816 3968 est.
843 3913 1149 3986 Simulque
1173 3920 1479 4000 considera
1501 3934 1935 3986 sacramentum
1969 3949 1981 3988 :
2016 3935 2154 4006 quia

499 4001 743 4071 grandis
792 4001 957 4062 labor
1003 4011 1113 4074 est,
1145 4015 1202 4063 et
1246 4012 1488 4082 grandis
1537 4017 1736 4084 sudor,
1769 4020 1840 4075 de
1879 4001 2051 4079 terris
2078 4024 2150 4080 ad

499 4087 710 4145 cmlum
743 4095 1151 4152 conscendere.
1185 4097 1377 4156 Vultis
1408 4103 1555 4157 scire
1585 4106 1684 4177 qui
1717 4113 1858 4165 sunt
1887 4109 1982 4166 isti
2015 4129 2146 4185 gra-

499 4177 610 4234 dus
627 4178 655 4233 ?
675 4181 782 4245 Qui
805 4185 894 4236 est
915 4183 1140 4254 primus
1161 4187 1378 4257 gradus
1395 4190 1422 4244 ‘?
1444 4189 1559 4264 Ego
1583 4200 1721 4266 puto
1745 4199 2000 4270 primum
2016 4177 2150 4274 gra-

496 4265 639 4322 dum
666 4283 796 4324 esse
814 4269 1110 4342 jejunium
1140 4290 1153 4328 :
1186 4275 1380 4333 adhuc
1401 4265 1988 4353 enimjuxta-terram
2017 4297 2142 4349 est:

495 4356 825 4413 recedimus
855 4359 925 4415 de
957 4364 1132 4429 terra,
1163 4367 1614 4426 conscendimus
1649 4390 1661 4427 :
1712 4378 1908 4433 tamen
1953 4379 2145 4437 adhuc

492 4445 565 4500 de
594 4447 842 4504 terrenis
883 4453 943 4504 et
984 4454 1388 4524 corporalibus
1434 4460 1779 4531 cogitamus.
1836 4466 1994 4524 Dicat
2038 4471 2141 4526 ali-

492 4533 627 4604 quis
661 4553 674 4593 :
709 4537 847 4607 quid
883 4539 1026 4594 mihi
1061 4543 1298 4618 prodest
1318 4546 1664 4618 jejunium?
1694 4569 1799 4626 ego
1831 4573 2045 4631 quaero,
2080 4567 2144 4617 ut

490 4621 691 4679 anima
721 4641 852 4682 mea
882 4644 1029 4699 pura
1058 4630 1135 4686 sit
1163 4635 1317 4706 apud
1349 4635 1665 4696 Dominum
1701 4661 1714 4698 :
1767 4647 1971 4716 quanti
2024 4667 2138 4707 non

481 4711 778 4781 jejunant,
809 4720 866 4769 et
913 4720 1100 4774 sancti
1148 4724 1325 4778 sunt!
1377 4725 1495 4799 Ego
1544 4745 1660 4786 non
1711 4711 1819 4789 hoc
1875 4736 2024 4796 dico.
2075 4740 2136 4796 Si

486 4798 707 4857 Paulus
739 4804 1037 4874 apostolus
1068 4812 1394 4884 castigabat
1419 4798 1634 4891 corpus
1677 4838 1874 4893 suum,
1909 4831 1966 4882 et
2013 4844 2134 4885 ser-

483 4889 651 4946 vituti
678 4892 1058 4965 subjiciebat:
1086 4914 1158 4954 ne
1180 4899 1312 4957 aliis
1335 4889 1682 4978 pradicans,
1706 4911 1831 4984 ipse
1851 4889 2135 4988 reprobus

484 4978 840 5038 inveniretur
887 4985 932 5056 (Ι
964 4985 1082 5042 Cor.
1119 5005 1195 5055 1x,
1229 4991 1358 5062 27);
1410 4995 1459 5049 si
1506 4997 1647 5054 dicit
1680 5017 1692 5054 :
1727 4978 2133 5064 _Video.autem

479 5070 663 5126 aliam
710 5073 881 5145 legem
926 5080 1270 5135 resistentem
1316 5082 1434 5157 tegi
1476 5091 1676 5144 mentis
1721 5109 1880 5165 meae,
1931 5100 1984 5151 et
2024 5097 2132 5154 du-

478 5163 689 5216 centem
733 5179 820 5219 me
865 5167 926 5219 in
971 5171 1340 5238 captivitatem
1388 5175 1562 5244 (Rom.
1608 5195 1706 5248 vn,
1752 5183 1843 5254 23)
1863 5163 1882 5252 ﬁ;
1929 5191 1986 5241 et
2034 5206 2131 5260 po-

478 5253 604 5305 stea
652 5251 795 5308 dicit
829 5269 842 5309 :
889 5256 1097 5326 Infelix
1140 5275 1233 5330 ego
1279 5261 1455 5330 homo,
1485 5268 1609 5339 quis
1647 5285 1737 5325 me
1774 5251 2130 5334 liberabit-de

473 5355 698 5411 corpore
729 5345 918 5399 mortis
952 5345 1116 5415 huius
1146 5349 1304 5421 (Ibid.
1337 5354 1465 5426 24)!
1499 5356 1558 5412 Si
1596 5356 1692 5414 ille
1724 5360 1969 5421 insidias
2001 5383 2126 5423 cor-

475 5429 631 5498 poris
663 5430 848 5500 timet,
876 5450 982 5490 nos
1014 5439 1203 5492 securi
1235 5445 1489 5499 sumus?
1517 5446 1575 5501 Si
1607 5447 1704 5502 ille
1735 5451 1910 5507 dicit:
1945 5456 2126 5523 Quan-

472 5515 538 5570 do
565 5519 836 5591 inﬁrmor,
867 5527 996 5578 tunc
1023 5527 1220 5595 fortior
1243 5546 1365 5586 sum
1395 5534 1465 5605 (Il
1496 5534 1618 5590 Cor.
1653 5556 1749 5607 xu,
1787 5543 1873 5608 10)
1908 5559 1920 5596 :
1950 5515 2123 5601 infir-

473 5607 647 5661 mitas
708 5612 986 5683 corporis,
1048 5617 1270 5674 sanitas
1329 5622 1537 5678 animae
1597 5633 1703 5682 est.
1757 5630 1874 5686 Hoc
1931 5637 2120 5691 totum

471 5709 651 5766 quare
698 5696 825 5756 dico
857 5716 871 5757 :
923 5702 1071 5769 Quia
1107 5706 1464 5769 abstinentia
1502 5713 1731 5789 primus
1759 5721 1979 5793 gradus
2007 5730 2115 5803 est,

2275 3424 2408 3464 mus
2468 3416 2802 3475 ascendere.
2866 3422 3147 3482 Dominus
3203 3428 3478 3491 incurvus
3534 3445 3620 3494 est

2269 3765 2326 3820 in
2386 3769 2817 3858 primogradu
2877 3782 3076 3851 posuit
3138 3787 3366 3857 pedem.
3428 3792 3552 3850 Non
3611 3765 3906 3858 enimid:

2265 3853 2398 3912 cit:
2453 3857 2619 3915 Nunc
2676 3863 2946 3939 tribulor,
3002 3887 3157 3946 nunc
3217 3875 3442 3949 Clamo;
3499 3884 3596 3940 sed
3656 3889 3792 3959 quia
3843 3891 3902 3947 in

2263 3943 2454 4014 primo
2511 3951 2693 4019 gradu
2763 3959 2879 4022 est,
2951 3943 3126 4016 refert
3189 3967 3328 4037 quid
3398 3943 3606 4042 passus
3672 3943 3790 4034 est.

2263 4033 2400 4104 quid
2455 4035 2643 4093 dicit?
2695 4064 2723 4092 «
2755 4045 2840 4134 Ad
2887 4033 3902 4134 Dominum‘cumdribularer,cla;

2261 4124 2434 4194 mavi,
2494 4131 2551 4182 et
2605 4133 2900 4190 exaudivit
2957 4155 3067 4196 me.
3124 4164 3144 4191 ι
3209 4150 3537 4220 Antequam
3597 4153 3654 4208 in
3713 4156 3897 4228 primo

2256 4213 2439 4283 gradu
2475 4218 2679 4288 pedem
2711 4225 3010 4294 ponerem,
3046 4213 3399 4306 tribulabar;
3419 4241 3558 4311 quia
3601 4213 3896 4318 non‘pote-

2257 4317 2381 4357 ram
2412 4308 2639 4363 terrena
2671 4311 2985 4372 dimittere.
3022 4343 3051 4370 «
3086 4322 3171 4377 Ad
3203 4308 3516 4386 Dominum
3551 4350 3683 4391 cum
3712 4308 3896 4394 tribu-

2256 4388 2407 4448 larer
2436 4394 2704 4470 clamavi,
2735 4406 2792 4456 et
2819 4407 3116 4465 exaudivit
3146 4428 3258 4469 me.
3298 4438 3316 4463 ι
3362 4416 3605 4477 Videtur
3635 4423 3740 4481 iste
3769 4443 3894 4482 ver-

2253 4479 2476 4539 siculus
2506 4485 2649 4542 nihil
2679 4489 2892 4550 habere
2920 4495 3292 4561 intrinsecus.
3317 4505 3654 4569 Versiculus
3683 4530 3894 4587 parvus

2251 4575 2378 4641 est;
2413 4575 2515 4629 sed
2546 4580 2664 4634 tres
2696 4596 2907 4639 sensus
2937 4585 3203 4658 habetin
3236 4611 3298 4650 se
3342 4598 3561 4667 pariter
3606 4575 3890 4677 congluti-

2170 4677 2216 4741 Ι)
2251 4665 2438 4718 natos.
2471 4665 2621 4728 Quid
2652 4670 2808 4727 enim
2842 4673 3031 4731 dicit?
3085 4702 3104 4728 ι
3142 4680 3282 4739 Cum
3325 4665 3652 4760 tribularer,
3688 4665 3892 4752 »vecce

2251 4766 2460 4821 unum,
2491 4755 2768 4827 clamavi;
2814 4768 2870 4818 et
2900 4771 3032 4836 post
3061 4755 3375 4831 clamorem
3409 4779 3546 4850 quid
3571 4780 3598 4834 ?
3645 4806 3673 4834 «
3704 4788 3759 4839 et
3788 4801 3890 4841 au-

2245 4838 2389 4896 divit
2418 4859 2530 4900 me.
2557 4864 2582 4896 »
2623 4846 2684 4902 In
2718 4866 2833 4906 uno
2863 4870 3033 4912 versu
3055 4859 3215 4930 prior
3243 4838 3565 4938 tribulatio,
3598 4838 3886 4943 clamatio,

2243 4931 2557 4990 exauditio.
2582 4935 2706 4991 Non
2731 4938 2903 4996 dixit:
2929 4945 3170 5009 Quando
3193 4967 3435 5012 securus
3460 4965 3888 5035 eram,quando

2242 5016 2409 5074 laetus
2460 5039 2642 5090 eram,
2675 5025 2940 5103 clamavi,
2975 5037 3076 5091 sed
3122 5043 3353 5110 quando
3395 5016 3885 5120 tribulabafr,_c_la-

2242 5107 2415 5162 mavi.
2456 5132 2476 5157 α
2512 5112 2722 5185 Petitis,
2745 5116 2958 5191 inquit,
2982 5128 3035 5178 et
3062 5142 3174 5181 non
3201 5133 3550 5192 exaudimini
3578 5157 3598 5214 :_
3625 5142 3756 5212 quia
3782 5159 3886 5198 ne-

2236 5195 2507 5265 gligenter
2547 5203 2730 5272 petitis
2776 5205 2909 5277 (Jac.
2944 5227 3019 5279 IV,
3053 5215 3129 5284 3).
3191 5237 3210 5264 ι
3251 5219 3331 5275 Ad
3382 5195 3693 5285 Dominum

2238 5285 2552 5344 tribularer
2601 5291 2868 5364 clamavi,
2919 5305 2976 5355 et
3019 5306 3316 5374 exaudivit
3364 5330 3475 5369 me.
3513 5337 3542 5365 ››
3589 5318 3734 5384 Quid
3787 5337 3883 5378 me

2237 5376 2575 5434 exaudivit?
2609 5382 2767 5440 Fecit
2803 5403 2894 5443 me
2925 5394 3079 5448 stare
3107 5393 3168 5450 in
3202 5399 3391 5468 primo
3420 5405 3604 5475 gradu
3624 5408 3650 5462 ?
3679 5425 3877 5468 verum

2236 5463 2306 5518 ad
2341 5472 2838 5540 comparationem
2869 5479 3058 5548 quinti
3103 5463 3317 5543 decimi
3348 5463 3586 5566 gradus,
3619 5498 3757 5568 quid
3786 5463 3882 5556 est

2233 5567 2361 5608 esse
2395 5555 2450 5610 in
2484 5559 2674 5630 primo
2703 5566 2887 5634 gradu
2912 5567 2938 5621 ‘t
2986 5569 3193 5630 Dimisi
3242 5581 3490 5654 terrena,
3524 5586 3770 5642 necdum
3801 5590 3876 5647 ad

2234 5641 2348 5698 alta
2397 5651 2706 5726 conscendi
2740 5671 2752 5708 :
2805 5670 2942 5729 ergo
2988 5676 3100 5716 non
3150 5665 3329 5724 debeo
3359 5687 3487 5727 esse
3519 5691 3777 5749 securus,
3812 5679 3874 5736 in
