4244 6594
321 415 477 475 1349

1497 411 1990 474 BBEVIABIUM
2044 414 2117 472 lN
2166 368 2590 474 PSALMOSs

3579 410 3730 478 1350

393 570 419 596 ‹‹
455 545 716 615 Domine,
751 545 934 602 libera
963 547 1222 601 animam
1255 563 1446 602 meam
1470 563 1503 602 a
1531 547 1704 602 labiis
1725 546 1964 618 iniquis,
1998 547 2050 613 Α
2086 546 2321 612 tibi,aut
2353 545 2491 616 quid
2526 548 2852 616 apponatur
2883 544 3087 600 tibi.ad
3112 543 3376 616 linguam
3397 542 3720 600 dolosamP.

322 642 378 692 et
406 653 440 691 a
470 635 672 708 lingua
709 633 931 691 dolosa.
961 654 988 685 ι»
1027 634 1179 690 Dicit
1236 635 1344 691 hoc
1394 636 1464 691 de
1514 637 1791 691 omnibus
1849 635 1967 689 hai-

325 725 578 780 resibus.
615 725 762 779 Dicit
800 725 870 779 de
899 723 1140 788 Iudaeis,
1172 724 1312 780 dicit
1342 725 1413 779 de
1441 724 1693 793 Arianis,
1728 725 1869 780 dicit
1900 725 1970 779 de

325 813 683 880 Manichaeis,
718 813 858 868 dicit
879 814 950 869 de
979 813 1201 869 caeteris
1232 812 1573 870 beresibus.
1599 812 1840 876 Quando
1881 812 1967 867 di-

325 903 404 958 cit
433 901 700 960 Arianis:
734 902 903 958 Pater
931 903 1139 973 major,
1175 900 1358 958 Filius
1407 901 1620 969 minor,
1679 901 1820 974 quid
1876 901 1970 956 di-

325 1006 526 1047 cemus
575 1007 681 1046 nos
710 991 737 1045 ?
782 1012 810 1040 «
858 990 1124 1061 Domine,
1168 989 1353 1046 libera
1391 990 1651 1046 animam
1696 1005 1888 1046 meam
1939 1006 1974 1044 a

327 1080 500 1134 labiis
527 1079 764 1151 iniquis,
799 1083 855 1133 et
885 1095 918 1133 a
949 1079 1148 1151 lingua
1177 1077 1397 1135 dolosa.
1436 1103 1463 1128 »
1524 1077 1766 1143 Quando
1829 1076 1972 1133 dicit

329 1167 767 1236 Manichaeus,et
796 1167 1009 1222 similis
1041 1168 1524 1224 Manichaeorum:
1549 1167 1834 1223 Dominus
1857 1183 1969 1223 non

331 1257 645 1312 resurrexit
675 1257 731 1312 in
786 1257 1045 1328 corporis
1096 1257 1358 1325 veritate,
1418 1263 1476 1313 et
1533 1262 1598 1313 ut
1653 1256 1806 1312 scias
1857 1273 1970 1312 non

330 1346 512 1401 fuisse
536 1361 734 1402 verum
768 1362 1001 1417 corpus,
1051 1345 1267 1401 clausis
1307 1346 1609 1418 ingressus
1666 1350 1755 1401 est
1809 1344 1974 1400 ostiis

329 1437 510 1504 (Joan.
544 1451 635 1500 xx,
671 1435 755 1499 19,
784 1436 895 1505 26),
931 1451 1036 1490 nos
1065 1434 1205 1506 quid
1255 1434 1570 1490 dicemus?
1635 1454 1654 1482 ει
1705 1434 1972 1498 Domine,

326 1522 510 1578 libera
538 1523 796 1578 animam
826 1539 1017 1578 meam
1049 1539 1081 1578 a
1111 1522 1284 1578 labiis
1315 1522 1555 1594 iniquis,
1591 1527 1647 1578 et
1683 1539 1716 1576 a
1762 1521 1971 1595 lingua

331 1611 550 1668 dolosa.
586 1633 614 1661 »
645 1613 863 1683 Majora
893 1612 1132 1668 vulnera
1153 1617 1292 1667 sunt
1313 1611 1547 1684 linguae,
1568 1628 1747 1683 quam
1770 1611 1972 1683 gladii.

331 1699 573 1756 Gladius
605 1701 881 1756 interﬁcit
909 1717 1143 1772 corpus,
1191 1700 1450 1756 animam
1502 1717 1615 1755 non
1678 1701 1972 1756 interficit.

335 1788 554 1861 Lingua
581 1787 736 1844 mala
764 1805 857 1844 res
889 1794 996 1854 est,
1031 1787 1250 1843 malum
1303 1803 1584 1858 magnum
1623 1804 1636 1841 :
1679 1787 1975 1841 modicum

333 1878 569 1948 quidem
599 1877 957 1944 membrum,
989 1878 1088 1932 sed
1122 1891 1336 1947 magna
1382 1875 1695 1931 exulcerat.
1748 1876 1978 1939 Quanta

336 1966 493 2021 mala
522 1966 736 2020 habeat
763 1965 984 2036 lingua,
1015 1964 1183 2036 legite
1214 1965 1536 2036 Epistolam
1565 1964 1750 2020 sancti
1772 1964 1977 2019 Jacobi

336 2055 476 2126 (cap.
511 2054 617 2124 111).
653 2053 880 2124 Lingua
910 2052 1054 2107 nihil
1087 2052 1345 2108 medium
1378 2053 1553 2108 habet
1580 2071 1595 2122 ;
1619 2058 1716 2108 aut
1759 2053 1980 2124 grande

341 2142 566 2200 malum
595 2147 812 2212 est,aut
836 2142 1056 2214 grande
1086 2142 1327 2198 bonum.
1362 2143 1592 2198 Grande
1627 2142 1868 2210 bonum,
1930 2142 1979 2198 si

337 2232 630 2288 Christum
661 2230 846 2287 Deum
878 2231 1188 2288 confitetur
1211 2257 1226 2299 ;
1249 2231 1470 2303 grande
1487 2231 1790 2299 malum,si
1813 2230 1979 2285 Chri-

337 2320 709 2388 stumDeum
741 2323 928 2391 negat.
958 2320 1104 2392 Ergo
1134 2336 1204 2374 ne
1236 2323 1403 2392 putet
1443 2319 1659 2392 aliquis
1705 2325 1762 2375 et
1826 2320 1982 2374 dicat

338 2410 770 2479 interim,0pere
790 2424 906 2464 non
938 2408 1166 2480 peccavi
1193 2427 1206 2464 :
1242 2409 1291 2464 si
1323 2409 1576 2481 peccavi,
1610 2408 1811 2481 lingua
1842 2424 1978 2481 pec-

337 2499 479 2555 cavi.
514 2499 675 2566 Quod
704 2503 793 2555 est
829 2498 1024 2570 majus
1057 2502 1380 2570 peccatum,
1404 2514 1582 2570 quam
1615 2497 1980 2570 blasphemia

338 2589 396 2643 in
425 2588 654 2644 Deum?
685 2592 741 2644 et
761 2592 955 2643 tamen
1022 2586 1223 2659 lingua
1271 2592 1488 2660 peccat.
1550 2587 1827 2643 Diabolus
1879 2604 1983 2642 cur

339 2678 410 2732 de
439 2677 583 2732 caalo
615 2676 868 2734 cecidit?
897 2676 1038 2747 quia
1062 2675 1286 2731 furtum
1333 2675 1512 2731 fecit?
1559 2676 1700 2747 quia
1736 2675 1980 2731 homici-

339 2767 503 2821 dium
527 2765 660 2822 fecit
686 2766 713 2821 ?
755 2766 896 2838 quia
957 2764 1312 2822 adulterium
1359 2765 1708 2820 commisit?
1745 2766 1810 2820 Et
1862 2765 1982 2820 Ι]ωο

338 2855 576 2926 quidem
609 2854 765 2925 mala
794 2859 953 2922 sunt,
987 2854 1087 2910 sed
1121 2853 1389 2910 diabolus
1419 2870 1534 2909 non
1583 2859 1818 2926 propter
1875 2853 1984 2910 hoc

339 2944 569 3010 cecidit,
592 2944 693 2999 sed
726 2949 961 3016 propter
1007 2942 1271 3014 linguam
1316 2959 1484 2998 suam
1536 2943 1764 2998 cecidit.
1818 2944 1982 3008 Quod

339 3033 494 3088 enim
528 3033 672 3088 dixit
705 3051 718 3089 :
750 3035 814 3088 In
845 3031 1047 3088 caelum
1076 3031 1384 3101 ascendam,
1416 3047 1582 3104 super
1626 3032 1817 3088 sidera
1862 3034 1987 3088 caeli

333 3138 536 3194 ponam
567 3123 825 3177 thronum
854 3137 1057 3190 meum,
1090 3128 1145 3175 et
1170 3135 1261 3175 ero
1291 3119 1499 3176 similis
1528 3121 1806 3177 Altissimo
1854 3122 1982 3192 (Isa.

338 3227 457 3279 xiv,
482 3210 568 3277 13,
606 3210 712 3279 14).
747 3209 873 3264 Non
914 3223 1050 3278 ergo
1082 3212 1292 3279 putent
1348 3209 1619 3264 monachi
1668 3225 1729 3264 se
1775 3210 1984 3268 debere

2079 635 2406 706 Respondet
2434 632 2507 698 ei,
2540 636 2597 689 et
2627 633 2790 699 dicit,
2827 638 2888 689 tu
2923 633 3022 706 qui
3067 633 3212 688 dicis
3243 650 3255 688 :
3292 656 3318 683 «
3359 633 3622 699 Domine,
3656 632 3729 688 li-

2078 724 2216 778 bera
2242 722 2498 778 animam
2533 736 2721 776 meam
2754 738 2787 777 a
2828 722 3001 778 labiis
3051 721 3272 794 iniquis
3320 727 3377 777 et
3430 738 3464 776 a
3524 722 3728 795 lingua

2081 810 2302 875 dolosa,
2337 832 2365 859 »
2398 810 2539 882 quid
2562 809 2669 864 tibi
2697 809 2783 865 vis
2815 811 2988 865 dari?
3033 811 3101 866 Et
3159 815 3472 882 postquam
3518 811 3722 866 datum

2080 900 2185 955 tibi
2213 899 2552 970 fuerit,quid
2585 899 2692 954 tibi
2725 915 2963 954 rursum
2994 900 3206 972 apponi
3236 899 3322 956 vis
3345 901 3416 956 ad
3463 901 3727 972 linguam

2081 989 2392 1046 dolosam?
2421 987 2625 1043 Videte
2659 988 2799 1059 quid
2859 988 3060 1044 dicat:
3126 989 3249 1052 Non
3310 989 3473 1058 dixit,
3524 995 3730 1045 contra

2082 1077 2344 1150 linguam
2375 1076 2659 1144 dolosam,
2694 1077 2816 1143 sed,
2854 1098 2883 1127 «
2929 1077 3000 1133 ad
3053 1078 3316 1149 linguam
3379 1078 3663 1134 dolosam.
3700 1101 3727 1130 ››

2083 1167 2142 1223 Si
2171 1167 2432 1231 dixisset,
2474 1171 2677 1221 contra
2711 1166 2971 1237 linguam
3003 1166 3291 1234 dolosam,
3324 1166 3621 1223 videretur
3660 1169 3733 1224 de

2081 1255 2412 1311 adversario
2443 1254 2651 1310 dicere.
2702 1255 2896 1310 Videte
2955 1255 3095 1326 quid
3163 1258 3240 1310 sit
3294 1261 3731 1314 sacramentum

2084 1344 2402 1414 Prophetaz,
2431 1344 2549 1398 imo
2581 1344 2765 1399 sancti
2800 1348 2856 1397 in
2911 1344 3098 1416 primo
3150 1345 3334 1416 gradu
3401 1346 3728 1402 constituti.

2084 1433 2218 1488 Dico
2251 1432 2598 1504 simplicius,
2624 1435 2857 1504 propter
2887 1431 3293 1504 simpliciores.
3339 1434 3486 1498 Quid
3545 1434 3732 1490 dicit?

2088 1522 2408 1590 «Domine,
2443 1521 2627 1576 libera
2656 1521 2914 1576 animam
2940 1537 3134 1576 meam
3183 1539 3220 1577 a
3275 1520 3446 1578 labiis
3504 1523 3727 1595 iniquis

2085 1616 2142 1665 et
2169 1628 2204 1666 a
2236 1609 2436 1682 lingua
2465 1610 2686 1666 dolosa.
2718 1633 2740 1662 ι
2777 1609 3392 1677 Verbicausa,alabiis
3407 1612 3726 1668 adversarii

2085 1700 2222 1764 mei,
2244 1699 2344 1770 qui
2378 1697 2520 1752 mihi
2557 1699 2832 1753 detrahit.
2868 1699 2977 1754 Sed
3002 1699 3286 1772 Dominus
3303 1699 3460 1755 aliud
3490 1717 3730 1774 respon-

2085 1789 2200 1843 det.
2239 1789 2306 1842 Et
2336 1787 2475 1859 quid
2507 1787 2698 1843 dixit?
2725 1787 2848 1842 Non
2879 1788 3044 1857 dixit,
3078 1787 3217 1859 quid
3246 1789 3417 1844 detur
3445 1790 3570 1860 tibi,
3629 1796 3733 1846 aut

2089 1876 2228 1947 quid
2262 1881 2590 1947 apponatur
2618 1875 2742 1944 tibi,
2771 1881 2974 1931 contra
2995 1876 3256 1947 linguam
3279 1877 3541 1934 dolosam
3568 1883 3593 1934 7
3616 1880 3726 1935 hoc

2088 1969 2196 2032 est,
2228 1983 2342 2020 non
2377 1965 2540 2033 dixit,
2573 1965 2714 2036 quid
2748 1965 3048 2020 desideras
3077 1965 3180 2020 tibi
3208 1965 3332 2020 fieri
3365 1970 3566 2022 contra
3623 1969 3734 2024 ad-

2088 2053 2455 2108 versarium?
2485 2053 2594 2107 Sed
2629 2052 2768 2124 quid
2797 2053 2985 2108 dicit?
3015 2075 3043 2103 ‹‹
3079 2053 3226 2120 Quid
3259 2053 3430 2110 detur
3459 2055 3582 2123 tibi,
3629 2061 3732 2112 aut

2089 2143 2230 2214 quid
2262 2146 2591 2213 apponatur
2627 2141 2756 2208 tibi,
2789 2142 2857 2196 ad
2893 2141 3156 2212 linguam
3185 2141 3448 2199 dolosam
3475 2143 3503 2198 ?
3533 2167 3562 2194 ››
3603 2145 3730 2201 Non

2090 2231 2252 2298 dixit,
2284 2235 2488 2286 contra
2542 2229 2826 2301 linguam,
2875 2231 2996 2300 sed,
3055 2231 3124 2285 ad
3187 2229 3463 2300 linguam.
3528 2232 3732 2290 Videte

2091 2319 2231 2390 quid
2262 2319 2416 2374 dicat
2446 2341 2473 2368 «
2505 2319 2576 2374 ad
2610 2317 2869 2390 linguam
2901 2318 3166 2374 dolosam
3197 2363 3209 2387 ,
3243 2341 3270 2370 »
3295 2321 3366 2376 ad
3400 2325 3562 2377 tuam
3620 2321 3731 2378 lin-

2089 2424 2288 2480 guam,
2324 2425 2438 2462 non
2470 2408 2805 2463 adversarii.
2866 2408 2923 2462 Si
2984 2408 3139 2464 enim
3199 2409 3570 2467 adversarius
3625 2411 3733 2467 tibi

2090 2495 2367 2567 detrahit,
2392 2495 2535 2550 nihil
2567 2497 2671 2551 tibi
2705 2501 2873 2552 nocet
2907 2515 2920 2563 ;
2979 2501 3042 2552 tu
3089 2503 3146 2553 te
3194 2497 3498 2570 interﬁcis,
3539 2500 3602 2562 si.
3633 2500 3733 2556 alii

2090 2585 2385 2640 detrahas.
2423 2584 2588 2639 Verbi
2618 2585 2850 2657 gratia:
2907 2585 2967 2640 Si
3010 2585 3280 2641 detrahat
3338 2587 3483 2642 mihi
3531 2589 3730 2658 frater,

2091 2674 2236 2728 mihi
2269 2675 2409 2746 quid
2441 2673 2679 2729 nocuit?
2708 2673 2765 2728 Sl
2795 2674 2952 2729 dicat
2982 2691 3075 2729 me
3103 2675 3540 2744 homicidam,si
3573 2678 3731 2739 dicat

2092 2779 2185 2818 me
2213 2762 2620 2830 adulterum,si
2653 2761 3023 2831 sceleratum,
3065 2764 3114 2818 si
3165 2763 3527 2833 mendacem,
3583 2767 3731 2822 mihi

2094 2853 2234 2923 quid
2267 2852 2463 2907 docuit
2485 2851 2511 2904 ?
2543 2852 2581 2906 E
2609 2851 2838 2906 duobus
2868 2851 3026 2907 enim
3058 2868 3243 2914 unum
3301 2859 3390 2909 est
3421 2871 3434 2907 :
3480 2859 3582 2909 aut
3641 2872 3735 2911 ve-

2093 2958 2224 2996 rum
2256 2941 2418 3008 dicit,
2451 2946 2551 2996 aut
2581 2941 2880 2996 mentitur.
2919 2941 2979 2996 Si
3007 2957 3210 2997 verum
3243 2942 3402 3010 dicit,
3439 2960 3553 2998 non
3590 2944 3736 2999 mihi

2095 3029 2237 3085 illud
2267 3034 2433 3085 nocet
2461 3030 2617 3100 quod
2650 3028 2748 3085 ille
2777 3028 2922 3084 dixit
2952 3047 2966 3098 ;
3000 3030 3099 3085 sed
3132 3031 3271 3102 quia
3296 3047 3426 3087 vere
3469 3049 3573 3105 ego
3601 3033 3731 3090 feci.

2096 3120 2155 3174 Si
2186 3122 2379 3173 autem
2411 3118 2712 3186 mentitur,
2755 3117 3127 3174 mendacium
3174 3118 3363 3191 ipsius
3422 3137 3537 3176 non
3590 3121 3736 3177 mihi

2097 3211 2298 3262 nocet:
2333 3207 2432 3261 sed
2465 3206 2742 3262 interficit
2770 3206 3027 3262 animam
3059 3206 3412 3278 loquentem.
3475 3209 3744 3266 Infelices

337 3313 466 3353 esse
497 3313 754 3368 securos,
788 3297 1065 3352 et-dicant
1093 3296 1325 3351 interim
1363 3314 1375 3351 :
1428 3296 1682 3352 Grandia
1738 3298 1986 3356 crimina
2017 3285 2058 3349 C
2099 3311 2327 3360 sumus,
2362 3295 2559 3350 miseri
2593 3311 2822 3350 sumus.
2857 3295 3100 3358 Quando
3141 3294 3394 3368 aliquem
3450 3297 3738 3354 habemus

342 3402 456 3440 non
489 3384 737 3440 facimus
778 3386 838 3440 in
879 3384 1252 3450 monasterio,
1313 3401 1429 3441 non
1489 3384 1806 3451 adulteror,
1867 3404 1982 3443 non

340 3474 560 3529 furtum
595 3473 764 3539 facio,
801 3490 915 3529 non
939 3472 1328 3528 homicidium
1360 3473 1528 3540 facio,
1562 3491 1677 3529 non
1738 3476 1984 3546 parrici-

343 3563 506 3618 dium
538 3562 708 3630 facio,
767 3567 823 3617 et
881 3567 1087 3617 caetera
1145 3578 1272 3632 quae
1331 3561 1577 3634 grandia
1627 3562 1768 3619 vitia
1825 3570 1982 3621 sunt.

342 3651 573 3706 Grande
603 3651 793 3707 scelus
825 3656 932 3720 est,
966 3650 1199 3722 quando
1224 3650 1465 3706 detraho
1500 3651 1661 3706 fratri
1688 3667 1837 3721 meo,
1868 3653 1988 3723 .lin-

341 3755 458 3812 gua
487 3756 617 3795 mea
647 3739 886 3806 fratrem
916 3738 1222 3794 interﬁcio.
1254 3740 1368 3810 Qui
1394 3741 1544 3794 enim
1589 3740 1702 3794 odit
1753 3743 1986 3812 fratrem

338 3828 801 3896 suum,homz‘cida
829 3828 950 3899 est(I
978 3829 1144 3884 Joan.
1179 3829 1402 3899 111,15).
1425 3827 1622 3884 Videte
1655 3829 1795 3901 quid
1830 3831 1991 3888 dicat

342 3917 616 3974 Salomon
641 3935 659 3972 .·
688 3920 749 3972 In
781 3934 948 3973 manu
979 3918 1362 3986 linguamors
1390 3921 1440 3972 et
1469 3919 1581 3972 vita
1613 3919 1805 3990 (Prov.
1827 3937 1987 3992 xvm,

343 4005 455 4078 21).
477 4005 682 4062 Videte
704 4006 844 4076 quid
869 4006 1024 4060 dicat
1049 4024 1061 4061 :
1089 4007 1149 4060 In
1175 4022 1351 4061 manu
1376 4005 1989 4080 linguae.Videsquan-

346 4099 475 4149 tum
506 4093 726 4151 malum
754 4094 832 4149 sit
860 4093 1082 4166 lingua,
1116 4097 1173 4149 et
1196 4109 1439 4150 manum
1460 4093 1810 4159 habet.Quid
1833 4098 1987 4153 enim

345 4184 531 4239 dicit?
565 4184 626 4239 In
661 4200 842 4239 manu
874 4182 1110 4254 linguae.
1138 4184 1367 4238 Grande
1399 4182 1607 4238 vitium
1654 4191 1744 4242 est
1798 4187 1988 4244 detra-

347 4272 484 4328 here
514 4271 813 4343 fratribus,
846 4277 1036 4327 tacere
1077 4287 1192 4328 non
1241 4288 1434 4344 posse,
1485 4272 1732 4329 circuire
1789 4275 1987 4342 cellas,

344 4361 475 4418 aliis
505 4361 829 4418 detrahere.
864 4361 976 4431 Ego
1009 4364 1273 4432 peccator
1319 4377 1451 4416 sum
1487 4379 1500 4417 :
1562 4362 1671 4418 iste
1727 4369 1993 4435 peccator

347 4457 458 4520 est,
493 4451 634 4523 quid
666 4451 735 4506 ad
754 4454 810 4506 te
837 4451 866 4504 ?
896 4449 1174 4522 Teipsum
1205 4449 1510 4506 considera
1540 4467 1612 4506 ne
1641 4453 1989 4519 cadas.Quid

349 4540 409 4595 in
441 4538 682 4596 alterius
711 4539 882 4594 ruina
906 4537 1164 4595 exsultas
1184 4538 1212 4593 ?
1237 4538 1535 4610 Numquid
1585 4539 1635 4594 si
1691 4557 1797 4612 ego
1847 4543 1990 4598 ceci-

348 4629 506 4720 dero,
550 4636 609 4684 tu
639 4627 868 4684 stabis?
892 4627 1057 4720 ‘Licet
1085 4627 1255 4682 ruina
1286 4643 1418 4720 mea
1439 4627 1535 4720 sit,
1571 4628 1741 4720 ruina
1772 4630 1989 4720 fratris,
2024 4654 2072 4720 Β

347 4717 527 4771 timor
549 4721 687 4772 tuus
716 4733 846 4797 esse
875 4717 1065 4781 debet,
1099 4732 1214 4771 non
1245 4716 1579 4773 exsultatio.
1614 4717 1716 4772 Ille
1745 4718 1990 4787 cecidit;

349 4804 583 4875 laetaris,
618 4821 690 4859 an
725 4805 912 4861 tristis
943 4806 1046 4862 es?
1078 4805 1386 4877 Responde
1413 4806 1560 4861 mihi
1593 4825 1607 4863 :
1670 4807 1868 4862 Frater
1905 4824 1995 4864 ce-

349 4893 493 4948 cidit
523 4910 534 4948 :
568 4897 670 4948 aut
690 4892 858 4948 laetus
888 4910 970 4962 es,
995 4898 1098 4949 aut
1128 4893 1338 4950 tristis.
1369 4895 1429 4950 Si
1459 4893 1626 4951 laetus
1656 4912 1738 4966 es,
1781 4897 1993 4969 utquid

351 4982 412 5036 in
434 4980 673 5038 alterius
696 4981 866 5038 ruina
896 4981 1062 5038 laetus
1079 4999 1140 5038 es
1159 4982 1186 5038 ?
1210 4983 1267 5037 Si
1300 4988 1494 5039 autem
1525 4985 1714 5040 tristis
1745 5002 1828 5055 es,
1853 4986 1994 5058 quid

323 5069 607 5126 circuis?
637 5071 777 5142 quid
808 5070 938 5126 aliis
972 5087 1174 5127 narras
1198 5071 1226 5126 ?
1264 5071 1562 5129 tristitiam
1620 5079 1782 5130 tuam
1842 5075 1996 5130 Deus

348 5157 564 5226 videat,
594 5163 650 5214 et
670 5158 796 5230 ipse
827 5159 1005 5215 frater
1054 5159 1288 5228 sentiat,
1345 5177 1458 5216 non
1518 5163 1765 5220 fratrum
1825 5180 1996 5220 aures

351 5248 615 5302 audiant.
651 5270 679 5297 ‹‹
713 5247 976 5316 Domine,
1010 5248 1192 5304 libera
1222 5249 1480 5306 animam
1513 5268 1702 5309 meam
1740 5271 1773 5309 a
1825 5253 1996 5309 labiis

349 5335 590 5408 iniquis,
622 5341 679 5392 et
708 5353 743 5392 a
770 5336 973 5408 lingua
1001 5337 1220 5394 dolosa.
1260 5360 1281 5389 ι

423 5449 448 5474 ‹‹
479 5425 627 5492 Quid
659 5427 829 5481 detur
858 5425 984 5492 tibi,
1016 5431 1116 5482 aut
1159 5429 1297 5500 quid
1356 5435 1687 5502 apponatur
1735 5433 1861 5501 tibi,
1923 5433 1997 5488 ad

352 5515 616 5586 linguam
647 5514 963 5571 dolosam?
1010 5537 1036 5563 »
1086 5515 1338 5586 Spiritus
1387 5523 1628 5574 sanctus
1687 5522 2001 5593 respondet

356 5603 657 5676 Propheta:
688 5605 902 5660 dicenti
936 5623 948 5662 :
986 5627 1012 5655 ‹‹
1035 5604 1300 5675 Domine,
1325 5606 1505 5664 libera
1526 5609 1780 5664 animam
1807 5627 1996 5666 meam

358 5692 593 5755 alabiis
627 5693 866 5770 iniquis,
899 5701 956 5751 et
1003 5712 1037 5752 a
1086 5693 1286 5768 lingua
1337 5697 1579 5756 dolosa:
1636 5699 1775 5772 quid
1827 5700 2000 5757 detur

2095 3383 2398 3438 inimicum
2439 3401 2457 3436 :
2489 3382 2628 3437 dum
2660 3387 2939 3453 putamus
2967 3384 3123 3454 quod
3153 3390 3354 3440 contra
3379 3385 3739 3457 ipsum-faci-

2097 3489 2250 3542 mus,
2281 3475 2482 3526 contra
2511 3487 2617 3526 nos
2650 3470 2919 3526 facimus.
2947 3472 3322 3530 Detrahimus
3356 3473 3466 3541 illi,
3497 3475 3610 3530 huc
3669 3475 3740 3530 il-

2095 3559 2305 3631 lucque
2335 3559 2672 3630 circuimus,
2699 3559 2972 3615 omnibus
3003 3561 3258 3618 dicimus
3283 3562 3354 3618 de
3387 3579 3454 3618 eo
3489 3581 3502 3618 :
3557 3569 3735 3636 puta-

2099 3665 2229 3703 mus
2261 3648 2413 3720 quod
2454 3647 2537 3703 illi
2570 3649 2923 3704 noceamus?
2977 3648 3064 3704 Illi
3113 3667 3228 3706 non
3275 3667 3575 3722 uocemus,
3632 3653 3737 3710 sed
3796 3680 3802 3686 -

2098 3741 2327 3793 nostras
2356 3737 2742 3794 interﬁcimus
2773 3737 3022 3807 animas,
3055 3740 3210 3811 quod
3264 3742 3604 3798 mentimur.
3666 3743 3736 3798 Os

2096 3831 2246 3885 enim
2283 3827 2422 3900 quod
2466 3829 2758 3897 mentitur,
2795 3829 2995 3885 occidit
3039 3831 3288 3896 animam
3331 3831 3481 3904 (Sap.
3532 3849 3571 3900 1,
3629 3833 3739 3904 11).

2105 3943 2124 3967 α
2160 3917 2307 3982 Quid
2337 3917 2510 3973 detur
2530 3916 2654 3986 tibi,
2689 3923 2791 3973 aut
2821 3917 2959 3988 quid
2993 3924 3320 3990 apponatur
3350 3921 3478 3988 tibi,
3509 3921 3581 3976 ad
3623 3919 3741 3976 lin-

2098 4023 2276 4078 guam
2309 4006 2572 4062 dolosam
2598 4007 2625 4060 ?
2656 4028 2684 4055 »
2707 4007 2883 4071 Quasi
2913 4006 3104 4062 bonus
3131 4007 3533 4080 medicus,qui
3558 4009 3700 4066 dicit
3725 4028 3738 4068 :

2099 4095 2170 4151 ad
2203 4096 2352 4151 hanc
2385 4093 2808 4161 inﬁrmitatem,
2839 4095 2910 4150 ad
2943 4095 3049 4150 hoc
3070 4095 3487 4170 vulnus,-quid
3520 4081 3625 4154 tibi
3653 4100 3741 4155 vis

2100 4184 2360 4256 imponi;
2394 4184 2547 4256 quod
2571 4183 2676 4238 tibi
2726 4183 2811 4239 vis
2871 4183 3252 4256 emplastrum
3294 4185 3558 4259 imponi?
3595 4191 3747 4253 Quo-

2101 4275 2273 4330 modo
2296 4272 2347 4328 si
2375 4271 2529 4328 dieat
2555 4273 2625 4328 ad
2656 4274 3025 4329 vulneratum
3056 4273 3313 4347 aliquem
3351 4292 3363 4330 :
3403 4296 3430 4328 α
3461 4277 3608 4342 Quid
3638 4278 3745 4334 de-

2100 4367 2196 4418 tur
2225 4361 2350 4431 tibi,
2375 4365 2476 4417 aut
2505 4361 2645 4433 quid
2677 4367 3006 4434 apponatur
3033 4363 3161 4431 tibi,
3192 4385 3222 4413 »
3255 4365 3327 4419 ad
3358 4365 3570 4422 vulnus
3630 4383 3745 4438 quo

2100 4451 2263 4507 doles
2291 4451 2320 4505 ?
2349 4451 2672 4521 Interrogat
2703 4451 3008 4520 Dominus,
3040 4467 3156 4506 non
3179 4454 3332 4524 quod
3359 4453 3608 4525 ignoret,
3641 4458 3744 4512 sed

2102 4540 2255 4612 quod
2287 4538 2394 4595 iste
2425 4538 2526 4612 qui
2553 4539 2814 4610 rogabat,
2849 4540 2995 4595 sciat
3050 4540 3342 4611 quomodo
3386 4557 3590 4614 rogare
3641 4543 3740 4600 de-

2102 4630 2254 4686 beat.
2321 4639 2324 4642 ‘

2181 4741 2202 4767 ι
2238 4718 2473 4790 Sagittae
2500 4717 2752 4789 potentis
2785 4720 2987 4786 acutae,
3012 4734 3148 4774 cum
3181 4720 3535 4777 carbonibus
3576 4722 3746 4779 deso-

2107 4806 2351 4863 latoriis.
2389 4830 2416 4856 ››
2445 4829 2474 4857 «ι
2505 4806 2737 4878 Sagittae
2761 4807 3018 4878 potentis
3049 4812 3253 4864 acutae.
3280 4831 3308 4859 η
3327 4809 3493 4867 Nunc
3513 4826 3752 4884 respon-

2108 4896 2205 4952 det
2225 4897 2296 4952 ad
2323 4896 2654 4962 Dominum,
2687 4895 2828 4966 quid
2861 4900 3037 4968 petat.
3072 4897 3218 4962 Quia
3276 4899 3502 4954 dixerat
3554 4899 3749 4955 Domi-

2106 5003 2217 5042 nus
2250 5002 2263 5040 :
2297 5009 2318 5035 αι
2354 4984 2501 5050 Quid
2533 4985 2703 5040 detur
2731 4983 2856 5055 tibi,
2890 4989 2992 5040 aut
3021 4986 3159 5057 quid
3193 4992 3522 5058 apponatur
3542 4988 3692 5045 tibi?
3718 5012 3748 5041 »

2105 5075 2269 5131 Nunc
2300 5075 2410 5130 iste
2441 5073 2583 5128 dicit
2619 5073 2761 5144 quid
2812 5077 2969 5146 petat
3001 5092 3013 5129 :
3074 5076 3339 5146 Domine,
3395 5076 3504 5132 hoc
3560 5082 3692 5150 peto
3730 5095 3744 5135 :

2106 5163 2351 5236 sagittas
2373 5162 2625 5234 potentis
2653 5167 2875 5228 acutas,
2919 5178 3052 5217 cum
3111 5164 3463 5221 carbonibus
3520 5167 3748 5224 desola-

2107 5252 2292 5308 toriis.
2321 5251 2523 5306 Videte
2555 5250 2694 5322 quid
2727 5251 2902 5306 dicat.
2957 5254 3259 5308 Venenum
3313 5252 3523 5327 lingua:
3581 5272 3746 5326 meae,

2107 5347 2162 5398 et
2193 5341 2610 5397 detractionem
2637 5355 2850 5406 meam,
2883 5339 3044 5396 nulla
3075 5358 3167 5397 res
3194 5347 3384 5412 potest
3413 5344 3568 5400 foras
3616 5362 3750 5418 pro-

2099 5433 2302 5502 jieere,
2334 5429 2443 5485 nisi
2480 5428 2704 5501 sagittae
2743 5433 2870 5500 tuas,
2914 5446 3040 5501 quae
3100 5429 3473 5489 solitudinem
3527 5434 3752 5492 faciunt

2107 5521 2320 5593 linguae
2352 5517 2748 5589 mezeLingua
2779 5534 2909 5574 mea
2964 5524 3189 5588 tumet,
3226 5537 3516 5577 venenum
3575 5523 3751 5582 habet

2110 5611 2481 5674 intrinsecus,
2514 5606 2628 5662 nisi
2649 5608 2881 5681 sagittis
2914 5609 3032 5663 tuis
3061 5617 3414 5682 compuncta
3467 5611 3642 5670 fuerit
3690 5620 3749 5672 et

2109 5715 2405 5775 percussa,
2423 5713 2712 5756 venenum
2742 5712 2856 5758 non
2887 5697 3199 5771 egreditur.
3233 5699 3526 5760 Debemus
3547 5717 3745 5763 exem-
