4244 6572
304 454 453 531 i353

1468 475 1515 571 ⁸Η
1530 475 1568 531 Il
1583 468 1969 533 I‘IVlAlllUM
2022 474 2090 530 IN
2142 468 2525 534 PSALMUS.

3546 478 3698 541 1354

301 609 501 660 contra
532 608 624 659 te:
659 603 886 661 dimitie
917 621 1134 660 munus
1181 611 1373 671 tuum,
1406 610 1462 658 et
1490 605 1632 659 vade
1665 604 1824 676 prius
1856 621 1941 659 re-
1974 606 2023 670 Α
2059 603 2283 673 nutriti,
2316 610 2374 658 et
2406 606 2738 663 dimisimus
2772 610 3051 677 servulos,
3085 627 3216 667 cum
3249 614 3463 684 quibus
3494 613 3699 669 nutriti

220 698 227 705 '
304 691 601 749 conciliari
632 692 793 748 fratri
847 698 968 758 tuo,
999 698 1056 749 et
1111 693 1195 749 sic
1252 694 1459 748 offeras
1518 709 1733 747 munus
1776 699 1944 746 tuum

301 780 445 837 Ecce
478 796 585 853 ego
618 779 764 836 nihil
797 781 1021 848 habeo;
1055 780 1104 836 si
1160 780 1258 836 ille
1316 780 1512 848 habet,
1550 781 1622 835 ad
1681 798 1772 836 me
1803 780 1943 851 quid

300 869 595 941 pertinet?
618 869 953 941 Respondet
981 869 1085 924 tibi
1118 869 1402 925 Dominus
1435 885 1447 924 :
1483 870 1553 924 Et
1584 870 1725 941 quid
1760 868 1947 924 dicit?

298 957 442 1014 Male
475 974 660 1025 serve,
709 955 969 1030 intelligo
1028 958 1293 1013 animum
1322 962 1488 1012 tuum
1526 972 1540 1013 :
1574 957 1729 1013 Nihil
1762 957 1943 1013 habes

301 1051 501 1104 contra
532 1049 771 1103 fratrem
831 1053 1001 1103 tuum
1037 1051 1060 1103 Ρ
1088 1045 1233 1102 nihil
1267 1047 1445 1102 habes
1468 1048 1496 1101 ‘t
1527 1061 1690 1102 amas
1720 1045 1887 1100 illum
1922 1048 1946 1100 Ρ

298 1134 483 1199 Quare
534 1152 671 1209 ergo
720 1135 934 1191 salvari
966 1152 1099 1192 eum
1131 1152 1244 1191 non
1278 1137 1362 1190 vis
1390 1134 1419 1190 ?
1462 1135 1519 1190 Si
1556 1151 1719 1190 amas
1750 1133 1939 1204 illum,

298 1226 459 1292 vade,
493 1240 635 1298 roga
660 1241 795 1280 eum
827 1241 900 1280 ne
925 1224 1023 1280 ille
1052 1228 1252 1280 contra
1286 1230 1340 1279 te
1370 1223 1601 1288 habeat,
1634 1227 1700 1279 ut
1728 1222 1939 1278 salvari

299 1304 501 1385 possit.
531 1308 641 1369 Sed
674 1308 935 1370 ostendis
988 1313 1127 1385 quia
1184 1330 1297 1369 non
1355 1312 1553 1384 diligis
1584 1328 1758 1379 eum;
1802 1312 1942 1383 quia

298 1400 507 1457 salvari
541 1418 675 1458 eum
708 1418 824 1458 non
854 1401 982 1470 vis;
1015 1402 1178 1467 vade,
1210 1418 1350 1474 roga
1378 1418 1535 1467 eum,
1570 1401 1735 1456 mitte
1784 1405 1836 1456 te
1888 1400 1940 1456 ei

298 1492 367 1547 ad
392 1492 568 1565 pedes
587 1493 738 1562 ejus,
760 1491 967 1547 diebus
985 1495 1048 1547 et
1067 1490 1339 1547 noctibus
1362 1490 1670 1559 deprecare
1691 1508 1705 1557 ;
1728 1489 1903 1545 dicito
1924 1508 1937 1545 :

298 1596 513 1637 munus
544 1596 739 1636 meum
772 1578 970 1636 dimisi
1000 1580 1070 1635 ad
1098 1578 1299 1650 altare,
1331 1584 1564 1651 propter
1591 1583 1646 1634 te
1674 1578 1941 1634 victimas

295 1669 497 1725 offerre
518 1685 630 1727 non
662 1684 924 1741 possum.
950 1668 1047 1724 Ille
1071 1667 1505 1740 cnmpungitur,
1521 1673 1579 1723 et
1600 1667 1733 1739 quid
1764 1667 1941 1723 dicit?

292 1758 350 1814 Si
378 1757 491 1815 iste
521 1756 621 1830 qui
655 1773 748 1814 me
778 1763 964 1830 rogat,
997 1774 1112 1813 non
1143 1758 1311 1812 ott‘ert
1340 1772 1558 1813 munus
1602 1772 1798 1821 suum,
1832 1771 1938 1827 ego

296 1848 393 1920 qui
415 1852 651 1920 rogatus
669 1863 824 1912 sum,
839 1850 1027 1902 etnon
1052 1846 1313 1917 ignosco,
1328 1845 1468 1916 quid
1488 1846 1747 1900 facturus
1766 1860 1899 1900 sum
1913 1845 1940 1900 Τ

293 1941 602 2009 Propterea
650 1935 792 1991 dicit
839 1940 896 1990 et
945 1934 1265 2007 Apostolus
1314 1944 1378 1989 ut
1423 1933 1678 1990 inimicis
1722 1934 1938 1989 nostris
1971 1970 2014 2034 Β

295 2026 644 2081 manducare
700 2024 912 2080 demus
969 2029 1027 2079 et
1084 2024 1281 2080 bibere
1336 2025 1511 2092 (Rom.
1560 2040 1660 2089 xu,
1709 2024 1821 2093 20).
1872 2024 1941 2078 Et

294 2115 430 2186 quid
454 2114 643 2170 dicit?
675 2118 811 2170 Haec
825 2115 995 2181 enim,
1021 2113 1231 2184 inquit,
1253 2115 1481 2184 faciens,
1505 2114 1765 2167 carbones
1795 2114 1941 2181 ignis

290 2214 585 2273 congrege:
643 2217 810 2271 super
862 2210 1026 2268 caput
1071 2202 1187 2274 ejus
1238 2202 1442 2269 (Ibid)
1493 2201 1657 2257 Dicat
1702 2200 1939 2272 aliquis,

291 2293 398 2348 hoc
428 2290 654 2347 inimici
700 2291 962 2358 faciunt;
996 2291 1124 2346 ideo
1156 2292 1303 2347 bene
1333 2290 1556 2346 faciunt
1586 2290 1937 2353 adversario.

292 2386 357 2437 ut
384 2382 670 2439 carbones
702 2378 856 2451 ignis
878 2385 1230 2452 congregent
1258 2396 1436 2451 super
1462 2384 1636 2451 caput
1656 2380 1801 2449 ejus.
1827 2379 1938 2434 Sed

291 2469 448 2525 aliud
480 2468 695 2524 dicitur
725 2485 738 2522 :
770 2468 821 2524 si
850 2468 957 2523 tibi
989 2466 1086 2523 ille
1118 2468 1269 2524 male
1291 2467 1506 2534 fecerit,
1532 2472 1587 2523 et
1614 2472 1676 2522 tu
1709 2466 1760 2522 ei
1793 2468 1939 2523 bene

290 2558 517 2625 feceris,
540 2558 824 2613 carbones
856 2557 1009 2629 ignis
1036 2574 1355 2629 congregas
1386 2573 1562 2628 super
1588 2560 1764 2628 caput
1787 2558 1936 2627 ejus,

288 2647 398 2704 hoc
432 2651 541 2715 est,
576 2646 829 2700 mandas
866 2645 1007 2699 vitia
1047 2646 1196 2715 ejus,
1228 2649 1284 2699 et
1330 2643 1604 2714 excoquis
1655 2641 1937 2697 malitiam

288 2738 438 2807 ejus,
475 2741 540 2789 ut
575 2734 646 2790 ad
683 2729 1082 2805 p'oznitcntiam
1130 2736 1520 2788 convertatur.
1551 2730 1755 2787 Videte
1800 2746 1936 2802 ergo

289 2824 427 2895 quid
450 2823 607 2878 dicat
635 2828 874 2878 sanctus
901 2820 1204 2893 Pr0pheta.
1222 2843 1249 2871 «
1274 2824 1416 2876 Cum
1446 2819 1538 2874 his
1563 2818 1663 2891 qui
1689 2819 1939 2875 oderunt

287 2927 507 2985 pacem,
544 2928 704 2967 eram
759 2911 1055 2982 paciﬁcus.
1093 2931 1120 2958 ι)
1173 2913 1299 2965 Non
1331 2908 1495 2975 dixit,
1528 2908 1627 2980 qui
1672 2908 1939 2963 volebant

286 2996 487 3073 pacem
522 3017 536 3056 :
589 3001 713 3065 sed,
768 3023 787 3049 ι
825 2999 924 3070 qui
960 2998 1209 3054 oderunt
1238 3014 1460 3068 pacem.
1496 3020 1525 3046 »
1576 2995 1661 3052 Illi
1694 2997 1938 3053 oderant

284 3105 509 3162 pacem,
541 3095 600 3143 et
652 3104 757 3159 ego
811 3088 1080 3143 amabam
1128 3103 1226 3145 eos
1274 3086 1374 3158 qui
1423 3086 1666 3142 oderant
1712 3101 1934 3157 pacem.

283 3178 418 3234 Ideo
477 3177 629 3231 dicit
678 3182 735 3231 et
780 3174 1140 3246 Apostolus:
1201 3176 1474 3241 Quantum
1523 3192 1598 3229 ea:
1642 3174 1791 3230 vobis
1837 3177 1935 3250 est,

281 3282 408 3322 cum
454 3264 708 3320 omnibus
761 3262 1075 3318 hominibus
1117 3278 1308 3333 pacem
1346 3262 1598 3317 habentes
1627 3262 1801 3330 (Rom.
1834 3277 1933 3327 xu,

2056 708 2265 746 sumus
2292 709 2306 747 :
2337 694 2600 749 venimus
2628 695 2686 751 in
2711 699 3227 770 monasterium,et
3248 707 3550 773 propterea
3578 703 3698 758 haec

2056 779 2393 837 dimisimus
2442 783 2662 849 omnia,
2694 789 2758 839 ut
2797 790 3029 858 propter
3060 804 3179 842 rem
3213 789 3477 845 frivolam
3509 790 3693 846 rixam

2055 886 2186 923 cum
2216 869 2491 924 Iratribus
2518 870 2802 928 faciamus
2834 874 2893 928 in
2925 877 3275 932 monasterio
3296 876 3322 921 ?
3355 877 3694 934 Dimisimus

2054 958 2503 1031 possessionem,
2562 959 2898 1017 dimisimus
2960 964 3230 1034 patriam,
3277 967 3526 1023 dimisus
3581 983 3692 1023 ste-

2053 1044 2273 1115 culum,
2308 1050 2363 1100 et
2391 1053 2631 1118 propter
2654 1048 2945 1106 calamum
2981 1051 3163 1107 rixam
3197 1054 3443 1109 facimus
3473 1056 3532 1110 in
3564 1071 3693 1112 mo-

2052 1132 2353 1189 nasterio?
2399 1135 2453 1188 Si
2512 1137 2751 1213 verbum
2800 1154 3065 1194 amarum
3108 1140 3367 1211 audiero,
3401 1143 3547 1198 ferre
3578 1160 3693 1199 non

2051 1238 2293 1293 possum
2324 1239 2337 1277 :
2372 1228 2578 1279 testuat
2608 1226 2664 1280 in
2689 1227 2859 1282 corde
2883 1244 3043 1295 meo;
3078 1229 3353 1285 scribitur
3386 1231 3442 1286 in
3475 1231 3697 1288 medul-

2052 1309 2122 1365 lis
2156 1311 2301 1367 meis
2333 1311 2539 1368 diehus
2569 1314 2768 1369 decem
2812 1322 2913 1371 aut
2951 1316 3307 1387 quindecim,
3343 1336 3457 1374 non
3507 1325 3698 1392 potest

2050 1397 2174 1453 tolli
2207 1400 2277 1457 de
2306 1402 2478 1456 corde
2512 1418 2661 1469 meo,
2692 1402 2900 1475 loquor
2929 1406 3090 1460 fratri
3122 1422 3270 1478 meo,
3304 1408 3402 1478 qui
3436 1408 3579 1464 mihi
3614 1409 3696 1464 iu-

2042 1488 2263 1558 juriam
2295 1489 2528 1557 fecerat,
2559 1496 2617 1546 et
2647 1507 2847 1561 pacem
2880 1492 3053 1549 labiis
3101 1497 3397 1565 promitto,
3430 1500 3486 1551 et
3524 1499 3696 1554 corde

2049 1592 2340 1634 venenum
2400 1584 2586 1636 teneo.
2624 1581 2977 1652 Frequenter
3041 1590 3098 1639 et
3161 1583 3314 1640 oculi
3380 1590 3437 1640 et
3498 1585 3696 1644 vultus

2051 1667 2264 1722 mentis
2297 1667 2576 1724 indicium
2608 1675 2766 1725 sunt.
2803 1672 3043 1735 Quando
3076 1688 3172 1729 cor
3201 1676 3464 1729 nostrum
3497 1673 3695 1732 vulne-

2049 1760 2240 1812 ratum
2273 1761 2363 1812 est
2392 1763 2593 1814 contra
2623 1758 2903 1830 aliquem,
2935 1778 3049 1817 non
3082 1778 3398 1833 possumus
3427 1779 3561 1819 eum
3595 1780 3695 1820 as-

2048 1843 2240 1916 picere
2286 1845 2458 1902 rectis
2507 1846 2737 1903 oculis:
2789 1846 2986 1903 vultus
3037 1848 3161 1919 ipse
3208 1855 3264 1904 et
3311 1850 3486 1916 oculi,
3522 1848 3693 1922 quasi

2048 1932 2350 2005 speculum
2397 1935 2605 1990 animae
2658 1940 2869 1991 nostrae
2917 1943 3077 1991 sunt.
3113 1937 3260 2003 Quid
3295 1938 3435 1993 dicit
3466 1938 3690 2010 Sriptu-

2051 2020 2162 2077 ra?
2204 2026 2276 2079 Et
2321 2039 2432 2079 non
2477 2030 2723 2094 poterant
2773 2025 2928 2095 loqui
2970 2028 3024 2080 ei
3073 2026 3371 2098 quidquam
3400 2029 3694 2097 paciﬁcum

2050 2110 2203 2182 (Gen.
2261 2102 2473 2178 xxxvii,
2539 2113 2657 2183 ll);
2719 2130 2834 2167 non
2893 2117 3118 2185 poterat
3173 2113 3375 2185 lingua
3435 2116 3691 2189 mentiri,

2050 2200 2204 2270 quod
2255 2216 2353 2255 cor
2400 2199 2559 2255 intus
2614 2218 2728 2256 non
2777 2201 3134 2258 continebat.
3168 2202 3286 2260 Hoc
3332 2203 3512 2275 igitur
3540 2204 3692 2271 dico,

2052 2288 2212 2344 vobis
2244 2289 2389 2359 ipsis
2412 2295 2468 2344 et
2499 2289 2665 2353 mihi,
2690 2306 2876 2361 neque
2895 2291 3052 2346 enim
3086 2292 3157 2347 ad
3188 2291 3296 2348 hoc
3327 2291 3595 2362 praedico,
3628 2299 3694 2350 ut

2049 2376 2218 2447 quasi
2254 2394 2345 2431 me
2378 2393 2647 2433 securum
2686 2377 2890 2433 faciam
2919 2394 2930 2432 :
2966 2379 3191 2435 occasio
3222 2380 3393 2435 istius
3423 2382 3693 2437 versiculi

2049 2464 2332 2536 compulit
2363 2482 2467 2521 nos
2499 2466 2819 2522 ita‘dicere.
2844 2467 3073 2523 Grande
3105 2466 3326 2523 malum
3357 2473 3446 2524 est
3472 2467 3690 2538 lingua.
3770 2478 3773 2483 '

2051 2576 2078 2603 ‹‹
2116 2554 2374 2624 Domine,
2402 2552 2582 2609 libera
2613 2556 2867 2610 animam
2902 2571 3091 2611 meam
3126 2573 3158 2610 a
3188 2555 3360 2611 labiis
3388 2556 3608 2629 iniquis
3637 2564 3695 2616 ct

2048 2661 2082 2698 τι
2128 2641 2330 2713 lingua
2375 2642 2598 2698 dolosa.
2637 2666 2663 2690 ››
2717 2643 2840 2697 Non
2886 2644 2957 2698 ab
3006 2643 3246 2699 alterius
3276 2643 3495 2717 lingua,
3526 2646 3625 2702 sed
3657 2663 3693 2702 a

2049 2748 2177 2787 mea
2199 2732 2399 2799 lingua
2421 2730 2623 2787 libera.
2648 2730 2802 2786 Nihil
2828 2731 2970 2786 mihi
2995 2738 3161 2788 nocet
3185 2732 3388 2805 lingua
3409 2732 3648 2790 alterius
3673 2752 3687 2791 :

2048 2836 2176 2875 mea
2206 2818 2408 2892 lingua
2438 2819 2582 2874 mihi
2612 2820 2850 2877 inimica
2878 2827 2982 2877 est.
3019 2844 3045 2870 ‹‹
3071 2821 3333 2890 Domine,
3360 2821 3541 2877 libera
3570 2823 3689 2878 aai-

2048 2924 2204 2965 mam
2232 2925 2444 2966 meam.
2485 2932 2504 2957 ο
2535 2908 2623 2963 Me
2652 2907 2837 2973 libera
2867 2928 2900 2964 a
2931 2909 3136 2982 lingua
3166 2926 3317 2976 mea,
3339 2910 3540 2982 lingua
3560 2928 3691 2968 mea

2046 2997 2276 3069 gladius
2323 3002 2415 3052 est
2446 3014 2458 3051 :
2509 2996 2783 3052 interficit
2822 2997 3079 3053 animam
3114 3014 3324 3054 meam.
3357 2998 3499 3054 Puto
3532 2999 3686 3072 quod

2047 3086 2284 3141 inimico
2317 3102 2444 3141 meo
2475 3102 2735 3150 noceam,
2767 3092 2824 3140 et
2854 3087 3048 3142 nescio
3082 3087 3236 3157 quod
3269 3087 3560 3160 meipsum
3592 3105 3684 3144 oc-

2045 3175 2199 3251 cido.
2232 3174 2499 3246 Pugnant
2547 3174 2859 3242 adversarii
2909 3176 3143 3246 quando
3192 3174 3398 3247 loquor
3444 3175 3580 3241 illis,
3635 3181 3694 3233 et

2046 3278 2151 3335 ego
2166 3264 2405 3333 pacifica
2420 3261 2637 3333 loquor.
2662 3262 2749 3316 Illi
2767 3261 3385 3319 habeantinimicalem
3401 3264 3687 3335 animum,

284 3356 392 3425 18).
427 3357 721 3425 Rogemus
753 3350 1013 3407 fratrem.
1048 3350 1109 3405 Si
1140 3350 1418 3405 inimicus
1458 3354 1653 3405 noster
1699 3353 1806 3415 est,
1841 3365 1929 3403 ro-
1963 3335 2005 3399 C
2045 3368 2151 3407 nos
2182 3367 2314 3407 vero
2347 3350 2670 3405 habeamus
2698 3349 3055 3421 paciﬁcalem
3086 3350 3370 3419 animum,
3394 3344 3687 3425 siquidem

278 3459 487 3516 gemus
512 3447 570 3496 et
590 3440 773 3505 bis,et
795 3444 902 3506 ter,
917 3444 975 3494 et
1000 3438 1235 3510 septies.
1253 3439 1445 3493 Tamen
1477 3447 1527 3493 et
1556 3439 1605 3493 si
1626 3438 1927 3508 peccaverit

276 3536 456 3604 frater
488 3547 655 3597 meus,
688 3530 897 3602 quoties
925 3528 1203 3583 dimittam
1232 3528 1340 3597 illi,
1371 3529 1561 3598 septies
1582 3530 1610 3581 ?
1641 3527 1773 3582 Dico
1803 3525 1923 3592 tibi,

277 3636 388 3676 non
436 3620 653 3692 septies,
703 3618 797 3673 sed
840 3618 1149 3689 septuagies
1204 3618 1426 3687 septies,
1478 3615 1587 3671 hoc
1641 3618 1731 3671 est
1784 3631 1925 3685 qua-

282 3707 641 3781 dringenties
709 3706 992 3778 nonagies
1061 3705 1279 3775 (Matth.
1338 3722 1498 3771 xvm,
1555 3705 1646 3773 21,
1702 3703 1813 3773 2'2).
1870 3702 1925 3755 Si

277 3796 637 3854 voluerimus
653 3800 997 3866 computare
1017 3794 1088 3849 de
1112 3811 1282 3849 mane
1304 3810 1489 3865 usque
1508 3794 1578 3849 ad
1605 3809 1926 3864 vesperam,

281 3890 446 3943 tanta
478 3888 715 3958 peccata
763 3884 951 3939 facere
993 3898 1106 3937 non
1139 3899 1477 3954 possumus,
1510 3881 1933 3953 quadringenta

280 3974 625 4047 nonaginta.
662 3973 881 4027 Tamen
914 3971 1053 4043 quid
1084 3970 1225 4027 dicit
1254 3971 1533 4027 Dominus
1556 3970 1584 4024 ?
1613 3971 1672 4025 Si
1706 3975 1933 4040 septua-

280 4063 406 4136 gies
436 4061 651 4135 septies
683 4060 1005 4133 peccaverit
1033 4059 1089 4115 in
1122 4060 1325 4123 die,'et
1353 4076 1666 4114 conversus
1697 4074 1932 4130 rogave-

278 4154 357 4208 rit
408 4158 484 4222 te,
534 4151 767 4207 dimitte
822 4149 894 4204 ei.
927 4149 1035 4204 Sed
1087 4148 1259 4212 dicis,
1310 4164 1423 4203 non
1470 4165 1537 4203 ex
1590 4152 1708 4202 toto
1762 4146 1933 4201 corde

278 4241 664 4307 convertitur,
696 4239 1002 4296 mentitur.
1034 4238 1151 4293 Nos
1203 4238 1574 4293 dimittamus
1618 4238 1726 4291 Deo
1766 4234 1933 4306 judi-

278 4330 479 4398 cium;
541 4333 707 4399 rogat
754 4342 869 4393 me,
901 4329 1265 4398 deprecatur,
1299 4342 1413 4382 non
1449 4326 1589 4380 dicit
1631 4325 1740 4380 hoc
1780 4341 1931 4392 vere,

280 4424 434 4475 Deus
470 4418 667 4475 novit:
705 4417 821 4489 Ego
853 4432 1048 4472 vocem
1082 4416 1278 4484 audio,
1301 4415 1567 4470 Christus
1600 4431 1696 4469 cor
1723 4412 1935 4487 intelli-

278 4508 394 4582 git:
420 4524 531 4580 ego
548 4506 809 4577 suscipio
826 4506 980 4577 quod
999 4502 1763 4575 audio,suscipiatChristus
1781 4503 1935 4574 quod

280 4594 462 4652 novit.
485 4593 700 4650 Deinde
721 4592 849 4648 vide
868 4592 1190 4646 mercedem
1213 4596 1374 4645 tuam
1399 4609 1412 4654 ;
1438 4590 1721 4645 mentitur
1743 4589 1935 4658 ille,tu

2038 3439 2328 3510 scriptum
2356 3443 2446 3494 est
2474 3438 2532 3493 in
2566 3438 2625 3493 in
2657 3437 3136 3509 Paralipomenon
3164 3456 3177 3493 :
3210 3441 3274 3494 Et
3302 3430 3507 3511 egressi
3533 3432 3685 3510 sunt,

2042 3515 2253 3599 inquit,
2293 3528 2404 3598 ﬁlii
2454 3527 2639 3582 Israel
2689 3527 2759 3581 ad
2812 3526 3173 3597 pugnandum
3226 3537 3402 3583 mente
3456 3532 3683 3600 paciﬁca

2040 3618 2109 3689 (Il
2159 3617 2349 3672 Paral.
2398 3633 2493 3681 xx,
2539 3616 2647 3687 22).
2702 3615 2930 3686 Aliquis
2976 3615 3134 3670 vadit
3183 3615 3255 3671 ad
3304 3633 3582 3689 pugnam,
3628 3624 3685 3674 et

2040 3710 2292 3761 mentem
2319 3704 2618 3776 paciﬁcum
2642 3703 2816 3759 habet
2843 3722 2855 3759 :
2884 3704 2984 3760 sed
3008 3690 3471 3762 Christianorum
3495 3690 3681 3779 arma,

2042 3812 2153 3867 pax
2182 3800 2316 3849 est:
2368 3795 2488 3849 Pax
2536 3794 2757 3857 Christi,
2789 3808 2914 3865 qua:
2959 3798 3251 3865 exsuperat
3296 3811 3509 3850 omnem
3557 3813 3681 3852 sen-

2042 3902 2163 3940 sum
2196 3883 2460 3956 (Philipp.
2494 3901 2567 3949 IV,
2600 3884 2675 3954 7).
2712 3884 2870 3939 Beati
2902 3882 3129 3955 pacifici
3164 3900 3176 3937 :
3218 3900 3332 3938 non
3366 3883 3556 3939 solum
3589 3884 3689 3957 qui

2044 3990 2246 4045 pacem
2284 3972 2503 4026 faciunt
2552 3972 2705 4026 inter
2757 3972 3029 4033 rixantes,
3064 3972 3161 4025 sed
3213 3972 3311 4042 qui
3367 3972 3424 4026 in
3479 3972 3689 4044 seipsis

2044 4077 2246 4132 pacem
2281 4059 2520 4114 faciunt.
2544 4059 2697 4114 Beati
2732 4058 2975 4132 paciﬁci.
3010 4059 3066 4113 Si
3099 4058 3197 4113 alii
3227 4058 3412 4114 rixam
3446 4059 3687 4132 faciunt,

2047 4155 2106 4204 et
2136 4164 2240 4220 ego
2274 4148 2502 4219 medius
2531 4147 2912 4217 intercedam,
2945 4152 2999 4203 et
3030 4146 3237 4202 faciam
3269 4147 3420 4203 inter
3447 4165 3546 4205 eos
3590 4166 3699 4222 pa-

2051 4252 2203 4306 cem,
2237 4240 2293 4291 et
2324 4238 2448 4307 ipse
2478 4252 2593 4289 non
2626 4234 2869 4290 habeam
2923 4252 3120 4307 pacem
3172 4235 3229 4289 in
3284 4242 3476 4291 mente
3524 4240 3654 4292 mea
3686 4254 3701 4292 :

2052 4325 2195 4397 quid
2227 4323 2372 4379 mihi
2407 4325 2645 4395 prodest
2675 4326 2829 4395 quod
2863 4322 2943 4377 illi
2980 4341 3177 4396 pacem
3212 4325 3519 4379 fecerunt?
3550 4327 3706 4380 Beati

2047 4415 2303 4484 paciﬁci,
2338 4415 2599 4484 quoniam
2646 4414 2755 4483 ﬁlii
2785 4414 2881 4467 Dei
2920 4413 3252 4469 vocabuntur
3294 4414 3507 4483 (Matth.
3542 4431 3594 4480 v,
3626 4414 3704 4486 9).

2052 4504 2209 4559 Beati
2236 4503 2457 4575 pacitici
2485 4502 2583 4572 qui
2616 4502 2940 4574 loquuntur
2960 4501 3052 4557 his
3075 4502 3174 4573 qui
3202 4503 3439 4558 oderant
3473 4520 3697 4574 pacem,

2050 4592 2308 4664 pacifica.
2345 4576 2499 4646 Beati
2523 4590 2763 4660 pi‘zci/ici.
2798 4589 3060 4645 Christus
3112 4608 3221 4662 pax
3269 4579 3376 4646 est.
3425 4591 3483 4646 Si
3538 4592 3695 4648 enim

278 4690 487 4739 verum
515 4681 807 4752 suscipis:
842 4678 1002 4735 illius
1030 4679 1353 4735 interfectio
1381 4685 1491 4743 est,
1515 4683 1616 4734 tua
1641 4678 1801 4733 salus
1827 4684 1934 4734 est.
1970 4700 2016 4764 ι)
2050 4680 2325 4737 Salomon
2360 4680 2795 4751 interpretatur,
2828 4677 3094 4734 Christus
3129 4696 3141 4733 :
3194 4676 3465 4735 Salomon
3499 4686 3692 4737 autem

278 4775 400 4827 Hoc
432 4774 619 4826 totum
649 4785 830 4843 quare
862 4769 1093 4825 locutus
1123 4784 1254 4825 sum
1277 4768 1305 4822 ‘?
1335 4768 1619 4836 Quoniam
1652 4767 1710 4821 in
1742 4783 1941 4823 mona-

279 4859 573 4925 steriis,et
596 4858 847 4914 maxime
865 4858 921 4913 in
951 4857 1253 4926 coenobiis,
1274 4857 1461 4913 solent
1480 4873 1609 4927 esse
1636 4856 1747 4911 ista
1770 4856 1931 4912 vitia.

276 4947 404 5004 Non
430 4946 986 5012 erubescimus,non
1010 4946 1314 5014 dolemus;
1338 4945 1673 5001 dimisimus
1697 4950 1933 5009 matres,

280 5036 625 5093 dimisimus
655 5035 1225 5106 patres,dimisimus
1252 5034 1832 5103 fratres,dimisimus
1850 5050 1936 5088 so-

284 5122 815 5197 rores,dimisimus
834 5123 1402 5192 uxoresdimisimus
1422 5123 1936 5189 ﬁlios,dimisimus

282 5215 508 5290 patrias
524 5216 715 5269 nostra
725 5210 1116 5277 s,dimisimus
1129 5213 1681 5279 domos,dimisimus
1698 5212 1937 5267 cellulas

284 5296 544 5375 nostras,
566 5298 902 5358 dimisimus
928 5299 1125 5372 cellas,
1149 5301 1209 5358 in
1236 5301 1448 5373 quibus
1476 5301 1595 5359 nati
1631 5317 1860 5369 sumus,
1884 5313 1942 5359 et

571 5882 831 5949 I’A'l‘ttus.
887 5886 1090 5950 XXVI.

2050 4769 2487 4842 interpretatur,
2544 4769 2846 4839 paciﬁcus:
2904 4783 3009 4839 ego
3058 4767 3327 4824 Christus
3378 4770 3531 4826 Deus
3590 4786 3691 4843 no,-

2045 4863 2183 4925 ster,
2218 4875 2327 4929 pax
2376 4864 2484 4913 est.
2520 4856 2751 4911 Vadens
2805 4856 2875 4911 ad
2924 4856 3157 4921 coelum,
3198 4858 3365 4913 nobis
3413 4856 3690 4913 vexillum

2045 4947 2292 5012 dimisit,
2316 4946 2516 5001 dicens
2542 4964 2553 5001 :
2583 4950 2779 5000 Pacem
2808 4963 2983 5001 meam
3010 4946 3077 5001 do
3106 4946 3275 5016 vobis,
3296 4962 3485 5016 pacem
3513 4951 3691 5001 meam

2044 5036 2296 5106 relinquo
2358 5037 2508 5091 vobis
2576 5036 2751 5106 (Joan.
2813 5052 2927 5103 xxv,
2987 5036 3099 5103 27).
3159 5036 3467 5089 Servemus
3534 5035 3690 5106 quod

2046 5124 2312 5179 Christus
2342 5122 2579 5179 donavit
2604 5142 2615 5191 ;
2653 5124 2975 5180 habeamus
3004 5140 3226 5193 pacem.
3253 5124 3562 5179 Servemus
3596 5141 3691 5196 pa-

2046 5229 2193 5281 cem,
2228 5217 2285 5267 et
2332 5212 2430 5266 illa
2482 5229 2588 5268 nos
2642 5218 2831 5268 servat
2883 5210 2944 5266 in
2991 5211 3221 5267 Christo
3249 5212 3438 5270 Jesu:
3490 5213 3584 5271 cui
3615 5212 3694 5272 sit

2051 5300 2293 5376 gloriam
2326 5300 2382 5358 in
2415 5298 2627 5359 sweula
2658 5299 3025 5357 swculorum.
3058 5302 3263 5358 Amen.

3334 5879 3409 5945 63
