4244 6578
600 436 756 497 1355

2093 433 2513 496 ΑΡΡΕΝΒΙΧ.

3845 439 3998 502 1356

599 566 3993 601 W

2102 736 2508 823 LIBER

972 934 1188 1057 DE
1286 930 2416 1057 EXPOSITIONE
2514 931 3615 1060 PSALMORUM.

1214 1291 1636 1348 PRO/EMIUM.

610 1414 615 1415 ν
670 1386 1019 1446 Psalterium
1068 1384 1148 1439 ita
1198 1388 1286 1439 est
1339 1381 1505 1454 quasi
1564 1396 1777 1452 magna
1827 1380 2060 1446 domus,
2116 1394 2243 1449 qum

596 1493 776 1536 unam
808 1475 1045 1550 quidem
1078 1472 1252 1529 habet
1277 1472 1619 1528 exteriorem
1650 1468 1871 1524 clavem
1902 1468 1960 1523 in
1993 1471 2198 1541 porta|
2229 1484 2242 1524 :

595 1569 655 1625 in
687 1566 933 1624 diversis
963 1581 1096 1621 vero
1127 1563 1480 1618 intrinsecus
1512 1558 1799 1615 cubiculis
1831 1557 2097 1631 proprias
2127 1556 2243 1612 cla-

596 1675 695 1716 ves
742 1657 939 1714 habet.
975 1655 1134 1710 Licet
1183 1651 1436 1725 amplior
1487 1667 1602 1705 una
1650 1649 1828 1705 clavis
1879 1649 1954 1703 sit
2005 1647 2245 1720 grandis

598 1752 775 1822 porta:
806 1745 1060 1818 Spiritus
1091 1747 1330 1799 sanctus
1364 1758 1377 1795 :
1422 1744 1617 1795 tamen
1648 1738 2112 1810 unumquodque
2144 1754 2243 1793 cu-

594 1836 861 1894 biculum
911 1833 1176 1907 proprias
1225 1830 1405 1885 habet
1456 1827 1766 1884 claviculas
1819 1844 1973 1884 suas.
2009 1827 2067 1883 Si
2114 1827 2245 1898 quis

595 1925 777 2000 igitur
797 1923 1014 1981 clavem
1038 1920 1340 1977 confusam
1364 1920 1435 1974 de
1464 1919 1637 1973 domo
1670 1917 1956 1989 projiciat,
1981 1917 2029 1971 si
2056 1915 2246 1971 volue-

597 2015 674 2071 rit
693 2014 917 2088 aperire
943 2009 1300 2075 cubiculum,
1326 2025 1441 2063 non
1466 2011 1677 2079 potest,
1701 2006 1814 2061 nisi
1842 2005 2061 2089 clavem
2091 2005 2247 2060 inve-

599 2104 767 2161 nerit.
786 2102 881 2160 Sic
902 2099 1119 2172 singuli
1142 2097 1351 2171 psalmi
1376 2096 1544 2169 quasi
1568 2094 1813 2166 singulm
1840 2094 2061 2149 cellula:
2084 2098 2245 2163 sunt,

597 2194 883 2251 habentes
909 2189 1174 2264 proprias
1196 2188 1383 2244 claves
1405 2204 1561 2242 suas.
1584 2184 1835 2241 Grandis
1857 2184 2052 2255 itaque
2080 2188 2247 2255 porta

595 2280 770 2339 istius
800 2281 1012 2337 domus
1042 2277 1269 2349 primus
1298 2274 1563 2346 psalmus
1596 2277 1703 2343 est,
1738 2273 1836 2345 qui
1871 2273 1950 2328 ita
1989 2272 2195 2344 incipit
2229 2288 2242 2327 :

1090 2364 1417 2421 PSALMUS
1467 2362 1754 2419 PRIMUS.

626 2476 635 2479 ν
676 2480 697 2509 ε
731 2460 943 2516 Beatus
994 2456 1082 2511 vir
1133 2455 1233 2527 qui
1283 2470 1399 2509 non
1450 2451 1592 2507 abiit
1638 2451 1698 2505 in
1748 2449 1990 2506 consilio
2034 2449 2246 2521 impio-

598 2566 753 2607 rum.
788 2570 817 2599 »
850 2547 1098 2612 Quidam
1131 2548 1341 2617 putant
1371 2542 1543 2597 istius
1574 2539 1784 2613 psalmi
1816 2539 2035 2595 clavem
2071 2556 2248 2609 super

596 2639 811 2698 Christi
842 2635 1074 2694 Domini
1106 2634 1289 2689 nostri
1334 2648 1643 2704 personam
1674 2647 1800 2686 esse
1832 2630 2194 2685 referendam
2230 2645 2242 2683 :

598 2735 663 2787 ut
691 2730 898 2786 beatus
928 2710 1037 2783 iste
1065 2725 1152 2781 vir
1182 2722 1507 2779 secundum
1537 2720 1834 2776 hominem
1859 2720 2122 2774 Christus
2150 2718 2244 2774 sit.

597 2825 759 2876 Bona
800 2818 1037 2892 quidem
1085 2813 1378 2879 voluntas,
1410 2811 1509 2867 sed
1542 2809 1835 2881 imperitia
1865 2813 1971 2865 est.
2004 2808 2061 2862 Si
2092 2807 2248 2863 enim

600 2910 813 2966 beatus
864 2908 950 2963 vir
1000 2904 1265 2960 Christus
1313 2905 1422 2968 est,
1454 2905 1511 2956 et
1541 2899 1808 2954 Christus
1849 2897 2037 2969 legem
2069 2895 2248 2962 dedit,

602 2996 896 3071 quomodo
928 3009 1083 3049 nunc
1135 2993 1206 3046 de
1245 2990 1473 3045 Christo
1523 2987 1737 3042 dicitur
1770 3004 1781 3042 :
1846 3010 1867 3034 ι
1905 2986 2001 3041 sed
2032 2987 2093 3040 in
2125 2984 2251 3056 lege

603 3085 835 3142 Domini
881 3082 1152 3139 voluntas
1201 3078 1433 3150 ejus?»
1482 3077 1699 3131 Deinde
1749 3075 2041 3146 quomodo
2090 3073 2251 3145 ligno

604 3174 772 3232 alteri
817 3174 1209 3244 comparatur,
1243 3172 1298 3224 et
1348 3167 1562 3223 dicitur
1595 3184 1607 3222 :
1665 3189 1690 3215 «
1724 3166 1793 3220 Et
1822 3165 1933 3219 erit
1966 3169 2251 3236 tanquam

601 3267 831 3341 lignum
878 3264 1031 3336 quod
1082 3260 1407 3333 plantatum
1440 3260 1529 3312 est
1559 3272 1726 3311 secus
1760 3256 2041 3310 decursus
2072 3271 2251 3326 aqua-

603 3355 841 3414 rum?»
894 3354 954 3409 Si
1004 3351 1160 3407 enim
1210 3348 1366 3422 ligno
1415 3349 1804 3418 comparatur,
1836 3361 2008 3400 omne
2055 3348 2250 3401 autem

602 3446 758 3520 quod
809 3446 1202 3516 comparatur,
1255 3439 1452 3494 minus
1503 3441 1591 3491 est
1639 3436 1711 3491 ab
1760 3452 1824 3491 eo
1873 3434 1966 3490 cui
2018 3452 2249 3507 compa-

600 3532 719 3605 tur,
753 3551 889 3608 ergo
932 3533 1126 3603 majus
1154 3529 1381 3602 lignum
1416 3543 1591 3599 quam
1625 3525 1929 3591 Dominus,
1963 3526 2063 3596 qui
2096 3524 2251 3595 ligno

600 3628 994 3698 comparatur.
1030 3619 1250 3675 Videtis
1283 3618 1461 3690 igitur
1491 3615 1627 3687 quia
1658 3632 1833 3686 super
1859 3613 2089 3669 Domini
2122 3630 2250 3686 per-

606 3732 747 3772 sona
794 3730 908 3769 non
958 3715 1148 3783 potest
1196 3705 1566 3778 interpretari
1614 3705 1900 3775 psalmus.
1931 3704 2038 3758 Sed
2078 3720 2251 3774 gene-

604 3803 807 3863 raliter
843 3804 914 3857 de
959 3798 1219 3872 quolibet
1259 3798 1422 3868 justo
1453 3795 1572 3850 viro
1604 3793 1817 3847 dicitur
1851 3809 1863 3846 :
1916 3792 2051 3849 licet
2080 3794 2251 3850 multi

602 3897 811 3969 putent
856 3892 926 3948 de
976 3887 1193 3959 Joseph
1250 3886 1472 3940 dictum
1531 3899 1659 3938 esse
1690 3886 1709 3915 ²
1760 3882 1859 3937 illo
1893 3883 1964 3937 ab
2022 3883 2249 3939 Arima-

603 3984 748 4052 thia,
783 3981 883 4051 qui
931 3997 1047 4036 non
1096 3976 1303 4033 abierit
1354 3975 1411 4030 in
1457 3972 1697 4029 consilio
1729 3971 2062 4027 Judceorum
2099 3974 2249 4046 (Luc.

2276 1296 2330 1357 Α
2360 1289 2525 1345 dines
2575 1299 2993 1362 nuncupantur
3036 1289 3247 1361 (Matth.
3285 1306 3339 1357 ν,
3373 1290 3544 1361 3ο11).
3594 1312 3622 1339 ‹‹
3655 1290 3865 1347 Beatus
3911 1290 3993 1346 vir

2358 1379 2455 1449 qui
2503 1396 2618 1435 non
2668 1379 2812 1435 abiit
2868 1381 2927 1434 in
2985 1379 3229 1436 consilio
3276 1378 3613 1452 impiorum.
3648 1402 3677 1430 ››
3733 1403 3761 1430 ‹‹
3791 1380 3992 1436 Beatus

2356 1467 2518 1535 vir,»
2584 1487 2698 1524 non
2757 1470 2971 1535 homo;
3031 1469 3133 1525 sed
3192 1471 3329 1525 vir:
3388 1469 3486 1541 qui
3553 1468 3613 1525 in
3679 1469 3992 1542 perfectum

2356 1558 2545 1614 virum
2594 1559 2919 1630 pervenerit
2962 1558 3281 1629 Christum,
3312 1558 3410 1630 qui
3456 1574 3572 1614 non
3603 1558 3746 1615 abiit
3774 1558 3833 1615 in
3863 1576 3993 1615 con-

2357 1647 2487 1703 silio
2520 1647 2855 1720 impiorum.
2891 1647 3028 1704 Tria
3071 1647 3378 1704 hominum
3427 1648 3721 1721 generalia
3767 1654 3994 1721 peccata

2355 1728 2700 1808 descripsit;
2754 1742 2856 1793 aut
2896 1737 3053 1793 enim
3085 1737 3433 1810 cogitamus,
3467 1742 3568 1794 aut
3599 1737 3864 1804 iacimus,
3896 1742 3995 1794 aut

2355 1828 2654 1883 docemus.
2687 1827 2946 1883 Primum
2996 1828 3359 1901 cogitamus;
3401 1827 3611 1884 deinde
3661 1844 3791 1884 eum
3840 1829 3989 1901 cogi-

2355 1917 2692 1988 taverimus,
2726 1918 3139 1991 cogitationem
3170 1917 3229 1972 in
3262 1934 3437 1990 opera
3480 1918 3762 1974 vertimus
3793 1934 3807 1973 :
3859 1933 3990 1973 cum

2356 2007 2667 2063 fecerimus
2696 2005 2917 2079 aliquid
2943 2008 3069 2079 jam
3101 2006 3313 2079 operis,
3337 2006 3404 2062 fit
3431 2006 3609 2062 etiam
3644 2011 3709 2062 ut
3735 2005 3878 2063 alios
3899 2006 3998 2062 do-

2356 2113 2592 2152 ceamus
2623 2096 2777 2167 quod
2809 2096 2921 2168 ipsi
2956 2096 3298 2151 feceramus.
3338 2117 3365 2149 ι
3391 2095 3601 2151 Beatus
3630 2095 3718 2150 vir
3747 2094 3847 2167 qui
3877 2110 3991 2150 non

2356 2186 2499 2241 abiit
2555 2186 2612 2240 in
2669 2184 2911 2241 consilio
2962 2185 3299 2259 impiorum,
3332 2206 3359 2237 ι»
3414 2185 3511 2257 qui
3564 2200 3678 2240 non
3732 2182 4001 2257 cogitavit

2359 2274 2579 2331 malum
2609 2292 2623 2343 ;
2675 2298 2703 2325 «
2738 2276 2806 2330 Et
2852 2274 2911 2329 in
2958 2274 3050 2330 via
3094 2279 3461 2347 peccatorum
3497 2290 3612 2329 non
3645 2272 3824 2341 stetit,
3856 2277 3913 2328 et
3937 2272 3996 2327 in

2357 2365 2633 2421 cathedra
2662 2364 3005 2437 pestilentiae
3038 2381 3154 2420 non
3194 2364 3361 2419 sedit.
3397 2386 3425 2414 ››
3474 2364 3593 2420 Hoc
3624 2367 3734 2431 est,
3763 2362 3864 2433 qui
3894 2375 3996 2417 nec

2355 2452 2500 2510 alios
2552 2454 2772 2523 docuit,
2828 2475 2857 2504 «
2886 2454 2955 2507 Et
2982 2453 3041 2508 in
3073 2453 3162 2508 via
3193 2456 3564 2525 peccatorum
3597 2468 3710 2507 non
3758 2449 3932 2507 stetit.
3966 2470 3993 2499 η

2360 2543 2600 2599 Difﬁcile
2630 2548 2719 2599 est
2753 2547 2815 2597 ut
2845 2542 3058 2614 aliquis
3088 2560 3203 2598 non
3236 2547 3451 2613 peccet.
3488 2540 3744 2614 Denique
3772 2539 3912 2597 dicit
3940 2543 3995 2594 et

2353 2636 2607 2688 Joannes
2665 2631 3076 2704 evangelista:
3138 2633 3279 2700 Quia
3332 2633 3431 2702 qui
3484 2639 3647 2701 negat
3699 2647 3756 2687 se
3807 2645 3992 2701 pecca-

2357 2731 2476 2778 tum
2518 2723 2729 2793 fecisse,
2759 2723 3048 2789 mentitur,
3079 2728 3132 2777 et
3176 2721 3417 2778 mendax
3464 2730 3545 2776 est
3590 2723 3639 2791 (Ι
3659 2722 3815 2777 Joan.
3849 2736 3887 2790 ι,
3918 2718 3994 2789 8).

2358 2812 2418 2867 Si
2448 2828 2583 2883 ergo
2614 2827 2817 2867 omnes
2845 2827 3173 2883 peccamus,
3208 2828 3378 2867 nemo
3420 2816 3617 2866 autem
3650 2810 3852 2866 beatus
3881 2808 3989 2864 nisi

2358 2901 2460 2979 qui
2492 2918 2607 2956 non
2641 2905 2840 2972 peccat
2872 2918 2884 2955 :
2930 2900 3108 2972 igitur
3136 2900 3275 2973 quia
3303 2916 3508 2956 omnes
3539 2915 3865 2971 peccamus,
3899 2913 3996 2979 ne-_

2360 3008 2456 3046 mo
2504 2991 2710 3046 beatus
2759 2993 2867 3045 est.
2919 2990 3029 3044 Sed
3070 2989 3256 3045 videte
3299 2989 3439 3059 quid
3473 2989 3645 3057 dicat,
3676 3011 3704 3040 ‹‹
3734 2992 3791 3044 et
3821 2987 3879 3043 in
3908 2977 4005 3043 vil

2362 3085 2732 3154 peccatorum
2798 3096 2909 3135 non
2965 3079 3166 3147 stetit;
3206 3101 3226 3129 η
3281 3095 3396 3135 non
3447 3077 3608 3146 dixit,
3660 3078 3861 3134 beatus
3913 3076 3998 3131 vir

2363 3171 2461 3243 qui
2514 3187 2628 3226 non
2680 3170 2959 3241 peccavit,
2992 3169 3095 3225 scd
3128 3169 3333 3225 beatus
3370 3168 3459 3224 vir
3505 3168 3601 3240 qui
3659 3168 3717 3223 in
3768 3170 3996 3240 peccato

2362 3278 2477 3317 non
2511 3260 2909 3333 perseveravit,
2956 3263 3015 3314 et
3060 3259 3120 3313 in
3166 3257 3259 3314 via
3308 3262 3674 3330 peccatorum
3725 3274 3838 3312 non
3893 3260 4000 3311 ste-

2362 3353 2451 3407 tit.
2513 3351 2629 3423 Ego
2679 3350 2806 3405 heri
2855 3348 3104 3421 peccavi,
3136 3365 3251 3404 non
3306 3363 3440 3403 sum
3498 3349 3721 3404 beatus.
3772 3346 3824 3401 Si
3884 3361 3998 3401 non

2362 3446 2573 3497 stetere
2622 3440 2682 3495 in
2733 3444 2985 3511 peccato,
3029 3438 3078 3494 si
3129 3443 3418 3493 retraxere
3468 3453 3577 3507 me,
3623 3437 3747 3508 jam
3794 3436 3998 3491 beatus

2361 3548 2514 3587 sum.
2577 3552 2602 3580 α
2633 3530 2702 3584 Et
2750 3529 2809 3585 in
2862 3528 3139 3584 cathedra
3192 3526 3534 3599 pestilentia:
3593 3542 3705 3581 non
3766 3523 3931 3580 sedit.
3964 3546 3993 3573 »ι

2360 3620 2657 3685 Quomodo
2707 3618 2786 3673 ibi
2836 3617 2999 3683 dixit,
3040 3619 3207 3685 stetit,
3239 3617 3323 3671 sic
3363 3620 3420 3671 et
3462 3615 3577 3681 hic,
3607 3615 3798 3671 sedit:
3848 3613 3999 3668 sicut

2360 3710 2439 3765 ibi
2472 3710 2571 3780 qui
2616 3726 2729 3765 non
2785 3707 3169 3780 perseveravit
3214 3706 3273 3761 in
3325 3710 3578 3778 peccato,
3608 3705 3813 3761 beatus
3862 3706 3993 3757 est:

2361 3801 2445 3856 sic
2498 3799 2592 3853 hic
2643 3799 2743 3870 qui
2796 3799 2854 3851 in
2912 3796 3177 3853 doctrina
3233 3795 3389 3852 mala
3445 3812 3558 3852 non
3618 3791 3999 3867 perseveravit

2361 3894 2418 3944 et
2448 3889 2620 3954 sedit,
2651 3889 2871 3943 beatus
2891 3892 2997 3942 est.
3031 3886 3175 3952 Quid
3211 3885 3435 3959 igitur?
3465 3884 3671 3940 videtis
3697 3882 3827 3955 ipsi,
3861 3897 3999 3953 que-

2362 3979 2537 4034 modo
2570 3977 2863 4032 beatitudo
2894 3974 3202 4047 tripliciter
3230 3976 3593 4031 condonatur
3625 3990 3637 4028 :
3683 3972 3732 4029 si
3761 3987 3874 4028 non
3901 3986 3998 4026 co-

599 4090 760 4141 xxm,
791 4072 905 4143 51),
946 4074 1002 4125 et
1050 4069 1109 4122 in
1158 4068 1250 4122 via
1295 4068 1661 4136 peccatorum
1710 4079 1826 4116 non
1876 4061 2055 4130 stetit,
2089 4068 2145 4117 et
2191 4063 2244 4118 in

2363 4069 2616 4141 gitemus
2647 4065 2823 4134 mala,
2847 4065 2895 4121 si
2928 4066 2987 4120 in
3022 4068 3256 4137 peccato
3287 4081 3399 4121 non
3423 4060 3998 4137 perseveraverimus,

586 4160 881 4220 cathedra
943 4156 1369 4214 Pharisaeorum
1439 4171 1552 4207 non
1590 4151 1819 4207 .sedit:
1884 4155 2075 4207 tamen
2144 4169 2249 4208 nos

602 4250 757 4325 quod
788 4247 887 4305 alii
919 4245 1249 4321 specialiter
1280 4244 1337 4298 in
1372 4242 1469 4297 illo
1500 4242 1973 4312 interpretantur,
2009 4258 2249 4313 genera-

597 4342 732 4398 liter
762 4339 821 4396 in
853 4338 974 4395 viro
1011 4338 1174 4408 justo
1208 4335 1679 4405 interpretamur.
1730 4353 1757 4379 «
1791 4330 2003 4384 Beatus
2033 4330 2120 4385 vir
2148 4330 2249 4402 qui

579 4439 717 4488 'non
777 4428 921 4485 abiit
978 4428 1035 4483 in
1093 4423 1336 4480 consilio
1397 4420 1794 4492 impiorum.»
1854 4420 2131 4491 Legimus
2186 4419 2246 4475 in

598 4519 809 4577 Genesi
860 4515 1235 4573 maledictum
1288 4514 1470 4567 fuisse
1499 4510 1682 4564 Adam
1735 4510 1968 4580 quando
2008 4508 2244 4577 dicitur,

593 4609 891 4666 Maledicta
946 4611 1097 4662 terra
1156 4607 1215 4659 in
1274 4604 1524 4674 operibus
1589 4601 1696 4653 tuis
1768 4599 1919 4669 (Gen.
1982 4616 2073 4668 ιιι,
2136 4600 2243 4670 17).

594 4697 922 4755 Maledictio
969 4712 1103 4766 ergo
1155 4692 1331 4765 primi
1370 4689 1629 4745 hominis
1659 4704 1813 4743 nunc
1843 4688 2245 4743 benedictione

507 4802 516 4811 '
595 4787 860 4844 solvitur.
910 4784 1086 4849 Quasi
1140 4784 1197 4836 in
1244 4785 1434 4836 vetere
1466 4783 1608 4851 Lege
1655 4795 1773 4832 una
1817 4777 2115 4833 beatitudo
2147 4795 2245 4850 po-

592 4878 754 4935 nitur
788 4893 800 4933 :
852 4879 1124 4931 caeterum
1171 4871 1228 4926 in
1270 4869 1577 4941 Evangelio
1618 4871 1748 4924 octo
1782 4865 1959 4923 simul
1988 4867 2240 4923 beatitu-

665 5055 795 5111 1Ex
844 5053 1090 5127 Origene
1146 5052 1385 5127 sumpta
1442 5045 1823 5127 comparatio;
1884 5063 2059 5117 quam
2116 5045 2241 5127 ipse

588 5128 750 5201 praef.
784 5117 1107 5182 Comment.
1142 5125 1201 5201 in
1254 5117 1519 5201 Psalmos
1568 5119 1640 5201 ab
1696 5117 1931 5200 Hebraeo
1983 5119 2238 5201 quodam

586 5190 868 5256 traditam
924 5196 1215 5271 preponit,
1265 5191 1505 5271 tametsi
1552 5190 1637 5271 ad
1700 5190 2032 5271 universam
2084 5191 2237 5271 Scri-

588 5260 1050 5346 pturamap'tetf
1077 5260 1365 5346 «Dicebat
1394 5264 1573 5346 enim,
1608 5261 1819 5346 inquit,
1855 5260 2237 5346 ille-similem

586 5332 715 5400 esse
746 5332 1081 5398 universam
1115 5340 1476 5409 Scripturam
1508 5332 2076 5409 divinitusafflatarn
2109 5351 2238 5409 pro-

2362 4158 2409 4214 si
2441 4175 2555 4213 non
2590 4158 2904 4212 doceamus
2934 4170 3000 4210 ea
3032 4171 3163 4225 qua:
3192 4153 3349 4210 mala
3378 4158 3535 4209 sunt.
3570 4151 3685 4207 Hoc
3714 4155 3802 4207 est
3841 4147 3997 4222 quod

2359 4247 2499 4302 dicit
2547 4246 2874 4319 propheta:
2926 4248 3102 4316 Super
3150 4243 3323 4299 tribus
3369 4248 3423 4299 et
3469 4245 3703 4315 quatuor
3746 4240 3997 4313 peccatis,

2357 4350 2463 4389 non
2497 4333 2607 4402 [AL
2639 4334 2707 4403 si]
2751 4335 3061 4387 convertam
3100 4348 3248 4399 eam,
3280 4332 3414 4386 dicit
3441 4332 3701 4387 Dominus
3727 4330 3920 4402 (Amos.
3955 4344 3998 4396 1,

2356 4425 2432 4495 9).
2482 4423 2598 4478 Hoc
2642 4421 2820 4478 octies
2870 4422 3032 4489 dicit,
3080 4423 3260 4477 Amos
3308 4426 3506 4476 autem
3560 4419 3668 4475 hoc
3716 4417 3995 4490 loquitur.

2360 4513 2420 4567 ld
2454 4516 2560 4579 est,
2598 4510 2883 4583 cogitasti,
2915 4510 3110 4584 ignovi
3142 4527 3155 4566 :
3192 4510 3399 4578 fecisti,
3432 4508 3624 4582 ignevi
3658 4525 3672 4564 :
3713 4506 3997 4578 numquid

2357 4601 2513 4657 mala
2543 4602 2717 4655 etiam
2749 4601 2953 4656 docere
2984 4600 3242 4656 debeas?
3284 4600 3401 4656 Hoc
3434 4604 3523 4655 est
3553 4598 3706 4671 quod
3736 4596 3947 4652 dicitur
3976 4613 3994 4654 :

2357 4704 2533 4759 super
2558 4689 2746 4743 tribus
2776 4692 2832 4743 et
2854 4692 3106 4759 quatuor
3136 4688 3390 4761 peccatis
3416 4704 3531 4743 non
3565 4686 3845 4743 irascatur
3863 4682 3995 4750 tibi,

2355 4778 2496 4833 dicit
2526 4777 2829 4833 Dominus.
2883 4799 2911 4826 ‹‹
2944 4778 3010 4831 Et
3056 4777 3115 4832 in
3166 4776 3291 4849 lege
3335 4777 3462 4848 ejus
3503 4774 3872 4832 meditabitur
3898 4772 3997 4828 die

2354 4883 2420 4922 ac
2452 4871 2636 4923 nocte.
2670 4885 2694 4918 ιι
2755 4865 2911 4922 Dixit
2939 4865 3052 4922 tria
3081 4882 3207 4933 quae
3242 4868 3426 4923 facere
3461 4882 3574 4921 non
3624 4862 3842 4935 debuit,
3872 4877 3994 4918 non

2351 5044 2436 5101 rio
2467 5044 2708 5118 prologo
2737 5044 2794 5118 in
2828 5044 3091 5102 Psalmos
3124 5047 3427 5118 probatur.

2421 5118 2442 5150 ²
2467 5114 2662 5173 Verus
2695 5117 3081 5188 Hieronymus
3114 5114 3496 5175 Commentat.
3551 5116 3610 5172 in
3658 5114 3996 5188 Matthaaum

2349 5206 2473 5260 cap.
2528 5189 2735 5244 ultimo
2770 5205 2783 5242 :
2826 5211 2868 5261 Δ‹‹
2901 5187 2977 5261 [ιι
3021 5190 3155 5256 alio,
3217 5190 3425 5261 inquit,
3466 5188 3837 5261 evangelista
3871 5187 3997 5261 do-

2350 5256 2490 5332 seph
2553 5262 2661 5334 iste
2713 5256 3024 5334 Books-ca;
3083 5256 3429 5334 appellatur,
3461 5260 3519 5334 id
3578 5256 3667 5315 est
3720 5259 3996 5334 Consilia-

2348 5330 2487 5398 rius,
2522 5338 2577 5387 et
2608 5333 2678 5387 dc
2708 5331 2835 5403 ipso
2877 5330 3363 5405 quidam'putant
3402 5331 3665 5405 primum
3695 5330 3996 5405 psalmum

582 5420 713 5487 pter
742 5414 1157 5487 obscuritatem
1188 5402 1320 5487 quae
1354 5410 1412 5462 in
1443 5410 1645 5487 caest,
1682 5404 1885 5487 multis
1922 5402 2234 5487 domiciliis
2264 5422 2310 5486 D
2345 5402 2918 5487 esse-compositum,
2948 5402 3275 5487 Beatus—qui
3305 5402 3419 5487 vir,
3444 5427 3477 5487 »_
3505 5409 3612 5487 etc.
3646 5402 3994 5487 ItemCofm-

586 5476 700 5542 uno
748 5486 989 5542 aediﬁcio
1038 5476 1372 5546 conclusis;
1423 5477 1741 5547 unicuique
1790 5476 2082 5531 domicilio
2131 5493 2230 5547 ap-

2344 5473 2667 5531 mentarius
2699 5476 2757 5529 in
2790 5475 3006 5530 Psalm.
3041 5478 3151 5532 sub
3186 5473 3419 5533 nomine
3450 5475 3754 5531 Athanasii
3801 5473 3861 5529 in
3890 5473 3994 5529 Bi-

580 5557 831 5628 positam
891 5557 1098 5613 clavim
1158 5570 1272 5628 non
1331 5545 1444 5622 ipsi
1504 5545 1971 5628 convenientem,
2031 5545 2231 5619 sicque
2340 5547 3336 5628 bliotbeca.Justinianaj’enetiis,
3370 5548 3565 5628 inque
3603 5545 3997 5628 Ambrosiana

581 5618 896 5701 dissipatas
948 5644 1075 5701 esse
1125 5625 1318 5701 claves
1355 5618 1459 5701 per
1488 5618 1803 5701 domicilia,
1838 5635 1953 5673 non
1986 5618 2229 5701 respon-

583 5690 785 5755 dentes
833 5699 1101 5773 singulas
1159 5697 1230 5751 iis
1288 5690 1625 5756 domiciliis,
1678 5690 1895 5773 quibus
1952 5706 2140 5819 agpos;

583 5775 739 5819 sunt-
769 5793 790 5819 1
825 5776 932 5819 etc-
956 5766 1293 5819 OumJudml
1317 5765 1743 5819 Commentatio
1775 5766 1951 5819 etiam
2028 5804 2040 5819 .
2076 5761 2140 5819 Ηι

579 5775 739 5857 sunt,
769 5793 790 5823 1
825 5761 1293 5836 θιοῘΟιιωῦιιᾱωί
1317 5761 1743 5826 Commentatio
1775 5761 2043 5831 etiamS.
2076 5761 2229 5821 Hila-

2340 5618 2695 5690 Mediolani,
2723 5634 2962 5689 prorsus
3017 5619 3280 5677 diversus
3326 5617 3406 5677 ab
3452 5617 3627 5690 edito,
3661 5618 3829 5690 cujus
3872 5617 3993 5690 ini-

2069 5688 2230 5747 esitae

2077 5761 2199 5786 un-

2355 5691 2508 5786 ilum:
2557 5692 2591 5759 ἡ
2649 5689 2769 5786 μὲνυ
2793 5691 3097 5770 πσοφητεία
3145 5710 3452 5770 πικηρουται
3509 5688 3745 5747 sic-16v
3779 5689 3988 5786 Ἰωσήῗ

2336 5760 2425 5819 τὸν
2460 5762 2590 5841 Ἀρη
2605 5760 2849 5839 μὰθαῖον.
