4244 6568
332 475 485 535 1357

1506 474 2001 536 BREVIABIUM
2049 475 2123 533 ΙΝ
2176 475 2553 533 PSALMOS.

3577 477 3732 538 1358

331 606 493 661 abire
525 604 581 659 in
614 602 857 659 consilio
890 602 1227 676 impiorum,
1262 609 1318 660 et
1363 607 1421 662 in
1471 608 1561 662 via
1603 612 1969 680 peccatorum
2003 607 2057 671 Α
2088 605 2243 659 niam
2278 606 2483 659 beatus
2506 605 2589 658 vir
2617 610 2672 661 et
2696 605 2896 675 justus
2926 605 3035 661 iste
3059 605 3159 676 qui
3181 622 3294 661 non
3328 605 3472 661 abiit
3503 606 3561 661 in
3588 623 3727 663 con-

333 711 447 749 non
480 698 654 758 stare,
689 696 746 747 et
775 693 833 747 in
862 691 1136 747 cathedra
1166 694 1507 765 pestilentias
1557 713 1668 751 non
1718 696 1919 752 sedere
1959 710 1973 749 :

334 782 488 838 Dixit
521 782 631 837 tria
662 798 788 853 quas
816 782 1001 836 facere
1028 798 1142 836 non
1175 783 1520 839 debeamus:
1547 784 1686 840 dicit
1712 785 1825 839 duo
1849 800 1979 856 quae

333 872 526 927 facere
567 871 917 937 debeamus;
969 887 1080 925 non
1132 870 1286 926 enim
1338 873 1551 928 sufficit
1601 873 1769 929 nobis
1822 872 1979 928 mala

335 959 535 1033 fugere
591 959 702 1014 nisi
733 975 1162 1029 consequamur
1192 958 1360 1014 bona.
1401 980 1421 1007 α
1453 962 1562 1016 Sed
1595 960 1653 1016 in
1691 962 1817 1032 lege
1864 961 1973 1016 Do-

336 1048 481 1104 mini
529 1046 800 1103 voluntas
847 1048 996 1119 ejus.
1034 1070 1061 1097 »
1092 1047 1213 1104 Non
1248 1048 1393 1104 dixit
1434 1049 1628 1118 timor,
1661 1051 1784 1115 sed,
1824 1070 1845 1098 α
1878 1066 1972 1105 vo-

331 1135 532 1193 luntas
586 1138 748 1207 ejus;
807 1157 835 1185 »
889 1134 1055 1191 multi
1106 1136 1263 1192 enim
1316 1138 1523 1193 timore
1576 1138 1815 1202 faciunt,
1872 1138 1971 1193 sed

329 1226 507 1282 timor
562 1225 829 1282 facientis
886 1226 1211 1281 mercedem
1263 1243 1377 1281 non
1433 1226 1624 1283 habet.
1681 1249 1702 1278 ι
1757 1226 1864 1282 Sed
1915 1227 1971 1281 in

332 1315 456 1387 lege
490 1314 717 1370 Domini
749 1312 1018 1369 voluntas
1051 1314 1200 1385 ejus,
1238 1336 1263 1363 ››
1295 1322 1360 1369 ut
1397 1314 1533 1369 velit
1579 1316 1764 1371 lacere
1819 1315 1970 1386 quod

331 1403 617 1459 Dominus
649 1401 972 1474 imperavit.
1010 1425 1037 1453 «
1068 1402 1137 1457 Et
1164 1402 1223 1457 in
1254 1402 1380 1475 lege
1430 1405 1554 1472 ejus
1598 1404 1975 1459 meditabitur

330 1493 424 1548 die
454 1508 521 1547 ac
552 1495 737 1548 nocte.
774 1515 801 1540 ››
830 1491 956 1546 Non
988 1495 1178 1563 potest
1215 1509 1406 1548 sermo
1457 1491 1739 1564 explicare
1788 1509 1973 1563 quan-

330 1587 457 1638 tum
492 1598 658 1637 mens
688 1580 960 1653 concipit.
996 1604 1023 1631 «
1056 1581 1161 1636 Sed
1196 1581 1253 1635 in
1288 1580 1413 1653 lege
1446 1581 1673 1636 Domini
1703 1581 1973 1637 voluntas

330 1672 481 1744 ejus.
519 1692 547 1719 »
571 1669 721 1726 Dicit
750 1669 962 1742 aliquis
999 1687 1009 1725 :
1047 1670 1185 1724 Ecce
1217 1687 1323 1742 ego
1354 1670 1480 1726 volo
1510 1670 1694 1743 legem
1746 1672 1838 1726 Dei
1887 1671 1975 1725 fa-

331 1775 482 1827 cere,
540 1760 747 1814 beatus
793 1775 929 1831 ergo
977 1774 1108 1813 sum
1159 1760 1299 1830 quia
1344 1759 1501 1826 volo;
1535 1761 1635 1815 sed
1682 1759 1811 1814 vide
1836 1758 1971 1830 quid

333 1853 657 1920 sequatur:
696 1864 810 1904 non
841 1847 1059 1903 sufﬁcit
1103 1847 1247 1903 velle
1296 1849 1481 1921 legem
1530 1848 1654 1919 Dei,
1696 1849 1819 1917 sed,
1853 1871 1880 1898 «
1915 1848 1973 1902 in

329 1937 457 2009 lege
486 1938 616 2007 ejus
648 1935 1027 1991 meditabitur
1073 1936 1167 1991 die
1213 1953 1278 1991 ac
1328 1941 1513 1993 nocte.
1548 1960 1575 1987 ››
1605 1960 1633 1987 ‹‹
1669 1935 1970 1992 Meditabi-

330 2031 429 2081 tur
476 2025 569 2080 die
610 2018 682 2080 ac
734 2028 919 2081 nocte.
957 2046 983 2074 »
1021 2025 1183 2080 Dicat
1222 2024 1437 2097 aliquis
1489 2043 1501 2082 :
1552 2025 1661 2083 hoc
1716 2026 1975 2081 humana

329 2119 543 2171 natura
573 2130 687 2169 non
720 2113 943 2178 suffert,
995 2130 1130 2168 nam
1181 2119 1237 2169 et
1285 2113 1708 2171 ambulandum
1761 2119 1867 2182 est,
1920 2117 1977 2169 et

330 2203 652 2259 bibendum
693 2206 800 2270 est,
834 2207 891 2257 ct
937 2202 1358 2258 comedendum
1413 2207 1520 2271 est,
1580 2209 1634 2259 et
1680 2203 1972 2259 dormien-

330 2294 471 2348 dum
521 2298 628 2359 est,
679 2297 734 2347 et
781 2308 848 2347 ea
895 2307 1022 2362 quae
1075 2292 1145 2347 ad
1196 2292 1373 2348 vitam
1432 2291 1764 2349 necessaria
1813 2296 1974 2360 sunt,

330 2380 745 2454 comparanda.
801 2380 1091 2443 Quomodo
1152 2380 1210 2436 in
1262 2364 1386 2454 lege
1440 2381 1541 2438 Dei
1601 2381 1976 2438 meditabitur

327 2470 421 2525 die
451 2485 517 2524 ac
550 2469 754 2524 nocte?
786 2468 1039 2523 maxime
1084 2484 1218 2524 cum
1273 2469 1429 2525 dicat
1474 2469 1805 2543 Apostolus,
1846 2468 1975 2524 Sine

326 2560 711 2614 intermssione
739 2566 953 2613 orantes
984 2558 1028 2630 (ι
1077 2558 1248 2614 Thess.
1295 2576 1351 2628 ν,
1402 2561 1510 2632 17).
1562 2558 1858 2630 Numquid
1908 2574 1974 2613 eo

326 2653 592 2721 tempore
640 2664 754 2719 quo
802 2646 1048 2715 dormio,
1110 2664 1276 2704 orare
1340 2648 1627 2719 possum?
1677 2646 1973 2703 Meditatio

326 2753 464 2809 ergo
492 2736 639 2809 legis
669 2753 785 2791 non
816 2736 875 2791 in
908 2735 1150 2808 legendo
1177 2741 1286 2802 est,
1318 2737 1418 2792 sed
1453 2736 1511 2791 in
1535 2736 1817 2791 faciendo.
1865 2734 1970 2790 De-

326 2825 503 2896 nique
551 2824 765 2879 dicitur
814 2825 873 2879 in
923 2824 1033 2880 alio
1080 2822 1205 2880 loco
1241 2843 1253 2880 :
1287 2825 1409 2880 Sive
1454 2816 1822 2888 manducali's,
1860 2824 1975 2878 sive

330 2914 537 2980 bibitis,
584 2915 696 2968 sive
737 2913 867 2985 quid
914 2913 1121 2984 facitis,
1153 2914 1341 2969 omnia
1386 2914 1447 2967 in.
1486 2915 1712 2968 nomine
1754 2914 1973 2968 Domini

329 3004 545 3073 facietis
576 3003 620 3074 (l
651 3002 769 3058 Cor.
799 3020 853 3069 x,
886 3002 996 3074 3t).
1030 3002 1088 3057 Si
1123 3002 1353 3075 porrigo
1398 2999 1849 3073 eleemos'ynam,
1894 3000 1971 3056 le-

329 3107 460 3163 gem
520 3090 621 3146 Dei
694 3091 972 3157 meditor;
1033 3091 1079 3144 si
1131 3095 1504 3162 tegrotantem
1551 3090 1742 3161 visito,
1799 3090 1973 3162 pedes

331 3180 445 3234 mei
476 3177 662 3249 legem
701 3179 794 3233 Dei
828 3178 1212 3245 meditantur;
1248 3179 1297 3233 si
1328 3196 1394 3233 ea
1424 3178 1571 3234 facio
1602 3196 1727 3250 quae
1771 3194 1975 3251 praece-

330 3272 429 3339 pta
473 3271 633 3334 sunt,
674 3267 826 3338 quod
880 3265 977 3321 alii
1026 3282 1123 3321 ore
1173 3266 1551 3333 meditantur,
1584 3284 1689 3339 ego
1737 3283 1973 3337 corpore

2088 692 2217 749 silio
2266 692 2603 764 impiorum,
2655 693 2752 764 qui
2802 711 2916 749 non
2966 694 3100 749 fecit
3147 694 3265 760 illa,
3314 699 3369 750 ct
3412 693 3547 750 fecit
3590 694 3725 762 ista,

2088 806 2113 830 ‹‹
2151 783 2217 836 Et
2262 782 2370 835 erit
2419 787 2698 852 tanquam
2760 780 3011 854 lignum,
3056 783 3209 855 quod
3258 782 3584 854 plantatum
3638 787 3730 839 est

2087 887 2255 927 secus
2288 871 2571 925 decursus
2602 887 2913 942 aquarum.
2948 892 2976 919 ››
3006 870 3123 926 Hoc
3153 877 3261 937 est,
3289 871 3517 927 Christo
3557 871 3724 927 simi-

2083 958 2156 1014 lis
2187 958 2314 1025 erit,
2345 959 2637 1029 siquidem
2687 960 3001 1015 consedere
3050 977 3154 1015 nos
3198 959 3331 1016 fecit
3379 960 3438 1015 in
3478 959 3725 1017 coelesti-

2084 1047 2215 1115 bus,
2250 1052 2307 1102 et
2335 1063 2689 1119 conregnare
2719 1050 2939 1119 (Ep/tes.
2974 1065 3034 1114 ιι,
3065 1048 3141 1119 6).
3172 1045 3391 1103 Videtis
3421 1065 3554 1119 ergo
3585 1048 3727 1120 quia

2083 1152 2215 1190 cum
2248 1135 2474 1191 Christo
2505 1136 2881 1208 regnabimus
2912 1136 2970 1191 in
3003 1136 3164 1191 ccslo.
3191 1135 3415 1192 Videtis
3446 1136 3724 1208 quoniam

2083 1225 2309 1296 lignum
2339 1223 2447 1280 hoc
2476 1223 2801 1297 plantatum
2832 1229 2920 1280 est
2950 1224 3006 1279 in
3039 1224 3331 1296 paradiso,
3367 1230 3426 1281 et
3455 1241 3560 1282 nos
3601 1241 3726 1282 om-

2083 1330 2188 1369 nes
2219 1330 2351 1368 cum
2386 1313 2484 1368 illo
2517 1313 2892 1386 complantati
2923 1330 3150 1370 sumus.

2157 1426 2183 1453 α
2215 1407 2281 1456 Et
2310 1402 2418 1458 erit
2450 1407 2731 1474 tanquam
2783 1402 3008 1474 lignum
3052 1403 3208 1474 quod
3257 1401 3583 1474 plantatum
3641 1407 3731 1460 est

2083 1508 2252 1547 secus
2282 1491 2565 1546 decursus
2596 1508 2902 1563 aquarum.
2928 1514 2955 1543 ››
2991 1496 3069 1546 De
3098 1490 3196 1546 illo
3227 1490 3382 1546 enim
3416 1491 3572 1547 fonte
3603 1508 3733 1563 pro-

2083 1580 2297 1635 cedunt
2326 1580 2523 1635 omnia
2551 1580 2813 1645 flumina,
2851 1603 2871 1629 α
2910 1580 3066 1651 quod
3099 1578 3355 1635 fructum
3402 1595 3578 1635 suum
3631 1579 3730 1635 da-

2082 1669 2166 1724 bit
2197 1668 2255 1723 in
2287 1673 2547 1740 tempore
2578 1685 2704 1724 suo.
2736 1690 2765 1719 »
2800 1669 3049 1741 Lignum
3081 1667 3190 1723 hoc
3220 1684 3335 1723 non
3380 1667 3539 1723 omni
3579 1671 3728 1723 tem-

2081 1774 2219 1829 pore
2250 1759 2349 1814 dat
2379 1759 2653 1826 fructum,
2687 1758 2811 1827 sed,
2845 1780 2871 1808 «
2906 1757 2967 1813 in
2996 1760 3254 1828 tempore
3279 1772 3444 1811 suo.»
3476 1756 3728 1829 Lignum

2082 1847 2191 1903 hoc
2242 1864 2356 1902 non
2403 1848 2502 1902 dat
2547 1847 2607 1901 in
2659 1845 2929 1918 praesenti
2978 1844 3209 1914 saeculo,
3251 1846 3353 1901 sed
3400 1845 3459 1900 in
3508 1844 3727 1911 futuro,

2085 1937 2191 1992 hoc
2241 1939 2350 2003 est,
2401 1936 2461 1990 in
2506 1935 2598 1990 die
2639 1934 2870 2005 judicii.
2925 1933 3175 2007 Lignum
3208 1933 3318 1989 hoc
3365 1948 3522 1988 nunc
3559 1932 3732 1988 ﬂores

2084 2024 2280 2096 habet,
2310 2024 2537 2095 lignum
2596 2024 2705 2079 hoc
2762 2039 2920 2079 nunc
2972 2022 3283 2096 germinat,
3338 2027 3397 2077 et
3442 2021 3732 2093 promittit

2086 2114 2281 2187 fruges
2336 2116 2589 2169 futuras.
2631 2113 2881 2185 Lignum
2936 2112 3045 2167 hoc
3094 2110 3269 2167 habet
3297 2110 3432 2177 duo,
3465 2110 3643 2166 habet
3671 2113 3732 2165 et

2085 2202 2513 2268 fructus,habet
2541 2206 2598 2256 ct
2630 2200 2785 2258 folia.
2818 2201 3093 2257 Fructum
3142 2199 3339 2271 habet,
3376 2215 3616 2255 sensum
3666 2198 3728 2254 in

2085 2292 2403 2364 Scripturis
2436 2307 2449 2345 :
2487 2289 2643 2362 folia,
2674 2291 2850 2346 verba
2880 2289 3209 2362 simplicia;
3244 2289 3468 2344 fructus
3496 2288 3555 2343 in
3595 2303 3729 2343 sen-

2086 2398 2150 2437 su
2185 2385 2294 2449 est,
2331 2378 2469 2434 folia
2498 2395 2630 2434 vero
2664 2379 2721 2434 in
2750 2379 2942 2434 verbis
2975 2382 3134 2433 sunt.
3177 2377 3521 2448 Quicunque
3551 2375 3735 2448 igitur

2085 2468 2419 2541 Scripturas
2449 2472 2680 2523 sanctas
2709 2466 2868 2539 legit,
2902 2466 2950 2522 si
2999 2466 3325 2522 secundum
3376 2465 3611 2521 Judaaos
3648 2462 3729 2520 le-

2082 2558 2186 2631 git,
2221 2563 2451 2614 tantum
2487 2556 2622 2612 folia
2652 2555 2959 2627 intelligit;
2994 2556 3043 2610 si
3073 2570 3206 2610 vero
3237 2552 3731 2626 spiritualiterin-

2084 2646 2310 2718 telligit,
2338 2647 2562 2701 fructus
2593 2645 2766 2717 capit.

2159 2756 2185 2788 α
2214 2737 2283 2791 Et
2329 2734 2529 2790 folium
2578 2735 2705 2805 ejus
2755 2749 2868 2788 non
2917 2732 3150 2789 defluet.
3187 2754 3215 2783 »
3249 2733 3470 2789 Tamen
3502 2737 3561 2788 et
3592 2730 3728 2787 folia

2082 2824 2257 2880 istius
2287 2824 2513 2879 arboris
2544 2822 2710 2878 utilia
2739 2825 2897 2878 sunt.
2916 2820 3178 2892 Denique
3199 2821 3248 2876 si
3274 2821 3408 2893 quis
3437 2824 3496 2875 et
3524 2835 3730 2876 secun-
3768 2818 3771 2821 ’

2082 2904 2222 2968 dum
2273 2912 2580 2968 historiam
2632 2910 2930 2982 intelligit,
2961 2909 3272 2965 utilitatem
3311 2908 3487 2965 habet
3515 2908 3725 2965 animis

2084 3018 2224 3057 suae.
2260 3000 2536 3073 Legimus
2575 3000 2634 3053 in
2664 2997 3009 3070 Apocalypsi
3037 2998 3278 3053 Joannis
3315 2997 3438 3070 (qui
3487 2997 3549 3052 in
3598 2996 3728 3052 istis

2084 3089 2396 3163 provinciis
2424 3106 2541 3144 non
2572 3088 2850 3159 recipitur
2886 3087 3031 3143 liber
3067 3105 3079 3143 :
3113 3092 3307 3142 tameu
3358 3085 3505 3141 scire
3553 3086 3726 3142 debe-

2083 3197 2217 3235 mus
2254 3179 2407 3249 quod
2441 3178 2498 3232 in
2529 3176 2837 3233 Occidente
2866 3175 3046 3243 omni,
3078 3179 3134 3231 et
3163 3175 3219 3230 in
3265 3174 3397 3231 aliis
3437 3174 3727 3231 Phcenicis

2082 3266 2417 3338 provinciis,
2450 3271 2508 3321 et
2535 3265 2591 3319 in
2619 3265 2861 3336 {Egypto
2900 3262 3179 3335 recipitur
3223 3262 3389 3332 liber,
3439 3266 3497 3318 et
3541 3261 3726 3318 eccle-

337 3357 607 3412 meditor.
635 3354 823 3410 Judaei
872 3354 1051 3426 igitur
1094 3371 1191 3410 ore
1214 3354 1590 3427 meditantur,
1624 3360 1823 3410 nostra
1851 3371 1970 3411 me-
2003 3342 2045 3408 C
2083 3354 2358 3411 siasticus
2396 3359 2503 3421 est,
2538 3369 2673 3408 nam
2721 3358 2779 3407 et
2822 3356 3042 3407 veteres
3091 3349 3469 3407 ecclesiastici
3516 3350 3643 3421 viri,
3693 3368 3725 3406 e

330 3444 535 3500 ditatio
566 3460 715 3516 opus
745 3447 853 3499 est.
892 3444 1041 3499 Dixit
1084 3443 1264 3514 igitur
1304 3442 1418 3498 tria
1467 3460 1592 3515 quae
1638 3445 1821 3499 facere
1855 3461 1970 3500 non

328 3534 632 3600 debemus,
665 3531 811 3587 dixit
840 3532 954 3587 duo
986 3549 1110 3604 qua:
1144 3532 1327 3588 facere
1348 3532 1701 3588 debeamus:
1732 3533 1831 3605 qui
1861 3532 1971 3589 hoc

327 3622 545 3690 fecerit,
580 3620 800 3693 praemii
833 3620 968 3693 quid
1001 3620 1362 3676 merebitur?

324 3746 338 3757 ν
396 3736 422 3760 ‹‹
460 3712 529 3765 Et
556 3711 667 3767 erit
695 3716 975 3781 tanquam
1025 3709 1251 3781 lignum
1302 3711 1454 3781 quod
1505 3710 1834 3782 plantatum
1884 3715 1975 3766 est

326 3816 496 3856 secus
527 3801 810 3856 decursus
841 3816 1151 3871 aquarum,
1183 3799 1336 3871 quod
1372 3799 1627 3855 fructum
1662 3817 1836 3856 suum
1869 3800 1968 3855 da-

325 3890 411 3945 bit
442 3891 503 3944 in
536 3894 794 3961 tempore
824 3905 950 3945 suo.
986 3889 1055 3943 Et
1085 3887 1289 3943 folium
1334 3888 1463 3959 ejus
1510 3906 1624 3944 non
1673 3890 1908 3945 defluat.
1942 3910 1970 3939 ››

327 3976 467 4033 Mihi
521 3976 868 4049 simpliciter
924 3976 1382 4048 interpretantur
1424 3977 1525 4047 qui
1574 3977 1798 4043 dicunt,
1830 3994 1972 4048 quo-

327 4067 499 4123 modo
530 4065 757 4139 lignum
788 4066 837 4121 si
870 4065 1198 4138 plantatum
1232 4064 1406 4121 fuerit
1426 4066 1598 4136 juxta
1635 4082 1840 4138 aquas,
1873 4083 1971 4122 ne-

329 4173 491 4214 cesse
521 4163 611 4212 est
635 4160 700 4210 ut
726 4155 929 4225 vireat,
981 4158 1038 4209 et
1083 4170 1196 4209 non
1247 4153 1518 4219 siccatur,
1569 4155 1707 4226 quia
1756 4155 1974 4210 habent

328 4245 556 4301 radices
583 4243 771 4316 ipsius
800 4243 1111 4299 humorem
1140 4243 1296 4298 unde
1325 4242 1520 4299 vivant
1552 4261 1564 4297 :
1601 4243 1684 4299 sic
1728 4243 1973 4315 quicun-

330 4351 442 4407 que
497 4334 686 4407 legem
745 4331 842 4388 Dei
904 4332 1239 4400 meditatur,
1299 4332 1428 4404 ipsa
1484 4331 1631 4403 legis
1675 4332 1975 4388 meditatio

328 4429 386 4480 et
438 4424 689 4479 virorem
749 4421 907 4491 facit,
957 4426 1017 4476 et
1062 4422 1259 4495 vitam.
1320 4422 1436 4477 Hoc
1493 4421 1577 4476 illi
1631 4421 1979 4494 simpliciter

329 4513 820 4585 interpretantur:
854 4527 959 4565 nos
999 4514 1194 4565 autem
1245 4509 1652 4581 spiritualibus
1702 4511 1977 4581 spiritua-

329 4601 409 4658 lia
441 4605 868 4673 comparantes,
903 4598 1162 4672 legentes
1218 4599 1277 4653 in
1338 4598 1605 4670 paradiso
1651 4597 1977 4669 plantatum

2080 3444 2295 3516 quibus
2326 3447 2415 3498 est
2442 3444 2714 3512 lrenaeus,
2749 3445 2805 3496 et
2850 3439 3226 3513 Polycarpus,
3279 3429 3336 3495 e't
3384 3438 3721 3513 Dionysius,

2081 3538 2137 3588 et
2161 3531 2256 3587 alii
2290 3530 2534 3587 Romani
2568 3530 2929 3601 interpretes,
2950 3529 3021 3585 de
3050 3520 3265 3601 quibu's
3292 3531 3381 3584 est
3409 3531 3467 3584 et
3494 3528 3725 3600 Cypria-

2083 3638 2194 3677 nus
2223 3623 2481 3687 sanctus,
2517 3617 2807 3691 recipiunt
2834 3617 3051 3672 librum
3078 3621 3136 3672 et
3176 3615 3655 3688 interpretantur)
3706 3633 3720 3672 :

2083 3709 2335 3782 legimus
2364 3724 2501 3780 ergo
2534 3707 2611 3763 ibi
2650 3724 2662 3763 :
2690 3709 2754 3762 Et
2785 3723 2922 3776 ecce,
2955 3705 3167 3778 inquit,
3199 3704 3315 3760 vidi
3344 3704 3603 3760 thronum
3620 3721 3720 3777 po-

2080 3801 2269 3867 situm,
2301 3802 2351 3853 ct
2380 3814 2593 3870 agnum
2621 3813 2815 3866 unum,
2843 3799 2898 3850 et
2923 3793 3723 3865 arborem,inquit,secundum

2083 3889 2292 3958 ﬂumen
2321 3891 2370 3942 et
2400 3903 2469 3941 ex
2496 3890 2902 3957 ulraqueparle
2924 3885 3057 3955 ripae
3088 3885 3266 3955 ipsam
3283 3883 3722 3955 arborem(Apoc.

2085 3994 2224 4044 xxn,
2263 3978 2312 4043 1,
2345 3976 2422 4047 2).
2456 3975 2572 4030 IIoc
2612 3979 2720 4042 est,
2753 3990 2821 4028 ex
2868 3974 2983 4028 ista
3026 3976 3189 4044 parte
3236 3975 3360 4026 erat
3404 3975 3462 4026 et
3508 3988 3577 4026 ex
3626 3969 3728 4027 illa

2085 4070 2247 4137 parte
2277 4068 2420 4119 erat.
2454 4067 2523 4118 Et
2566 4062 2813 4131 habebat,
2865 4060 3078 4132 inquit,
3118 4068 3332 4132 {ructus
3378 4061 3500 4141 ipsa
3543 4059 3725 4128 arbor,

2083 4157 2132 4210 et
2163 4154 2223 4207 in
2253 4168 2420 4222 anno,
2454 4151 2723 4214 mensibus
2752 4148 2993 4219 singulis
3021 4148 3304 4204 duodecies
3348 4148 3567 4223 fructus
3595 4148 3728 4221 απε-

2084 4243 2256 4308 rebat,
2290 4250 2341 4296 et
2372 4240 2621 4311 habebat,
2654 4238 2867 4310 inquit,
2896 4239 3055 4310 folia,
3086 4247 3136 4294 et
3162 4238 3303 4309 folia
3352 4238 3473 4307 ejus
3518 4237 3599 4293 ad'
3635 4253 3730 4293 sa.-

2085 4334 2316 4387 nitatem
2367 4331 2618 4399 gentium
2688 4333 2847 4384 erant
2920 4326 3082 4398 (Ibid.
3147 4327 3225 4398 2).
3293 4326 3447 4394 Vidi,
3516 4324 3728 4398 inquit,

2088 4422 2368 4476 thronum
2402 4418 2658 4490 positum
2690 4434 2875 4473 unum
2910 4435 2922 4472 :
2956 4416 3089 4471 licet
3142 4416 3299 4471 enim
3329 4415 3637 4471 credamus
3669 4413 3730 4470 in

2090 4513 2342 4580 Patrem,
2373 4513 2429 4563 et
2459 4508 2693 4573 Filium,
2724 4510 2781 4562 et
2809 4504 3091 4577 Spiritum
3133 4508 3425 4570 sanctum,
3454 4507 3512 4559 et
3538 4503 3733 4561 Trini-

2093 4605 2178 4655 tas
2209 4598 2305 4666 sit,
2338 4602 2530 4652 tamen
2564 4612 2808 4667 regnum
2843 4610 3026 4649 unum
3061 4592 3326 4662 est.Vidi,
3360 4592 3736 4664 inquit,thro-

331 4707 459 4746 esse
488 4689 713 4762 lignum
747 4689 899 4758 vita},
938 4693 994 4744 et
1020 4687 1246 4759 lignum
1278 4686 1531 4742 scientiae
1565 4686 1701 4742 boni
1733 4691 1789 4742 ct
1819 4686 1979 4754 mali,
2011 4708 2057 4773 D
2089 4704 2231 4745 num
2262 4687 2519 4758 positum
2556 4700 2762 4739 unum.
2808 4685 2871 4738 Et
2916 4682 3055 4751 via'i,
3105 4682 3315 4754 inquit,
3348 4684 3409 4738 in
3445 4690 3735 4755 conspectu

332 4783 390 4835 et
418 4777 644 4851 lignum
676 4777 805 4833 vita;
860 4777 969 4833 hoc
1017 4775 1341 4848 plantatum
1390 4791 1518 4831 esse
1566 4775 1625 4829 in
1686 4775 1975 4848 paradiso,

335 4872 393 4924 et
421 4868 493 4924 de
529 4867 657 4940 ipso
693 4866 963 4939 paradiso
994 4865 1189 4937 egredi
1219 4866 1434 4921 fontem
1468 4864 1566 4937 qui
1598 4864 1891 4921 dividatur
1920 4866 1978 4920 in
2006 4910 2009 4917 .

333 4962 584 5028 quatuor
640 4954 929 5029 principia
986 4953 1137 5024 (Gen.
1197 4971 1260 5023 ιι,
1324 4955 1430 5027 10).
1490 4953 1766 5026 Legimus
1814 4959 1872 5010 et
1919 4954 1977 5009 in

330 5046 643 5101 Salomone
672 5045 747 5116 (si
780 5044 871 5100 cui
906 5042 1094 5117 placet
1145 5042 1380 5098 Librum
1433 5042 1729 5115 recipere),
1770 5044 1841 5097 de
1885 5059 1977 5098 sa-

332 5134 553 5206 pientia
596 5132 751 5188 enim
797 5131 877 5187 ibi
909 5130 1214 5204 loquitur:
1251 5130 1499 5185 Christus
1546 5134 1647 5188 Dei
1696 5134 1887 5203 virtus,
1930 5140 1982 5187 ei

332 5224 431 5279 Dei
468 5223 743 5294 sapientia
792 5221 840 5292 (I
884 5221 1006 5277 Cor.
1059 5239 1097 5289 ι,
1145 5220 1234 5291 24)
1288 5238 1300 5274 :
1360 5236 1495 5290 ergo
1554 5221 1650 5276 ubi
1704 5221 1978 5278 Salomon

329 5311 595 5384 loquitur
646 5327 658 5366 :
714 5331 735 5361 ι
786 5308 1035 5382 Lignum
1077 5310 1208 5366 vitae
1258 5312 1346 5365 est
1396 5309 1670 5365 omnibus
1717 5326 1980 5382 compre-

332 5399 733 5456 hendentibus
763 5414 890 5453 eam
925 5398 1106 5467 (Prov.
1156 5416 1239 5467 ιιι,
1275 5398 1382 5470 18),
1416 5419 1443 5448 ››
1479 5397 1557 5453 ibi
1590 5399 1661 5454 de
1690 5397 1984 5470 Sapientia

331 5478 568 5545 dicitur.
606 5490 661 5544 Si
695 5491 889 5542 autem
936 5487 1223 5558 sapientia
1272 5487 1496 5560 lignum
1549 5487 1677 5542 vitae
1733 5492 1840 5557 est,
1889 5504 1981 5543 sa-

333 5577 557 5652 pientia
590 5582 786 5633 autem
838 5573 965 5646 ipsa
1011 5574 1280 5632 Christus
1320 5581 1425 5632 est.
1460 5575 1633 5632 Vides
1672 5593 1807 5649 ergo
1840 5588 1982 5648 quo-

330 5665 495 5725 niam
544 5664 647 5737 qui
716 5664 928 5719 beatus
957 5662 1044 5718 vir
1073 5668 1129 5719 et
1158 5671 1394 5722 sanctus
1446 5669 1551 5734 est,
1605 5664 1739 5720 huic
1800 5664 1980 5739 ligno,

332 5754 443 5825 hoc
475 5758 567 5813 est
597 5751 920 5827 sapientiai,
964 5759 1354 5826 comparatur.
1385 5754 1609 5819 Videtis
1653 5770 1790 5829 ergo
1839 5772 1981 5829 quo-

2086 4776 2273 4832 throni
2299 4779 2531 4831 stantem
2563 4790 2736 4828 unum
2767 4788 2991 4843 agnum.
3021 4771 3102 4827 De
3147 4772 3548 4844 assumptione
3597 4772 3740 4828 dici-

2088 4872 2186 4923 tur
2241 4863 2497 4936 corporis
2549 4862 2863 4917 Salvatoris
2896 4879 2908 4916 :
2942 4863 3071 4918 Ecce
3116 4878 3295 4931 agnus
3324 4863 3441 4932 Dei,
3486 4858 3603 4916 ecc'e
3639 4863 3738 4932 qui

2087 4956 2231 5012 tollit
2272 4958 2501 5026 peccata
2541 4951 2745 5008 mundi
2774 4952 2951 5023 (Joan.
2984 4968 3024 5018 ι,
3069 4951 3180 5021 29).
3225 4951 3289 5004 Et
3335 4949 3734 5020 egrediebatur,

2087 5043 2300 5116 inquit,
2326 5048 2448 5113 [ons
2477 5042 2543 5097 de
2572 5044 2758 5097 subtus
2805 5041 2994 5096 medio.
3030 5040 3232 5094 throni.
3282 5038 3505 5094 Videtis
3556 5036 3737 5110 igitur

2088 5133 2365 5205 quoniam
2390 5132 2459 5187 de
2485 5132 2675 5187 medio
2693 5129 2887 5185 throni
2912 5129 3041 5183 fons
3063 5127 3361 5199 egreditur
3389 5125 3732 5199 gratiarum.

2087 5222 2308 5277 Tamen
2355 5238 2469 5276 non
2528 5218 2825 5292 egreditur
2878 5217 3009 5273 fons
3056 5216 3154 5271 ille
3212 5217 3297 5270 de.
3335 5215 3567 5287 throno,
3599 5214 3735 5286 nisi,

2089 5326 2279 5382 agnus
2311 5315 2511 5365 contra
2542 5307 2783 5363 steterit.
2818 5306 2942 5361 Nisi
2973 5306 3130 5361 enim
3172 5304 3596 5361 crediderimus
3648 5303 3737 5359 in-
3832 5322 3847 5342 ι

2089 5399 2555 5471 corporationem
2586 5395 2939 5466 Christi,non
2972 5393 3293 5466 accipimus
3320 5393 3465 5451 istas
3495 5393 3736 5467 gratias.

2092 5489 2158 5543 Et
2189 5487 2380 5555 arbor,
2414 5485 2627 5557 inquit,
2657 5501 2774 5541 una
2803 5484 3031 5541 excelsa
3061 5483 3252 5556 posita
3276 5488 3420 5539 erat.
3475 5482 3601 5538 Non
3651 5482 3738 5538 di-

2090 5577 2177 5633 xit
2207 5577 2463 5643 arbores,
2499 5576 2598 5631 sed
2632 5574 2807 5631 arbor
2836 5591 2972 5630 una.
3005 5574 3061 5627 Si
3096 5573 3269 5629 arbor
3299 5588 3416 5628 una
3452 5577 3563 5642 est,
3596 5587 3739 5645 quo-

2092 5666 2265 5722 modo
2297 5681 2366 5720 ex
2396 5665 2508 5720 ista
2542 5667 2704 5737 parte
2735 5664 2872 5737 ripae
2903 5667 3012 5732 est,
3063 5668 3119 5717 et
3148 5678 3218 5719 ex
3247 5660 3347 5717 illa
3396 5665 3559 5735 parte
3601 5662 3739 5735 ripa

2094 5756 2221 5814 est?
2254 5754 2314 5813 Si
2343 5752 2496 5813 enim
2532 5754 2795 5826 dixisset,
2828 5752 2945 5811 vidi
2977 5752 3234 5826 arbores,
3268 5749 3392 5810 ﬁeri
3424 5755 3651 5829 poterat
3676 5755 3744 5815 ut
