4244 6574
560 471 717 531 1359

2055 461 2471 523 APPENDIX.

3803 464 3963 528 1360

547 604 673 660 alize
716 605 913 659 essent
943 617 1009 657 ex
1041 599 1155 656 alia
1203 603 1384 671 parte,
1437 602 1493 654 et
1544 598 1669 654 aliae
1725 613 1792 652 ex
1843 596 1976 652 alia.
2027 595 2192 651 Nune
2220 597 2275 663 Α
2307 596 2500 652 habet.
2534 600 2658 652 Huc
2703 596 2958 669 illucque
2999 595 3370 669 dispergitur.
3406 596 3718 668 Nunquam
3749 599 3807 654 in
3840 617 3958 656 uno

547 710 679 750 vero
714 709 831 747 una
862 691 1034 746 arbor
1063 706 1131 745 ex
1165 694 1413 760 utraque
1445 693 1608 760 parte
1637 704 1764 742 esse
1786 686 2020 753 dicitur;
2043 702 2196 739 unus

549 781 762 837 ﬂuvius
805 781 1100 853 egreditur
1148 779 1218 833 de
1266 779 1476 833 throno
1526 776 1648 844 Dei,
1702 776 1810 830 hoc
1875 780 1963 829 est
2012 774 2200 846 gratia

550 871 804 943 Spiritus
832 869 1041 925 sancti.
1078 869 1144 923 Et
1195 868 1311 922 ista
1357 866 1545 937 gratia
1588 864 1844 936 Spiritus
1899 863 2084 918 sancti
2137 863 2195 916 in

549 960 867 1032 Scripturis
900 957 1120 1013 sanctis
1149 960 1258 1021 est,
1291 954 1399 1010 hoc
1431 959 1518 1009 est
1566 954 1621 1007 in
1673 953 1784 1009 isto
1817 951 1990 1006 ﬂuvio
2046 951 2196 1005 Scri-

549 1054 878 1121 pturarum.
911 1048 1132 1101 Tamen
1164 1045 1272 1100 iste
1306 1043 1516 1098 ﬂuvius
1547 1044 1692 1098 duas
1720 1042 1875 1112 ripas
1913 1041 2106 1104 habet,
2141 1045 2197 1094 et

550 1138 734 1193 Vetus
766 1141 822 1191 et
851 1135 1073 1190 Novum
1105 1132 1642 1188 Testamentum.Et
1671 1131 1730 1186 in
1765 1135 2012 1202 utraque
2035 1134 2197 1200 parte

553 1226 727 1282 arbor
757 1222 1304 1296 plantata,Cbristus
1353 1225 1460 1276 est.
1517 1221 1644 1275 Haec
1699 1219 1878 1292 igitur
1926 1219 2098 1273 arbor
2140 1217 2210 1274 in.

553 1332 728 1380 anno,
760 1314 868 1369 hoc
897 1317 985 1368 est
1015 1311 1263 1384 singulis
1295 1310 1620 1380 mensibus,
1642 1308 1950 1364 duodecies
1973 1309 2198 1362 fructus

553 1403 846 1460 afferebat.
878 1402 1003 1457 Non
1037 1417 1353 1474 possumus
1385 1399 1540 1456 enim
1576 1399 1800 1454 fructus
1844 1397 1916 1452 de
1961 1396 2074 1452 ista
2103 1413 2197 1451 ar-

552 1495 688 1550 bore
719 1491 998 1563 accipere,
1029 1490 1141 1546 nisi
1174 1507 1275 1562 per
1303 1487 1614 1562 apostolos.
1650 1488 1709 1542 Si
1743 1487 1875 1558 quis
1907 1502 2042 1558 ergo
2097 1502 2200 1557 per

551 1581 844 1656 apostolos
897 1582 968 1636 ad
1017 1581 1282 1636 arborem
1316 1579 1557 1644 venerit,
1599 1593 1832 1632 necesse
1863 1580 1951 1630 est
1983 1580 2046 1630 ut
2080 1574 2194 1629 fru-

550 1677 679 1728 ctus
709 1670 976 1742 accipiat,
1011 1669 1234 1724 fructus
1267 1672 1447 1722 metat
1476 1667 1545 1721 de
1589 1665 1906 1737 Scripturis
1955 1663 2195 1730 sanctis,

550 1761 659 1817 hoc
689 1765 797 1827 est,
831 1773 1071 1814 sensum
1103 1757 1365 1812 divinum
1400 1756 1459 1809 in
1491 1754 1682 1810 littera
1713 1757 2193 1809 commorantem.

553 1850 613 1905 Si
644 1849 778 1921 quis
807 1864 943 1920 ergo
972 1847 1193 1902 venerit
1222 1846 1293 1901 ad
1324 1845 1498 1916 istam
1527 1844 1792 1899 arborem
1824 1859 1926 1914 per
1965 1846 2196 1913 aposto-

2308 684 2432 740 loco
2465 692 2574 740 est.
2609 686 2969 757 Quoounque
2999 691 3206 742 ventus
3236 687 3498 753 traxerit,
3527 686 3667 742 illuc
3699 689 3957 760 impetus

2307 775 2434 844 eius
2466 774 2754 847 dirigitur.
2792 776 2884 830 Sic
2911 780 2965 829 et
2998 775 3214 846 impius
3260 776 3359 847 qui
3408 775 3589 832 semel
3641 778 3954 848 negaverit.

2308 863 2512 934 Deum,
2577 879 2930 936 quocunque
2987 863 3154 918 illum
3210 881 3355 920 aura
3404 865 3621 920 diaboli
3693 867 3952 933 traxerit,

2309 951 2444 1007 illuc
2493 969 2684 1008 errore
2751 952 3106 1023 perducitur.
3165 954 3450 1019 Quoniam
3496 953 3752 1010 diximus
3808 955 3950 1027 quid

2307 1040 2383 1094 sit
2410 1042 2629 1110 justus,
2662 1045 2718 1095 et
2764 1041 2855 1096 cui
2905 1046 3314 1113 comparetur:
3350 1043 3488 1115 quid
3523 1043 3597 1098 sit
3623 1043 3859 1117 impius,
3891 1049 3950 1101 et

2308 1129 2398 1184 cui
2431 1135 2837 1201 comparetur:
2868 1135 2925 1185 et
2955 1131 3025 1186 de
3058 1121 3327 1202 praesenti
3360 1136 3618 1204 tempore
3649 1133 3903 1190 diximus
3931 1151 3945 1191 :

2309 1233 2464 1271 nunc
2494 1216 2774 1272 debemus
2806 1218 2876 1272 de
2906 1217 3102 1272 futuro
3135 1225 3191 1274 et
3217 1224 3430 1274 aeterno
3462 1236 3827 1293 cognoscere.

2379 1329 2404 1354 ‹‹
2444 1306 2572 1360 Ideo
2605 1322 2717 1361 non
2751 1311 3064 1379 resurgunt
3092 1307 3256 1379 impii
3281 1308 3596 1381 injudicio,
3621 1327 3807 1383 neque
3826 1309 3952 1382 pec-

2309 1401 2532 1451 catores
2565 1395 2624 1450 in
2656 1395 2897 1452 concilio
2937 1397 3262 1467 justorum.
3299 1421 3326 1447 ››
3360 1399 3633 1472 Legimus
3682 1401 3739 1456 in
3775 1402 3952 1457 Evan-

2307 1484 2455 1556 gelio
2486 1485 2810 1540 secundum
2842 1484 3163 1542 Joannem:
3201 1487 3522 1562 Quicunque
3553 1493 3607 1544 in
3639 1507 3724 1545 me
3752 1492 3948 1559 credit,

2304 1589 2416 1628 non
2459 1573 2852 1642 judicabitur:
2881 1575 3188 1646 quicunque
3237 1577 3406 1632 inme
3463 1594 3570 1632 non
3619 1579 3808 1650 credit,
3831 1581 3952 1652 jam

2297 1661 2579 1732 judicatus
2624 1665 2701 1718 est
2746 1663 2922 1734 (Jnan.
2956 1681 3035 1735 ιιι,
3071 1665 3178 1736 18).
3225 1667 3366 1732 Quis
3416 1683 3552 1739 ergo
3591 1668 3950 1738 judicandus

2307 1757 2418 1818 est,
2451 1752 2500 1807 si
2532 1751 2628 1806 ille
2677 1751 2776 1822 qui
2827 1753 3028 1818 credit,
3061 1770 3175 1809 non
3221 1754 3603 1825 judicabitur,
3633 1761 3689 1812 et
3716 1756 3812 1813 ille
3847 1758 3947 1829 qui

2307 1858 2419 1896 non
2453 1841 2654 1908 credit,
2679 1843 2805 1911 jam
2831 1842 3135 1912 judicatus
3165 1844 3282 1898 est?
3304 1845 3403 1916 qui
3431 1845 3490 1900 in
3517 1844 3826 1916 dieiudicii
3851 1849 3947 1918 ju-

554 1937 662 2003 los,
694 1937 918 1991 fructus
947 1937 1075 2000 eius
1105 1933 1294 2005 capit;
1328 1932 1376 1987 si
1409 1933 1541 2002 quis
1571 1949 1702 1986 vero
1751 1948 1866 1986 non
1920 1929 2192 2002 potuerit,
2225 1969 2272 2033 Β
2306 1931 2701 1986 dicabuntur?
2733 1931 3122 2001 Requiramus
3170 1948 3306 2005 ergo
3358 1933 3616 1990 medium
3643 1935 3792 1991 inter
3817 1953 3940 1992 ere-

555 2025 748 2081 adhuc
781 2024 1068 2079 inﬁrmior
1098 2029 1206 2088 est,
1239 2022 1488 2077 necdum
1522 2027 1610 2076 est
1635 2020 2089 2091 discipulus,sed
2127 2020 2195 2074 de

555 2116 725 2170 turba
753 2117 862 2179 est,
894 2113 994 2168 sed
1029 2112 1244 2167 deforis
1276 2116 1382 2177 est,
1417 2111 1516 2164 sed
1550 2109 1783 2181 gentilis
1815 2107 2042 2170 est.Qui
2079 2107 2196 2162 fru-

554 2207 683 2259 ctus
713 2218 919 2274 capere
947 2217 1060 2258 non
1093 2204 1302 2272 potest,
1347 2199 1522 2253 verba
1569 2197 1779 2269 capiat,
1816 2196 1923 2251 hoc
1970 2202 2059 2251 est
2113 2196 2195 2250 fo-

553 2292 728 2362 lia,ad
747 2294 1057 2347 sanitatem
1081 2289 1343 2361 gentium
1378 2304 1391 2342 :
1421 2288 1705 2359 scriptum
1739 2291 1826 2342 est
1854 2285 2009 2339 enim
2046 2303 2106 2340 :«
2139 2287 2199 2339 Et

551 2382 694 2452 folia
723 2382 838 2452 ejus
868 2381 938 2435 ad
964 2381 1262 2434 sanitatem
1293 2379 1560 2445 gentium.
1597 2397 1623 2425 ››
1654 2376 1711 2430 Si
1743 2375 1877 2446 quis
1909 2374 2099 2428 adhuc
2131 2374 2200 2429 de

553 2469 828 2544 gentibus
855 2475 960 2536 est,
995 2468 1044 2523 si
1077 2468 1209 2539 quis
1241 2465 1566 2537 discipulus
1598 2481 1710 2519 non
1746 2469 1852 2527 est,
1897 2469 1954 2517 et
2007 2463 2197 2518 adhuc

554 2561 626 2614 de
666 2559 840 2614 turba
882 2562 990 2626 est,
1046 2558 1157 2612 iste
1204 2554 1342 2611 folia
1386 2554 1556 2610 istius
1612 2553 1879 2625 accipiat,
1931 2552 2038 2606 hoc
2088 2556 2196 2617 est,

552 2649 726 2703 verba
757 2646 1048 2719 simplicia
1078 2644 1321 2716 accipiat
1354 2661 1456 2716 pro
1489 2641 2198 2711 medicamento.Denique

551 2737 839 2809 scriptum
869 2741 978 2803 est,
1013 2734 1147 2790 folia
1178 2736 1306 2805 ejus
1337 2734 1407 2788 ad
1440 2733 1749 2788 sanitatem
1783 2731 2068 2802 gentium,
2089 2730 2197 2785 hoc

553 2827 743 2883 estad
777 2825 1148 2880 medicinam.
1182 2829 1301 2878 Hoc
1351 2827 1538 2877 totum
1591 2837 1770 2891 quare
1819 2820 2097 2885 diximus,
2143 2823 2200 2874 et

553 2915 912 2974 excessimus
959 2914 1030 2969 ad
1080 2910 1524 2984 Apocalypsim?
1575 2911 1858 2974 Quoniam
1913 2908 2197 2980 scriptum

554 3010 644 3062 est
674 3005 830 3077 quod
860 3027 886 3053 ‹‹
924 3004 1176 3058 fructum
1209 3018 1382 3057 suum
1413 3001 1575 3054 dabit
1604 2999 1660 3054 in
1694 3004 1952 3070 tempore
2005 3015 2133 3063 suo,
2167 3019 2196 3048 ››

554 3100 611 3151 et
657 3093 863 3150 folium
894 3093 1022 3163 ejus
1052 3107 1166 3146 non
1200 3090 1433 3154 deﬂuet,
1487 3093 1544 3141 et
1591 3086 1789 3140 omnia
1835 3102 2197 3157 quiscunque

553 3183 747 3249 faciet,
779 3197 1012 3253 semper
1042 3178 1562 3251 prosperabuntur.
1600 3200 1620 3228 ι)
1661 3175 1923 3230 Diximus
1955 3175 2026 3229 de
2072 3176 2199 3230 bea-

553 3270 976 3340 titudinejusti
1009 3268 1135 3335 viri,
1172 3268 1427 3322 diximus
1475 3267 1545 3320 de
1596 3265 1829 3336 prccmio
1861 3267 2011 3335 ejus.
2045 3268 2196 3330 Quo-

2308 2021 2566 2083 dentem,
2599 2025 2656 2074 et
2687 2037 2799 2074 non
2832 2020 3160 2076 credentem
3193 2023 3288 2093 qui
3319 2023 3671 2093 judicandus
3703 2025 3797 2081 sit.
3832 2027 3936 2090 Qui

2309 2110 2491 2164 credit
2520 2125 2632 2164 non
2657 2109 3042 2178 judicabitur.
3077 2111 3184 2176 Qui
3217 2112 3400 2167 credit
3447 2130 3562 2168 non
3588 2119 3812 2185 peccat,
3846 2116 3945 2187 qui

2309 2214 2437 2253 vere
2467 2198 2652 2253 credit
2682 2215 2795 2253 non
2829 2205 3048 2270 peccat,
3079 2201 3178 2272 qui
3212 2217 3403 2256 veram
3430 2202 3600 2257 ﬁdem
3632 2201 3805 2258 habet
3834 2221 3946 2260 non

2312 2293 2528 2360 peccat.
2565 2288 2808 2342 Demum
2843 2290 3076 2358 quando
3111 2305 3440 2360 peccamus,
3479 2307 3640 2347 mens
3675 2308 3869 2348 nostra
3891 2294 3947 2348 in

2310 2378 2422 2431 ﬁde
2455 2377 2725 2438 ﬂuctuat;
2751 2392 2816 2431 eo
2845 2381 3103 2447 tempore
3126 2381 3358 2450 quando
3385 2383 3949 2452 peccamus,quando

2310 2466 2642 2532 irascimur,
2676 2467 2911 2537 quando
2944 2466 3327 2536 detrahimus,
3362 2469 3594 2539 quando
3636 2469 3949 2527 homicidia

2310 2558 2578 2618 facimus,
2631 2557 2867 2626 quando
2913 2556 3290 2628 fornicamur,
3336 2557 3432 2612 ubi
3479 2558 3622 2614 ﬁdes
3651 2559 3775 2614 est?
3804 2564 3947 2632 Ergo

2309 2647 2463 2717 quod
2497 2645 2658 2709 dicit,
2692 2644 2792 2715 qui
2827 2645 2881 2698 in
2919 2662 3010 2699 me
3040 2646 3242 2713 credit,
3275 2664 3388 2701 non
3414 2648 3794 2717 judicabitur,
3833 2666 3946 2705 non

2308 2735 2463 2790 enim
2496 2749 2732 2788 necesse
2771 2732 2946 2788 habet
2966 2732 3219 2804 judicari
3268 2735 3365 2805 qui
3411 2737 3534 2806 jam
3582 2737 3786 2793 beatus
3835 2743 3941 2794 est.

2307 2823 2412 2888 Qui
2446 2824 2500 2876 iu
2536 2838 2628 2876 me
2661 2839 2772 2877 non
2807 2823 3008 2886 credit,
3035 2824 3161 2893 jam
3185 2823 3489 2894 judicatus
3511 2829 3619 2895 est,
3639 2827 3763 2895 jam
3786 2827 3937 2882 enim

2307 2911 2752 2984 praedestinatus
2783 2912 2855 2966 ad
2888 2928 3116 2983 poenam
3148 2918 3255 2968 est.
3291 2913 3398 2977 Qui
3429 2929 3564 2984 ergo
3597 2915 3894 2985 judicatur
3916 2916 3943 2971 ?

2309 3001 2415 3066 Qui
2446 3001 2631 3056 credit
2658 3001 2919 3072 quidem,
2953 3002 3051 3056 sed
3086 3002 3340 3072 peccatis
3383 3001 3667 3070 vincitur;
3699 3005 3794 3076 qui
3845 3008 3944 3060 ba-

2309 3091 2405 3145 bet
2435 3091 2605 3156 bona,
2636 3090 2814 3145 habet
2836 3096 2892 3146 el.
2922 3089 3114 3158 mala;
3147 3089 3246 3161 qui
3279 3107 3345 3146 eo
3385 3097 3643 3164 tempore
3694 3111 3804 3166 quo
3833 3111 3949 3151 cre-

2308 3180 2412 3245 dit,
2447 3180 2766 3246 benefacit;
2801 3195 2914 3250 quo
2969 3196 3082 3235 non
3133 3180 3335 3251 credit,
3368 3180 3522 3236 male
3566 3182 3716 3237 facit.
3749 3184 3949 3239 Videa-

2306 3285 2438 3324 mus
2469 3285 2604 3340 ergo
2637 3285 2791 3323 nunc
2824 3269 2964 3340 quid
2995 3269 3210 3324 dicitur
3243 3287 3292 3324 τι
3321 3269 3450 3326 Ideo
3485 3288 3598 3326 non
3632 3278 3946 3344 resurgunt

552 3365 711 3420 niam
761 3359 861 3432 qui
911 3359 1024 3415 tria
1069 3374 1183 3413 non
1236 3358 1452 3422 fecerit,
1507 3362 1562 3410 et
1607 3355 1722 3409 duo
1782 3355 1996 3419 fecerit,
2033 3353 2191 3424 ligno
2223 3337 2268 3404 C
2308 3358 2472 3430 impii
2535 3357 2594 3412 in
2625 3357 2870 3427 judicio.
2909 3380 2936 3407 »
2968 3357 3092 3417 Non
3126 3364 3440 3430 resurgunt
3481 3364 3546 3413 ut
3588 3337 3948 3431 judicentur,

552 3451 829 3526 paradisi,
864 3436 1090 3532 hoe'est
1119 3447 1335 3502 Christi
1362 3445 1681 3517 sapientize,
1706 3443 2197 3514 comparatur.Di-

549 3543 746 3598 ximus
776 3556 912 3612 ergo
943 3529 1014 3594 de
1043 3529 1244 3593 sancto
1275 3536 1418 3604 viro,
1454 3551 1610 3589 nunc
1654 3535 1724 3589 de
1755 3534 2044 3588 contrario
2074 3531 2194 3588 viro

551 3632 875 3688 videamus.
896 3629 1045 3692 Quid
1076 3629 1146 3682 de
1177 3631 1475 3698 peccatore
1505 3629 1560 3678 et
1588 3624 1765 3695 impio
1796 3622 2053 3677 dicitur?

627 3745 652 3769 ‹‹
689 3721 812 3775 Non
843 3719 925 3774 sic
957 3717 1141 3788 impii.
1180 3738 1206 3764 ››
1239 3715 1340 3769 Illa
1368 3715 1638 3768 universa
1668 3730 1880 3783 genera
1926 3715 2196 3784 praemio-

553 3825 686 3865 rum
722 3824 847 3878 quze
880 3806 1136 3875 dejusto
1175 3802 1451 3869 diximus,
1502 3800 1720 3870 impius
1768 3817 1880 3854 non
1931 3803 2193 3874 accipiet.

555 3924 582 3951 ‹‹
621 3899 744 3955 Non
777 3896 861 3952 sic
890 3893 1077 3965 impii.
1111 3913 1137 3945 ι»
1175 3891 1298 3946 Non
1331 3889 1497 3953 dixit,
1530 3903 1644 3942 non
1695 3888 1778 3942 sic
1822 3895 2194 3959 peccatores:

551 3992 602 4048 si
634 3989 789 4046 enim
823 3987 894 4042 de
925 3982 1326 4057 peccatoribus
1358 3979 1620 4044 dixisset,
1655 3994 1857 4033 omnes
1881 3977 2052 4034 alieni
2077 3997 2201 4039 era.

553 4100 707 4140 mus.
743 4103 770 4131 «
802 4079 927 4143 Non
959 4076 1042 4130 sie
1071 4071 1257 4144 impii.
1291 4093 1316 4118 ››
1350 4071 1502 4124 Inter
1531 4067 1780 4139 impium
1825 4072 1881 4122 et
1932 4076 2219 4146 peccato-q

551 4189 675 4230 rem
708 4171 816 4226 hoc
847 4167 1087 4221 interest
1137 4179 1148 4216 :
1203 4159 1302 4231 qui
1351 4157 1568 4229 impius
1600 4162 1708 4220 est,
1743 4163 1917 4228 negat
1957 4159 2137 4216 Deum
2176 4179 2188 4218 :

549 4261 650 4334 qui
680 4262 946 4332 peccator
991 4257 1099 4318 est,
1157 4250 1465 4306 conﬁtetur
1515 4252 1570 4302 et
1620 4252 1836 4318 peccat.
1872 4271 1899 4295 ‹‹
1933 4247 2055 4303 Non
2109 4251 2191 4306 sic

546 4349 772 4422 impii.»
805 4348 864 4402 ln
899 4341 1254 4415 quibusdam
1286 4338 1632 4409 legitur,non
1663 4337 1741 4390 sic
1772 4335 1877 4389 hoc
1909 4339 2186 4395 secundo.

545 4464 574 4493 ‹‹
609 4440 734 4496 Non
766 4437 849 4493 sic
881 4431 1069 4504 impii,
1102 4447 1216 4485 non
1269 4429 1373 4482 sic.
1410 4448 1437 4475 ››
1484 4426 1594 4481 Sed
1637 4426 1893 4480 sciamus
1943 4427 2082 4497 quia
2127 4428 2186 4485 in

539 4528 822 4585 Hebraico
853 4521 1032 4581 semel
1063 4519 1315 4593 positum
1343 4514 1722 4571 est.Diximus
1751 4515 1820 4568 de
1841 4521 2041 4570 saneto
2065 4515 2186 4573 viro

538 4622 598 4673 et
626 4614 1059 4687 comparatione
1113 4611 1261 4680 ejus.
1297 4629 1323 4655 ‹‹
1359 4608 1425 4660 Et
1471 4605 1582 4660 erit
1629 4609 1905 4677 tanquam
1958 4604 2183 4676 lignum

2305 3447 2442 3519 quia
2464 3448 2588 3517 jam
2611 3445 2855 3516 judicati
2885 3447 3165 3510 sunt.Qui
3199 3447 3354 3502 enim
3387 3465 3500 3503 non
3533 3449 3711 3504 credit
3741 3450 3798 3504 in
3831 3466 3940 3519 me,

2298 3537 2423 3607 jam
2449 3536 2750 3606 judicatus
2791 3539 2897 3591 est.
2934 3559 2960 3586 ‹‹
2997 3535 3194 3608 Neque
3227 3541 3556 3607 peccatores
3605 3539 3662 3594 in
3707 3539 3942 3594 concilio

2295 3627 2615 3696 justorum.
2655 3648 2679 3673 ››
2710 3625 2831 3680 Non
2865 3625 3030 3691 dixit,
3067 3630 3394 3696 peccatores
3448 3643 3561 3682 non
3607 3633 3933 3700 resurgunt,

2307 3715 2404 3770 sed
2440 3731 2610 3770 «non
2646 3717 2959 3785 resurgunt
3004 3713 3063 3767 in
3113 3712 3358 3767 concilio
3394 3715 3712 3784 justorum.
3758 3737 3784 3764 ››
3815 3715 3939 3770 Non

2309 3809 2606 3858 merentur
2652 3819 2784 3857 cum
2839 3803 2927 3857 his
2976 3818 3278 3874 resurgere
3327 3804 3427 3874 qui
3478 3820 3591 3859 non
3624 3809 3762 3860 sunt
3785 3804 3942 3874 judi-

2308 3892 2498 3948 candi.
2527 3894 2583 3946 Si
2631 3893 2686 3945 in
2738 3908 2830 3946 me
2880 3892 3201 3958 crederent,
3235 3909 3368 3947 cum
3418 3892 3509 3948 his
3562 3899 3938 3966 resurgercnt,

2309 3982 2407 4054 qui
2444 3999 2555 4036 non
2591 3985 2727 4036 sunt
2751 3980 3078 4051 judicandi.

2379 4096 2406 4122 ‹‹
2439 4071 2725 4135 Quoniam
2760 4068 2916 4124 novit
2946 4068 3230 4125 Dominus
3249 4070 3733 4140 viamjustorum,
3763 4077 3816 4127 et
3838 4072 3943 4126 iter

2303 4161 2620 4236 impiorum
2677 4158 2904 4231 peribit.
2958 4179 2985 4206 ››
3035 4181 3062 4207 ‹‹
3115 4159 3400 4222 Quoniam
3459 4159 3614 4215 novit
3668 4161 3939 4217 Dominus

2301 4253 2450 4307 viam
2491 4252 2812 4322 justorum.
2849 4249 2913 4302 Et
2961 4247 3097 4318 quid
3150 4249 3368 4319 grande
3415 4254 3522 4315 est,
3558 4249 3602 4305 si
3647 4249 3802 4305 novit
3831 4254 3936 4305 Do-

2303 4340 2497 4395 minus
2555 4338 2708 4393 viam
2755 4338 3073 4406 jnstorum,
3107 4337 3155 4392 si
3187 4336 3379 4392 dcitur
3437 4337 3717 4394 Dominus
3768 4355 3936 4394 nosse

2298 4446 2393 4484 eos
2418 4445 2565 4500 quos
2598 4443 2770 4482 nosse
2801 4426 3120 4498 dignatur?
3153 4427 3408 4497 Denique
3437 4427 3506 4482 de
3539 4428 3931 4499 peccatoribus

2296 4518 2542 4572 dicitur:
2581 4515 2819 4573 Recedite
2849 4533 2882 4570 α
2908 4531 3011 4581 me,
3046 4517 3297 4586 operarii
3335 4517 3665 4586 iniquitatis,
3700 4533 3802 4572 non
3833 4533 3928 4571 no-

2293 4610 2372 4662 vit
2420 4623 2508 4662 vos
2561 4607 2818 4660 Dominus
2866 4607 3015 4676 (Luc.
3064 4621 3190 4671 xm,
3233 4605 3365 4675 27):
3401 4606 3542 4661 dicit
3585 4604 3931 4677 Apostolus:

539 4705 692 4778 quod
727 4704 1049 4776 plantatum
1098 4704 1186 4754 est
1235 4713 1404 4752 secus
1452 4695 1737 4749 decursus
1788 4710 2096 4765 aquarum.
2151 4719 2180 4746 ››
2217 4708 2257 4771 D
2291 4721 2317 4746 α
2353 4695 2410 4752 Si
2445 4695 2576 4767 quis
2607 4693 2924 4766 cognoscit,
2953 4697 3369 4766 cognoscatur1
3396 4697 3445 4764 (ι
3471 4696 3601 4750 Cor.
3634 4711 3745 4762 xxv,
3776 4696 3882 4764 38).
3906 4717 3933 4741 ι·

535 4799 704 4849 Nunc
735 4809 764 4848 e
794 4790 1082 4847 contrario
1115 4789 1184 4842 de
1215 4787 1394 4857 impio
1427 4785 1657 4839 dicitur.
1686 4784 1848 4838 Sicut
1870 4785 2075 4853 justus
2095 4786 2184 4841 vir

534 4886 909 4955 comparatur
941 4877 1096 4948 ligno
1133 4893 1144 4929 ε
1183 4875 1265 4928 sic
1288 4873 1505 4944 impius
1536 4877 1912 4942 comparatur
1934 4872 2178 4943 pulveri,

531 4990 704 5046 quem
738 4968 970 5043 projicit
999 4970 1205 5021 ventus
1246 4981 1278 5018 a
1313 4963 1454 5017 facie
1485 4968 1668 5016 terrae.
1703 4960 1896 5016 Pulvis
1930 4961 2063 5018 licet
2109 4966 2180 5020 de

530 5064 602 5118 de
636 5067 786 5116 terra
834 5059 931 5123 sit,
966 5063 1163 5110 tamen
1210 5052 1427 5108 desinit
1473 5067 1601 5105 esse
1632 5056 1806 5105 terra.
1843 5074 1868 5100 ‹‹
1903 5052 2012 5106 Sed
2045 5057 2179 5108 tan«

529 5167 706 5222 quam
741 5147 932 5222 pulvis
965 5162 1138 5216 quem
1175 5141 1404 5214 projicit
1434 5145 1642 5194 ventus
1674 5156 1706 5194 a
1736 5139 1877 5194 faeie
1928 5145 2111 5196 terrae.
2145 5163 2172 5191 »

527 5239 727 5295 Videte
757 5237 894 5309 quid
927 5235 1161 5297 dicitur,
1195 5238 1316 5286 tam
1347 5229 1549 5284 infelix
1579 5229 1688 5283 erit
1721 5229 1961 5300 impius,
1986 5236 2175 5286 utnec

525 5335 792 5384 terrenus
822 5325 1059 5396 quidem
1109 5321 1186 5377 sit
1232 5319 1445 5391 pulvis.
1479 5318 1722 5373 Videtur
1771 5317 2008 5388 quidem
2060 5336 2172 5373 non

524 5415 735 5472 habere
765 5412 1180 5474 substantiam,
1216 5410 1313 5464 sed
1353 5409 1527 5463 habet
1558 5424 1725 5462 suam
1754 5407 2168 5462 substantiam.

521 5505 675 5560 Nihil
710 5505 884 5560 habet
927 5501 1214 5565 solidum;
1267 5500 1364 5554 sed
1420 5496 1802 5568 quod'habet,
1835 5495 1905 5548 ad
1939 5512 2170 5566 poenam

594 5631 606 5662 ¹
641 5630 802 5692 Quod
837 5625 1128 5684 contrario
1161 5641 1336 5679 sensu
1368 5623 1425 5676 in
1460 5638 1622 5676 sacro
1676 5621 1752 5674 sit
1801 5623 1980 5682 textu,
2018 5619 2061 5671 εἰ
2112 5616 2167 5673 δὲ

517 5717 599 5760 τις
628 5698 830 5772 apud,
872 5699 1173 5772 ἀγνοεῖται,
1223 5699 1271 5750 si
1313 5697 1434 5768 quis
1479 5695 1719 5772 ignorat,
1769 5692 2165 5772 ignorabitur:

518 5763 686 5847 putat
715 5763 1110 5838 Martianzeus,
1156 5763 1452 5825 auctorem
1510 5764 1598 5821 vel
1630 5763 1853 5836 absque
1883 5763 2164 5836 privativo

2294 4808 2320 4834 ‹‹
2356 4785 2640 4850 Quoniam
2675 4783 2832 4838 novit
2883 4783 3170 4838 Dominus
3215 4783 3372 4838 viam
3415 4785 3732 4855 justorum.
3767 4805 3793 4833 ››
3829 4781 3931 4846 Qui

2293 4879 2558 4945 peccator
2587 4877 2694 4936 est,
2729 4889 2844 4927 non
2879 4871 3032 4926 novit
3082 4887 3215 4927 eum
3252 4877 3400 4927 Deus
3430 4890 3441 4938 ;
3477 4873 3576 4944 qui
3600 4874 3798 4943 justus
3826 4877 3931 4938 est,

2291 4967 2466 5018 notus
2497 4967 2586 5018 est
2617 4979 2650 5017 a
2699 4968 2829 5017 Deo.
2867 4961 3140 5032 Legimus
3191 4961 3249 5016 in
3300 4961 3508 5018 Genesi
3559 4978 3624 5017 eo
3675 4966 3928 5033 tempore

2290 5069 2406 5123 quo
2442 5051 2852 5123 przevaricatus
2878 5056 2966 5106 est
2993 5051 3202 5116 Adam,
3235 5067 3300 5105 eo
3332 5055 3587 5122 tempore
3609 5067 3724 5121 quo
3746 5049 3932 5119 magis

2287 5140 2512 5194 audivit
2540 5144 2873 5212 serpentem
2905 5155 3082 5210 quam
3121 5141 3321 5206 Deum,
3348 5140 3580 5210 quando
3602 5155 3663 5194 se
3697 5139 3931 5193 abscon-

2285 5229 2432 5283 dita
2466 5229 2607 5284 facie
2665 5228 2784 5295 Dei,
2817 5227 2974 5283 venit
3023 5227 3304 5283 Dominus
3353 5232 3485 5300 post
3531 5225 3836 5299 prandium
3871 5227 3929 5281 in

2285 5318 2575 5390 paradiso,
2609 5323 2667 5372 et
2699 5318 3036 5374 deambulat
3080 5317 3234 5383 (Gen.
3269 5334 3351 5384 ιιι,
3381 5318 3538 5387 6-8);
3573 5317 3759 5372 videte
3788 5316 3928 5387 quid

2283 5407 2518 5474 dicitur,
2553 5406 2800 5478 requirit
2835 5412 2983 5462 Deus
3030 5407 3213 5461 Adam
3265 5423 3378 5461 non
3428 5405 3690 5471 meridie,
3723 5405 3819 5461 sed
3858 5405 3928 5459 ad

2281 5512 2617 5567 vesperam:
2645 5497 2771 5566 jam
2803 5496 2960 5551 enim
2994 5495 3171 5550 Adam
3197 5494 3380 5551 solem
3421 5493 3768 5567 perdiderat,
3792 5494 3931 5566 quia

2278 5639 2311 5676 α
2351 5620 2581 5693 legisse,
2611 5619 2698 5676 vel
2729 5626 3019 5693 certepro
3077 5621 3282 5676 eadem
3341 5626 3522 5693 atque
3571 5622 3928 5693 yvoai,_acce-

2276 5691 2678 5766 pisse.,Potui_t
2709 5709 2839 5766 vero
2889 5691 3007 5748 hisee
3061 5709 3190 5750 esse
3239 5691 3452 5750 veteris
3502 5691 3716 5752 Latinas
3747 5691 3925 5752 inter-

2276 5763 2619 5840 pretationis
2648 5763 2837 5824 lectio.
