4244 6570
323 411 467 476 1361

1479 417 1761 480 BREVlA
1779 414 1971 476 RIUM
2023 413 2095 474 IN
2142 413 2281 475 PSA
2302 414 2522 474 LMDS.

3573 416 3595 474 1
3610 411 3727 477 362

321 543 624 601 meridiem
685 561 798 602 non
857 545 1110 603 habebat
1142 564 1154 604 :
1207 549 1278 604 ad
1339 566 1664 620 vosperam,
1711 549 1818 604 hoc
1875 550 1962 600 cst
1993 550 2043 612 Α
2075 546 2207 602 linis
2238 553 2344 600 est.
2374 548 2430 600 In
2461 547 2632 601 ﬁnem
2658 546 2983 614 hereditas,
3015 567 3034 596 ι
3067 548 3127 602 in
3163 547 3336 602 ﬁnem
3371 563 3470 620 pro
3502 564 3569 604 ea
3599 563 3725 619 quas

322 628 579 700 δειλινονς,
615 640 673 690 et
703 635 1067 702 ambulabat,
1103 654 1214 692 non
1249 637 1403 692 enim
1446 645 1558 694 stat
1594 644 1739 693 Deus
1774 655 1970 709 pecca-

323 725 454 790 tori,
490 724 589 779 sed
642 724 926 779 ambulat.
960 725 1188 780 Sciebat
1229 725 1392 780 illum
1425 744 1551 783 esse
1582 727 1639 781 in
1675 727 1970 788 Paradiso,

320 819 377 869 et
409 829 522 866 non
556 813 864 885 ignorabat
886 815 1038 885 quod
1063 815 1279 868 factum
1303 821 1445 881 erat,
1471 817 1570 870 sed
1603 817 1740 887 quia
1771 832 1970 886 pecca-

318 907 480 956 verat
531 902 740 968 Adam,
792 903 977 958 nescit
1034 919 1166 957 cum
1223 903 1397 959 Deus.
1450 905 1519 960 Et
1566 903 1710 958 dixit
1769 905 1969 960 Deus:

320 990 530 1057 Adam,
564 991 662 1045 ubi
695 1008 756 1047 es
799 991 956 1062 (Ibid.
986 992 1090 1060 9)?
1139 991 1398 1048 Diximus
1447 994 1517 1048 de
1569 1010 1634 1049 eo
1681 992 1974 1064 quomodo

322 1084 592 1150 peccator
643 1081 944 1152 ignoretur
991 1097 1024 1135 a
1078 1086 1210 1136 Deo.
1245 1082 1577 1138 Econtrario
1630 1083 1775 1138 scire
1807 1083 1974 1136 debe-

321 1183 456 1223 mus
488 1169 780 1240 quomodo
803 1170 1006 1240 justus
1037 1171 1255 1225 sciatur
1296 1187 1329 1225 a
1367 1170 1502 1226 Deo.
1538 1171 1688 1226 Dicit
1722 1173 1867 1225 Deus
1899 1172 1970 1224 ad

319 1255 616 1312 Abraham
651 1275 664 1313 :
715 1259 820 1312 Exi
867 1257 933 1313 de
982 1263 1132 1314 terra
1181 1268 1296 1324 tua,
1327 1268 1378 1315 et
1412 1260 1479 1314 de
1523 1262 1846 1332 cognatione
1877 1263 1973 1313 tua

322 1343 473 1414 (Gen.
511 1362 611 1412 xu,
647 1345 718 1416 1).
754 1346 923 1401 Venit
965 1346 1025 1401 in
1073 1347 1447 1416 Palestinam,
1483 1349 1593 1403 fuit
1640 1349 1699 1403 in
1756 1350 1970 1402 llabra-

323 1431 462 1500 mlo,
498 1433 608 1487 fuit
640 1433 694 1488 in
731 1435 960 1490 Geraris
993 1435 1176 1490 multo
1208 1441 1466 1509 tempore
1495 1454 1508 1505 ;
1552 1454 1682 1492 cum
1717 1440 1889 1492 natus
1922 1435 1970 1490 ci

320 1521 531 1577 fuisset
581 1521 737 1579 ﬁlius
780 1525 964 1590 Isaac,
999 1528 1055 1580 et
1105 1524 1618 1596 repromissionem
1649 1529 1969 1597 acceperat,

319 1612 463 1679 Quia
515 1611 570 1665 in
621 1614 828 1667 semine
858 1622 949 1670 tuo
982 1613 1368 1670 benedicentur
1396 1631 1576 1670 omnes
1603 1624 1786 1683 gentes
1817 1614 1969 1682 (Gen.

321 1717 462 1764 xxii,
499 1700 608 1771 18),
640 1700 776 1756 tulit
829 1707 1011 1770 Isaac,
1061 1707 1119 1758 et
1164 1703 1376 1758 obtulit
1429 1719 1562 1758 eum
1612 1703 1748 1774 Deo,
1782 1707 1837 1758 et
1866 1719 1973 1758 vox

322 1788 394 1843 de
423 1787 566 1844 coelo
597 1781 798 1846 audita
826 1797 932 1858 est,
980 1813 1006 1842 ‹‹
1039 1808 1209 1864 parce
1242 1792 1361 1848 ﬁlio
1389 1796 1486 1848 tuo
1519 1793 1678 1864 (Ibid.
1714 1793 1823 1863 12),
1860 1815 1887 1841 ››
1919 1797 1973 1846 et

2084 636 2478 691 hmrerlitatem
2512 636 2905 707 consequitur.
2943 661 2967 686 ι)
3002 639 3136 702 Quae
3169 640 3258 691 est
3303 636 3413 691 ista
3444 653 3571 709 quae
3609 637 3721 691 hae-

2084 726 2390 781 reditatem
2422 725 2801 795 consequitur
2822 726 2848 780 ‘?
2899 726 3034 780 Mihi
3087 727 3312 781 videtur
3343 726 3499 796 quod
3530 724 3719 781 Eccle-

2084 814 2171 869 sia
2203 815 2316 880 sit;
2373 813 2503 884 ipsa
2557 818 2646 867 est
2693 813 2847 868 enim
2899 832 3026 884 qua;
3077 814 3470 870 haereditatem
3522 831 3724 870 conse-

2084 903 2286 974 quitur
2332 900 2600 956 Psalmus
2650 901 2827 957 David
2878 906 3072 957 cantat
3120 903 3178 957 in
3229 902 3536 974 principio,
3569 903 3721 974 quod

2082 991 2337 1048 Ecclesia
2405 991 2652 1062 accipiat.
2721 991 2778 1045 in
2850 993 2983 1047 ﬁne.
3055 993 3302 1056 Quintus
3366 1009 3501 1065 ergo
3570 991 3725 1064 psal-

2084 1098 2215 1136 mus
2263 1097 2329 1136 ex
2381 1097 2628 1152 persona
2674 1079 2941 1136 Ecclesiae
2989 1085 3095 1136 est.
3139 1081 3270 1136 Alia
3317 1081 3503 1136 multa
3548 1081 3724 1137 inter-

2082 1174 2400 1241 pretantur,
2453 1169 2623 1224 multi
2679 1169 2880 1224 dicunt
2925 1171 3250 1225 secundum
3303 1170 3607 1226 historiam
3656 1171 3726 1224 de

2084 1257 2310 1314 Israelis
2361 1258 2596 1330 populo,
2645 1259 2797 1329 quod
2848 1257 3019 1313 vellet
3065 1259 3271 1314 reverti
3320 1259 3391 1314 de
3440 1257 3730 1330 Babylone

2082 1347 2140 1402 in
2170 1347 2457 1402 Judzeam.
2490 1352 2608 1403 Hoc
2660 1347 2742 1401 illi
2796 1347 3265 1419 interpretantur,
3301 1365 3416 1403 non
3461 1352 3600 1402 sunt
3635 1347 3730 1402 in-

2082 1437 2376 1508 terpretati
2410 1436 2469 1490 in
2505 1437 2679 1491 ﬁnem
2712 1459 2739 1486 ‹‹
2775 1453 2876 1509 pro
2909 1453 2976 1491 ea
3007 1453 3136 1507 quae
3168 1436 3560 1492 haereditatem
3591 1453 3728 1491 con-

2082 1527 2369 1597 sequitur.
2398 1547 2426 1574 »
2466 1526 2580 1580 Nos
2609 1543 2766 1597 ergo,
2796 1525 3202 1597 spiritualibus
3228 1525 3554 1597 spiritualia
3575 1542 3731 1581 com-

2082 1619 2372 1684 parantes,
2407 1614 2770 1670 orationibus
2821 1613 3027 1670 vestris
3071 1631 3138 1670 ex
3188 1631 3436 1685 persona
3462 1613 3726 1671 Ecclesiae

2083 1703 2260 1759 istum
2295 1702 2588 1774 psalmum
2621 1703 2905 1759 disserere
2938 1703 3198 1759 nitimur.

2659 1793 2989 1848 PSALMUS
3026 1793 3146 1848 VII.

325 1879 524 1933 statim
558 1878 842 1982 scribitur
887 1897 953 1982 eo
1006 1885 1267 1982 tempore
1311 1898 1426 1953 quo
1466 1880 1754 1937 obtulerat
1785 1880 1969 1978 ﬁlium
2004 1917 2048 1982 Β
2131 1881 2406 1982 Singulis
2439 1883 2614 1937 rebus
2644 1881 3316 1982 imponunturﬁnomina,
3351 1885 3415 1982 ut
3446 1898 3516 1980 ex
3546 1881 3729 1982 nomi-

325 1982 522 2033 suum,
558 1967 698 2038 quid
732 1968 874 2023 dicit
904 1969 1055 2024 Deus
1085 1970 1381 2027 Abraham
1417 1986 1429 2026 :
1483 1994 1510 2021 ‹‹
1546 1972 1684 2026 Ecce
1730 1968 1970 2041 cognovi

329 2055 606 2125 quoniam
657 2061 720 2111 tu
770 2056 941 2112 times
994 2059 1301 2114 Dominum
1342 2060 1525 2116 Deum
1565 2064 1819 2114 tuum.»
1869 2059 1973 2122 Qui

330 2148 494 2198 tanto
515 2148 775 2216 tempore
800 2145 1032 2202 locutus
1058 2146 1270 2218 fueras,
1287 2165 1442 2203 nunc
1465 2148 1784 2220 cognovisti
1802 2148 1977 2202 Abra-

329 2231 465 2287 ham
489 2232 516 2286 ?
567 2233 676 2289 Sed
712 2235 988 2307 quoniam
1020 2236 1260 2308 grandis
1291 2238 1434 2292 fides
1466 2237 1656 2292 fuerat
1685 2236 1976 2292 ollerendo

330 2319 518 2376 ﬁlium
551 2338 748 2392 suum,
784 2329 1088 2396 propterea
1126 2342 1281 2380 nunc
1322 2325 1580 2396 primum
1633 2326 1805 2396 cmpit
1842 2341 1976 2378 eum

330 2426 505 2466 nosse
535 2410 710 2468 Deus.
743 2416 862 2468 Hoc
891 2418 1080 2469 totum
1114 2431 1294 2485 quare
1323 2414 1441 2470 dixi
1462 2415 1490 2469 ‘?
1531 2414 1808 2486 quoniam
1843 2414 1983 2468 scri-

329 2504 495 2572 ptum
528 2505 636 2566 est,
692 2524 719 2550 ‹‹
753 2501 1035 2569 Quoniam
1071 2503 1229 2558 novit
1259 2503 1542 2559 Dominus
1586 2503 1740 2559 viam
1783 2505 1976 2573 justo-

329 2605 484 2643 rum.
515 2609 542 2642 η
597 2588 874 2646 Dicamus
905 2596 961 2647 et
993 2592 1161 2647 aliter
1193 2609 1205 2647 :
1257 2592 1368 2662 via,
1402 2597 1458 2648 et
1494 2592 1631 2657 vita,
1665 2597 1721 2648 et
1768 2593 1980 2648 veritas

328 2677 596 2734 Christus
649 2683 738 2735 est
783 2680 961 2750 (Joan.
993 2699 1107 2749 XIV,
1149 2681 1252 2742 6):
1309 2680 1683 2736 ambulemus
1731 2697 1867 2753 ergo
1920 2682 1978 2736 in

331 2765 652 2835 Christum,
684 2773 741 2822 et
767 2768 923 2824 viam
957 2775 1220 2825 nostram
1255 2770 1416 2825 novit
1446 2770 1600 2825 Deus
1634 2774 1813 2826 Pater.
1853 2793 1879 2820 «
1910 2771 1980 2825 Et

329 2853 442 2910 iter
470 2854 786 2928 impiorum
821 2858 1103 2929 peribit.»
1141 2859 1264 2915 Non
1287 2857 1638 2929 dixit,impii
1673 2859 1977 2930 peribunt;

333 2944 459 3009 sed,
483 2943 532 2999 si
555 2947 782 3017 egerint
813 2947 1234 3018 paenitentiam,
1260 2951 1318 3002 et
1347 2947 1456 3019 ipsi
1480 2946 1877 3002 salvabunlur.
1904 2949 1981 3003 Eo

333 3036 597 3105 tempore
627 3051 742 3106 quo
774 3035 1073 3107 apostolus
1099 3035 1313 3092 Paulus
1344 3037 1802 3108 persequebatur
1827 3035 1984 3092 Chri-

333 3125 490 3175 stum
523 3125 581 3175 et
611 3121 920 3191 Ecclesias,
957 3124 1174 3195 impius
1205 3130 1345 3180 erat.
1381 3125 1439 3178 Si
1473 3141 1608 3196 ergo
1640 3125 1802 3196 impii
1855 3142 1980 3196 per-

335 3208 529 3273 ibunt,
561 3226 677 3263 non
709 3210 880 3265 datur
929 3211 1090 3267 locus
1121 3211 1496 3283 paenitentiae.
1528 3213 1634 3267 Sed
1671 3229 1783 3267 non
1816 3212 1978 3280 dixit,

2089 1971 2261 2026 nibus
2309 1976 2366 2027 et
2408 1988 2498 2027 res
2547 1975 2996 2043 cognoscantur.
3030 1971 3124 2026 Sic
3177 1974 3233 2026 et
3281 1969 3490 2042 psalmi
3538 1969 3729 2026 titulis

2087 2061 2384 2132 praenotati
2410 2065 2567 2126 sunt,
2591 2065 2656 2114 ut
2687 2078 2754 2115 ex
2779 2059 2966 2114 titulis
2993 2059 3394 2132 intelligantur
3419 2065 3474 2114 et
3496 2059 3727 2131 psalmi.

2087 2150 2337 2213 Quintus
2367 2149 2630 2220 psalmus
2661 2148 2835 2204 etiam
2869 2147 2975 2202 hoc
3005 2147 3178 2202 titulo
3209 2151 3564 2218 przenotatus
3593 2151 3682 2203 est
3713 2165 3726 2204 :

2091 2258 2118 2286 «
2144 2238 2203 2290 In
2238 2236 2434 2304 ﬁnem,
2459 2253 2562 2306 pro
2593 2253 2658 2291 ea
2692 2253 2817 2306 qua:
2848 2235 3243 2291 haereditatem
3277 2236 3674 2308 consequitur.
3705 2261 3724 2286 ιι

2086 2325 2295 2380 Sextus
2329 2325 2592 2395 psalmus
2622 2325 2731 2379 hoc
2763 2323 2934 2378 titulo
2967 2329 3342 2395 praenotatur,
3375 2348 3402 2373 «
3437 2325 3499 2379 In
3532 2325 3732 2391 ﬁnem,

2088 2414 2143 2468 in
2180 2414 2413 2484 hymnis
2445 2430 2547 2484 pro
2579 2419 2797 2479 octava,
2832 2413 3096 2484 psalmus
3128 2413 3331 2469 David.
3379 2435 3407 2462 ‹‹
3438 2414 3498 2467 In
3533 2413 3733 2482 quinto

2090 2502 2323 2568 dicitur,
2379 2526 2405 2551 ‹‹
2441 2519 2542 2572 pro
2574 2518 2641 2557 ea
2673 2519 2799 2572 quae
2831 2501 3222 2556 haereditatem
3254 2502 3670 2574 consequitur;
3707 2523 3734 2550 ››

2087 2591 2147 2646 in
2197 2595 2356 2646 sexto
2406 2591 2638 2657 dicitur,
2690 2614 2717 2638 «
2751 2607 2854 2661 pro
2895 2594 3116 2645 octava.
3151 2614 3172 2641 ιι
3230 2591 3290 2644 ln
3324 2591 3572 2661 septimo
3602 2607 3736 2646 vero

2090 2680 2228 2752 quia
2257 2685 2314 2735 et
2344 2680 2469 2752 ipse
2495 2679 2604 2734 sub
2631 2678 2865 2734 alleluia
2895 2678 3222 2734 cantandus
3247 2683 3355 2749 est,
3379 2678 3517 2749 quia
3547 2678 3605 2733 in
3637 2677 3738 2733 illa

2089 2769 2389 2826 Dominica
2436 2770 2528 2824 die
2577 2767 2764 2825 lectus
2814 2773 2904 2823 est
2951 2767 3216 2839 psalmus
3263 2772 3481 2839 sextus,
3524 2771 3581 2823 et
3629 2784 3736 2823 nos

2091 2877 2204 2931 prae
2256 2859 2630 2930 aegrotatione
2678 2857 3045 2928 interpretari
3079 2874 3193 2911 non
3225 2857 3546 2928 potuimus,
3581 2873 3738 2912 nunc

2092 2953 2286 3003 autem
2322 2947 2504 3002 lectus
2555 2951 2641 3002 est
2691 2946 2980 3018 septimus
3010 2945 3296 3017 psalmus.
3328 2946 3514 3000 Habet
3541 2949 3737 3002 autem

2091 3035 2327 3090 titulum
2359 3035 2723 3106 hujusmodi,
2770 3056 2797 3084 «
2826 3033 3098 3089 Psalmus
3133 3034 3305 3089 David
3339 3050 3517 3105 quem
3548 3039 3740 3089 canta-

2091 3125 2172 3180 vit
2203 3124 2447 3180 Domino
2478 3141 2581 3196 pro
2626 3123 2817 3178 verbis
2848 3123 3024 3179 Chusi
3056 3122 3157 3177 ﬁlii
3187 3122 3424 3178 Jemini.
3461 3145 3482 3175 ι
3541 3121 3740 3177 Videte

2095 3213 2391 3286 mysteria.
2429 3214 2574 3284 Ergo
2621 3211 2734 3267 ista
2782 3211 2909 3267 sine
2959 3227 3137 3267 causa
3185 3211 3402 3282 scripta
3449 3211 3636 3266 sunt?
3676 3212 3739 3268 In

334 3295 499 3363 impii
535 3296 826 3367 peribunt,
853 3299 975 3366 sed,
1001 3322 1026 3348 «
1058 3282 1170 3353 Iter
1197 3298 1513 3371 impiorum
1546 3299 1776 3370 peribit.
1805 3323 1831 3347 n
1864 3304 1981 3355 Hoc
2013 3282 2056 3350 (ἶ
2096 3282 2300 3372 quinto
2351 3282 2583 3368 dicitur,
2638 3323 2657 3349 ιι
2695 3317 2798 3370 pro
2843 3316 2912 3354 ea
2943 3316 3070 3370 quae
3101 3299 3498 3354 hereditatem
3530 3315 3739 3355 conse-

332 3390 441 3452 est,
476 3384 688 3456 peribit
715 3384 990 3458 impietas
1017 3405 1030 3453 ;
1064 3405 1179 3442 non
1211 3387 1451 3459 impius,
1483 3389 1585 3444 sed
1616 3389 1746 3461 ipsa
1773 3387 1978 3459 impie-

330 3477 462 3544 tas;
492 3490 605 3529 non
637 3473 812 3530 homo
845 3476 1058 3546 peribit
1081 3475 1180 3547 qui
1212 3476 1432 3548 impius
1457 3477 1586 3543 fuit,
1611 3477 1713 3532 sed
1741 3477 1980 3532 homine

334 3566 542 3632 agente
589 3563 1014 3634 pmnitentiam,
1049 3565 1264 3635 peribit
1311 3565 1602 3637 impietas.
1637 3565 1790 3620 Deus
1843 3581 1978 3637 ergo

333 3652 441 3706 hoc
474 3653 644 3708 nobis
675 3659 930 3725 prastet,
957 3659 1020 3709 ut
1049 3655 1164 3710 tria
1193 3672 1307 3710 non
1340 3655 1643 3725 faciamus,
1670 3660 1726 3710 et
1754 3655 1870 3710 duo
1904 3656 1983 3711 fa-

335 3741 597 3809 ciamus;
626 3741 785 3815 ligno
815 3744 945 3799 vita:
971 3760 1400 3816 comparemur,
1423 3761 1538 3800 non
1573 3744 1759 3800 simus
1788 3744 1975 3816 impii,

336 3821 434 3902 qui
469 3837 882 3903 comparantur
911 3833 1167 3905 pulveri;
1220 3850 1336 3889 non
1389 3833 1576 3889 simus
1629 3839 1977 3910 peccatores,

333 3920 611 3990 quoniam
671 3928 1003 3993 peccatores
1062 3940 1177 3978 non
1235 3928 1549 3994 resurgunt
1609 3921 1668 3976 in
1734 3923 1978 3978 concilio

329 4009 649 4077 justorum,
699 4015 758 4065 et
806 4011 899 4067 via
954 4011 1112 4067 mala
1167 4016 1408 4083 pereat:
1465 4016 1520 4067 et
1571 4011 1978 4067 benedicamus

332 4096 534 4169 Deum,
569 4097 660 4152 cui
693 4098 770 4154 sit
800 4098 988 4170 gloria
1017 4099 1076 4156 in
1109 4099 1323 4156 saecula
1367 4097 1734 4155 saeculorum.
1771 4105 1975 4155 Amen.

935 4188 1262 4244 PSALMUS
1301 4187 1368 4244 V.

405 4276 656 4340 Quintus
693 4275 958 4350 psalmus
990 4278 1100 4333 hoc
1127 4277 1294 4332 titulo
1328 4281 1701 4349 prwnctatur.
1753 4300 1780 4326 ‹‹
1816 4278 1874 4331 In
1911 4278 1975 4330 ﬁ-

331 4380 488 4431 nem,
510 4383 612 4438 pro
633 4383 701 4422 ea
720 4384 846 4437 quae
873 4367 1268 4422 hmreditatem
1296 4367 1693 4438 consequitur,
1713 4366 1977 4422 Psalmus

329 4454 526 4509 David.
561 4476 589 4506 »
635 4455 800 4510 Multi
832 4458 1039 4527 putant
1069 4455 1270 4510 titulos
1301 4456 1372 4510 ad
1408 4454 1665 4527 psalmos
1697 4473 1810 4510 non
1847 4472 1972 4527 per-

327 4543 534 4600 tinere.
568 4545 638 4601 Et
684 4544 790 4600 hoc
838 4561 952 4616 quo
994 4544 1216 4599 ratione
1245 4544 1557 4610 aestiment,
1592 4545 1880 4599 nesciunt.
1915 4543 1974 4600 Si

2091 3391 2311 3462 quitur,
2365 3413 2391 3438 «
2426 3389 2482 3442 in
2527 3393 2686 3443 sexto
2718 3388 2952 3456 dicitur,
3003 3411 3030 3436 ‹‹
3060 3404 3165 3458 pro
3220 3391 3438 3454 octava,
3477 3409 3503 3435 ››
3556 3387 3615 3442 in
3647 3404 3739 3443 se-

2091 3480 2273 3550 ptimo
2327 3478 2560 3547 dicitur,
2613 3500 2638 3526 ‹‹
2674 3493 2776 3547 pro
2824 3475 3014 3531 verbis
3057 3475 3234 3530 Chusi
3286 3475 3388 3530 ﬁlii
3434 3475 3670 3531 Jemini.
3705 3497 3734 3527 ››

2090 3568 2313 3623 Videtis
2346 3584 2482 3640 ergo
2513 3572 2733 3638 quanta
2763 3568 2883 3620 sint
2913 3570 3176 3621 contexta
3213 3565 3512 3637 mysteria,
3577 3587 3603 3619 α
3633 3583 3737 3638 pro

2090 3673 2157 3713 ea
2188 3674 2313 3728 quae
2346 3655 2738 3710 haereditatem
2773 3654 3172 3725 consequitur.
3208 3676 3235 3703 »
3269 3655 3412 3718 Quia
3441 3653 3500 3708 in
3531 3653 3737 3724 quinto

2092 3747 2320 3818 psalmo
2371 3743 2828 3816 disputavimus,
2862 3744 3312 3815 interpretantes
3368 3759 3436 3797 ex
3492 3759 3740 3814 persona

2091 3835 2360 3890 Ecclesiae
2395 3834 2574 3889 fuisse
2606 3832 2898 3905 psalmum
2931 3837 3254 3898 cantatum,
3287 3849 3414 3903 quae
3444 3831 3741 3888 haeredita-

2088 3930 2204 3980 tem
2255 3923 2470 3979 Christi
2500 3927 2832 3977 consecuta
2879 3926 2986 3976 est.
3039 3922 3247 3976 Sextus
3294 3937 3424 3976 vero
3473 3920 3738 3991 psalmus

2090 4013 2322 4085 proprie
2373 4013 2444 4066 ad
2495 4011 2978 4066 resurrectionem
3027 4009 3242 4065 Christi
3295 4008 3565 4080 pertinet,
3606 4025 3733 4080 quae

2089 4102 2213 4157 dies
2263 4104 2465 4156 octava
2511 4103 2618 4154 est.
2653 4098 2768 4154 Nos
2809 4098 2961 4152 enim
2997 4102 3052 4152 et
3081 4097 3235 4152 diem
3269 4097 3522 4168 primum
3554 4097 3733 4153 habe-

2090 4207 2244 4255 mus,
2279 4195 2335 4244 et
2366 4188 2518 4244 diem
2551 4192 2838 4243 octavum.
2869 4187 2985 4242 Nos
3017 4187 3171 4241 enim
3203 4187 3260 4240 in
3294 4186 3388 4241 die
3417 4191 3619 4242 octava
3648 4203 3737 4241 ac-

2088 4281 2350 4351 cepimus
2402 4295 2579 4350 regna
2629 4276 2927 4332 cmlcrum.
2963 4276 3172 4331 Octava
3203 4275 3328 4331 dies
3359 4280 3492 4346 post
3517 4276 3735 4330 Sabba-

2085 4375 2208 4424 tum
2245 4368 2434 4439 prima
2483 4367 2540 4421 in
2588 4365 2896 4439 principio.
2929 4365 3191 4437 Longum
3227 4369 3333 4433 est,
3368 4364 3416 4418 si
3449 4380 3604 4420 nunc
3632 4381 3731 4418 vo-

2086 4459 2369 4514 luerimus
2423 4456 2612 4510 dicere
2661 4455 2732 4509 de
2783 4455 3076 4510 octonario
3130 4468 3394 4507 numero.
3445 4452 3732 4514 Quoniam

2085 4553 2213 4604 octo
2245 4545 2637 4602 beatitudines
2669 4547 2807 4598 sunt
2838 4543 2894 4596 in
2921 4541 3189 4596 Matthaao
3222 4540 3430 4613 (Matth.
3461 4558 3517 4608 v,
3541 4542 3686 4612 3-11)
3716 4557 3730 4597 :

331 4631 570 4703 quidem
622 4650 734 4688 non
786 4633 1140 4688 haberentur
1169 4632 1226 4688 in
1259 4632 1534 4699 Hebraeis,
1568 4636 1624 4688 et
1653 4632 1885 4701 Graecis,
1920 4638 1975 4688 et
2008 4653 2051 4716 Β
2085 4635 2360 4708 quoniam
2419 4633 2476 4687 in
2519 4630 2837 4687 centesimo
2869 4630 3095 4685 decimo
3124 4633 3325 4684 octavo
3357 4627 3580 4700 psalmo
3613 4629 3731 4686 sin-

329 4719 548 4776 Latinis
603 4719 1023 4788 voluminibus,
1053 4726 1208 4776 recte
1260 4725 1578 4792 putarent:
1636 4737 1790 4777 nunc
1845 4738 1974 4777 vero

332 4826 467 4865 cum
499 4808 558 4865 in
593 4809 893 4867 Hebraicis
923 4811 1250 4867 habeantur
1279 4810 1464 4879 libris,
1498 4814 1553 4866 et
1581 4810 1832 4866 maxime
1865 4811 1972 4866 iste

330 4897 540 4954 titulus
569 4899 669 4971 qui
702 4899 762 4955 in
785 4899 992 4972 quinto
1023 4899 1248 4972 psalmo
1271 4904 1358 4956 est
1386 4904 1762 4972 praenotatus,
1794 4900 1974 4955 miror

329 5004 428 5044 eos
459 4988 570 5044 hoc
598 4988 741 5046 velle
763 4989 974 5059 dicere,
999 4990 1153 5061 quod
1186 4988 1405 5061 aliquid
1440 4989 1499 5043 in
1521 4989 1816 5060 Scriptura
1847 4989 1971 5044 sine

331 5095 508 5134 causa
538 5078 636 5134 sit.
670 5079 729 5134 Si
760 5079 878 5136 iota
908 5097 1091 5135 unum
1125 5083 1180 5134 et
1219 5096 1374 5134 unus
1423 5095 1566 5152 apex
1613 5095 1728 5133 non
1777 5084 1973 5134 trans-

329 5167 411 5226 iet
441 5169 511 5225 de
534 5169 703 5242 Lege,
730 5174 950 5242 quanto
981 5169 1169 5242 magis
1195 5172 1357 5224 tanta
1383 5169 1557 5224 verba
1586 5167 1672 5222 vel
1703 5167 1932 5239 syllaba:
1957 5169 1966 5223 l

333 5280 361 5310 ‹‹
393 5247 474 5313 In
511 5259 686 5314 ﬁnem
733 5274 836 5330 pro
878 5275 947 5314 ea
985 5276 1110 5329 quae
1141 5257 1538 5314 haereditatem
1576 5257 1972 5328 consequitur,

328 5346 603 5411 Psalmus
631 5346 833 5403 David.
870 5368 898 5396 ››
951 5346 1266 5403 Haereditas
1318 5363 1434 5401 non
1479 5346 1536 5400 in
1571 5346 1853 5418 principio
1886 5363 1972 5401 re-

330 5436 712 5512 promittitur,
746 5436 847 5492 sed
879 5435 938 5491 in
970 5435 1083 5492 fine
1114 5435 1338 5493 mundi.
1369 5435 1556 5492 Judaei
1589 5435 1648 5491 in
1695 5435 1973 5509 principio

331 5543 393 5585 se
422 5526 683 5583 obtinere
711 5529 1082 5598 putaverunt,
1111 5543 1217 5582 nos
1247 5526 1304 5581 in
1333 5527 1506 5580 ﬁnem
1535 5527 1972 5597 consequimur.

330 5614 494 5672 Unde
525 5615 668 5670 dicit
695 5622 752 5670 et
779 5613 1078 5686 apostolus
1109 5613 1363 5671 Joannes
1395 5631 1408 5669 :
1441 5614 1646 5680 Μέθη,
1679 5616 1970 5670 novissima

334 5702 466 5764 hora
515 5707 593 5761 est
642 5704 690 5776 (I
715 5705 869 5764 Joa-n.
906 5720 969 5776 ιι,
1003 5703 1109 5774 18).
1163 5704 1224 5758 In
1279 5703 1597 5760 novissima
1642 5718 1778 5774 ergo
1833 5703 1974 5760 hora

2084 4723 2232 4797 gulae
2281 4722 2486 4778 litterae
2546 4725 2786 4776 octonos
2833 4736 3037 4774 versus
3084 4718 3386 4775 habeant:
3438 4721 3732 4791 quomodo

2084 4812 2419 4885 quindecim
2449 4809 2657 4882 psalmi
2685 4812 2824 4863 sunt
2845 4808 3158 4880 graduum,
3182 4809 3475 4879 quomodo
3506 4813 3730 4882 septem

2083 4907 2139 4958 et
2196 4906 2322 4956 octo
2382 4903 2539 4969 sunt,
2593 4897 2886 4970 quomodo
2947 4896 3323 4954 Ecclesiastes
3381 4896 3556 4961 dicat,
3599 4898 3732 4954 Date

2081 4994 2296 5062 partem
2338 4997 2561 5059 septem,
2596 4992 2643 5042 et
2692 4987 2816 5042 date
2861 4989 3077 5056 partem
3120 4993 3231 5040 orto
3262 4986 3483 5055 (Eccles.
3514 5002 3591 5055 x1,
3623 4988 3679 5053 2)
3715 5002 3726 5041 :

2085 5078 2376 5150 quomodo
2425 5075 2725 5131 orientalis
2779 5079 2942 5147 porta
2994 5074 3051 5128 in
3085 5072 3342 5128 Ezechiel
3391 5073 3600 5130 habeat
3639 5089 3732 5130 se-

2086 5173 2244 5240 ptem
2294 5167 2514 5238 gradus
2565 5171 2621 5220 et
2675 5169 2801 5219 octo
2852 5162 3064 5231 (Et-ccli.
3098 5179 3187 5228 xc,
3217 5164 3308 5227 22,
3342 5162 3455 5234 31),
3486 5162 3728 5235 longum

2083 5262 2170 5312 est
2220 5257 2430 5326 dicere,
2464 5253 2755 5326 quomodo
2803 5256 3038 5307 octavus
3069 5255 3157 5308 est
3187 5253 3256 5306 de
3289 5251 3424 5308 ﬁliis
3454 5252 3588 5310 Isaii
3619 5253 3731 5309 Da-

2082 5345 2198 5414 vid,
2224 5344 2322 5416 qui
2355 5343 2579 5415 accepit
2609 5357 2875 5413 regnum.
2900 5340 3015 5395 Hoc
3040 5345 3126 5395 est
3150 5342 3304 5412 quod
3339 5357 3494 5396 nunc
3515 5339 3732 5396 dicitur

2085 5451 2187 5507 pro
2219 5437 2456 5499 octava;
2485 5431 2545 5486 in
2574 5435 2776 5485 octava
2798 5430 2954 5484 enim
2990 5445 3094 5485 nos
3125 5429 3455 5501 accepimus
3487 5445 3734 5501 regnum

2085 5522 2382 5592 caelorum,
2418 5521 2571 5576 unde
2621 5518 2805 5574 dicit:
2860 5521 3111 5584 Domine,
3153 5535 3221 5575 ne
3266 5523 3459 5591 furore
3503 5527 3595 5575 tuo
3641 5536 3735 5574 ar-

2083 5625 2352 5685 guas‘mc,
2384 5627 2555 5681 neque
2583 5609 2640 5663 in
2671 5609 2757 5662 ira
2787 5617 2882 5662 tua
2922 5609 3195 5679 corripias
3225 5623 3310 5662 me
3343 5608 3512 5679 (Psal.
3546 5625 3622 5678 Vl,
3652 5608 3730 5679 2).

2082 5704 2190 5759 Sed
2242 5700 2516 5773 quoniam
2561 5700 2630 5754 de
2662 5699 2894 5754 duobus
2927 5696 3169 5769 psalmis
3201 5696 3416 5769 pariter
3447 5697 3731 5770 interpre-
