4244 6586
293 458 446 524 1365

1466 448 1959 513 BllEVlAlllUM
2010 448 2083 509 ΙΝ
2130 447 2515 509 PSAI.MOS.

3540 431 3696 496 1366

291 610 392 670 pro
421 594 632 650 morte:
662 589 725 648 al
755 590 911 648 enim
962 587 1177 645 dicitur
1203 603 1321 660 pro,
1348 588 1494 642 emoth
1525 586 1737 641 dicitur
1764 602 1928 640 mors.
1964 584 2017 652 Α
2049 607 2075 634 ‹‹
2110 584 2179 638 Et
2214 582 2499 656 propitius
2529 585 2651 637 esto
2683 577 2935 652 peccatis
2966 575 3182 633 nostris
3214 576 3448 670 propter
3470 587 3692 670 nomen

290 686 440 758 Ergo
471 700 574 756 pro
606 686 791 738 morte
818 680 1054 746 dicitur,
1088 696 1189 750 pro
1218 683 1403 733 morte
1434 692 1569 748 ergo
1600 675 1703 730 ﬁlii
1736 677 1793 730 in
1826 675 1934 729 He-

288 774 442 831 braeo
477 771 761 844 scripturn
796 774 903 825 est.
938 768 1139 824 Videte
1160 768 1337 839 igitur
1355 761 1938 838 Septuagintalnter-

286 870 501 936 pretes,
531 862 629 932 qui
664 860 972 915 Ptolomaeo
1003 857 1205 931 gentili
1241 856 1359 928 regi
1382 855 1933 927 interpretabantur,

286 957 343 1008 et
375 952 588 1006 durum
621 954 744 1005 erat
774 950 965 1004 dicere
1005 951 1252 1003 mortem
1304 944 1427 1011 ﬁlii,
1486 944 1750 1000 sciebant
1778 944 1933 999 enim

290 1040 445 1112 quod
469 1040 539 1095 de
557 1038 700 1094 Filio
722 1038 822 1093 Dei
845 1037 1152 1093 diceretur.
1169 1035 1457 1091 Videbant
1478 1034 1760 1107 scriptum
1784 1050 1933 1100 esse,

288 1133 344 1183 et
373 1132 570 1183 tamen
604 1128 887 1182 timebant
934 1126 1029 1181 Dei
1064 1125 1275 1181 Filium
1316 1124 1503 1180 dicere
1534 1140 1662 1179 esse
1694 1123 1934 1178 moritu-

283 1234 438 1274 rum.
473 1217 590 1273 Hoc
621 1215 857 1271 interim
891 1215 959 1270 de
992 1215 1163 1269 titulo
1197 1214 1561 1286 disputatum
1595 1212 1691 1278 sit,
1725 1218 1780 1268 et
1811 1211 1935 1267 uni-

282 1324 488 1363 versus
521 1306 787 1379 psalmus
817 1307 889 1361 de
920 1311 1107 1361 morte
1137 1303 1453 1361 Salvatoris
1487 1303 1719 1358 dicitur.

359 1396 584 1452 Dicitur
613 1397 684 1451 de
712 1394 930 1451 Judaais
957 1412 969 1449 ε
1004 1418 1031 1445 ι(
1066 1394 1128 1449 In
1159 1400 1368 1465 laqueo
1400 1382 1520 1449 isto
1541 1409 1715 1463 quem
1745 1395 1932 1447 teten-

288 1486 523 1555 derunt,
556 1486 1014 1557 Comprehensus
1046 1489 1134 1539 est
1163 1498 1265 1555 pes
1289 1500 1490 1538 eorum
1518 1507 1531 1550 ;
1566 1504 1592 1531 ››
1627 1481 1835 1536 deinde
1864 1481 1934 1535 de

282 1575 582 1631 vocatione
629 1575 916 1647 gentium,
970 1596 996 1623 ‹‹
1044 1590 1247 1629 omnes
1294 1577 1495 1644 gentes
1545 1588 1671 1643 quae
1730 1569 1932 1626 oblivi-

285 1668 533 1721 scuntur
561 1668 764 1721 Deum.
803 1686 829 1712 »
862 1664 932 1719 Et
962 1662 1347 1718 novissimum
1380 1666 1581 1716 contra
1611 1659 1929 1715 diabolum:

286 1773 315 1802 «
348 1751 469 1807 Non
502 1756 591 1807 est
620 1752 774 1807 Deus
807 1753 866 1807 in
897 1756 1211 1823 conspectu
1244 1751 1393 1821 ejus,
1420 1750 1582 1811 sedet
1611 1750 1669 1802 in
1703 1747 1933 1803 insidiis

282 1856 418 1895 cum
449 1840 748 1896 divitibus.
785 1864 806 1893 ι
847 1839 1112 1895 Infelices
1152 1840 1359 1894 divites
1389 1855 1523 1894 cum
1556 1838 1772 1909 quibus
1803 1836 1933 1891 dia-

2046 682 2239 733 tuum.
2266 698 2292 725 »
2320 675 2403 728 Tu
2438 672 2721 741 Salvator,
2745 674 2809 725 ut
2832 667 3121 735 Christus,
3146 671 3202 723 et
3222 682 3328 721 nos
3350 662 3686 732 Christiani,

2046 767 2322 823 miserere
2354 764 2524 819 nobis
2554 765 2786 833 propter
2818 774 3025 814 nomen
3058 761 3246 811 tuum.

2125 903 2144 929 α
2182 884 2432 938 Introeat
2460 879 2520 933 in
2554 881 2864 948 conspectu
2894 878 2994 929 tuo
3040 872 3290 945 gemitus
3333 869 3689 942 compedito-

2046 990 2199 1028 rum.
2236 994 2263 1021 »
2296 975 2411 1025 Hoc
2438 968 2628 1023 solent
2674 967 2864 1021 dicere
2896 964 2997 1036 qui
3046 965 3368 1033 sequuntur
3422 959 3687 1033 Origenis

2044 1063 2339 1134 dogmata,
2388 1081 2414 1108 ‹‹
2453 1058 2708 1131 gemitus
2738 1055 3224 1126 compeditorum,
3256 1073 3284 1101 η
3334 1050 3441 1107 hoc
3469 1054 3558 1105 est
3585 1066 3685 1104 an-

2043 1152 2331 1223 gelorum,
2366 1149 2465 1221 qui
2506 1145 2817 1218 compediti
2871 1148 3032 1209 sunt,
3065 1140 3361 1212 inquiunt,
3392 1138 3453 1193 in
3484 1154 3689 1209 corpo-

2044 1242 2244 1297 ribus:
2281 1255 2395 1311 quo
2428 1238 2599 1292 modo
2652 1234 2808 1290 enim
2841 1232 2889 1288 si
2930 1233 3241 1287 mittantur
3292 1227 3602 1298 compedes
3630 1225 3690 1281 in

2043 1330 2312 1402 pedibus,
2347 1329 2661 1399 degravant
2690 1340 2922 1394 corpus,
2953 1325 3010 1376 et
3040 1334 3272 1401 currere
3305 1334 3420 1373 non
3454 1317 3690 1382 sinunt;

2044 1419 2127 1475 sic
2157 1423 2212 1474 et
2242 1434 2483 1488 corpora
2532 1418 2733 1469 nostra
2781 1411 3091 1466 includunt
3140 1408 3390 1474 animas,
3441 1405 3552 1461 hoc
3580 1407 3689 1473 est,

2043 1508 2283 1581 angelos
2313 1508 2629 1577 degravant
2657 1503 2715 1557 in
2770 1507 2942 1558 terra.
2974 1501 3044 1554 Et
3074 1499 3183 1554 hoc
3231 1496 3445 1569 quibus
3496 1492 3691 1550 verbis

2044 1598 2369 1671 approbant
2390 1597 2416 1650 ‘2
2447 1596 2649 1665 Infelix
2697 1607 2798 1665 ego
2831 1591 3005 1661 homo,
3056 1590 3176 1660 quis
3222 1604 3310 1642 me
3339 1585 3595 1641 liberabit
3622 1583 3689 1638 de

2041 1703 2261 1759 corpore
2285 1687 2479 1741 mortis
2509 1683 2672 1753 hujus
2698 1683 2870 1753 (Rom.
2904 1697 3001 1745 vn,
3031 1678 3170 1749 24)?
3218 1677 3286 1732 Et
3336 1674 3481 1730 illud
3525 1673 3683 1746 quod

2042 1778 2290 1833 dicitur:
2334 1776 2509 1845 Cupio
2539 1771 2764 1833 dissolvi
2791 1777 2977 1825 etesse
3004 1784 3126 1822 cum
3161 1766 3368 1821 Christo
3416 1764 3681 1835 (Philipp.
3739 1835 3746 1842 .

2043 1885 2080 1939 ι,
2112 1866 2222 1937 33).
2259 1865 2492 1932 Reverti,
2526 1866 2575 1917 et
2606 1878 2715 1916 esse
2758 1876 2883 1914 eum
2914 1858 3149 1917 Christo.
3200 1855 3422 1921 Videte,
3470 1852 3683 1924 inquit,

282 1927 453 2026 hom?
483 1928 665 2026 .sefdei'
697 1928 953 2026 palliun
974 1929 1315 2026 Vici???“
1342 1927 1557 2026 “3”?”
1578 1927 1649 1983 de
1672 1925 1923 2026 δίδωμ’
1961 1962 2007 2026 Β
2037 1925 2346 2026 q’uidldicit
2382 1925 2713 2024 Apostolus.
2766 1948 3106 2018 Quicunque
3155 1944 3313 2011 dicit,
3364 1942 3541 2014 Cupio
3590 1959 3680 1998 re-

285 2037 313 2067 «
341 2017 507 2073 sedet
528 2017 586 2073 in
616 2017 846 2073 insidiis
868 2033 1001 2072 cum
1023 2017 1322 2073 divitibus.
1349 2038 1377 2067 »
1401 2016 1744 2088 Quicunque
1769 2014 1924 2070 enim

282 2106 446 2161 dives
474 2111 581 2173 est,
616 2106 729 2162 nisi
784 2123 1100 2179 pauperem
1156 2105 1512 2179 spoliaverit,
1581 2104 1741 2160 dives
1797 2120 1925 2160 esse

284 2211 399 2251 non
428 2200 637 2266 potest,
662 2200 965 2269 propterea
995 2195 1160 2262 dixit,
1184 2218 1210 2245 ι(
1242 2196 1403 2251 sedet
1440 2195 1500 2249 in
1533 2193 1763 2250 insidiis
1794 2209 1927 2248 cum

276 2283 637 2341 divitibus.»
709 2286 1188 2357 Quandocunque
1237 2284 1446 2340 divites
1500 2286 1932 2357 persequuntur

280 2373 664 2446 Christianos,
699 2375 1006 2431 dicamus:
1044 2375 1205 2430 sedet
1261 2373 1532 2429 diabolus
1591 2372 1648 2427 in
1699 2370 1933 2426 insidiis

285 2479 419 2518 cum
448 2462 746 2519 divitibus.

361 2572 388 2600 α
422 2552 746 2609 Insidiatur
775 2558 840 2609 ut
872 2553 1061 2625 rapiat
1090 2569 1430 2626 pauperem,
1465 2569 1666 2625 rapere
1718 2566 1939 2624 paupe-

301 2656 426 2696 rem
457 2642 599 2697 dum
631 2642 871 2698 attrahit
912 2658 1066 2697 eum.
1099 2643 1163 2697 In
1212 2641 1419 2713 laqueo
1468 2658 1574 2696 suo
1605 2638 1943 2715 humiliabit

301 2745 458 2785 eum.
493 2752 519 2781 »
552 2732 671 2787 Hoc
700 2731 940 2803 impius,
975 2731 1085 2786 hoc
1124 2730 1410 2787 diabolus.
1461 2731 1781 2802 Pauperem
1826 2745 1942 2784 non

301 2820 495 2877 solum
529 2821 766 2888 divitiis,
800 2821 901 2875 sed
928 2825 986 2877 et
1016 2819 1246 2893 spiritu,
1290 2821 1441 2876 beati
1473 2821 1629 2876 enim
1661 2836 1946 2892 pauperes

301 2910 533 2982 spiritu.
571 2932 598 2959 ‹‹
636 2912 697 2965 In
728 2908 935 2981 laqueo
967 2927 1072 2965 suo
1104 2909 1440 2965 humiliabit
1466 2927 1479 2977 ;
1502 2931 1530 2959 »
1557 2926 1729 2980 quem
1751 2908 1943 2964 ‘?Sub-

301 2999 543 3055 auditur
562 3015 901 3070 pauperem.
923 2997 1121 3054 Videte
1142 2997 1282 3070 quid
1307 2997 1519 3053 dicitur
1535 2997 1562 3052 Ἰ
1582 2997 1946 3066 Humiliabit,

300 3105 417 3143 non
451 3087 759 3143 interﬁeiet
784 3105 796 3142 :
822 3104 953 3143 cum
974 3092 1168 3143 autem
1200 3088 1945 3159 humiliaveritpauperem,

300 3175 632 3232 humiliatio
658 3176 936 3247 pauperis
984 3175 1154 3230 ruina
1187 3181 1277 3232 est
1324 3176 1562 3232 diaboli.
1612 3178 1758 3242 Quid
1792 3176 1947 3231 enim

302 3264 617 3335 sequitur?
645 3286 671 3314 «
704 3264 1014 3319 Inclinabit
1044 3281 1127 3329 se,
1158 3270 1217 3320 et
1246 3266 1409 3320 cadet
1440 3266 1579 3320 dum
1613 3266 1950 3320 dominatus

303 3330 481 3409 fuerit
511 3369 855 3425 pauperum.
892 3377 913 3405 ι
959 3353 1162 3409 Nonne
1190 3353 1354 3409 vobis
1409 3354 1637 3410 videtur
1682 3353 1951 3409 diabolus
1981 3330 2023 3395 C

303 3443 365 3499 in
424 3442 829 3515 persecutione
902 3443 1136 3514 quando
1209 3443 1497 3499 occideret
1567 3443 1950 3513 Christianos,

305 3531 544 3605 quando
575 3530 927 3586 interﬁceret
959 3534 1261 3603 martyres,
1314 3531 1374 3584 in
1433 3548 1498 3586 eo
1557 3531 1739 3586 occidi
1794 3530 1951 3601 quod

307 3619 706 3676 interficeret?
736 3618 1046 3674 Inclinabit
1076 3636 1156 3687 se,
1189 3626 1247 3675 et
1275 3620 1442 3675 cadet
1462 3620 1602 3675 dum
1633 3617 1957 3675 dominabi-

305 3714 407 3765 tur
436 3709 1050 3782 pauperum?Martyr
1106 3708 1333 3765 occisus
1391 3708 1450 3763 in
1509 3708 1720 3764 ccslum
1775 3709 1953 3778 vadit,

306 3798 406 3854 ille
437 3797 704 3854 occidens
735 3797 1101 3866 humiliatur,
1126 3803 1191 3853 et
1221 3798 1406 3854 cadet.
1452 3798 1569 3854 Hoc
1620 3797 1852 3853 interim
1885 3799 1955 3853 de

308 3887 539 3960 psalmo
569 3886 820 3942 breviter
843 3887 1207 3959 disputatum
1231 3893 1320 3942 est
1340 3904 1442 3960 pro
1474 3886 1719 3943 occultis
1741 3886 1865 3957 ﬁlii,
1902 3892 1959 3942 et

309 3976 420 4032 hoc
449 3975 672 4031 dictum
712 3982 802 4030 est
848 3975 908 4029 in
957 3975 1148 4030 Veteri
1205 3976 1615 4030 Testamento:
1676 3975 1736 4029 in
1766 3974 1963 4029 Veteri

310 4065 470 4121 enim
501 4065 898 4130 Testamento,
929 4065 999 4119 de
1042 4063 1159 4118 ﬁlio
1192 4062 1415 4119 occulte
1446 4063 1680 4128 dicitur,
1715 4080 1868 4118 nunc
1900 4063 1957 4118 in

312 4153 624 4226 Evangelia
654 4152 920 4226 legamus
951 4152 1279 4218 manifeste,
1307 4152 1377 4207 de
1410 4151 1732 4208 manifestis
1764 4151 1885 4207 lilii.

808 4240 1138 4298 PSALMUS
1171 4241 1461 4298 LXXVIII.

388 4354 415 4382 «
449 4331 735 4397 Quoniam
766 4348 1052 4404 pauperes
1083 4330 1217 4388 facti
1251 4347 1459 4387 sumus
1485 4356 1499 4399 ;
1525 4352 1553 4381 ››
1586 4330 1865 4402 quoniam
1897 4333 1960 4385 tu

317 4438 539 4494 pauper
567 4437 669 4494 pro
701 4420 871 4477 nobis
903 4421 1090 4476 factus
1120 4437 1202 4489 es,
1237 4423 1541 4493 propterea
1579 4425 1636 4475 et
1686 4437 1793 4475 nos
1824 4436 1963 4492 pau-

318 4527 485 4584 peres
517 4511 651 4567 facti
701 4528 931 4566 sumus.
986 4510 1171 4565 Oratio
1218 4511 1478 4580 pauperis
1526 4525 1649 4563 cum
1697 4512 1963 4564 annulus

316 4602 509 4671 fuerit,
539 4603 589 4654 et
625 4599 877 4672 effuderit
931 4601 1235 4655 orationem
1282 4614 1466 4654 coram
1510 4598 1741 4653 Domino
1792 4599 1960 4669 (Psal.

2035 2045 2203 2110 verti,
2234 2042 2438 2114 utique
2469 2040 2609 2095 illuc
2639 2038 2781 2093 dicit
2814 2036 2911 2091 ubi
2943 2039 3075 2091 ante
3107 2034 3313 2090 fuerat.
3370 2054 3397 2086 α
3428 2034 3685 2089 Introeat

2038 2134 2098 2189 in
2123 2134 2433 2203 conspectu
2456 2133 2555 2184 tuo
2577 2126 2829 2200 gemitus
2851 2123 3334 2195 compeditorum.
3356 2144 3382 2172 »
3410 2122 3527 2192 Ego
3546 2136 3681 2176 vero

2039 2221 2401 2295 simpliciter,
2436 2218 2733 2273 rusticana
2781 2212 3153 2285 simplicitate
3182 2216 3239 2267 et
3268 2209 3681 2278 ecclesiastica,

2040 2314 2124 2368 ita
2154 2311 2260 2367 tibi
2308 2307 2689 2380 respondebo.
2722 2305 2808 2359 Ita
2854 2302 3010 2359 enim
3068 2301 3314 2373 apostoli
3371 2298 3685 2372 responde-

2044 2406 2205 2466 runt,
2236 2398 2319 2456 sic
2354 2401 2493 2453 sunt
2532 2394 2729 2460 locuti,
2755 2410 2869 2448 non
2916 2391 3106 2447 verbis
3154 2389 3462 2447 rhetoricis
3490 2392 3548 2444 et
3571 2386 3691 2443 dia-

2045 2489 2288 2546 bolicis:
2324 2485 2597 2542 «melius
2641 2488 2729 2539 est
2785 2483 2941 2537 enim
2998 2480 3203 2537 reverti
3261 2483 3318 2535 et
3371 2493 3500 2535 esse
3557 2493 3692 2533 cum

2048 2580 2299 2637 Christo.
2336 2598 2358 2627 ι
2396 2575 2542 2642 Quia
2572 2574 2657 2629 sic
2705 2572 2882 2627 habet
2938 2571 2996 2625 in
3056 2570 3271 2638 Graeco,
3324 2584 3438 2622 non
3478 2566 3693 2632 habet,

2051 2668 2291 2732 dissolvi,
2324 2665 2424 2721 sed
2461 2664 2676 2718 reverti.
2712 2683 2739 2709 «
2765 2658 2990 2715 Reverti
3023 2662 3080 2713 et
3108 2672 3235 2713 esse
3257 2672 3390 2712 cum
3411 2654 3696 2710 Christo.»

2058 2758 2158 2813 Ubi
2191 2757 2375 2810 Adam
2408 2753 2517 2808 fuit
2546 2755 2710 2823 pater
2739 2765 2925 2814 meus,
2954 2747 3032 2801 ibi
3057 2751 3113 2802 et
3133 2762 3238 2818 ego
3259 2761 3386 2801 esse
3407 2743 3697 2799 desidero:

2055 2847 2212 2902 unde
2249 2844 2347 2898 ille
2376 2843 2596 2912 ejectus
2626 2843 2733 2906 est,
2765 2853 2870 2908 ego
2915 2835 3121 2891 reverti
3170 2833 3363 2905 cupio.
3414 2833 3477 2887 In
3508 2830 3696 2887 Adam

2056 2951 2258 2993 omnes
2289 2949 2395 2987 nos
2426 2931 2497 2984 de
2534 2926 2803 2999 paradiso
2850 2925 3016 2996 ejecti
3063 2938 3293 2992 sumus,
3343 2921 3593 2977 introeat
3639 2921 3699 2975 in

2057 3027 2369 3096 conspectu
2406 3029 2502 3074 tuo
2534 3015 2784 3089 gemitus
2816 3012 3298 3085 compeditorum.

2130 3132 2316 3195 Quare
2337 3128 2492 3182 enim
2515 3125 2624 3180 hoc
2640 3140 2755 3177 non
2779 3116 3454 3193 simpliciterintelligam
3478 3116 3702 3172 dictum

2059 3236 2187 3276 esse
2219 3219 2287 3273 de
2318 3214 2693 3286 martyribus,
2718 3210 2818 3282 qui
2841 3208 3051 3264 inclusi
3074 3212 3212 3264 sunt
3250 3207 3307 3261 in
3331 3205 3706 3262 carceribus?

2061 3306 2271 3373 Quanti
2294 3304 2451 3361 enim
2473 3307 2527 3358 et
2548 3301 2607 3356 in
2625 3298 2875 3355 metallis
2893 3297 3059 3352 missi
3082 3296 3267 3351 sunt?
3288 3299 3403 3367 Ego
3424 3311 3561 3353 vero
3578 3294 3707 3350 dico

2062 3396 2199 3469 quia
2216 3394 2447 3449 illorum
2473 3407 2596 3446 com
2608 3389 2935 3462 peditorum
2958 3401 3087 3442 vere
3104 3384 3511 3440 audiatvocem
3530 3382 3703 3439 Deus.

2135 3536 2161 3563 ‹‹
2197 3509 2526 3567 Secundum
2559 3503 3022 3576 magnitudinem
3050 3500 3273 3556 brachii
3315 3499 3423 3567 tui,
3475 3498 3711 3571 posside

2063 3601 2214 3656 ﬁlios
2248 3598 2751 3653 mortiﬁcatorum.
2788 3614 2815 3641 »
2845 3591 2960 3647 Nos
2992 3606 3196 3646 omnes
3245 3589 3316 3661 (si
3356 3592 3553 3643 tamen
3586 3601 3707 3642 me-

2066 3687 2282 3758 remur)
2316 3685 2419 3741 lilii
2444 3689 2765 3754 martyrum
2791 3697 3018 3736 sumus.
3045 3676 3373 3750 Apostolus,
3397 3674 3709 3748 quandoin

2065 3794 2293 3835 carcere
2334 3779 2475 3844 erat,
2535 3770 2901 3843 compeditus
2957 3773 3116 3825 erat:
3179 3765 3425 3839 apostoli
3482 3781 3708 3836 omnes,

2067 3869 2302 3942 quando
2333 3866 2392 3920 in
2426 3861 2757 3920 carceribus
2789 3862 2974 3926 erant,
3007 3856 3318 3929 compediti
3348 3858 3552 3912 erant:
3586 3870 3711 3910 om-

2067 3975 2170 4014 nes
2203 3960 2486 4027 martyres
2513 3951 2612 4022 qui
2634 3949 2920 4005 interfecti
2940 3951 3096 4017 sunt,
3120 3947 3179 4000 in
3202 3944 3531 4001 carceribus
3546 3944 3715 3999 erant

2068 4043 2404 4118 compediti.
2439 4044 2747 4111 Propterea
2776 4052 2933 4092 nunc
2963 4035 3212 4091 dicitur:
3251 4051 3273 4081 α
3296 4031 3538 4089 Posside
3559 4030 3711 4087 ﬁlios

2071 4126 2817 4191 mortiﬁcatorumeedde
2861 4124 3065 4180 vicinis
3114 4121 3330 4179 nostris
3374 4118 3712 4194 septuplum

2070 4225 2127 4280 in
2162 4223 2290 4277 sinu
2324 4235 2547 4276 eorum.
2585 4241 2605 4269 ι
2652 4215 2791 4271 Mihi
2844 4213 3073 4269 videtur
3130 4212 3285 4284 quod
3342 4227 3457 4266 non
3513 4214 3716 4265 contra

2072 4313 2203 4369 illos
2246 4314 2432 4385 rogat,
2466 4307 2569 4363 sed
2600 4323 2702 4378 pro
2734 4303 2876 4371 illis,
2904 4303 3013 4358 hoc
3055 4305 3162 4373 est,
3214 4302 3290 4356 da
3336 4299 3454 4355 illis
3500 4298 3717 4355 Sabba-

2073 4408 2199 4459 tum
2231 4406 2400 4457 tuum
2429 4417 2442 4467 ;
2477 4397 2771 4453 Sabbalum
2803 4396 2996 4449 autem
3027 4392 3443 4463 interpretatur
3478 4387 3713 4458 requies.

2068 4478 2234 4559 Quod
2285 4487 2426 4544 dicit
2452 4487 2561 4542 hoc
2591 4490 2715 4540 est:
2750 4483 2839 4539 fac
2869 4499 2967 4537 eos
2998 4479 3359 4551 requiescere
3389 4477 3449 4559 in
3495 4471 3720 4531 malitia

2073 4558 2201 4648 sua,
2237 4582 2337 4635 aut
2364 4581 2516 4632 certe
2548 4573 2732 4643 aliter,
2754 4571 2848 4626 hic
2877 4569 2959 4625 eis
2982 4569 3174 4637 redde,
3206 4571 3263 4622 et
3294 4558 3409 4621 non
3453 4564 3538 4620 eis
3586 4562 3718 4618 red-

320 4669 396 4759 ἐι,
431 4688 504 4760 1).
536 4669 821 4751 Quoniam
850 4694 911 4744 tu
940 4705 1159 4760 pauper
1189 4687 1377 4743 factus
1407 4703 1489 4751 es,
1531 4703 1666 4742 cum
1698 4704 1857 4742 esses
1889 4687 1969 4742 di-
1995 4697 2043 4762 D
2075 4673 2181 4728 das
2211 4670 2269 4723 in
2303 4669 2517 4722 futuro-

318 4793 439 4844 ves,
473 4781 532 4831 et
566 4792 673 4832 nos
704 4793 990 4848 pauperes
1038 4776 1174 4833 facti
1223 4793 1470 4833 sumus:
1528 4796 1549 4826 ι
1583 4776 1807 4847 Adjuva
1838 4793 1968 4845 nos,

322 4871 494 4933 Deus,
528 4865 805 4922 salutaris
837 4873 1053 4923 noster.
1090 4890 1117 4915 »
1152 4868 1217 4921 In
1247 4866 1528 4922 Hebraico
1554 4864 1765 4921 habet:
1800 4887 1828 4916 «
1860 4867 1970 4920 Ad-

311 4955 456 5027 juva
485 4971 612 5021 nos,
641 4954 816 5012 Jesus
846 4960 1081 5024 noster;
1121 4955 1456 5027 ubicunque
1502 4956 1657 5011 enim
1708 4954 1973 5010 Salvator

319 5049 418 5116 est,
478 5045 535 5099 in
593 5044 872 5100 Hebraico
931 5048 1081 5101 Iesus
1155 5044 1350 5100 habet.
1410 5045 1672 5116 Denique
1744 5043 1970 5100 Gabriel

322 5134 558 5207 quando
590 5134 748 5189 venit
775 5135 847 5189 ad
880 5135 1144 5190 Mariam.
1189 5135 1256 5189 Et
1307 5134 1544 5203 vocabis,
1594 5133 1804 5206 inquit,
1851 5151 1974 5189 eum

320 5229 534 5292 Iesum,
568 5224 668 5278 iste
696 5224 844 5277 enim
863 5224 1077 5279 salvum
1104 5225 1267 5294 faciet
1295 5222 1563 5295 papulum
1581 5240 1743 5279 suum
1768 5224 1971 5295 (Matth.

324 5332 367 5382 ι,
396 5313 512 5386 21).
562 5312 773 5385 Adjuva
810 5328 926 5382 nos,
964 5314 1119 5368 Iesus
1166 5315 1365 5368 noster.
1425 5311 1629 5367 Videte
1689 5312 1830 5384 quid
1888 5313 1974 5367 di-

327 5407 440 5472 cat,
473 5402 689 5475 adjuva.
723 5400 831 5468 Qui
852 5400 993 5455 dicit
1021 5401 1245 5473 adjuva,
1294 5404 1352 5455 et
1384 5399 1508 5472 ipse
1538 5400 1772 5457 liberari
1803 5417 1975 5458 cona-

332 5496 444 5563 tur,
476 5508 665 5564 neque
695 5489 848 5546 enim
882 5489 1239 5546 dormientes
1262 5506 1368 5545 nos
1386 5490 1645 5562 adjuvat,
1678 5492 1781 5546 sed
1816 5490 1976 5547 labo-

331 5585 548 5637 rantes.
597 5583 899 5652 «Propter
946 5577 1192 5652 gloriam
1249 5578 1506 5634 nominis
1553 5578 1661 5645 tui,
1713 5579 1976 5649 Domine,

329 5670 518 5726 libera
548 5656 690 5737 nos,
726 5691 754 5718 ››
787 5668 1063 5741 quoniam
1092 5672 1362 5724 vocatum
1409 5671 1497 5722 est
1545 5683 1758 5722 nomen
1811 5675 1979 5724 tuum

336 5776 551 5818 novum
581 5776 757 5833 super
782 5775 910 5826 nos,
942 5758 1097 5831 quod
1148 5756 1511 5813 benedicitur
1562 5756 1621 5811 in
1670 5758 1976 5827 gentibus:

2150 4802 2175 4827 ‹‹
2210 4776 2326 4832 NOs
2357 4776 2552 4830 autem
2586 4766 2837 4841 populus
2869 4769 3006 4821 tuus
3035 4767 3091 4820 et
3116 4779 3248 4819 oves
3278 4777 3509 4834 pascua:
3538 4764 3716 4818 tum.»

2080 4866 2182 4922 Ubi
2218 4880 2353 4919 oves
2385 4861 2547 4926 dicit,
2592 4855 2986 4912 innocentiam
3036 4852 3349 4925 signiﬁcat.
3404 4850 3551 4906 Oves
3603 4864 3721 4903 non

2081 4955 2300 5011 habent
2329 4950 2441 5006 nisi
2474 4952 2789 5021 pastorem.
2845 4965 2872 4995 ‹‹
2902 4941 3322 4999 Conﬁtebimur
3369 4938 3473 4993 tibi
3523 4937 3583 4991 in
3615 4953 3722 4991 saa-

2082 5042 2298 5099 culum.
2322 5064 2350 5089 ››
2388 5039 2803 5107 Conﬁtebimur,
2834 5033 2921 5088 vel
2945 5028 3340 5104 paenitentiam
3364 5027 3616 5100 agimus,
3638 5022 3726 5081 vel

2081 5137 2253 5197 certe,
2279 5129 2433 5202 quod
2459 5126 2669 5182 melius
2686 5129 2793 5194 est,
2818 5121 3230 5194 gloriﬁcamus.
3254 5140 3281 5167 «
3310 5118 3373 5172 In
3402 5113 3727 5189 generatio-

2085 5238 2216 5279 nem
2249 5226 2305 5275 et
2334 5216 2791 5291 generationem,
2818 5233 2846 5260 ››
2869 5212 2927 5265 in
2952 5208 3138 5282 primo
3163 5206 3375 5279 populo
3396 5210 3453 5260 et
3474 5203 3729 5261 secundo

2085 5309 2317 5385 populo.
2345 5308 2502 5363 Licet
2531 5303 2854 5361 secundum
2887 5297 3194 5354 historiam
3225 5295 3395 5352 aliter
3422 5291 3727 5386 dicaturi‘n

2087 5378 2377 5458 Ezechiel:
2437 5402 2632 5451 tamen
2684 5389 3003 5447 secundum
3066 5383 3507 5458 intelligentiam
3558 5378 3731 5453 spiri-

2089 5488 2304 5548 tualem
2337 5486 2444 5542 hoc
2466 5483 2741 5546 dicimus,
2766 5477 3043 5549 quoniam
3067 5475 3189 5531 istae
3216 5476 3342 5531 duae
3376 5474 3601 5546 gentes,
3621 5470 3730 5529 hoc

2088 5586 2176 5636 est
2204 5580 2328 5634 duae
2359 5576 2552 5647 virgae,
2582 5574 2872 5643 juguntur
2903 5566 2960 5620 in
2993 5563 3276 5630 Ezechiel,
3317 5566 3375 5618 et
3392 5561 3491 5629 [fit
3542 5574 3728 5614 unum

2090 5686 2351 5740 regnum.
2379 5688 2406 5714 «
2434 5667 2490 5719 In
2523 5657 2953 5735 generationem
2976 5661 3033 5709 et
3050 5649 3489 5726 generationem
3504 5664 3732 5706 annun-

2088 5737 2368 5816 tiabimus
2396 5754 2631 5810 laudern
2664 5754 2893 5807 tuam.»
2929 5743 3338 5817 Apostolorum
3360 5756 3467 5799 vox
3490 5743 3597 5797 est.
3630 5737 3730 5795 Pe-
