4244 6628
553 418 707 480 1367

2041 409 2440 475 APPENDIX
2455 458 2468 471 .

3803 407 3961 488 1368

551 556 679 609 trus
707 549 767 606 in
797 546 1013 624 populo
1034 546 1532 616 circumcisionis;
1570 547 1781 605 Paulus
1812 553 1868 604 et
1897 546 2195 603 Barnabas
2225 547 2278 612 Α
2308 546 2367 601 iu
2399 548 2506 603 viis-
2534 548 2756 604 Domini
2793 550 2847 604 et
2891 545 3220 620 interrogate
3263 546 3483 605 semitas
3528 544 3649 618 ejus
3693 551 3957 614 aeternas,

552 641 610 697 in
643 639 938 713 gentibus.

1062 725 1391 783 PSALMUS
1431 726 1694 782 CXXVII.

627 840 654 866 α
687 817 838 874 Beati
870 802 1075 873 omnes
1108 816 1206 887 qui
1236 817 1449 870 timent
1506 815 1840 870 Dominum.
1878 836 1898 863 ι
1963 813 2072 880 Qui
2130 812 2200 868 ti-

491 895 495 899 .
550 913 711 964 ment
743 904 1055 962 Dominum
1089 904 1244 976 quod
1277 904 1496 959 habent
1525 902 1853 975 praemium,
1900 919 2075 975 quam
2109 920 2204 958 co-

552 995 806 1052 ronam?
843 994 1163 1049 Videamus
1203 1009 1379 1064 quam
1424 991 1680 1047 habeant
1732 990 1988 1059 laudem,
2048 991 2204 1062 quod

554 1085 882 1159 praemium.
923 1106 944 1132 ι
981 1088 1190 1138 Beatus
1220 1097 1301 1151 es,
1326 1086 1382 1136 et
1412 1081 1558 1136 bene
1578 1080 1682 1136 tibi
1705 1080 1834 1136 erit.
1868 1104 1890 1132 ι
1923 1080 2055 1136 Jam
2090 1079 2207 1135 dixi

554 1176 626 1230 de
657 1172 1037 1237 beatitudine,
1061 1187 1254 1241 quaero
1279 1169 1704 1225 beatitudinem
1738 1185 1865 1241 qna:
1899 1169 1995 1236 sit,
2022 1168 2121 1240 qui
2144 1168 2211 1223 ti-

558 1266 678 1319 met
697 1261 1003 1317 Dominum
1025 1276 1200 1331 quam
1216 1259 1391 1314 habet
1411 1258 1830 1314 beatitudinem
1845 1258 1871 1312 ?
1898 1282 1918 1306 ι
1939 1258 2089 1313 Uxor
2110 1263 2213 1312 tua

557 1351 711 1408 sicut
738 1351 874 1405 vitis
903 1350 1235 1412 abundans,
1262 1348 1323 1403 in
1356 1347 1641 1403 lateribus
1673 1348 1882 1402 domus
1914 1352 2050 1402 tuae.
2082 1344 2210 1401 Filii

556 1441 641 1496 tui
700 1440 854 1495 sicut
908 1437 1143 1493 novella
1199 1436 1507 1506 olivarum,
1567 1436 1627 1492 in
1685 1435 1931 1491 circuitu
1991 1451 2206 1491 mensae

553 1515 687 1585 tuae.
721 1554 744 1581 ι
782 1530 899 1600 Ego
949 1533 1090 1600 puto
1141 1527 1295 1597 quod
1344 1526 1596 1598 prepitio
1642 1525 1870 1581 Christo
1901 1541 2106 1580 omnes
2138 1523 2211 1579 ti-

554 1635 825 1676 meamus
857 1617 1063 1672 Deum.
1090 1616 1237 1687 Ergo
1269 1615 1420 1670 hanc
1442 1614 1868 1669 beatitudinem
1896 1630 2011 1669 non
2039 1612 2215 1668 habe-

557 1709 738 1764 mus‘?
766 1705 1064 1778 Scriptum
1097 1709 1187 1760 est
1215 1704 1396 1769 enim,
1432 1726 1458 1752 ‹‹
1489 1703 1587 1774 qui
1622 1703 1789 1757 timet
1816 1702 2154 1768 Dominum,
2184 1723 2213 1749 »

552 1797 705 1853 hanc
735 1795 914 1851 habet
957 1792 1424 1857 beatitudinem;
1476 1808 1681 1859 «,uxor
1724 1795 1826 1845 tua
1875 1790 2030 1845 sicut
2078 1789 2212 1845 vitis

2309 641 2362 689 et
2417 638 2705 693 invenietis
2755 639 2924 703 viam,
2983 644 3034 694 et
3086 636 3441 693 ambulabitis
3495 634 3559 691 in
3614 650 3680 690 ea
3737 635 3954 705 (larem.

2312 726 2524 797 v1,16).
2564 725 2756 782 Videte
2787 724 2927 797 quid
2968 725 3144 793 dicat,
3174 730 3231 781 et
3281 729 3431 801 state
3488 724 3549 780 in
3594 723 3727 789 viis,
3770 728 3827 779 et
3868 722 3957 779 in~

2312 818 2602 888 terrogate
2634 814 2756 870 vias
2788 811 3313 880 Domini'aeternas,
3344 819 3403 870 et
3431 812 3742 869 invenietis
3779 828 3958 868 unam

2314 903 2491 969 viam,
2525 908 2582 958 et
2613 901 2909 960 ambulate
2938 902 2998 957 in
3024 919 3112 959 ea.
3141 902 3337 959 Videte
3367 903 3660 975 quomodo
3705 917 3808 973 per
3836 899 3961 975 plu-

2316 1009 2408 1047 res
2439 991 2562 1046 vias
2587 991 2857 1048 venimus
2886 992 2959 1047 ad
2994 1008 3171 1047 unam
3201 990 3375 1047 viam.
3408 992 3528 1048 Hoc
3571 989 3786 1047 dicitur
3813 995 3871 1046 et
3897 988 3957 1045 in

2318 1080 2623 1153 Evangelio
2649 1080 2781 1137 aliis
2810 1080 3003 1137 verbis
3035 1081 3146 1136 sub
3198 1080 3314 1135 alia
3342 1080 3763 1155 signiﬁcatione
3792 1095 3959 1153 para-

2318 1168 2461 1225 bolae
2501 1170 2570 1223 de
2602 1169 2701 1225 illo
2734 1169 3088 1242 negotiatore
3120 1169 3217 1242 qui
3251 1170 3460 1226 habuit
3507 1169 3702 1242 pluma
3734 1184 3961 1243 marga~

2319 1260 2484 1328 ritas,
2518 1260 2619 1330 qui
2649 1260 2908 1314 vendidit
2936 1276 3056 1328 eas,
3088 1264 3146 1316 et
3191 1259 3334 1315 emit
3379 1275 3555 1317 unam
3604 1257 3961 1332 pretiosissi-

2322 1365 2480 1403 mam
2513 1349 2912 1421 margaritam.
2965 1349 3127 1413 Quod
3184 1348 3326 1403 dicit
3355 1348 3463 1404 hoc
3519 1352 3627 1419 est,
3685 1346 3963 1404 Habetote

2323 1436 2610 1510 plurimas
2650 1437 3016 1510 margaritas,
3050 1440 3109 1492 et
3137 1442 3284 1494 state
3313 1437 3370 1492 in
3394 1436 3522 1492 viis.
3548 1436 3665 1493 Hoc
3684 1440 3792 1502 est,
3819 1440 3967 1491 state

2324 1526 2383 1582 in
2426 1525 2555 1597 viis,
2604 1531 2662 1581 et
2716 1526 3067 1599 interrogate
3120 1526 3359 1582 semitas
3409 1525 3638 1582 Domini
3699 1529 3964 1581 mternas.

2325 1614 2570 1671 Pulchre
2599 1620 2865 1676 aeternas.
2900 1632 2970 1671 ne
3025 1621 3368 1687 putaremus
3424 1615 3672 1670 adventu
3729 1612 3966 1681 Christi,

2330 1700 2531 1776 Legem
2564 1709 2621 1759 et
2650 1703 2969 1776 Prophetas
3015 1721 3144 1759 esse
3202 1704 3418 1759 ﬁnitos.
3480 1704 3588 1760 Sed
3647 1703 3776 1759 vide
3824 1701 3968 1775 quid

2326 1793 2497 1848 dicat.
2532 1794 2692 1849 State
2722 1792 2781 1848 in
2814 1793 2944 1858 viis,
2976 1794 3035 1848 in
3068 1793 3214 1865 Lege
3256 1798 3313 1848 et
3361 1791 3683 1864 Prophetis,
3716 1797 3775 1847 et
3818 1795 3968 1847 state

554 1886 863 1942 abundans
896 1883 954 1937 in
988 1881 1269 1938 lateribus
1300 1880 1511 1935 domus
1545 1886 1697 1935 tum:
1751 1878 1854 1934 filii
1915 1878 2003 1934 tui
2054 1879 2211 1934 sicut
2243 1912 2290 1977 Β
2325 1882 2385 1938 in
2417 1881 2546 1937 viis.
2576 1880 2762 1937 Nolite
2792 1882 2876 1937 sic
2907 1881 3140 1939 credere
3170 1881 3229 1936 in
3258 1880 3351 1935 via
3381 1898 3517 1951 una,
3552 1886 3613 1935 ut
3658 1878 3971 1937 dimittatis

554 1972 792 2030 novellae
818 1970 1125 2040 olivarum,
1158 1970 1217 2024 in
1249 1967 1494 2024 circuitu
1541 1984 1759 2024 mensae
1806 1976 1935 2023 tuae.
1970 1988 1998 2017 ››
2061 1967 2213 2038 Ergo

556 2068 610 2118 et
641 2060 743 2134 qui
775 2076 959 2115 unum
990 2059 1165 2115 habet
1194 2056 1383 2112 filium
1415 2061 1471 2112 et
1500 2057 1671 2123 duos,
1708 2073 1825 2112 non
1860 2061 1950 2113 est
1976 2056 2218 2112 beatus?

556 2152 704 2217 Quid
733 2147 891 2206 enim
921 2148 1082 2217 dicit,
1106 2169 1134 2197 ‹‹
1161 2146 1285 2201 Filii
1320 2145 1404 2201 tui
1439 2145 1589 2201 sicut
1622 2144 1861 2201 novellae
1898 2144 2215 2210 olivarum,

556 2240 617 2297 in
647 2238 896 2296 circuitu
930 2254 1143 2293 mensa:
1174 2242 1308 2291 tute.
1343 2257 1368 2284 η
1418 2226 1540 2291 Nisi
1590 2238 1787 2290 tantos
1828 2233 2216 2290 habuerimus

568 2329 741 2393 filios,
768 2333 833 2384 ut
878 2326 1118 2397 cingant
1156 2340 1422 2379 mensam
1480 2328 1763 2391 nostram,
1796 2316 2219 2378 beatitudinem

566 2416 829 2473 timentis
872 2414 1181 2470 Dominum
1234 2429 1348 2467 non
1398 2411 1797 2468 habebimus?
1853 2414 2013 2468 lsaac
2070 2411 2220 2467 hanc

569 2504 990 2561 beatitudinem
1023 2518 1138 2557 non
1173 2501 1399 2569 habuit,
1433 2501 1639 2557 habuit
1676 2500 1830 2556 enim
1862 2502 2010 2557 duos
2044 2499 2217 2566 filios,

569 2611 753 2652 unum
780 2593 1132 2665 pessimum,
1159 2592 1330 2655 Esau,
1363 2590 1460 2661 qui
1486 2590 1673 2645 multo
1707 2590 1919 2646 melius
1949 2590 2139 2645 fuerat
2168 2589 2219 2644 si

569 2688 744 2740 natus
759 2698 877 2738 non
902 2681 1127 2737 fuisset.
1147 2679 1365 2734 Habuit
1386 2683 1581 2734 autem
1607 2696 1785 2734 unum
1811 2677 1992 2734 tilium
2013 2676 2217 2734 Jacob:

567 2788 704 2847 ergo
722 2788 835 2828 non
858 2770 1065 2826 habuit
1084 2768 1507 2825 beatitudinem
1531 2770 1558 2822 ?
1575 2768 1721 2833 Quia
1736 2785 1890 2823 unus
1912 2769 2222 2828 circumire

568 2877 837 2919 mensam
868 2876 982 2914 non
1043 2858 1249 2931 potuit.
1310 2857 1582 2930 Virgines
1637 2874 1775 2930 ergo
1836 2875 1949 2912 non
2012 2859 2222 2916 timent

571 2954 772 3008 Deum.
806 2949 952 3014 Quid
985 2948 1142 3005 enim
1175 2947 1409 3012 dicitur,
1454 2948 1607 3019 quod
1664 2947 1763 3017 qui
1814 2947 1981 3002 timet
2028 2949 2222 3004 Domi-

569 3058 711 3097 num
742 3039 1032 3112 intelligat
1061 3036 1487 3094 beatitudinem
1508 3036 1535 3089 ?
1565 3059 1592 3085 «
1614 3036 1766 3091 Uxor
1788 3039 1889 3090 tua
1910 3036 2066 3092 sicut
2089 3036 2222 3091 vitis

570 3129 878 3187 abundans
909 3128 967 3182 in
1001 3125 1282 3181 lateribus
1322 3126 1534 3179 domus
1565 3129 1718 3190 tuae;
1774 3123 1875 3178 filii
1936 3125 2019 3179 tui
2069 3126 2224 3181 sicut

571 3216 808 3274 novellae
830 3216 1138 3284 olivarum,
1172 3213 1229 3268 in
1275 3213 1518 3268 circuitu
1572 3230 1783 3269 mensae
1832 3217 1965 3269 tuae.
2002 3236 2029 3262 ››
2064 3213 2221 3269 Hanc

2288 2030 2301 2039 ρ
2328 1972 2451 2027 vias
2482 1970 2807 2044 plurimas;
2843 1971 2943 2029 sed
2977 1974 3126 2026 state
3180 1971 3237 2026 in
3294 1969 3425 2035 viis,
3478 1969 3830 2047 interrogate
3877 1984 3970 2023 se-

2329 2061 2504 2116 mitas
2545 2059 2775 2115 Domini
2830 2064 3098 2116 aeternas.
3160 2061 3516 2131 Interrogata
3563 2058 3801 2115 semitas
3860 2061 3971 2112 Do-

2331 2146 2495 2216 mini,
2557 2149 2697 2220 quid
2757 2148 2969 2205 dixerit
3041 2148 3345 2214 Jeremias,
3406 2147 3608 2213 Isaias,
3690 2145 3971 2213 Ezechiel,

2329 2238 2469 2311 quid
2494 2237 2681 2294 caeteri
2715 2236 3028 2313 prophetae.
3063 2237 3418 2310 Interrogata
3448 2237 3729 2293 semitas:
3763 2234 3975 2291 melius

2329 2327 2543 2384 dicitur
2572 2327 2629 2382 in
2662 2326 2856 2384 Graeco
2885 2320 3144 2400 τρίϐουςζ
3181 2327 3392 2387 semita
3436 2325 3591 2383 enim
3648 2326 3861 2385 dicitur
3899 2325 3975 2380 ab

2329 2433 2395 2472 eo
2425 2416 2580 2488 quod
2612 2415 2767 2472 calce
2796 2414 3192 2488 gradientium
3225 2406 3362 2470 trita
3390 2418 3498 2471 est.
3541 2415 3610 2471 Et
3647 2415 3800 2487 quod
3829 2414 3973 2469 dici-

2330 2510 2427 2561 tur
2456 2506 2565 2577 hoc
2596 2510 2707 2571 est,
2736 2505 3090 2578 interrogate
3119 2504 3383 2572 semitas,
3418 2503 3524 2560 hoc
3572 2508 3680 2569 est,
3728 2496 3971 2576 τρίϐους,

2331 2595 2471 2667 quia
2501 2595 2723 2650 scilicet
2754 2593 2913 2649 trivit
2936 2610 3035 2665 pes
3070 2590 3318 2649 Domini.
3352 2592 3651 2665 Siquidem
3680 2596 3736 2649 et
3774 2592 3975 2649 Domi-

2332 2701 2445 2739 nus
2495 2682 2821 2739 ambulavit
2864 2682 2922 2736 in
2955 2682 3059 2737 eis.
3094 2680 3239 2737 Cum
3289 2686 3483 2737 autem
3532 2680 3975 2754 interrogaveris

2332 2773 2574 2828 semitas
2633 2771 2864 2827 Domini
2919 2775 3184 2839 aeternas,
3243 2775 3299 2826 et
3355 2787 3457 2842 per
3493 2787 3592 2826 eas
3620 2769 3860 2827 semitas
3893 2770 3977 2825 in-

2330 2861 2577 2919 venietis
2607 2878 2787 2916 unam
2820 2860 2971 2915 viam
3005 2876 3130 2932 quin
3161 2859 3336 2916 dicit:
3362 2882 3390 2910 ι(
3424 2860 3542 2933 Ego
3570 2875 3700 2915 sum
3736 2858 3847 2925 via,
3878 2874 3975 2915 ve-

2332 2950 2478 3005 ritas
2509 2954 2566 3005 et
2596 2949 2713 3004 vita
2745 2949 2922 3021 (Joan.
2955 2965 3069 3014 xxv,
3102 2948 3178 3019 6).
3216 2969 3244 2998 »
3276 2946 3583 3004 Amlvulate
3628 2945 3689 3001 in
3738 2962 3822 3003 ea.
3873 2946 3973 3001 Vi-

2333 3040 2485 3095 dete'
2516 3038 2794 3111 mysteria
2849 3036 3309 3111 Scripturarum,
3382 3035 3568 3093 videte
3642 3035 3700 3092 in
3782 3035 3973 3093 verbis

2333 3127 2694 3200 simplicibus
2724 3127 3159 3198 Scripturarum
3206 3125 3460 3198 plurima
3507 3129 3885 3191 sacramenta,
3917 3125 3973 3180 in

2332 3216 2463 3283 viis,
2497 3217 2557 3271 in
2589 3216 2835 3281 semitis,
2872 3216 2929 3271 in
2980 3216 3120 3287 Lege
3159 3220 3217 3270 et
3271 3214 3594 3287 Prophetis.
3637 3218 3759 3270 Non
3810 3213 3975 3280 dixit,

570 3304 1006 3381 beatitudinem”
1025 3278 1279 3359 Joannes
1315 3319 1428 3357 non
1461 3301 1687 3358 habuit.
1708 3305 1963 3358 Joannes
1996 3302 2219 3376 utique,
2252 3278 2295 3346 ο
2333 3278 2665 3375 Ambulate,
2698 3305 2798 3360 sed
2825 3278 3003 3360 state.
3036 3278 3215 3371 State,
3269 3320 3342 3359 ne
3385 3278 3694 3359 dimittatis
3748 3278 3975 3376 Legem,

568 3400 688 3452 tam
705 3392 1083 3466 evangelista,
1103 3408 1279 3461 quam
1299 3391 1591 3461 Baptista:
1620 3395 1862 3461 uterque
1881 3392 2037 3447 enim
2060 3392 2219 3464 virgo

569 3485 696 3541 fuit.
722 3485 882 3540 Hanc
900 3481 1344 3545 beatitudinem,
1365 3479 1579 3536 Paulus
1596 3497 1706 3535 non
1728 3478 2044 3552 habuitqui
2058 3481 2216 3536 dicit:

575 3574 697 3631 Volo
727 3582 910 3629 autem
941 3587 1122 3627 omnes
1149 3571 1234 3625 sic
1255 3586 1368 3624 esse
1395 3570 1535 3624 sicut
1567 3586 1649 3624 me
1671 3568 1718 3639 (Ι
1746 3568 1866 3625 Cor.
1899 3586 1997 3637 vn,
2029 3570 2105 3640 7).
2130 3569 2222 3625 Vi-

569 3662 721 3727 detis
752 3678 888 3734 ergo
919 3658 1194 3732 quoniam
1229 3675 1374 3713 uxor
1402 3663 1457 3713 et
1478 3657 1580 3712 filii
1605 3657 1990 3729 spiritualiter
2011 3657 2221 3713 intelli-

569 3750 741 3823 gendi
757 3754 915 3818 sunt,
931 3748 1187 3819 alioquin
1207 3747 1318 3802 nisi
1338 3745 2217 3817 spiritualiterintellexerimus,

571 3824 763 3912 angeli
779 3838 932 3893 hanc
949 3835 1369 3892 beatitudinem
1392 3852 1507 3891 non
1529 3835 1766 3903 habent,
1785 3835 1925 3906 quia
1940 3835 2091 3909 ﬁlios
2105 3854 2220 3892 non

568 3928 808 3984 habent.
844 3925 1226 3981 Revertamur
1255 3940 1392 3995 ergo
1423 3925 1494 3978 ad
1528 3922 1790 3978 ordinem
1822 3921 2109 3979 lectionis.

646 4038 673 4069 α
703 4014 861 4073 Beati
893 4030 1097 4071 omnes
1129 4012 1230 4085 qui
1264 4012 1473 4067 timent
1496 4012 1829 4068 Dominum.
1864 4035 1883 4061 υ
1919 4012 2221 4077 Quomodo

569 4124 689 4162 non
722 4107 911 4178 potest
939 4103 1167 4159 dicere:
1222 4102 1361 4157 Pars
1411 4118 1540 4157 mea
1589 4100 1894 4169 Dominus,
1953 4100 2067 4160 nisi
2121 4101 2221 4174 qui

570 4195 746 4251 aliam
779 4197 1001 4265 partem
1037 4192 1093 4247 in
1128 4190 1336 4246 saeculo
1370 4207 1483 4245 non
1529 4188 1741 4258 habet;
1794 4190 1878 4246 sic
1910 4208 2025 4246 non
2056 4191 2224 4247 timet

570 4284 758 4343 Deum
790 4280 886 4353 qui
911 4280 1076 4335 timet
1101 4279 1256 4334 aliud
1281 4278 1502 4350 aliquid
1535 4283 1696 4334 extra
1743 4278 2081 4335 Dominum.
2119 4285 2221 4336 De-

570 4373 747 4446 nique
779 4369 901 4442 ipse
930 4367 1189 4423 Salvator
1209 4367 1382 4423 dicit:
1418 4390 1443 4414 υ
1480 4367 1667 4423 Nolite
1714 4368 1919 4437 timere
1971 4385 2070 4424 eos
2121 4368 2220 4440 qui

571 4464 821 4536 possunt
847 4475 1060 4532 corpus
1091 4457 1370 4519 occidere,
1397 4456 1492 4511 sed
1520 4473 1654 4512 eum
1679 4457 1878 4511 timete
1905 4458 2003 4530 qui
2034 4461 2225 4529 potest

571 4566 785 4623 corpus
815 4553 873 4604 et
905 4547 1162 4603 animam
1190 4547 1451 4601 occidere
1484 4544 1541 4601 in
1572 4545 1923 4618 gehennam.
1951 4568 1979 4595 »
2010 4547 2218 4616 (Matth.

2331 3411 2437 3450 nec
2470 3394 2804 3467 Prophetas.
2861 3394 3081 3449 Tamen
3113 3410 3245 3449 cum
3292 3392 3626 3448 inveneritis
3672 3390 3799 3447 illas
3828 3393 3971 3463 vias,

2330 3500 2434 3557 per
2464 3483 2610 3540 istas
2639 3482 2786 3550 vias,
2820 3483 2879 3538 in
2911 3483 3027 3538 ista
3052 3500 3171 3539 una
3201 3483 3289 3537 via
3319 3480 3636 3538 ambulate.

2406 3595 2435 3623 ‹‹
2467 3566 2718 3628 Labores
2750 3588 3034 3628 manuum
3068 3577 3304 3627 tuarum
3331 3569 3731 3631 manducabis.
3757 3594 3778 3619 ι
3805 3570 3971 3628 Multi

2330 3677 2445 3720 non
2479 3659 2871 3733 intelligentes
2902 3659 3266 3733 interpretati
3298 3666 3439 3717 sunt
3482 3658 3652 3715 aliter
3680 3659 3855 3716 istum
3885 3659 3969 3716 lo-

2330 3767 2505 3806 cum:
2542 3772 2569 3801 ‹‹
2605 3750 2848 3806 Labores
2882 3749 3178 3806 fructuum
3223 3754 3459 3805 tuorum
3509 3748 3903 3815 manducabis.
3942 3771 3972 3797 ιι

2331 3837 2592 3910 Denique
2623 3838 2825 3893 Latina
2853 3836 3209 3911 exemplaria
3245 3838 3329 3894 ita
3385 3838 3621 3905 habent,
3672 3861 3698 3887 ‹‹
3731 3838 3972 3895 Labores

2331 3927 2627 3983 fructuum
2686 3930 2924 3982 tuorum
3000 3926 3403 3983 manducabis;
3451 3949 3479 3978 ››
3540 3926 3648 3983 Sed
3708 3942 3813 3983 nos
3883 3926 3969 3982 1e-

2331 4016 2526 4090 gimus
2564 4016 2624 4070 in
2685 4015 2918 4071 Hebraeo
2976 4014 3059 4069 ita
3114 4014 3420 4088 scriptum,
3482 4038 3510 4064 «
3545 4013 3788 4072 Labores
3843 4030 3972 4071 ma-

2332 4120 2517 4161 nuum
2547 4108 2784 4160 tuarum
2848 4104 3251 4160 manducabis.
3283 4126 3311 4154 »
3363 4102 3502 4169 Quis
3545 4104 3699 4160 enim
3746 4102 3972 4161 labores

2333 4194 2629 4249 fructuum
2660 4193 2980 4250 manducat
3000 4192 3028 4248 ‘I
3056 4191 3267 4262 Utique
3286 4192 3608 4249 econtrario
3630 4191 3795 4248 debet
3815 4190 3976 4247 intel-

2332 4282 2454 4356 ligi,
2487 4281 2626 4353 quia
2656 4280 2873 4353 aliquis
2903 4281 3159 4337 fructum
3181 4280 3449 4337 laborum
3473 4297 3712 4337 suorum
3734 4279 3976 4337 mandu-

2332 4375 2443 4439 cat,
2478 4387 2593 4426 non
2625 4369 2854 4426 labores
2886 4371 3205 4427 fructuum.
3239 4370 3387 4435 Quia
3415 4370 3591 4444 igitur
3631 4371 3688 4425 in
3739 4369 3971 4449 Hebraeo

2332 4461 2414 4515 ita
2442 4460 2725 4532 scriptum
2759 4464 2867 4528 est,
2905 4482 2932 4510 «
2957 4460 3205 4515 Labores
3239 4476 3519 4515 manuum
3553 4463 3781 4515 tuarum
3814 4475 3973 4514 man-
4056 4468 4061 4472 ‘

2332 4547 2597 4603 durabis.
2637 4570 2664 4597 ››
2722 4548 2838 4620 Ego
2869 4554 3010 4620 puto
3044 4550 3059 4583 ¹
3101 4548 3377 4620 quoniam
3410 4552 3466 4605 et
3495 4547 3687 4605 Grece
3732 4546 3970 4631 Septua-

572 4658 627 4709 x,
657 4642 770 4709 28).
802 4639 1006 4693 Videte
1037 4654 1174 4710 ergo
1204 4637 1359 4707 quod
1408 4634 1564 4690 aliud
1592 4634 1806 4704 aliquid
1847 4638 2008 4691 extra
2037 4634 2219 4691 Deum
2256 4649 2300 4719 ι)
2331 4637 2494 4709 ginta
2518 4639 2867 4709 interpretes
2889 4638 2945 4692 in
2978 4637 3089 4693 isto
3119 4636 3245 4693 loco
3266 4637 3414 4692 bene
3434 4635 3791 4709 interpretati
3812 4639 3973 4703 sunt;

574 4727 762 4797 timet,
795 4725 897 4798 qui
925 4733 1106 4782 Deum
1147 4742 1262 4781 non
1319 4725 1503 4780 timet.
1568 4747 1594 4773 «ι
1628 4724 1736 4788 Qui
1797 4724 1962 4779 timet
2019 4724 2221 4780 Domi-

573 4828 739 4882 num,
773 4836 801 4865 »
836 4831 963 4887 qua:
995 4814 1163 4886 signa
1205 4813 1420 4869 habet?
1476 4836 1503 4863 ‹‹
1537 4813 1646 4877 Qui
1698 4811 1964 4869 ambulat
2010 4812 2069 4868 in
2118 4813 2227 4869 viis

573 4906 723 4977 ejus.
752 4926 781 4953 »
814 4902 1006 4960 Multa:
1038 4906 1177 4958 sunt
1225 4902 1325 4957 via:
1353 4907 1409 4957 et
1466 4902 1661 4957 multae
1717 4901 1819 4956 vita
1876 4902 2101 4957 ducunt
2153 4904 2224 4958 ad

575 5011 753 5050 unam
782 4992 957 5048 viam.
990 4991 1255 5062 Denique
1301 4990 1520 5045 dicitur
1558 4991 1619 5044 in
1650 4990 1940 5046 Jeremia:
1990 4992 2055 5046 Et
2091 5000 2228 5047 state

648 5103 876 5157 1Locus
907 5098 967 5154 in
1001 5116 1143 5154 mss.
1195 5096 1628 5171 exemplaribus
1673 5098 2020 5171 depravatus
2069 5117 2103 5155 a
2156 5098 2225 5154 li-

572 5170 785 5229 brariis
815 5177 1051 5244 propter
1078 5168 1505 5244 ignorationem
1528 5168 1993 5244 linguaa’Graaoae.
2016 5170 2225 5227 Nescio

574 5262 645 5300 an
682 5240 1147 5315 primus'aucto'r
1175 5242 1509 5313 scripserat,
1541 5258 1673 5315 nam
1717 5240 1925 5315 καρπὸς
1966 5251 2067 5315 est
2093 5259 2226 5314 pars

573 5312 778 5389 aliqua
826 5331 1069 5389 manner
1117 5312 1401 5389 Siquidem
1467 5312 1722 5389 καρπὸς-.
1757 5312 1963 5368 dicitur
1999 5386 2010 5389 _
2043 5312 2227 5389 eam

574 5384 677 5440 ἀπό
710 5386 852 5439 irim.
890 5387 995 5441 Ms.
1032 5384 1419 5448 Gorbeiensis,
1445 5384 1629 5441 erasis
1651 5384 1877 5456 aliquot
1897 5386 2108 5447 verbis.
2143 5386 2223 5441 ita

575 5460 714 5531 legit
740 5476 750 5512 :
788 5459 969 5527 (11mph
999 5467 1180 5531 autem
1212 5460 1607 5531 interpretatur
1630 5474 1759 5526 pars
1783 5457 1976 5526 aliqua
2002 5474 2219 5512 manus.

574 5526 849 5602 §iijuidem
926 5526 1131 5602 καρπὸς
1199 5526 1407 5602 dicitur
1493 5526 1674 5602 Greece
1760 5532 1999 5602 ᾼΡΟΡΛ,
2084 5533 2225 5590 forte

574 5597 796 5673 ᾄρρυρα,
829 5597 1047 5665 arvum,
1081 5616 1231 5673 ager.
1263 5599 1373 5654 Sed
1415 5599 1854 5673 convenientius
1899 5599 2224 5673 legeremus

574 5667 787 5739 ἅῤϐρὸν,
823 5673 878 5728 id
923 5677 1030 5738 est,
1081 5672 1347 5726 articulus
1404 5667 1638 5727 manus.
1702 5670 1871 5725 Mart.
1905 5667 1983 5712 -ξ
2032 5670 2219 5728 Verus

573 5720 956 5814 Hieronymus
988 5720 1158 5820 epist.
1207 5742 1266 5799 in
1326 5746 1526 5799 nostra
1578 5741 1913 5800 recensione
1968 5759 2114 5800 xxxv
2145 5720 2217 5801 ad

2339 4742 2535 4781 manus
2564 4726 2721 4781 enim
2752 4724 2955 4803 lingua
2990 4726 3225 4781 Hebraea
3252 4742 3354 4781 JAD
3387 4724 3635 4793 dicitur;
3667 4726 3723 4781 in
3748 4724 3856 4803 isto
3879 4740 3976 4779 au-

2284 4878 2290 4884 ,
2336 4824 2450 4870 tem
2481 4814 2628 4886 loco,
2690 4800 3079 4877 nonihabent
3135 4831 3259 4881 JAD,
3294 4816 3395 4870 sed
3453 4830 3708 4870 cauea:
3759 4800 3975 4883 Chaaph

2337 4907 2531 4959 autem
2565 4903 2984 4975 interpretatur
3011 4901 3237 4975 καρπός,
3274 4920 3386 4959 non
3419 4902 3643 4979 καρπὸς,
3695 4902 3793 4958 sed
3842 4917 3975 4975 pars

2337 4991 2533 5062 aliqua
2591 5004 2842 5059 manus;
2905 4992 3195 5064 siquidem
3248 4992 3453 5067 καρπὸς
3524 4992 3735 5048 dicitur
3786 4988 3977 5047 Graece

2336 5097 2667 5153 Marcellam
2701 5116 2758 5152 n.
2790 5098 2926 5172 5_:_«
2963 5098 3188 5172 In‘hoe,
3225 5098 3450 5172 inquit,
3501 5098 3623 5172 loco
3668 5113 3786 5172 non
3841 5096 3975 5172 LXX

2336 5174 2706 5243 interpretes,
2732 5170 2831 5243 sed
2866 5169 3085 5243 Latini,
3110 5160 3183 5225 de
3212 5160 3395 5243 (traici
3415 5160 3571 5227 verbi
3592 5160 3977 5243 ambiguitate

2335 5239 2582 5315 decepti,
2640 5239 2904 5315 κᾳρποὺς,
2962 5242 3177 5313 ﬂuctus
3247 5242 3454 5315 magis,
3536 5239 3721 5313 quam
3764 5239 3974 5315 7inimus

2334 5311 2696 5385 interpretati
2713 5311 2887 5381 sunt,
2917 5311 3051 5368 cum
3073 5312 3271 5385 καρποὶ
3290 5311 3491 5369 manus
3511 5311 3743 5385 quoque
3769 5311 3976 5385 dican-

2335 5390 2448 5465 tur,
2482 5382 2727 5465 quodin
2756 5386 2993 5465 Debrteo
3016 5382 3253 5465 ponitur
3272 5382 3599 5465 Cbapbach.
3620 5382 3825 5465 efﬁgie
3840 5382 3973 5465 θεῷ.

2334 5454 2903 5531 Hilariumtractatu
2936 5458 2992 5510 in
3030 5456 3182 5511 hunc
3216 5454 3691 5531 psalui.,‘,nu'm._4
3714 5454 3772 5511 et
3792 5454 3976 5531 5.4Hic

2334 5528 2564 5599 dubitat
2595 5527 2965 5583 Martianteus
2996 5544 3070 5582 an
3120 5526 3322 5585 auctor
3379 5526 3709 5599 scripserit:
3773 5548 3801 5577 «
3834 5529 3973 5599 Nam

2331 5595 2561 5673 ᾉᾳρῖτὸς,
2590 5605 2681 5673 est
2711 5615 2846 5673 pars
2876 5598 3073 5673 aliqua
3103 5616 3351 5657 manus:
3405 5595 3696 5671 siquidem
3743 5596 3974 5673 καρπὸς,

2333 5669 2547 5727 dicitur
2576 5669 2769 5728 Graece
2800 5669 2904 5724 ἀπὸ
2934 5669 3076 5725 πάω.
3114 5693 3143 5722 υ
3338 5678 3341 5681 ’
