4244 6568
271 425 427 494 1369

1462 424 1748 487 BRl’IVlA
1764 421 1956 489 lllUM
2007 421 2083 484 IN
2131 421 2508 483 PSALMOS.

3516 412 3672 474 1370

271 575 470 622 senes.
501 556 619 614 Hoc
650 557 822 618 modo
853 557 924 614 de
979 556 1456 628 interpretatione
1504 557 1781 612 diximus.
1819 560 1914 612 La-
1943 554 1998 622 Α
2028 552 2180 608 bella
2211 556 2552 609 nascuntur.
2586 549 2764 606 Jacob
2814 563 3138 621 numquam
3199 547 3424 603 dixerat
3457 563 3468 600 :
3499 545 3677 602 Timeo

275 650 444 705 bores
490 663 774 702 manuum
817 650 1050 702 tuarum
1102 646 1508 703 manducabis.
1542 665 1567 696 ι)
1619 647 1920 717 Unusquis-

273 751 375 809 que
404 735 545 808 quod
572 736 934 791 seminaverit
990 736 1089 790 hoc
1143 742 1193 790 et
1250 743 1409 790 metet
1469 735 1668 806 (Galat.
1729 751 1802 799 v1,
1843 736 1920 798 8).

2030 644 2214 712 fecisti
2241 659 2326 698 me
2354 639 2823 711 odibilem"(Gen.
2856 655 3044 702 XXXIV,
3092 637 3205 709 30).
3264 635 3540 708 Loquitur
3596 634 3669 690 ad

2034 733 2166 790 Levi
2199 737 2255 790 et
2283 732 2538 795 Simeon,
2572 732 2698 788 Levi
2726 732 2775 783 et
2818 728 3034 784 Simeon
3082 729 3141 783 in
3196 726 3426 782 concilio
3481 740 3668 781 eorum

273 825 416 884 Ecce
449 823 646 888 homo,
699 827 756 880 et
802 841 982 896 opera
1031 824 1180 895 ejus.
1242 824 1391 895 Ergo
1444 829 1502 878 et
1549 841 1654 879 nos
1697 823 1924 878 labores
2032 839 2144 880 non
2165 823 2312 878 venit
2341 822 2538 876 anima
2567 834 2689 874 mea
2730 818 2878 889 (Gen.
2913 835 3062 883 xmx,
3121 818 3196 888 6).
3255 813 3498 881 Quare?
3527 813 3675 878 Quia.

275 929 561 978 manuum
597 916 930 968 nostrarum
967 912 1480 968 manducabimus.
1514 912 1574 967 In
1629 911 1922 978 manibus,

277 1019 451 1074 opera
481 1000 913 1073 intelliguntur.
979 1021 1005 1052 ιι
1069 1001 1313 1056 Labores
1373 1018 1655 1056 manuum
1689 1007 1924 1055 tuarum

279 1089 683 1148 manduoabis.
719 1112 746 1137 ››
780 1089 942 1145 Dicat
981 1089 1218 1161 aliquis,
1280 1107 1416 1161 ergo
1471 1095 1603 1162 post
1635 1105 1926 1144 resurrec-

276 1181 528 1234 ctionem
571 1178 912 1234 manducari
960 1195 1166 1234 sumus
1220 1179 1337 1233 Hoc
1393 1179 1546 1234 enim
1598 1178 1813 1232 dicitur
1856 1177 1928 1231 de

273 1270 444 1326 beato
474 1268 594 1324 viro
630 1285 642 1324 :
684 1268 976 1323 «Labores
1009 1285 1290 1322 manuum
1325 1272 1562 1324 tuarum
1605 1267 1924 1323 manduca-

275 1358 388 1414 bis.
419 1382 444 1405 υ
477 1358 593 1430 Ego
625 1356 734 1412 hoc
779 1357 908 1412 dico
968 1356 1334 1428 simpliciter.
1398 1357 1687 1420 Quoniam
1748 1356 1926 1410 homo

279 1463 348 1504 ex
378 1446 610 1502 duabus
640 1445 993 1501 substantiis
1024 1451 1365 1518 compactus
1402 1451 1509 1511 est,
1571 1445 1680 1500 hoc
1711 1448 1822 1513 est,
1856 1444 1926 1498 de

282 1533 482 1590 anima
511 1538 566 1588 et
614 1550 852 1614 corpore
887 1551 902 1588 :
935 1534 1134 1589 anima
1181 1533 1535 1590 immortalis
1568 1539 1677 1596 est,
1715 1548 1930 1603 corpus

281 1627 476 1680 autem
509 1620 773 1678 mortale.
807 1623 970 1687 Quod
995 1622 1235 1678 mortale
1267 1629 1447 1686 est,ut
1479 1627 1534 1677 et
1561 1621 1834 1677 mortales
1857 1619 1931 1674 ci-

281 1711 386 1766 bos
421 1711 815 1776 babeat.Quod
847 1711 1396 1768 autemimmortale
1429 1712 1656 1778 est,hoc
1688 1710 1929 1776 est,ani-

283 1816 380 1856 ma
410 1816 536 1871 quis
569 1799 917 1855 immortalis
949 1805 1058 1870 est,
1091 1805 1148 1855 et
1171 1799 1536 1856 immortales
1568 1801 1730 1856 cibos
1761 1799 1934 1854 habet

2035 911 2162 975 viri,
2196 926 2433 966 causam
2463 907 2772 964 voluerunt
2801 921 2970 977 agere
3002 903 3283 960 mulieris.
3315 907 3432 959 Hoc
3481 906 3670 957 totum

2036 1017 2214 1071 quare
2245 999 2385 1064 dixi,
2419 997 2696 1069 quoniam
2730 995 2920 1051 sancti
2962 994 3114 1050 ﬁlias
3145 1009 3257 1049 non
3301 992 3537 1059 habent,
3571 989 3672 1046 sed

2038 1089 2187 1144 ﬁlios
2219 1092 2448 1143 tantum
2482 1087 2719 1149 habent,
2753 1085 2894 1140 Rem
2927 1083 3091 1138 vobis
3141 1081 3269 1136 dico
3301 1097 3528 1149 novam,
3561 1095 3673 1134 no-

2036 1194 2166 1234 vam
2201 1175 2616 1233 nescientibus.
2648 1178 2926 1230 Craterum
2963 1170 3060 1242 qui
3099 1169 3428 1240 Scripturas
3454 1167 3676 1238 legunt,

2037 1274 2090 1322 et
2121 1265 2430 1337 diligenter
2461 1263 2804 1336 legunt,non
2837 1277 3044 1317 novam
3077 1259 3220 1314 :sed
3250 1275 3316 1313 ea
3336 1274 3464 1328 quae
3488 1256 3683 1312 sciunt

2036 1356 2212 1412 Jacob
2241 1353 2549 1409 duodecim
2580 1351 2787 1408 habuit
2820 1349 2968 1406 ﬁlios
3011 1346 3396 1422 patriarchas,
3445 1345 3670 1401 Ruben.

2039 1445 2290 1500 Simeon.
2332 1443 2506 1507 Juda,
2561 1441 2714 1507 Levi,
2749 1439 3034 1506 lssacbar,
3101 1440 3245 1494 Aser
3307 1440 3365 1491 et
3431 1440 3671 1490 caeteros

2040 1548 2227 1604 usque
2259 1531 2330 1588 ad
2361 1531 2793 1588 duodecimum.
2839 1529 3036 1600 Legite
3076 1527 3136 1582 in
3195 1523 3586 1599 generatione,
3621 1526 3678 1578 et

2041 1639 2343 1693 nunquam
2377 1620 2678 1677 invenietis
2700 1621 2770 1676 de
2791 1617 2970 1674 tantis
2993 1615 3300 1672 duodecim
3329 1611 3680 1685 patriarchis

2042 1711 2226 1767 ullum
2263 1709 2468 1770 fecisse
2500 1709 2702 1772 ﬁliam,
2736 1708 2834 1763 sed
2893 1711 3044 1762 totos
3104 1704 3273 1760 ﬁlios.
3335 1702 3473 1758 Dico
3512 1699 3677 1756 vobis

2044 1817 2225 1856 unum
2253 1815 2323 1855 ne
2355 1799 2599 1855 forsitan
2630 1794 3076 1854 obliviscamini.
3096 1796 3233 1849 Aser
3263 1791 3442 1848 ﬁliam
3476 1789 3684 1847 habuit

283 1887 475 1988 vultis
507 1887 657 1987 scire
687 1887 968 1960 quoniam
1002 1893 1059 1944 et
1091 1889 1287 1944 anima
1348 1889 1523 1945 habet
1554 1889 1713 1944 cibos
1745 1887 1930 1944 suos?
1960 1922 2008 1988 B
2043 1888 2450 1954 Saram,.lacob
2468 1887 2676 1944 habuit
2708 1885 3014 1941 duodecim
3047 1882 3197 1937 ﬁlios
3226 1877 3682 1988 etunamﬁliaLm

282 1975 432 2032 Dicit
463 1975 749 2032 Dominus
779 1981 956 2048 atque
987 1976 1249 2033 Salvator
1306 1996 1436 2033 cum
1489 1978 1753 2034 esuriret.
1782 1978 1927 2044 Quid

281 2063 474 2119 dicit?
508 2068 660 2120 Meus
688 2064 839 2119 cibus
869 2070 947 2120 est
977 2069 1037 2120 ut
1065 2067 1270 2134 faciam
1323 2067 1656 2121 voluntatem
1685 2068 1802 2138 ejus
1833 2068 1932 2137 qui

281 2155 435 2208 misit
470 2169 552 2207 me
607 2154 784 2223 (Joan.
835 2169 912 2220 1v,
963 2154 1073 2224 34).
1131 2153 1323 2210 Vultis
1377 2154 1524 2210 scire
1573 2171 1718 2226 quos
1771 2154 1930 2212 cibos

282 2241 458 2310 habet
489 2241 687 2303 anima
713 2241 740 2295 ?
771 2240 920 2296 Dicit
949 2242 1117 2298 nobis
1149 2247 1205 2297 et
1236 2243 1524 2315 Propheta
1551 2260 1564 2297 :
1617 2242 1838 2299 Gustate
1869 2248 1927 2298 et

284 2329 464 2386 videte
493 2332 751 2402 quoniam
781 2332 964 2386 suavis
993 2334 1071 2387 est
1101 2333 1362 2388 Dominus
1395 2331 1567 2402 (Psal.
1617 2350 1818 2401 xxxm,
1852 2334 1927 2403 9).

283 2419 588 2487 Quomodo
619 2419 773 2476 enim
807 2435 1040 2491 corpus,
1074 2419 1186 2474 nisi
1239 2421 1522 2491 acceperit
1571 2422 1732 2478 cibos
1766 2439 1926 2488 suos,

285 2507 546 2578 moritur
579 2525 590 2562 :
625 2508 706 2563 sic
737 2512 794 2563 et
823 2507 1019 2564 anima
1050 2509 1162 2564 nisi
1223 2509 1511 2582 acceperit
1569 2511 1731 2566 cibos
1757 2511 1929 2583 spiri-

283 2596 774 2661 tuales,moritur.
810 2597 927 2652 Hoc
956 2603 1143 2653 totum
1174 2615 1354 2670 quare
1384 2597 1533 2667 dico,
1567 2599 1706 2670 quia
1740 2599 1931 2656 solent

283 2684 463 2757 aliqui
505 2684 716 2755 dicere,
768 2685 893 2740 Non
943 2685 1128 2742 habeo
1180 2687 1506 2743 necessario
1567 2689 1930 2758 Scripturam

281 2789 538 2838 sacram,
573 2773 789 2829 sufﬁcit
814 2773 956 2829 mihi
990 2778 1218 2832 tantum
1251 2775 1456 2831 timere
1488 2781 1691 2833 Deum.
1728 2783 1791 2831 Et
1826 2779 1933 2834 hoc

285 2866 594 2934 propterea
644 2861 924 2928 diximus,
985 2863 1279 2934 quomodo
1310 2863 1423 2919 cibl
1482 2871 1621 2920 sunt
1654 2867 1933 2937 corporis,

288 2949 372 3008 sic
403 2950 516 3006 cibi
551 2957 690 3020 sunt
719 2955 776 3006 et
805 2941 1012 3006 animis
1043 2956 1255 3007 nostra:
1288 2953 1599 3025 Scriptura:
1633 2961 1869 3010 sanctas.

355 3038 544 3094 «Uxor
576 3043 678 3095 tua
691 3039 990 3104 sicutvitis
1007 3041 1316 3102 abundans
1333 3041 1389 3097 in
1413 3041 1697 3098 lateribus
1721 3045 1932 3098 domus

279 3131 414 3189 tuae.
443 3148 474 3196 ,»
508 3127 659 3188 Dicit
687 3126 960 3183 Salomon
992 3129 1132 3200 quia
1162 3129 1406 3184 voluerit
1452 3131 1799 3201 sapientiam
1835 3133 1938 3188 du-

286 3231 414 3274 cere
438 3214 658 3270 scilicet
688 3232 962 3286 sponsam
1001 3216 1156 3288 (ἔαρ.
1191 3234 1310 3284 vm,
1352 3219 1427 3286 3).
1464 3218 1614 3272 Dicit
1644 3223 1701 3273 et
1733 3219 1789 3273 in
1822 3219 1933 3277 alio

2039 1980 2133 2035 Sic
2164 1980 2318 2034 inter
2348 1977 2652 2032 duodecim
2691 1973 3072 2046 patriarchas,
3135 1987 3288 2026 unus
3346 1967 3680 2041 patriarcha

2042 2084 2220 2123 unam
2254 2071 2482 2122 tantum
2517 2064 2694 2120 ﬁliam
2727 2062 2950 2120 habuit.
2973 2061 3088 2118 Hoc
3121 2064 3303 2116 totum
3337 2073 3517 2129 quare
3539 2055 3688 2112 dixi?

2046 2162 2109 2212 ut
2135 2156 2285 2212 ﬁlios
2316 2161 2374 2212 et
2404 2154 2553 2210 ﬁlias
2585 2153 2641 2208 in
2677 2149 2994 2225 Scripturis
3049 2147 3434 2221 spiritualiter
3471 2143 3686 2201 intelli-

2040 2261 2175 2318 gere
2205 2245 2544 2300 debeamus.
2579 2265 2605 2292 ‹‹
2643 2243 2790 2297 Uxor
2821 2246 2920 2296 tua
2977 2239 3130 2296 sicut
3183 2235 3317 2293 vitis
3368 2235 3680 2292 abundans

2039 2337 2098 2404 in
2133 2334 2414 2390 lateribus
2445 2333 2656 2388 domus
2686 2336 2814 2385 tuae.
2880 2352 2908 2380 ››
2969 2329 3132 2385 Sicut
3185 2327 3320 2382 vitis
3373 2323 3682 2380 abundans

2041 2423 2326 2496 plurimos
2356 2422 2553 2476 botros
2583 2420 2778 2485 habet,
2813 2418 2898 2474 sic
2928 2422 2986 2474 et
3015 2434 3160 2473 uxor
3189 2417 3408 2476 nostra,
3441 2413 3550 2468 hoc
3573 2415 3682 2477 est,

2043 2510 2332 2583 sapientia
2362 2526 2506 2565 uxor
2537 2513 2754 2571 nostra,
2800 2524 2925 2578 quas
2984 2522 3204 2577 sponsa
3257 2507 3364 2560 est.
3422 2500 3686 2572 Denique

2043 2600 2321 2656 scribitur
2368 2599 2426 2654 in
2488 2597 2598 2652 alio
2655 2596 2826 2652 loco:
2870 2597 3018 2661 Veni,
3074 2609 3249 2659 soror,
3307 2607 3431 2647 mea
3485 2605 3686 2662 sponsa

2042 2689 2218 2760 (Cant.
2253 2705 2306 2753 ν,
2343 2688 2414 2758 1).
2448 2687 2530 2742 Ne
2561 2687 2618 2741 in
2651 2703 2716 2741 eo
2758 2685 2910 2757 quod
2970 2683 3210 2752 dixerat,
3267 2697 3483 2753 sponsa,
3515 2684 3684 2750 turpe

2043 2777 2264 2849 aliquid
2297 2775 2672 2848 intelligeres,
2696 2774 2969 2846 jungitur
3009 2789 3163 2827 soror
3195 2789 3208 2838 ;
3243 2775 3306 2826 ut
3337 2769 3530 2826 omnis
3559 2774 3683 2822 tur-

2045 2867 2135 2939 pis
2168 2883 2332 2921 amor
2387 2865 2748 2920 excludatur.
2808 2861 2973 2932 Veni,
3026 2878 3190 2917 soror
3246 2876 3394 2929 mea,
3444 2862 3685 2914 sanctus

2045 2955 2200 3011 enim
2233 2971 2397 3010 amor
2426 2953 2525 3019 sit,
2556 2957 2612 3009 et
2651 2957 2956 3025 propterea
3009 2955 3066 3006 te
3115 2965 3370 3006 sororem
3426 2963 3570 3003 voco
3627 2951 3685 3000 et

2045 3060 2322 3118 sponsam
2375 3059 2590 3115 meam.
2627 3046 2937 3112 Propterea
2967 3045 3023 3096 te
3079 3055 3355 3111 sponsam
3416 3053 3579 3102 voco,
3617 3039 3680 3090 ut

2046 3134 2293 3190 habeam
2330 3149 2590 3196 uxorem,
2623 3136 2681 3186 et
2710 3130 2780 3186 de
2809 3135 2865 3184 te
2897 3129 3047 3185 ﬁlios
3079 3128 3284 3184 faciam
3308 3123 3684 3200 plures,ﬁlios

2048 3223 2245 3294 plures
2277 3221 2443 3292 quasi
2478 3221 2548 3276 de
2576 3221 2691 3274 vite
2722 3220 2941 3275 botros.
2976 3218 3274 3282 Quomodo
3304 3215 3438 3273 vitis
3479 3215 3689 3270 habeat

284 3304 411 3362 loco
445 3303 515 3359 de
544 3302 847 3374 Sapientia
880 3321 892 3359 :
927 3304 1061 3359 Ama
1092 3286 1269 3371 illam,
1301 3314 1352 3360 et
1400 3307 1817 3378 amplexabitur
1859 3317 1928 3364 te.
1963 3286 2005 3353 Ο
2047 3286 2310 3368 diversos
2339 3310 2555 3364 botros.
2616 3308 2681 3362 Et
2735 3324 2850 3362 una
2907 3306 3144 3378 quidem
3203 3303 3366 3359 radix
3411 3307 3521 3358 est.
3581 3301 3687 3357 Sed

289 3391 581 3458 Circumda
611 3392 773 3447 illam
799 3383 854 3448 et
891 3394 1146 3456 servabit
1202 3401 1249 3448 te
1278 3394 1460 3465 (Prov.
1521 3413 1595 3460 1v,
1626 3397 1702 3466 6).
1749 3401 1934 3453 Duca-

289 3498 428 3546 mus
458 3497 594 3553 ergo
620 3486 676 3536 et
705 3498 811 3537 nos
842 3481 993 3542 hanc
1025 3498 1284 3546 uxorem,
1337 3487 1392 3538 et
1422 3483 1744 3540 habeamus
1775 3484 1934 3541 illam

288 3570 348 3625 in
381 3567 748 3642 amplexibus
779 3570 1016 3626 nostris.
1049 3569 1366 3643 Nunquam
1399 3588 1526 3626 eam
1561 3571 1935 3629 dimittamus

288 3659 360 3715 de
392 3657 526 3714 sinu
558 3659 1096 3731 nostro..Nu.nquam
1131 3660 1399 3732 fugiatde
1430 3661 1703 3716 manibus
1719 3663 1936 3719 nostris

286 3747 345 3803 Si
397 3763 628 3818 semper
686 3747 861 3802 fuerit
917 3747 974 3804 in
1037 3746 1308 3820 amplexu
1369 3753 1566 3806 nostro
1626 3750 1741 3806 ista
1771 3767 1935 3820 uxor,

288 3836 573 3894 faciemus
606 3852 674 3891 ex
705 3853 772 3892 ea
791 3835 946 3900 ﬁlios
981 3855 994 3904 ;
1029 3854 1144 3892 non
1175 3837 1349 3907 ﬁlias,
1392 3839 1493 3894 sed
1554 3838 1726 3894 ﬁlios.
1761 3840 1936 3896 Deni-

287 3942 401 3996 que
430 3931 487 3982 et
516 3924 608 3980 hic
636 3924 852 3980 dicitur
887 3943 900 3980 :
936 3949 964 3975 «
1001 3925 1124 3981 Filii
1166 3926 1251 3982 tui
1284 3927 1436 3982 sicut
1493 3927 1727 3983 novellas
1758 3928 1935 3985 oliva-

287 4029 419 4079 rum
451 4013 510 4068 in
541 4012 788 4068 circuitu
822 4031 1037 4069 mensa:
1072 4018 1199 4068 tuae.
1234 4037 1261 4064 »
1297 4015 1597 4086 Numquid
1633 4033 1746 4072 non
1779 4023 1935 4088 pote-

286 4104 378 4174 rat
408 4101 618 4178 dicere,
647 4099 810 4168 Filias
841 4109 954 4157 tuae
983 4105 1008 4156 .9
1037 4105 1138 4155 aut
1197 4118 1309 4156 non
1369 4107 1596 4174 poterat
1653 4104 1844 4160 dicere
1871 4105 1937 4158 τὰ

283 4179 444 4261 {rima
475 4207 590 4258 σου,
616 4192 679 4244 ut
709 4189 938 4260 pessint
977 4189 1224 4263 intelligi
1273 4195 1329 4245 et
1385 4190 1513 4259 viri,
1569 4199 1626 4247 et
1660 4193 1937 4250 feminae?

286 4277 396 4344 Sed
431 4278 560 4333 vide
591 4277 730 4350 quid
765 4278 940 4344 dicat,
973 4279 1106 4335 Filii
1132 4281 1234 4334 tui.
1267 4281 1375 4344 Qui
1410 4280 1765 4353 Sapientiam
1801 4301 1936 4339 uxo-

287 4383 412 4438 rem
445 4364 639 4440 habet,
673 4383 788 4422 non
824 4366 960 4422 facit
989 4368 1060 4424 de
1091 4385 1159 4423 ea
1185 4367 1358 4440 ﬁlias,
1411 4371 1511 4426 sed
1572 4369 1742 4427 ﬁlios.
1779 4373 1934 4428 Nihil

284 4453 482 4526 molle,
516 4453 661 4526 nihil
687 4453 1025 4523 delicatum,
1071 4455 1214 4511 nihil
1274 4463 1562 4530 tenerum,
1599 4459 1744 4515 nihil
1798 4462 1931 4517 effe-

281 4537 581 4616 minatum
606 4543 792 4612 ,habet
821 4543 881 4598 in
913 4548 1106 4599 mente
1139 4562 1266 4600 sua.
1303 4549 1478 4601 Putas
1533 4549 1685 4619 quod
1748 4550 1934 4605 sancti

2047 3398 2217 3470 longe
2248 3396 2480 3469 lateque
2512 3396 2620 3451 huc
2653 3400 2828 3467 atque
2859 3393 2998 3450 illuc
3030 3392 3260 3466 flagella
3305 3390 3602 3456 diffundit,
3632 3393 3692 3445 et

2047 3487 2178 3559 ipsa
2206 3485 2434 3559 ﬂagella
2461 3485 2681 3541 habent
2710 3485 2934 3540 fructus
2982 3500 3141 3549 suos,
3175 3486 3232 3537 et
3277 3481 3336 3536 in
3392 3479 3539 3552 ipsis
3570 3479 3685 3533 fru-

2047 3575 2238 3642 ctibus
2269 3578 2407 3630 sunt
2437 3573 2608 3643 botri,
2641 3578 2698 3628 et
2743 3572 2894 3629 alius
2937 3573 3141 3627 botrus
3171 3572 3358 3643 major
3387 3573 3498 3636 est,
3531 3566 3682 3623 alius

2047 3664 2261 3730 minor,
2295 3663 2410 3719 alia
2438 3663 2662 3734 majora
2693 3677 2876 3734 grana
2905 3666 3062 3728 sunt,
3095 3659 3207 3734 alia
3225 3658 3452 3715 minora
3486 3682 3500 3724 ;
3532 3656 3616 3712 sic
3632 3662 3687 3711 et

2049 3755 2120 3821 de
2151 3752 2460 3826 sapientia,
2491 3769 2617 3824 quae
2643 3755 2733 3806 est
2756 3767 2900 3806 uxor
2934 3754 3134 3822 nostra
3168 3766 3180 3803 :
3215 3747 3264 3804 si
3302 3752 3501 3804 tamen
3533 3762 3683 3801 nun-

2048 3859 2225 3915 quam
2259 3858 2388 3898 eam
2418 3841 2840 3904 dimiserimus,
2873 3839 3069 3912 plures
3123 3845 3448 3896 nascuntur
3505 3835 3677 3905 botri,

2049 3933 2156 3988 hoc
2205 3937 2312 3996 est,
2362 3931 2606 3986 virtutes
2657 3929 2921 4001 plurimae
2957 3947 2971 3996 ;
3004 3933 3215 3984 sanctae
3285 3924 3687 3998 cogitationes,

2049 4036 2226 4090 opera
2255 4017 2550 4091 praeclara.
2584 4019 2716 4073 Filii
2742 4019 2826 4072 tui
2853 4017 2992 4072 sicut
3047 4016 3277 4071 novellae
3325 4016 3600 4071 olivarum
3632 4015 3693 4069 in

2046 4109 2283 4163 circuitu
2310 4122 2518 4172 mensae
2548 4106 2958 4178 tuasLegimus
2983 4105 3038 4159 in
3065 4105 3177 4160 alio
3210 4103 3335 4160 loco
3370 4104 3473 4160 :Et
3498 4106 3691 4159 vinum

2047 4197 2299 4268 Iaztiﬁcat
2327 4212 2418 4250 cor
2449 4196 2689 4251 hominis
2717 4196 2888 4266 (Psal.
2922 4211 3042 4265 cm,
3080 4195 3186 4264 15).
3241 4195 3516 4266 Legimus
3545 4197 3603 4249 et
3631 4193 3689 4248 in

2048 4285 2301 4340 Canticis
2351 4285 2762 4341 canticorum:
2811 4283 3010 4350 Venite,
3054 4286 3252 4356 fratres
3312 4283 3472 4338 bibite
3507 4290 3557 4338 et
3602 4284 3688 4337 in-

2046 4375 2346 4430 ebriamini
2376 4373 2552 4444 (Cant.
2587 4391 2641 4438 ν,
2677 4374 2748 4444 1).
2783 4374 2851 4429 Et
2880 4373 3079 4428 vinum
3124 4373 3276 4443 quod
3309 4371 3562 4445 lmtiﬁcat
3591 4388 3690 4426 cor

2047 4447 2326 4520 hominis.
2360 4467 2478 4518 Hoc
2529 4462 2731 4518 viuum
2782 4479 2893 4518 non
2946 4461 3198 4516 laetiﬁcat
3242 4479 3340 4517 cor
3385 4459 3687 4528 hominis;

2048 4551 2147 4608 sed
2180 4551 2394 4617 obruit,
2427 4556 2484 4606 et
2527 4551 2802 4606 insanum
2864 4549 3018 4606 facit.
3083 4549 3341 4621 Denique
3392 4549 3687 4617 scribitur,

285 4625 401 4704 alia
436 4649 613 4713 causa
634 4633 974 4706 scribuntur
1004 4650 1118 4688 non
1153 4633 1390 4690 habisse
1414 4633 1583 4703 ﬁlias,
1620 4637 1716 4692 sed
1754 4637 1936 4695 ﬁlios?
1966 4652 2013 4718 D
2047 4649 2109 4696 ut
2141 4641 2240 4712 qui
2271 4643 2510 4712 potentes
2538 4643 2685 4695 sunt.
2720 4642 2910 4697 vinum
2938 4656 3048 4696 non
3101 4640 3288 4695 bibant
3316 4641 3497 4708 (Prov.
3531 4657 3688 4705 xxxx,

288 4723 574 4795 Legamus
604 4721 900 4795 Genesim,
948 4721 1027 4778 ibi
1082 4723 1238 4779 enim
1298 4725 1738 4796 generationum
1795 4725 1936 4786 ordo

287 4813 574 4882 servatur.
609 4814 856 4867 Sanctus
887 4811 1176 4867 Abraham
1221 4811 1427 4875 habuit
1457 4831 1691 4870 uxorem
1729 4816 1933 4872 Saram

285 4899 497 4968 habuit
536 4901 690 4976 Agar
736 4900 1122 4956 concubinam
1159 4919 1171 4969 ;
1202 4901 1410 4958 habuit
1463 4909 1664 4974 postea
1720 4905 1930 4961 Cethu-

289 5007 438 5046 ram.
471 4988 550 5044 De
577 4979 812 5046 duabus
843 4981 1121 5046 uxoribus
1169 4989 1324 5046 ﬁlios
1384 4997 1540 5050 creat
1574 5011 1586 5060 ;
1620 4993 1769 5050 ﬁlias
1818 5013 1933 5051 non

286 5077 448 5135 facit.
500 5077 816 5155 Veniamus
877 5081 947 5135 ad
1005 5081 1186 5150 Isaac,
1247 5080 1316 5136 Et
1368 5081 1527 5138 Isaac
1583 5083 1732 5138 duos
1785 5084 1936 5141 ﬁlios

283 5168 449 5236 iacit,
487 5167 637 5223 ﬁlias
668 5185 785 5224 non
815 5167 1012 5225 habet.
1047 5169 1296 5224 Sanctus
1347 5169 1503 5227 enim
1549 5177 1672 5228 erat
1701 5177 1757 5228 et
1787 5172 1933 5228 nihil

287 5257 543 5314 habebat
572 5255 766 5327 molle,
801 5261 858 5312 et
900 5261 1189 5336 tenerum,
1249 5263 1304 5313 et
1347 5260 1770 5323 effeminatum.
1830 5263 1931 5318 sed

286 5349 474 5402 totum
506 5345 668 5404 virile
701 5351 756 5403 et
787 5335 1080 5424 rigidum.
1121 5349 1331 5405 Beatus
1385 5349 1563 5406 Jacob
1624 5351 1930 5407 duodecim

287 5435 651 5507 patriarchas
683 5435 860 5508 habet
890 5433 1062 5510 filios.
1096 5437 1166 5508 Et
1195 5433 1374 5494 unam
1409 5439 1587 5495 ﬁliam
1619 5440 1792 5496 habet
1826 5459 1931 5496 no-

291 5523 445 5580 mine
476 5526 700 5594 Dinam,
731 5515 1334 5598 qiiodinterpretaur,
1389 5545 1564 5585 causa
1595 5527 1930 5602 jurgiorum

287 5614 494 5670 rimam.
531 5613 788 5684 Denique
821 5627 998 5669 unam
1028 5605 1238 5672 habuit
1270 5615 1450 5674 ﬁliam
1512 5622 1569 5673 et
1621 5616 1931 5674 duodecim

288 5695 460 5782 ﬁlios.
495 5702 565 5759 Et
599 5705 836 5778 propter
885 5717 1062 5768 unam
1120 5703 1302 5768 ﬁliam
1363 5711 1526 5764 tanta
1582 5707 1640 5762 in
1691 5707 1929 5765 Sichem

2051 4730 2122 4798 4).
2152 4729 2361 4785 Scribit
2389 4734 2446 4784 et
2498 4729 2836 4802 Apostolus,
2897 4728 3175 4803 quoniam
3236 4746 3350 4785 non
3408 4729 3690 4787 debemus

2045 4817 2244 4873 vinum
2296 4818 2494 4874 bibere
2552 4823 2607 4874 ct
2666 4835 2898 4875 carnem
2958 4820 3312 4875 manducare
3368 4820 3540 4890 (Rom.
3574 4837 3688 4883 xiv,

2047 4908 2161 4978 21).
2227 4907 2479 4963 Rursum
2536 4907 2752 4964 dicitur
2810 4907 2980 4964 nobis
3023 4912 3144 4966 :Et
3199 4911 3388 4963 vinum
3447 4909 3690 4979 terti/icui

2046 5012 2144 5053 cor
2173 4996 2434 5052 hominis.
2469 4996 2579 5052 Sed
2611 4997 2812 5054 vinum
2845 4997 3056 5053 dicitur
3082 4996 3406 5068 spirituale,
3438 4998 3591 5068 quod
3638 4997 3687 5052 si

2048 5084 2180 5157 quis
2211 5083 2422 5142 biberit
2450 5085 2648 5142 statim
2678 5086 3016 5142 inebriatur.
3067 5085 3181 5140 Vos
3229 5101 3453 5154 omnes,
3508 5091 3573 5142 ut
3603 5087 3687 5141 di-

2047 5174 2356 5230 mitteretis
2388 5174 2793 5244 possessiones
2825 5178 3133 5240 vcstras,et
3163 5180 3433 5250 parentes
3464 5180 3686 5232 vestros

2046 5267 2102 5318 et
2130 5262 2280 5319 ﬁlios
2307 5268 2365 5319 et
2395 5263 2620 5330 afﬁnes,
2656 5263 2889 5318 bibistis
2919 5262 3143 5334 vinum,
3185 5269 3244 5320 et
3272 5263 3538 5320 inebriati
3583 5282 3685 5337 pro

2045 5352 2274 5408 Christo
2308 5352 2566 5410 insanire
2596 5351 2872 5424 coepistis.
2905 5352 3026 5408 Non
3065 5353 3226 5409 vobis
3279 5353 3505 5409 videtur
3560 5371 3689 5410 esse

2044 5442 2296 5498 ebrietas
2329 5433 2358 5495 ‘t
2389 5459 2502 5497 non
2543 5440 2707 5497 vobis
2761 5441 2990 5499 videtur
3048 5441 3375 5514 spiritualis
3431 5443 3684 5513 insania,

2043 5529 2282 5587 delicias
2312 5534 2705 5597 contemnere,
2747 5532 2948 5586 sordes
2999 5537 3288 5605 appetere,
3324 5533 3523 5604 fugere
3553 5532 3683 5588 civi-

2043 5623 2215 5688 tates,
2268 5619 2497 5676 deserta
2546 5619 2776 5700 sectari,
2834 5623 3060 5678 nescire
3118 5622 3382 5692 alfectus,
3415 5622 3685 5694 ignorare

2043 5708 2235 5767 carnis
2267 5708 2786 5782 propinquitatem,
2819 5715 2875 5767 et
2906 5709 3097 5772 solum
3133 5727 3305 5768 nosse
3336 5710 3634 5769 Christum
3657 5712 3684 5767 ?
