  <div class='ocr_page' id='page_1' title='image "/cluster/home/n/w/nwhite01/storage/ocr_20150623/26/umn.31951002477320a/685.png"; bbox 0 0 4244 6620; ppageno 0'>
   <div class='ocr_carea' id='block_1_1' title="bbox 585 431 731 492">
    <p class='ocr_par' dir='ltr' id='par_1_1' title="bbox 585 431 731 492">
     <span class='ocr_line' id='line_1_1' title="bbox 585 431 731 492; baseline -0.007 0"><span class='ocrx_word' id='word_1_1' title='bbox 585 431 731 492; x_wconf 81' lang='grc'><strong>1371</strong></span> 
     </span>
    </p>
   </div>
   <div class='ocr_carea' id='block_1_2' title="bbox 2072 433 2490 500">
    <p class='ocr_par' dir='ltr' id='par_1_2' title="bbox 2072 433 2490 500">
     <span class='ocr_line' id='line_1_2' title="bbox 2072 433 2490 500; baseline 0.007 -5"><span class='ocrx_word' id='word_1_2' title='bbox 2072 433 2490 500; x_wconf 80' lang='grc' dir='ltr'>ΑΡΡΕΝΠΙΧ.</span> 
     </span>
    </p>
   </div>
   <div class='ocr_carea' id='block_1_3' title="bbox 3829 443 3966 504">
    <p class='ocr_par' dir='ltr' id='par_1_3' title="bbox 3829 443 3966 504">
     <span class='ocr_line' id='line_1_3' title="bbox 3829 443 3966 504; baseline 0 -2"><span class='ocrx_word' id='word_1_3' title='bbox 3829 443 3966 504; x_wconf 75' lang='lat' dir='ltr'>I372</span> 
     </span>
    </p>
   </div>
   <div class='ocr_carea' id='block_1_4' title="bbox 585 564 3964 642">
    <p class='ocr_par' dir='ltr' id='par_1_4' title="bbox 585 564 3964 642">
     <span class='ocr_line' id='line_1_4' title="bbox 585 564 3964 642; baseline 0.003 -21"><span class='ocrx_word' id='word_1_4' title='bbox 585 565 844 638; x_wconf 87' lang='lat' dir='ltr'>Denique</span> <span class='ocrx_word' id='word_1_5' title='bbox 875 564 1123 640; x_wconf 82' lang='lat' dir='ltr'>apostoli</span> <span class='ocrx_word' id='word_1_6' title='bbox 1156 567 1263 624; x_wconf 88' lang='lat' dir='ltr'>hoc</span> <span class='ocrx_word' id='word_1_7' title='bbox 1295 567 1426 625; x_wconf 93' lang='lat' dir='ltr'>vino</span> <span class='ocrx_word' id='word_1_8' title='bbox 1458 567 1729 625; x_wconf 91' lang='lat' dir='ltr'>inebriati</span> <span class='ocrx_word' id='word_1_9' title='bbox 1791 575 1973 637; x_wconf 89' lang='lat' dir='ltr'>erant,</span> <span class='ocrx_word' id='word_1_10' title='bbox 2008 575 2062 625; x_wconf 90' lang='lat' dir='ltr'>et</span> <span class='ocrx_word' id='word_1_11' title='bbox 2094 588 2230 642; x_wconf 90' lang='lat' dir='ltr'>pro-</span> <span class='ocrx_word' id='word_1_12' title='bbox 2262 570 2312 636; x_wconf 83' lang='lat' dir='ltr'><strong>A</strong></span> <span class='ocrx_word' id='word_1_13' title='bbox 2348 573 2762 641; x_wconf 87' lang='lat' dir='ltr'>iustruxeritis,</span> <span class='ocrx_word' id='word_1_14' title='bbox 2814 573 2929 630; x_wconf 89' lang='lat' dir='ltr'>vidi</span> <span class='ocrx_word' id='word_1_15' title='bbox 2984 574 3130 631; x_wconf 89' lang='lat' dir='ltr'>ﬁlios</span> <span class='ocrx_word' id='word_1_16' title='bbox 3185 589 3344 632; x_wconf 86' lang='lat' dir='ltr'>meos</span> <span class='ocrx_word' id='word_1_17' title='bbox 3378 591 3390 630; x_wconf 88' lang='lat'><strong>:</strong></span> <span class='ocrx_word' id='word_1_18' title='bbox 3444 573 3493 630; x_wconf 91' lang='lat' dir='ltr'>si</span> <span class='ocrx_word' id='word_1_19' title='bbox 3547 591 3646 631; x_wconf 87' lang='lat' dir='ltr'>vos</span> <span class='ocrx_word' id='word_1_20' title='bbox 3704 575 3847 632; x_wconf 89' lang='lat' dir='ltr'>alios</span> <span class='ocrx_word' id='word_1_21' title='bbox 3891 576 3964 632; x_wconf 90' lang='lat' dir='ltr'>in-</span> 
     </span>
    </p>
   </div>
   <div class='ocr_carea' id='block_1_5' title="bbox 583 658 2224 732">
    <p class='ocr_par' dir='ltr' id='par_1_5' title="bbox 583 658 2224 732">
     <span class='ocr_line' id='line_1_5' title="bbox 583 658 2224 732; baseline 0.002 -20"><span class='ocrx_word' id='word_1_22' title='bbox 583 661 780 730; x_wconf 88' lang='lat' dir='ltr'>pterea</span> <span class='ocrx_word' id='word_1_23' title='bbox 811 658 1028 714; x_wconf 90' lang='lat' dir='ltr'>dicitur</span> <span class='ocrx_word' id='word_1_24' title='bbox 1060 659 1144 715; x_wconf 89' lang='lat' dir='ltr'>eis</span> <span class='ocrx_word' id='word_1_25' title='bbox 1177 677 1189 715; x_wconf 92' lang='lat'>:</span> <span class='ocrx_word' id='word_1_26' title='bbox 1221 661 1390 716; x_wconf 79' lang='lat' dir='ltr'>Musio</span> <span class='ocrx_word' id='word_1_27' title='bbox 1448 668 1579 715; x_wconf 85' lang='lat' dir='ltr'>sunt</span> <span class='ocrx_word' id='word_1_28' title='bbox 1623 661 1776 730; x_wconf 85' lang='lat' dir='ltr'>pleni</span> <span class='ocrx_word' id='word_1_29' title='bbox 1830 663 1964 732; x_wconf 85' lang='lat' dir='ltr'>(Act.</span> <span class='ocrx_word' id='word_1_30' title='bbox 2023 679 2082 731; x_wconf 81' lang='grc' dir='ltr'>ιι,</span> <span class='ocrx_word' id='word_1_31' title='bbox 2120 664 2224 731; x_wconf 74' lang='grc'>13).</span> 
     </span>
    </p>
   </div>
   <div class='ocr_carea' id='block_1_6' title="bbox 581 747 2229 823">
    <p class='ocr_par' dir='ltr' id='par_1_6' title="bbox 581 747 2229 823">
     <span class='ocr_line' id='line_1_6' title="bbox 581 747 2229 823; baseline 0.004 -22"><span class='ocrx_word' id='word_1_32' title='bbox 581 751 707 802; x_wconf 87' lang='lat' dir='ltr'>Non</span> <span class='ocrx_word' id='word_1_33' title='bbox 741 747 894 802; x_wconf 80' lang='lat' dir='ltr'>enim</span> <span class='ocrx_word' id='word_1_34' title='bbox 931 749 1161 804; x_wconf 82' lang='lat' dir='ltr'>fuerant</span> <span class='ocrx_word' id='word_1_35' title='bbox 1191 750 1460 806; x_wconf 90' lang='lat' dir='ltr'>inebriati</span> <span class='ocrx_word' id='word_1_36' title='bbox 1493 751 1564 806; x_wconf 92' lang='lat' dir='ltr'>de</span> <span class='ocrx_word' id='word_1_37' title='bbox 1596 752 1745 823; x_wconf 88' lang='lat' dir='ltr'>Lege</span> <span class='ocrx_word' id='word_1_38' title='bbox 1774 751 1967 819; x_wconf 87' lang='lat' dir='ltr'>veteri,</span> <span class='ocrx_word' id='word_1_39' title='bbox 2029 753 2127 807; x_wconf 85' lang='lat' dir='ltr'>sed</span> <span class='ocrx_word' id='word_1_40' title='bbox 2160 755 2229 807; x_wconf 92' lang='lat' dir='ltr'>de</span> 
     </span>
    </p>
   </div>
   <div class='ocr_carea' id='block_1_7' title="bbox 580 836 2230 912">
    <p class='ocr_par' dir='ltr' id='par_1_7' title="bbox 580 836 2230 912">
     <span class='ocr_line' id='line_1_7' title="bbox 580 836 2230 912; baseline 0.002 -20"><span class='ocrx_word' id='word_1_41' title='bbox 580 836 906 910; x_wconf 90' lang='lat' dir='ltr'>Evangelio.</span> <span class='ocrx_word' id='word_1_42' title='bbox 943 842 1064 893; x_wconf 60' lang='lat' dir='ltr'>bon</span> <span class='ocrx_word' id='word_1_43' title='bbox 1096 856 1232 910; x_wconf 85' lang='lat' dir='ltr'>ergo</span> <span class='ocrx_word' id='word_1_44' title='bbox 1260 847 1419 912; x_wconf 90' lang='lat' dir='ltr'>puto,</span> <span class='ocrx_word' id='word_1_45' title='bbox 1455 841 1608 912; x_wconf 91' lang='lat' dir='ltr'>quod</span> <span class='ocrx_word' id='word_1_46' title='bbox 1666 841 1746 896; x_wconf 90' lang='lat' dir='ltr'>ita</span> <span class='ocrx_word' id='word_1_47' title='bbox 1803 840 2124 897; x_wconf 79' lang='lat' dir='ltr'>inebriatus</span> <span class='ocrx_word' id='word_1_48' title='bbox 2157 843 2230 896; x_wconf 88' lang='lat' dir='ltr'>sit</span> 
     </span>
    </p>
   </div>
   <div class='ocr_carea' id='block_1_8' title="bbox 592 925 2226 986">
    <p class='ocr_par' dir='ltr' id='par_1_8' title="bbox 592 925 2226 986">
     <span class='ocr_line' id='line_1_8' title="bbox 592 925 2226 986; baseline 0.003 -5"><span class='ocrx_word' id='word_1_49' title='bbox 592 925 702 982; x_wconf 90' lang='lat' dir='ltr'>hoc</span> <span class='ocrx_word' id='word_1_50' title='bbox 730 930 881 982; x_wconf 91' lang='lat' dir='ltr'>vino.</span> <span class='ocrx_word' id='word_1_51' title='bbox 923 953 943 977; x_wconf 77' lang='grc' dir='ltr'><strong><em>α</em></strong></span> <span class='ocrx_word' id='word_1_52' title='bbox 982 929 1106 984; x_wconf 80' lang='lat' dir='ltr'>Filii</span> <span class='ocrx_word' id='word_1_53' title='bbox 1143 929 1225 983; x_wconf 91' lang='lat' dir='ltr'>tui</span> <span class='ocrx_word' id='word_1_54' title='bbox 1259 931 1410 984; x_wconf 83' lang='lat' dir='ltr'>sicut</span> <span class='ocrx_word' id='word_1_55' title='bbox 1432 929 1667 985; x_wconf 64' lang='lat' dir='ltr'>novella</span> <span class='ocrx_word' id='word_1_56' title='bbox 1699 930 2041 986; x_wconf 81' lang='lat' dir='ltr'>olivarum.»</span> <span class='ocrx_word' id='word_1_57' title='bbox 2075 931 2226 986; x_wconf 84' lang='lat' dir='ltr'>Nulli</span> 
     </span>
    </p>
   </div>
   <div class='ocr_carea' id='block_1_9' title="bbox 588 1015 2226 1090">
    <p class='ocr_par' dir='ltr' id='par_1_9' title="bbox 588 1015 2226 1090">
     <span class='ocr_line' id='line_1_9' title="bbox 588 1015 2226 1090; baseline 0.004 -20"><span class='ocrx_word' id='word_1_58' title='bbox 588 1015 685 1070; x_wconf 83' lang='lat' dir='ltr'>alii</span> <span class='ocrx_word' id='word_1_59' title='bbox 719 1023 1139 1090; x_wconf 90' lang='lat' dir='ltr'>comparantur</span> <span class='ocrx_word' id='word_1_60' title='bbox 1169 1017 1269 1072; x_wconf 89' lang='lat' dir='ltr'>ﬁlii</span> <span class='ocrx_word' id='word_1_61' title='bbox 1305 1019 1488 1074; x_wconf 80' lang='lat' dir='ltr'>nostri</span> <span class='ocrx_word' id='word_1_62' title='bbox 1520 1019 1630 1074; x_wconf 87' lang='lat' dir='ltr'>nisi</span> <span class='ocrx_word' id='word_1_63' title='bbox 1659 1019 1899 1076; x_wconf 81' lang='lat' dir='ltr'>novellae</span> <span class='ocrx_word' id='word_1_64' title='bbox 1944 1020 2226 1076; x_wconf 81' lang='lat' dir='ltr'>olivarum</span> 
     </span>
    </p>
   </div>
   <div class='ocr_carea' id='block_1_10' title="bbox 584 1105 2229 1180">
    <p class='ocr_par' dir='ltr' id='par_1_10' title="bbox 584 1105 2229 1180">
     <span class='ocr_line' id='line_1_10' title="bbox 584 1105 2229 1180; baseline 0.005 -20"><span class='ocrx_word' id='word_1_65' title='bbox 584 1105 708 1160; x_wconf 90' lang='lat' dir='ltr'>Non</span> <span class='ocrx_word' id='word_1_66' title='bbox 742 1106 887 1161; x_wconf 83' lang='lat' dir='ltr'>dixit</span> <span class='ocrx_word' id='word_1_67' title='bbox 919 1106 1079 1162; x_wconf 68' lang='lat' dir='ltr'>olivae</span> <span class='ocrx_word' id='word_1_68' title='bbox 1112 1110 1307 1180; x_wconf 88' lang='lat' dir='ltr'>veteri,</span> <span class='ocrx_word' id='word_1_69' title='bbox 1341 1111 1439 1164; x_wconf 90' lang='lat' dir='ltr'>sed</span> <span class='ocrx_word' id='word_1_70' title='bbox 1473 1109 1708 1165; x_wconf 67' lang='lat' dir='ltr'>novellae</span> <span class='ocrx_word' id='word_1_71' title='bbox 1741 1111 2229 1176; x_wconf 69' lang='lat' dir='ltr'>oliva3.0uomodo</span> 
     </span>
    </p>
   </div>
   <div class='ocr_carea' id='block_1_11' title="bbox 585 1195 2228 1270">
    <p class='ocr_par' dir='ltr' id='par_1_11' title="bbox 585 1195 2228 1270">
     <span class='ocr_line' id='line_1_11' title="bbox 585 1195 2228 1270; baseline 0.007 -22"><span class='ocrx_word' id='word_1_72' title='bbox 585 1199 641 1249; x_wconf 91' lang='lat' dir='ltr'>et</span> <span class='ocrx_word' id='word_1_73' title='bbox 670 1195 748 1249; x_wconf 90' lang='lat' dir='ltr'>ibi</span> <span class='ocrx_word' id='word_1_74' title='bbox 783 1197 852 1251; x_wconf 92' lang='lat' dir='ltr'>de</span> <span class='ocrx_word' id='word_1_75' title='bbox 883 1197 1160 1252; x_wconf 83' lang='lat' dir='ltr'>ebrietate</span> <span class='ocrx_word' id='word_1_76' title='bbox 1192 1199 1732 1270; x_wconf 89' lang='lat' dir='ltr'>apostolorum,non</span> <span class='ocrx_word' id='word_1_77' title='bbox 1755 1202 1970 1257; x_wconf 90' lang='lat' dir='ltr'>dicitur</span> <span class='ocrx_word' id='word_1_78' title='bbox 1999 1204 2067 1258; x_wconf 92' lang='lat' dir='ltr'>de</span> <span class='ocrx_word' id='word_1_79' title='bbox 2097 1205 2228 1259; x_wconf 86' lang='lat' dir='ltr'>vino</span> 
     </span>
    </p>
   </div>
   <div class='ocr_carea' id='block_1_12' title="bbox 581 1284 2231 1349">
    <p class='ocr_par' dir='ltr' id='par_1_12' title="bbox 581 1284 2231 1349">
     <span class='ocr_line' id='line_1_12' title="bbox 581 1284 2231 1349; baseline 0.006 -12"><span class='ocrx_word' id='word_1_80' title='bbox 581 1284 784 1349; x_wconf 86' lang='lat' dir='ltr'>veteri,</span> <span class='ocrx_word' id='word_1_81' title='bbox 817 1287 915 1340; x_wconf 89' lang='lat' dir='ltr'>sed</span> <span class='ocrx_word' id='word_1_82' title='bbox 951 1287 1021 1341; x_wconf 89' lang='lat' dir='ltr'>de</span> <span class='ocrx_word' id='word_1_83' title='bbox 1081 1293 1274 1343; x_wconf 89' lang='lat' dir='ltr'>musto</span> <span class='ocrx_word' id='word_1_84' title='bbox 1307 1305 1319 1342; x_wconf 88' lang='lat'>:</span> <span class='ocrx_word' id='word_1_85' title='bbox 1347 1289 1430 1344; x_wconf 89' lang='lat' dir='ltr'>sic</span> <span class='ocrx_word' id='word_1_86' title='bbox 1469 1295 1525 1344; x_wconf 90' lang='lat' dir='ltr'>et</span> <span class='ocrx_word' id='word_1_87' title='bbox 1582 1291 1674 1346; x_wconf 91' lang='lat' dir='ltr'>hic</span> <span class='ocrx_word' id='word_1_88' title='bbox 1733 1291 1948 1346; x_wconf 91' lang='lat' dir='ltr'>dicitur</span> <span class='ocrx_word' id='word_1_89' title='bbox 2007 1293 2231 1348; x_wconf 80' lang='lat' dir='ltr'>novella</span> 
     </span>
    </p>
   </div>
   <div class='ocr_carea' id='block_1_13' title="bbox 583 1373 2226 1452">
    <p class='ocr_par' dir='ltr' id='par_1_13' title="bbox 583 1373 2226 1452">
     <span class='ocr_line' id='line_1_13' title="bbox 583 1373 2226 1452; baseline 0.005 -24"><span class='ocrx_word' id='word_1_90' title='bbox 583 1373 892 1442; x_wconf 86' lang='lat' dir='ltr'>olivarum,</span> <span class='ocrx_word' id='word_1_91' title='bbox 928 1392 1052 1446; x_wconf 70' lang='lat' dir='ltr'>quae</span> <span class='ocrx_word' id='word_1_92' title='bbox 1088 1380 1207 1432; x_wconf 87' lang='lat' dir='ltr'>tota</span> <span class='ocrx_word' id='word_1_93' title='bbox 1242 1378 1387 1432; x_wconf 90' lang='lat' dir='ltr'>viret</span> <span class='ocrx_word' id='word_1_94' title='bbox 1435 1379 1491 1432; x_wconf 93' lang='lat' dir='ltr'>in</span> <span class='ocrx_word' id='word_1_95' title='bbox 1553 1380 1843 1452; x_wconf 84' lang='lat' dir='ltr'>Evangelii</span> <span class='ocrx_word' id='word_1_96' title='bbox 1898 1383 2226 1451; x_wconf 86' lang='lat' dir='ltr'>juventute.</span> 
     </span>
    </p>
   </div>
   <div class='ocr_carea' id='block_1_14' title="bbox 582 1462 2227 1539">
    <p class='ocr_par' dir='ltr' id='par_1_14' title="bbox 582 1462 2227 1539">
     <span class='ocr_line' id='line_1_14' title="bbox 582 1462 2227 1539; baseline 0.005 -21"><span class='ocrx_word' id='word_1_97' title='bbox 582 1462 817 1519; x_wconf 91' lang='lat' dir='ltr'>Novella</span> <span class='ocrx_word' id='word_1_98' title='bbox 847 1465 1130 1521; x_wconf 85' lang='lat' dir='ltr'>olivarum</span> <span class='ocrx_word' id='word_1_99' title='bbox 1160 1467 1332 1539; x_wconf 91' lang='lat' dir='ltr'>plena</span> <span class='ocrx_word' id='word_1_100' title='bbox 1362 1467 1509 1524; x_wconf 91' lang='lat' dir='ltr'>luce.</span> <span class='ocrx_word' id='word_1_101' title='bbox 1545 1469 1748 1525; x_wconf 87' lang='lat' dir='ltr'>Oleum</span> <span class='ocrx_word' id='word_1_102' title='bbox 1780 1470 1930 1526; x_wconf 89' lang='lat' dir='ltr'>hanc</span> <span class='ocrx_word' id='word_1_103' title='bbox 1960 1475 2227 1526; x_wconf 88' lang='lat' dir='ltr'>naturam</span> 
     </span>
    </p>
   </div>
   <div class='ocr_carea' id='block_1_15' title="bbox 583 1551 2228 1632">
    <p class='ocr_par' dir='ltr' id='par_1_15' title="bbox 583 1551 2228 1632">
     <span class='ocr_line' id='line_1_15' title="bbox 583 1551 2228 1632; baseline 0.004 -25"><span class='ocrx_word' id='word_1_104' title='bbox 583 1551 777 1625; x_wconf 83' lang='lat' dir='ltr'>habet,</span> <span class='ocrx_word' id='word_1_105' title='bbox 812 1560 874 1608; x_wconf 92' lang='lat' dir='ltr'>ut</span> <span class='ocrx_word' id='word_1_106' title='bbox 903 1555 1062 1611; x_wconf 87' lang='lat' dir='ltr'>cibos</span> <span class='ocrx_word' id='word_1_107' title='bbox 1096 1558 1349 1625; x_wconf 85' lang='lat' dir='ltr'>condiat,</span> <span class='ocrx_word' id='word_1_108' title='bbox 1394 1563 1460 1613; x_wconf 89' lang='lat' dir='ltr'>ut</span> <span class='ocrx_word' id='word_1_109' title='bbox 1507 1559 1717 1614; x_wconf 91' lang='lat' dir='ltr'>lumini</span> <span class='ocrx_word' id='word_1_110' title='bbox 1778 1561 2039 1616; x_wconf 86' lang='lat' dir='ltr'>fomenta</span> <span class='ocrx_word' id='word_1_111' title='bbox 2089 1578 2228 1632; x_wconf 73' lang='lat' dir='ltr'>prae-</span> 
     </span>
    </p>
   </div>
   <div class='ocr_carea' id='block_1_16' title="bbox 581 1642 2231 1720">
    <p class='ocr_par' dir='ltr' id='par_1_16' title="bbox 581 1642 2231 1720">
     <span class='ocr_line' id='line_1_16' title="bbox 581 1642 2231 1720; baseline 0.005 -23"><span class='ocrx_word' id='word_1_112' title='bbox 581 1642 805 1705; x_wconf 88' lang='lat' dir='ltr'>beat,ut</span> <span class='ocrx_word' id='word_1_113' title='bbox 838 1643 994 1700; x_wconf 90' lang='lat' dir='ltr'>lasso</span> <span class='ocrx_word' id='word_1_114' title='bbox 1024 1645 1197 1717; x_wconf 88' lang='lat' dir='ltr'>longo</span> <span class='ocrx_word' id='word_1_115' title='bbox 1218 1647 1423 1704; x_wconf 87' lang='lat' dir='ltr'>itinere</span> <span class='ocrx_word' id='word_1_116' title='bbox 1454 1665 1665 1720; x_wconf 90' lang='lat' dir='ltr'>corpus</span> <span class='ocrx_word' id='word_1_117' title='bbox 1690 1654 1932 1704; x_wconf 87' lang='lat' dir='ltr'>unctum</span> <span class='ocrx_word' id='word_1_118' title='bbox 1961 1651 2231 1706; x_wconf 88' lang='lat' dir='ltr'>restituat</span> 
     </span>
    </p>
   </div>
   <div class='ocr_carea' id='block_1_17' title="bbox 583 1733 2228 1814">
    <p class='ocr_par' dir='ltr' id='par_1_17' title="bbox 583 1733 2228 1814">
     <span class='ocr_line' id='line_1_17' title="bbox 583 1733 2228 1814; baseline 0.005 -27"><span class='ocrx_word' id='word_1_119' title='bbox 583 1734 750 1803; x_wconf 83' lang='lat' dir='ltr'>quasi</span> <span class='ocrx_word' id='word_1_120' title='bbox 781 1733 964 1789; x_wconf 91' lang='lat' dir='ltr'>labori</span> <span class='ocrx_word' id='word_1_121' title='bbox 1000 1736 1245 1808; x_wconf 88' lang='lat' dir='ltr'>pristino</span> <span class='ocrx_word' id='word_1_122' title='bbox 1285 1743 1341 1794; x_wconf 92' lang='lat' dir='ltr'>et</span> <span class='ocrx_word' id='word_1_123' title='bbox 1373 1739 1631 1794; x_wconf 87' lang='lat' dir='ltr'>sanitati.</span> <span class='ocrx_word' id='word_1_124' title='bbox 1695 1741 1950 1812; x_wconf 90' lang='lat' dir='ltr'>Denique</span> <span class='ocrx_word' id='word_1_125' title='bbox 1982 1741 2228 1814; x_wconf 88' lang='lat' dir='ltr'>quicun-</span> 
     </span>
    </p>
   </div>
   <div class='ocr_carea' id='block_1_18' title="bbox 579 1822 2227 1901">
    <p class='ocr_par' dir='ltr' id='par_1_18' title="bbox 579 1822 2227 1901">
     <span class='ocr_line' id='line_1_18' title="bbox 579 1822 2227 1901; baseline 0.004 -25"><span class='ocrx_word' id='word_1_126' title='bbox 579 1837 693 1893; x_wconf 88' lang='lat' dir='ltr'>que</span> <span class='ocrx_word' id='word_1_127' title='bbox 723 1822 917 1880; x_wconf 88' lang='lat' dir='ltr'>lassus</span> <span class='ocrx_word' id='word_1_128' title='bbox 951 1825 1122 1881; x_wconf 84' lang='lat' dir='ltr'>luerit</span> <span class='ocrx_word' id='word_1_129' title='bbox 1150 1833 1205 1881; x_wconf 89' lang='lat' dir='ltr'>et</span> <span class='ocrx_word' id='word_1_130' title='bbox 1240 1828 1498 1900; x_wconf 84' lang='lat' dir='ltr'>ungitur,</span> <span class='ocrx_word' id='word_1_131' title='bbox 1561 1829 1731 1900; x_wconf 90' lang='lat' dir='ltr'>quasi</span> <span class='ocrx_word' id='word_1_132' title='bbox 1786 1830 1991 1900; x_wconf 89' lang='lat' dir='ltr'>recipit</span> <span class='ocrx_word' id='word_1_133' title='bbox 2032 1829 2227 1901; x_wconf 89' lang='lat' dir='ltr'>pristi-</span> 
     </span>
    </p>
   </div>
   <div class='ocr_carea' id='block_1_19' title="bbox 2339 664 3963 732">
    <p class='ocr_par' dir='ltr' id='par_1_19' title="bbox 2339 664 3963 732">
     <span class='ocr_line' id='line_1_19' title="bbox 2339 664 3963 732; baseline 0.001 -11"><span class='ocrx_word' id='word_1_134' title='bbox 2339 666 2692 732; x_wconf 85' lang='lat' dir='ltr'>struxeritis,</span> <span class='ocrx_word' id='word_1_135' title='bbox 2730 665 2846 720; x_wconf 88' lang='lat' dir='ltr'>viui</span> <span class='ocrx_word' id='word_1_136' title='bbox 2889 665 3039 721; x_wconf 92' lang='lat' dir='ltr'>ﬁlios</span> <span class='ocrx_word' id='word_1_137' title='bbox 3090 664 3339 720; x_wconf 90' lang='lat' dir='ltr'>ﬁliorum</span> <span class='ocrx_word' id='word_1_138' title='bbox 3401 681 3687 721; x_wconf 89' lang='lat' dir='ltr'>meorum.</span> <span class='ocrx_word' id='word_1_139' title='bbox 3736 665 3963 722; x_wconf 84' lang='lat' dir='ltr'>Oremus</span> 
     </span>
    </p>
   </div>
   <div class='ocr_carea' id='block_1_20' title="bbox 2339 755 3962 828">
    <p class='ocr_par' dir='ltr' id='par_1_20' title="bbox 2339 755 3962 828">
     <span class='ocr_line' id='line_1_20' title="bbox 2339 755 3962 828; baseline 0.001 -18"><span class='ocrx_word' id='word_1_140' title='bbox 2339 755 2521 828; x_wconf 84' lang='lat' dir='ltr'>igitur</span> <span class='ocrx_word' id='word_1_141' title='bbox 2575 756 2906 823; x_wconf 89' lang='lat' dir='ltr'>Dominum,</span> <span class='ocrx_word' id='word_1_142' title='bbox 2958 761 3022 810; x_wconf 90' lang='lat' dir='ltr'>ut</span> <span class='ocrx_word' id='word_1_143' title='bbox 3079 755 3398 811; x_wconf 86' lang='lat' dir='ltr'>habeamus</span> <span class='ocrx_word' id='word_1_144' title='bbox 3450 755 3620 823; x_wconf 83' lang='lat' dir='ltr'>ﬁlios,</span> <span class='ocrx_word' id='word_1_145' title='bbox 3653 756 3962 812; x_wconf 82' lang='lat' dir='ltr'>habeamus</span> 
     </span>
    </p>
   </div>
   <div class='ocr_carea' id='block_1_21' title="bbox 2340 845 3962 918">
    <p class='ocr_par' dir='ltr' id='par_1_21' title="bbox 2340 845 3962 918">
     <span class='ocr_line' id='line_1_21' title="bbox 2340 845 3962 918; baseline 0.001 -18"><span class='ocrx_word' id='word_1_146' title='bbox 2340 850 2606 916; x_wconf 86' lang='lat' dir='ltr'>nepotes,</span> <span class='ocrx_word' id='word_1_147' title='bbox 2640 852 2695 901; x_wconf 89' lang='lat' dir='ltr'>et</span> <span class='ocrx_word' id='word_1_148' title='bbox 2726 863 2956 918; x_wconf 88' lang='lat' dir='ltr'>semper</span> <span class='ocrx_word' id='word_1_149' title='bbox 2985 845 3308 901; x_wconf 85' lang='lat' dir='ltr'>habeamus</span> <span class='ocrx_word' id='word_1_150' title='bbox 3341 845 3587 901; x_wconf 89' lang='lat' dir='ltr'>multam</span> <span class='ocrx_word' id='word_1_151' title='bbox 3646 846 3962 918; x_wconf 80' lang='lat' dir='ltr'>progeniem</span> 
     </span>
    </p>
   </div>
   <div class='ocr_carea' id='block_1_22' title="bbox 2340 935 3958 991">
    <p class='ocr_par' dir='ltr' id='par_1_22' title="bbox 2340 935 3958 991">
     <span class='ocr_line' id='line_1_22' title="bbox 2340 935 3958 991; baseline -0.001 0"><span class='ocrx_word' id='word_1_152' title='bbox 2340 937 2710 991; x_wconf 89' lang='lat' dir='ltr'>Festinemus</span> <span class='ocrx_word' id='word_1_153' title='bbox 2737 935 2882 991; x_wconf 82' lang='lat' dir='ltr'>tales</span> <span class='ocrx_word' id='word_1_154' title='bbox 2915 935 3066 991; x_wconf 90' lang='lat' dir='ltr'>ﬁlios</span> <span class='ocrx_word' id='word_1_155' title='bbox 3099 936 3304 990; x_wconf 86' lang='lat' dir='ltr'>facere.</span> <span class='ocrx_word' id='word_1_156' title='bbox 3335 939 3545 991; x_wconf 88' lang='lat' dir='ltr'>Sancta</span> <span class='ocrx_word' id='word_1_157' title='bbox 3575 937 3686 990; x_wconf 89' lang='lat' dir='ltr'>ista</span> <span class='ocrx_word' id='word_1_158' title='bbox 3715 942 3803 990; x_wconf 88' lang='lat' dir='ltr'>est</span> <span class='ocrx_word' id='word_1_159' title='bbox 3839 953 3958 991; x_wconf 89' lang='lat' dir='ltr'>con-</span> 
     </span>
    </p>
   </div>
   <div class='ocr_carea' id='block_1_23' title="bbox 2333 1025 3963 1096">
    <p class='ocr_par' dir='ltr' id='par_1_23' title="bbox 2333 1025 3963 1096">
     <span class='ocr_line' id='line_1_23' title="bbox 2333 1025 3963 1096; baseline 0.001 -17"><span class='ocrx_word' id='word_1_160' title='bbox 2333 1025 2584 1096; x_wconf 88' lang='lat' dir='ltr'>junctio.</span> <span class='ocrx_word' id='word_1_161' title='bbox 2644 1026 2783 1080; x_wconf 81' lang='lat' dir='ltr'>Rem</span> <span class='ocrx_word' id='word_1_162' title='bbox 2861 1025 3024 1080; x_wconf 86' lang='lat' dir='ltr'>vobis</span> <span class='ocrx_word' id='word_1_163' title='bbox 3091 1025 3216 1080; x_wconf 88' lang='lat' dir='ltr'>dico</span> <span class='ocrx_word' id='word_1_164' title='bbox 3296 1025 3711 1080; x_wconf 84' lang='lat' dir='ltr'>novamzsine</span> <span class='ocrx_word' id='word_1_165' title='bbox 3784 1027 3963 1080; x_wconf 83' lang='lat' dir='ltr'>uxoris</span> 
     </span>
    </p>
   </div>
   <div class='ocr_carea' id='block_1_24' title="bbox 2341 1113 3965 1187">
    <p class='ocr_par' dir='ltr' id='par_1_24' title="bbox 2341 1113 3965 1187">
     <span class='ocr_line' id='line_1_24' title="bbox 2341 1113 3965 1187; baseline 0.001 -19"><span class='ocrx_word' id='word_1_166' title='bbox 2341 1113 2645 1186; x_wconf 78' lang='lat' dir='ltr'>complexu</span> <span class='ocrx_word' id='word_1_167' title='bbox 2677 1114 2871 1187; x_wconf 81' lang='lat' dir='ltr'>plures</span> <span class='ocrx_word' id='word_1_168' title='bbox 2901 1119 3225 1169; x_wconf 89' lang='lat' dir='ltr'>nascuntur</span> <span class='ocrx_word' id='word_1_169' title='bbox 3253 1113 3399 1170; x_wconf 86' lang='lat' dir='ltr'>tales</span> <span class='ocrx_word' id='word_1_170' title='bbox 3431 1113 3556 1168; x_wconf 90' lang='lat' dir='ltr'>ﬁlii.</span> <span class='ocrx_word' id='word_1_171' title='bbox 3593 1135 3619 1163; x_wconf 89' lang='grc'>‹‹</span> <span class='ocrx_word' id='word_1_172' title='bbox 3655 1114 3768 1169; x_wconf 86' lang='lat' dir='ltr'>Pax</span> <span class='ocrx_word' id='word_1_173' title='bbox 3808 1131 3965 1185; x_wconf 86' lang='lat' dir='ltr'>super</span> 
     </span>
    </p>
   </div>
   <div class='ocr_carea' id='block_1_25' title="bbox 2342 1203 3962 1274">
    <p class='ocr_par' dir='ltr' id='par_1_25' title="bbox 2342 1203 3962 1274">
     <span class='ocr_line' id='line_1_25' title="bbox 2342 1203 3962 1274; baseline 0 -16"><span class='ocrx_word' id='word_1_174' title='bbox 2342 1203 2538 1259; x_wconf 86' lang='lat' dir='ltr'>Israel.</span> <span class='ocrx_word' id='word_1_175' title='bbox 2597 1228 2623 1253; x_wconf 84' lang='lat'>»</span> <span class='ocrx_word' id='word_1_176' title='bbox 2654 1205 2831 1260; x_wconf 81' lang='lat' dir='ltr'>Israel</span> <span class='ocrx_word' id='word_1_177' title='bbox 2874 1203 3306 1274; x_wconf 86' lang='lat' dir='ltr'>interpretatur,</span> <span class='ocrx_word' id='word_1_178' title='bbox 3356 1219 3513 1257; x_wconf 86' lang='lat' dir='ltr'>mens</span> <span class='ocrx_word' id='word_1_179' title='bbox 3546 1203 3738 1258; x_wconf 81' lang='lat' dir='ltr'>videns</span> <span class='ocrx_word' id='word_1_180' title='bbox 3791 1205 3962 1258; x_wconf 87' lang='lat' dir='ltr'>Deum.</span> 
     </span>
    </p>
   </div>
   <div class='ocr_carea' id='block_1_26' title="bbox 2340 1292 3966 1366">
    <p class='ocr_par' dir='ltr' id='par_1_26' title="bbox 2340 1292 3966 1366">
     <span class='ocr_line' id='line_1_26' title="bbox 2340 1292 3966 1366; baseline 0.001 -20"><span class='ocrx_word' id='word_1_181' title='bbox 2340 1292 2482 1348; x_wconf 88' lang='lat' dir='ltr'>Vide</span> <span class='ocrx_word' id='word_1_182' title='bbox 2527 1311 2662 1364; x_wconf 87' lang='lat' dir='ltr'>ergo</span> <span class='ocrx_word' id='word_1_183' title='bbox 2705 1295 2856 1366; x_wconf 88' lang='lat' dir='ltr'>quod</span> <span class='ocrx_word' id='word_1_184' title='bbox 2907 1293 3121 1348; x_wconf 74' lang='lat' dir='ltr'>dicitur</span> <span class='ocrx_word' id='word_1_185' title='bbox 3170 1310 3278 1364; x_wconf 87' lang='lat' dir='ltr'>pax</span> <span class='ocrx_word' id='word_1_186' title='bbox 3331 1309 3507 1364; x_wconf 92' lang='lat' dir='ltr'>super</span> <span class='ocrx_word' id='word_1_187' title='bbox 3552 1292 3745 1348; x_wconf 90' lang='lat' dir='ltr'>Israel.</span> <span class='ocrx_word' id='word_1_188' title='bbox 3796 1293 3966 1363; x_wconf 88' lang='lat' dir='ltr'>Super</span> 
     </span>
    </p>
   </div>
   <div class='ocr_carea' id='block_1_27' title="bbox 2342 1381 3967 1454">
    <p class='ocr_par' dir='ltr' id='par_1_27' title="bbox 2342 1381 3967 1454">
     <span class='ocr_line' id='line_1_27' title="bbox 2342 1381 3967 1454; baseline 0.001 -18"><span class='ocrx_word' id='word_1_189' title='bbox 2342 1398 2440 1437; x_wconf 91' lang='lat' dir='ltr'>eos</span> <span class='ocrx_word' id='word_1_190' title='bbox 2473 1383 2575 1454; x_wconf 86' lang='lat' dir='ltr'>qui</span> <span class='ocrx_word' id='word_1_191' title='bbox 2625 1383 2841 1438; x_wconf 88' lang='lat' dir='ltr'>habent</span> <span class='ocrx_word' id='word_1_192' title='bbox 2892 1386 3146 1438; x_wconf 88' lang='lat' dir='ltr'>mentem</span> <span class='ocrx_word' id='word_1_193' title='bbox 3197 1383 3485 1437; x_wconf 89' lang='lat' dir='ltr'>videntem</span> <span class='ocrx_word' id='word_1_194' title='bbox 3558 1381 3760 1437; x_wconf 92' lang='lat' dir='ltr'>Deum.</span> <span class='ocrx_word' id='word_1_195' title='bbox 3820 1383 3967 1438; x_wconf 86' lang='lat' dir='ltr'>Mens</span> 
     </span>
    </p>
   </div>
   <div class='ocr_carea' id='block_1_28' title="bbox 2344 1470 3967 1542">
    <p class='ocr_par' dir='ltr' id='par_1_28' title="bbox 2344 1470 3967 1542">
     <span class='ocr_line' id='line_1_28' title="bbox 2344 1470 3967 1542; baseline 0.001 -18"><span class='ocrx_word' id='word_1_196' title='bbox 2344 1487 2472 1525; x_wconf 90' lang='lat' dir='ltr'>mea</span> <span class='ocrx_word' id='word_1_197' title='bbox 2502 1472 2550 1526; x_wconf 89' lang='lat' dir='ltr'>si</span> <span class='ocrx_word' id='word_1_198' title='bbox 2584 1471 2854 1526; x_wconf 90' lang='lat' dir='ltr'>habuerit</span> <span class='ocrx_word' id='word_1_199' title='bbox 2881 1471 3162 1527; x_wconf 89' lang='lat' dir='ltr'>visionem</span> <span class='ocrx_word' id='word_1_200' title='bbox 3197 1470 3320 1538; x_wconf 90' lang='lat' dir='ltr'>Dei,</span> <span class='ocrx_word' id='word_1_201' title='bbox 3351 1471 3398 1526; x_wconf 90' lang='lat' dir='ltr'>si</span> <span class='ocrx_word' id='word_1_202' title='bbox 3432 1487 3660 1542; x_wconf 89' lang='lat' dir='ltr'>semper</span> <span class='ocrx_word' id='word_1_203' title='bbox 3689 1470 3967 1526; x_wconf 88' lang='lat' dir='ltr'>Christum</span> 
     </span>
    </p>
   </div>
   <div class='ocr_carea' id='block_1_29' title="bbox 2339 1559 3968 1631">
    <p class='ocr_par' dir='ltr' id='par_1_29' title="bbox 2339 1559 3968 1631">
     <span class='ocr_line' id='line_1_29' title="bbox 2339 1559 3968 1631; baseline 0.001 -18"><span class='ocrx_word' id='word_1_204' title='bbox 2339 1559 2556 1624; x_wconf 83' lang='lat' dir='ltr'>videro,</span> <span class='ocrx_word' id='word_1_205' title='bbox 2590 1561 2736 1616; x_wconf 90' lang='lat' dir='ltr'>alios</span> <span class='ocrx_word' id='word_1_206' title='bbox 2803 1578 2916 1616; x_wconf 90' lang='lat' dir='ltr'>nan</span> <span class='ocrx_word' id='word_1_207' title='bbox 2984 1561 3212 1616; x_wconf 84' lang='lat' dir='ltr'>videbo.</span> <span class='ocrx_word' id='word_1_208' title='bbox 3281 1560 3623 1631; x_wconf 90' lang='lat' dir='ltr'>Quicunque</span> <span class='ocrx_word' id='word_1_209' title='bbox 3687 1559 3968 1614; x_wconf 85' lang='lat' dir='ltr'>Christum</span> 
     </span>
    </p>
   </div>
   <div class='ocr_carea' id='block_1_30' title="bbox 2341 1648 3972 1722">
    <p class='ocr_par' dir='ltr' id='par_1_30' title="bbox 2341 1648 3972 1722">
     <span class='ocr_line' id='line_1_30' title="bbox 2341 1648 3972 1722; baseline -0.001 -18"><span class='ocrx_word' id='word_1_210' title='bbox 2341 1648 2595 1704; x_wconf 87' lang='lat' dir='ltr'>babetiu</span> <span class='ocrx_word' id='word_1_211' title='bbox 2630 1667 2712 1714; x_wconf 90' lang='lat' dir='ltr'>se,</span> <span class='ocrx_word' id='word_1_212' title='bbox 2745 1650 2923 1704; x_wconf 90' lang='lat' dir='ltr'>habet</span> <span class='ocrx_word' id='word_1_213' title='bbox 2961 1650 3020 1704; x_wconf 94' lang='lat' dir='ltr'>in</span> <span class='ocrx_word' id='word_1_214' title='bbox 3067 1666 3127 1704; x_wconf 91' lang='lat' dir='ltr'>se</span> <span class='ocrx_word' id='word_1_215' title='bbox 3152 1650 3158 1657; x_wconf 87' lang='grc'><em>’</em></span> <span class='ocrx_word' id='word_1_216' title='bbox 3182 1665 3406 1722; x_wconf 90' lang='lat' dir='ltr'>pacem.</span> <span class='ocrx_word' id='word_1_217' title='bbox 3461 1651 3663 1704; x_wconf 80' lang='lat' dir='ltr'>Pacem</span> <span class='ocrx_word' id='word_1_218' title='bbox 3708 1665 3882 1702; x_wconf 82' lang='lat' dir='ltr'>meam</span> <span class='ocrx_word' id='word_1_219' title='bbox 3909 1648 3972 1704; x_wconf 86' lang='lat' dir='ltr'>do</span> 
     </span>
    </p>
   </div>
   <div class='ocr_carea' id='block_1_31' title="bbox 2338 1738 3965 1811">
    <p class='ocr_par' dir='ltr' id='par_1_31' title="bbox 2338 1738 3965 1811">
     <span class='ocr_line' id='line_1_31' title="bbox 2338 1738 3965 1811; baseline -0.002 -17"><span class='ocrx_word' id='word_1_220' title='bbox 2338 1740 2506 1794; x_wconf 74' lang='lat' dir='ltr'>vobis.</span> <span class='ocrx_word' id='word_1_221' title='bbox 2535 1756 2726 1810; x_wconf 72' lang='lat' dir='ltr'>pacem</span> <span class='ocrx_word' id='word_1_222' title='bbox 2758 1756 2937 1794; x_wconf 84' lang='lat' dir='ltr'>meam</span> <span class='ocrx_word' id='word_1_223' title='bbox 2977 1739 3225 1811; x_wconf 80' lang='lat' dir='ltr'>relinquo</span> <span class='ocrx_word' id='word_1_224' title='bbox 3273 1738 3419 1794; x_wconf 84' lang='lat' dir='ltr'>vobis</span> <span class='ocrx_word' id='word_1_225' title='bbox 3467 1740 3640 1807; x_wconf 85' lang='lat' dir='ltr'>(Joan.</span> <span class='ocrx_word' id='word_1_226' title='bbox 3691 1755 3803 1804; x_wconf 83' lang='lat' dir='ltr'>xw,</span> <span class='ocrx_word' id='word_1_227' title='bbox 3857 1739 3965 1802; x_wconf 82' lang='lat'>27).</span> 
     </span>
    </p>
   </div>
   <div class='ocr_carea' id='block_1_32' title="bbox 2343 1826 3972 1900">
    <p class='ocr_par' dir='ltr' id='par_1_32' title="bbox 2343 1826 3972 1900">
     <span class='ocr_line' id='line_1_32' title="bbox 2343 1826 3972 1900; baseline -0.002 -17"><span class='ocrx_word' id='word_1_228' title='bbox 2343 1828 2506 1883; x_wconf 83' lang='lat' dir='ltr'>Licet</span> <span class='ocrx_word' id='word_1_229' title='bbox 2531 1829 2650 1883; x_wconf 91' lang='lat' dir='ltr'>sint</span> <span class='ocrx_word' id='word_1_230' title='bbox 2700 1828 2897 1884; x_wconf 70' lang='lat' dir='ltr'>multa:</span> <span class='ocrx_word' id='word_1_231' title='bbox 2950 1827 3407 1900; x_wconf 88' lang='lat' dir='ltr'>persecutiones,</span> <span class='ocrx_word' id='word_1_232' title='bbox 3461 1826 3596 1881; x_wconf 92' lang='lat' dir='ltr'>licet</span> <span class='ocrx_word' id='word_1_233' title='bbox 3645 1827 3811 1882; x_wconf 88' lang='lat' dir='ltr'>multi</span> <span class='ocrx_word' id='word_1_234' title='bbox 3861 1827 3972 1881; x_wconf 89' lang='lat' dir='ltr'>sint</span> 
     </span>
    </p>
   </div>
   <div class='ocr_carea' id='block_1_33' title="bbox 585 1912 3970 2010">
    <p class='ocr_par' dir='ltr' id='par_1_33' title="bbox 585 1912 3970 2010">
     <span class='ocr_line' id='line_1_33' title="bbox 585 1912 3970 2010; baseline 0.002 -46"><span class='ocrx_word' id='word_1_235' title='bbox 585 1927 725 1965; x_wconf 91' lang='lat' dir='ltr'>num</span> <span class='ocrx_word' id='word_1_236' title='bbox 759 1912 1219 1984; x_wconf 88' lang='lat' dir='ltr'>vigorem.Putas</span> <span class='ocrx_word' id='word_1_237' title='bbox 1251 1917 1378 1971; x_wconf 87' lang='lat' dir='ltr'>sine</span> <span class='ocrx_word' id='word_1_238' title='bbox 1408 1934 1586 1972; x_wconf 87' lang='lat' dir='ltr'>causa</span> <span class='ocrx_word' id='word_1_239' title='bbox 1607 1935 1762 1972; x_wconf 91' lang='lat' dir='ltr'>nunc</span> <span class='ocrx_word' id='word_1_240' title='bbox 1782 1919 1998 1974; x_wconf 90' lang='lat' dir='ltr'>dicitur</span> <span class='ocrx_word' id='word_1_241' title='bbox 2027 1919 2227 1973; x_wconf 91' lang='lat' dir='ltr'>vinum</span> <span class='ocrx_word' id='word_1_242' title='bbox 2261 1946 2305 2010; x_wconf 80' lang='grc' dir='ltr'>Β</span> <span class='ocrx_word' id='word_1_243' title='bbox 2341 1918 2439 1989; x_wconf 90' lang='lat' dir='ltr'>qui</span> <span class='ocrx_word' id='word_1_244' title='bbox 2470 1923 2915 1990; x_wconf 87' lang='lat' dir='ltr'>persequantur,</span> <span class='ocrx_word' id='word_1_245' title='bbox 2949 1922 3145 1972; x_wconf 87' lang='lat' dir='ltr'>tamen</span> <span class='ocrx_word' id='word_1_246' title='bbox 3177 1917 3237 1972; x_wconf 89' lang='lat' dir='ltr'>in</span> <span class='ocrx_word' id='word_1_247' title='bbox 3285 1934 3398 1988; x_wconf 89' lang='lat' dir='ltr'>quo</span> <span class='ocrx_word' id='word_1_248' title='bbox 3441 1915 3704 1971; x_wconf 88' lang='lat' dir='ltr'>Christus</span> <span class='ocrx_word' id='word_1_249' title='bbox 3732 1915 3970 1980; x_wconf 87' lang='lat' dir='ltr'>habitat,</span> 
     </span>
    </p>
   </div>
   <div class='ocr_carea' id='block_1_34' title="bbox 581 1999 2218 2075">
    <p class='ocr_par' dir='ltr' id='par_1_34' title="bbox 581 1999 2218 2075">
     <span class='ocr_line' id='line_1_34' title="bbox 581 1999 2218 2075; baseline 0.006 -22"><span class='ocrx_word' id='word_1_250' title='bbox 581 2003 637 2054; x_wconf 90' lang='lat' dir='ltr'>et</span> <span class='ocrx_word' id='word_1_251' title='bbox 662 1999 851 2056; x_wconf 92' lang='lat' dir='ltr'>oleum</span> <span class='ocrx_word' id='word_1_252' title='bbox 884 2002 911 2056; x_wconf 90' lang='lat'><strong>?</strong></span> <span class='ocrx_word' id='word_1_253' title='bbox 942 2003 1066 2058; x_wconf 91' lang='lat' dir='ltr'>Non</span> <span class='ocrx_word' id='word_1_254' title='bbox 1099 2004 1287 2075; x_wconf 92' lang='lat' dir='ltr'>potuit</span> <span class='ocrx_word' id='word_1_255' title='bbox 1316 2005 1430 2061; x_wconf 90' lang='lat' dir='ltr'>mel</span> <span class='ocrx_word' id='word_1_256' title='bbox 1462 2006 1601 2074; x_wconf 90' lang='lat' dir='ltr'>dici,</span> <span class='ocrx_word' id='word_1_257' title='bbox 1635 2024 1747 2062; x_wconf 92' lang='lat' dir='ltr'>non</span> <span class='ocrx_word' id='word_1_258' title='bbox 1782 2007 1896 2062; x_wconf 90' lang='lat' dir='ltr'>alia</span> <span class='ocrx_word' id='word_1_259' title='bbox 1935 2014 2218 2074; x_wconf 88' lang='lat' dir='ltr'>aromata,</span> 
     </span>
    </p>
   </div>
   <div class='ocr_carea' id='block_1_35' title="bbox 582 2088 2220 2155">
    <p class='ocr_par' dir='ltr' id='par_1_35' title="bbox 582 2088 2220 2155">
     <span class='ocr_line' id='line_1_35' title="bbox 582 2088 2220 2155; baseline 0.005 -12"><span class='ocrx_word' id='word_1_260' title='bbox 582 2104 695 2144; x_wconf 91' lang='lat' dir='ltr'>non</span> <span class='ocrx_word' id='word_1_261' title='bbox 726 2088 840 2144; x_wconf 91' lang='lat' dir='ltr'>alia</span> <span class='ocrx_word' id='word_1_262' title='bbox 869 2092 1060 2155; x_wconf 87' lang='lat' dir='ltr'>arbor.</span> <span class='ocrx_word' id='word_1_263' title='bbox 1089 2095 1189 2148; x_wconf 89' lang='lat' dir='ltr'>sed</span> <span class='ocrx_word' id='word_1_264' title='bbox 1230 2099 1462 2150; x_wconf 90' lang='lat' dir='ltr'>tantum</span> <span class='ocrx_word' id='word_1_265' title='bbox 1512 2097 1644 2152; x_wconf 89' lang='lat' dir='ltr'>vitis</span> <span class='ocrx_word' id='word_1_266' title='bbox 1692 2102 1748 2152; x_wconf 89' lang='lat' dir='ltr'>et</span> <span class='ocrx_word' id='word_1_267' title='bbox 1788 2097 1956 2153; x_wconf 90' lang='lat' dir='ltr'>oliva.</span> <span class='ocrx_word' id='word_1_268' title='bbox 2006 2098 2220 2152; x_wconf 87' lang='lat' dir='ltr'>Vinum</span> 
     </span>
    </p>
   </div>
   <div class='ocr_carea' id='block_1_36' title="bbox 587 2178 2220 2253">
    <p class='ocr_par' dir='ltr' id='par_1_36' title="bbox 587 2178 2220 2253">
     <span class='ocr_line' id='line_1_36' title="bbox 587 2178 2220 2253; baseline 0.006 -21"><span class='ocrx_word' id='word_1_269' title='bbox 587 2181 641 2233; x_wconf 88' lang='lat' dir='ltr'>et</span> <span class='ocrx_word' id='word_1_270' title='bbox 675 2178 890 2235; x_wconf 90' lang='lat' dir='ltr'>oleum.</span> <span class='ocrx_word' id='word_1_271' title='bbox 925 2182 985 2236; x_wconf 91' lang='lat' dir='ltr'>In</span> <span class='ocrx_word' id='word_1_272' title='bbox 1020 2183 1151 2238; x_wconf 90' lang='lat' dir='ltr'>vino</span> <span class='ocrx_word' id='word_1_273' title='bbox 1185 2185 1519 2253; x_wconf 90' lang='lat' dir='ltr'>austeritas,</span> <span class='ocrx_word' id='word_1_274' title='bbox 1555 2186 1612 2241; x_wconf 91' lang='lat' dir='ltr'>in</span> <span class='ocrx_word' id='word_1_275' title='bbox 1647 2186 1769 2242; x_wconf 92' lang='lat' dir='ltr'>oleo</span> <span class='ocrx_word' id='word_1_276' title='bbox 1803 2187 2220 2242; x_wconf 84' lang='lat' dir='ltr'>misericordia.</span> 
     </span>
    </p>
   </div>
   <div class='ocr_carea' id='block_1_37' title="bbox 581 2268 2222 2343">
    <p class='ocr_par' dir='ltr' id='par_1_37' title="bbox 581 2268 2222 2343">
     <span class='ocr_line' id='line_1_37' title="bbox 581 2268 2222 2343; baseline 0.006 -21"><span class='ocrx_word' id='word_1_277' title='bbox 581 2268 836 2340; x_wconf 89' lang='lat' dir='ltr'>Denique</span> <span class='ocrx_word' id='word_1_278' title='bbox 868 2269 963 2326; x_wconf 90' lang='lat' dir='ltr'>ille</span> <span class='ocrx_word' id='word_1_279' title='bbox 985 2273 1086 2343; x_wconf 88' lang='lat' dir='ltr'>qui</span> <span class='ocrx_word' id='word_1_280' title='bbox 1118 2273 1190 2328; x_wconf 86' lang='lat' dir='ltr'>de</span> <span class='ocrx_word' id='word_1_281' title='bbox 1238 2273 1561 2331; x_wconf 85' lang='lat' dir='ltr'>Jerusalem</span> <span class='ocrx_word' id='word_1_282' title='bbox 1618 2277 1846 2332; x_wconf 88' lang='lat' dir='ltr'>Jericho</span> <span class='ocrx_word' id='word_1_283' title='bbox 1903 2278 2222 2333; x_wconf 87' lang='lat' dir='ltr'>descende-</span> 
     </span>
    </p>
   </div>
   <div class='ocr_carea' id='block_1_38' title="bbox 581 2355 2218 2434">
    <p class='ocr_par' dir='ltr' id='par_1_38' title="bbox 581 2355 2218 2434">
     <span class='ocr_line' id='line_1_38' title="bbox 581 2355 2218 2434; baseline 0.007 -23"><span class='ocrx_word' id='word_1_284' title='bbox 581 2355 701 2424; x_wconf 88' lang='lat' dir='ltr'>bat,</span> <span class='ocrx_word' id='word_1_285' title='bbox 759 2359 856 2428; x_wconf 91' lang='lat' dir='ltr'>qui</span> <span class='ocrx_word' id='word_1_286' title='bbox 927 2360 1263 2418; x_wconf 90' lang='lat' dir='ltr'>vulneratus</span> <span class='ocrx_word' id='word_1_287' title='bbox 1313 2365 1523 2431; x_wconf 80' lang='lat' dir='ltr'>fuerat,</span> <span class='ocrx_word' id='word_1_288' title='bbox 1567 2366 1894 2432; x_wconf 89' lang='lat' dir='ltr'>Samaritis,</span> <span class='ocrx_word' id='word_1_289' title='bbox 1945 2365 2053 2422; x_wconf 91' lang='lat' dir='ltr'>hoc</span> <span class='ocrx_word' id='word_1_290' title='bbox 2112 2371 2218 2434; x_wconf 87' lang='lat' dir='ltr'>est,</span> 
     </span>
    </p>
   </div>
   <div class='ocr_carea' id='block_1_39' title="bbox 581 2448 2217 2524">
    <p class='ocr_par' dir='ltr' id='par_1_39' title="bbox 581 2448 2217 2524">
     <span class='ocr_line' id='line_1_39' title="bbox 581 2448 2217 2524; baseline 0.006 -24"><span class='ocrx_word' id='word_1_291' title='bbox 581 2455 776 2515; x_wconf 84' lang='lat' dir='ltr'>custos,</span> <span class='ocrx_word' id='word_1_292' title='bbox 811 2448 956 2504; x_wconf 91' lang='lat' dir='ltr'>nihil</span> <span class='ocrx_word' id='word_1_293' title='bbox 989 2450 1040 2505; x_wconf 91' lang='lat' dir='ltr'>ei</span> <span class='ocrx_word' id='word_1_294' title='bbox 1076 2452 1331 2508; x_wconf 84' lang='lat' dir='ltr'>infundit</span> <span class='ocrx_word' id='word_1_295' title='bbox 1360 2455 1474 2510; x_wconf 90' lang='lat' dir='ltr'>nisi</span> <span class='ocrx_word' id='word_1_296' title='bbox 1505 2454 1706 2510; x_wconf 90' lang='lat' dir='ltr'>vinum</span> <span class='ocrx_word' id='word_1_297' title='bbox 1737 2460 1794 2510; x_wconf 90' lang='lat' dir='ltr'>et</span> <span class='ocrx_word' id='word_1_298' title='bbox 1850 2456 2041 2511; x_wconf 89' lang='lat' dir='ltr'>oleum</span> <span class='ocrx_word' id='word_1_299' title='bbox 2065 2460 2217 2524; x_wconf 82' lang='lat' dir='ltr'>(Luc.</span> 
     </span>
    </p>
   </div>
   <div class='ocr_carea' id='block_1_40' title="bbox 583 2537 2218 2618">
    <p class='ocr_par' dir='ltr' id='par_1_40' title="bbox 583 2537 2218 2618">
     <span class='ocr_line' id='line_1_40' title="bbox 583 2537 2218 2618; baseline 0.006 -29"><span class='ocrx_word' id='word_1_300' title='bbox 583 2551 639 2602; x_wconf 85' lang='lat' dir='ltr'>x,</span> <span class='ocrx_word' id='word_1_301' title='bbox 670 2537 880 2606; x_wconf 61' lang='lat'>30-3—4).</span> <span class='ocrx_word' id='word_1_302' title='bbox 935 2539 1142 2595; x_wconf 90' lang='lat' dir='ltr'>Vinum</span> <span class='ocrx_word' id='word_1_303' title='bbox 1195 2544 1599 2600; x_wconf 88' lang='lat' dir='ltr'>austeritatem</span> <span class='ocrx_word' id='word_1_304' title='bbox 1646 2551 2085 2618; x_wconf 73' lang='lat' dir='ltr'>praeceptorum,</span> <span class='ocrx_word' id='word_1_305' title='bbox 2137 2546 2218 2599; x_wconf 90' lang='lat' dir='ltr'>vi-</span> 
     </span>
    </p>
   </div>
   <div class='ocr_carea' id='block_1_41' title="bbox 586 2629 2224 2705">
    <p class='ocr_par' dir='ltr' id='par_1_41' title="bbox 586 2629 2224 2705">
     <span class='ocr_line' id='line_1_41' title="bbox 586 2629 2224 2705; baseline 0.007 -27"><span class='ocrx_word' id='word_1_306' title='bbox 586 2641 725 2680; x_wconf 91' lang='lat' dir='ltr'>num</span> <span class='ocrx_word' id='word_1_307' title='bbox 759 2629 1018 2700; x_wconf 85' lang='lat' dir='ltr'>typicum</span> <span class='ocrx_word' id='word_1_308' title='bbox 1056 2655 1069 2696; x_wconf 90' lang='lat'><strong>;</strong></span> <span class='ocrx_word' id='word_1_309' title='bbox 1104 2636 1168 2687; x_wconf 89' lang='lat' dir='ltr'>ut</span> <span class='ocrx_word' id='word_1_310' title='bbox 1194 2633 1583 2705; x_wconf 88' lang='lat' dir='ltr'>quodcunque</span> <span class='ocrx_word' id='word_1_311' title='bbox 1643 2633 1779 2689; x_wconf 90' lang='lat' dir='ltr'>mali</span> <span class='ocrx_word' id='word_1_312' title='bbox 1837 2634 2102 2690; x_wconf 88' lang='lat' dir='ltr'>humoris</span> <span class='ocrx_word' id='word_1_313' title='bbox 2135 2639 2224 2690; x_wconf 91' lang='lat' dir='ltr'>est</span> 
     </span>
    </p>
   </div>
   <div class='ocr_carea' id='block_1_42' title="bbox 583 2721 2224 2787">
    <p class='ocr_par' dir='ltr' id='par_1_42' title="bbox 583 2721 2224 2787">
     <span class='ocr_line' id='line_1_42' title="bbox 583 2721 2224 2787; baseline 0.006 -19"><span class='ocrx_word' id='word_1_314' title='bbox 583 2722 866 2787; x_wconf 86' lang='lat' dir='ltr'>excoquat</span> <span class='ocrx_word' id='word_1_315' title='bbox 898 2722 953 2773; x_wconf 87' lang='lat' dir='ltr'>et</span> <span class='ocrx_word' id='word_1_316' title='bbox 982 2721 1339 2778; x_wconf 89' lang='lat' dir='ltr'>excomedat.</span> <span class='ocrx_word' id='word_1_317' title='bbox 1368 2723 1654 2785; x_wconf 89' lang='lat' dir='ltr'>Quoniam</span> <span class='ocrx_word' id='word_1_318' title='bbox 1707 2729 1901 2779; x_wconf 79' lang='lat' dir='ltr'>autem</span> <span class='ocrx_word' id='word_1_319' title='bbox 1964 2725 2224 2779; x_wconf 88' lang='lat' dir='ltr'>humana</span> 
     </span>
    </p>
   </div>
   <div class='ocr_carea' id='block_1_43' title="bbox 582 2802 2224 2879">
    <p class='ocr_par' dir='ltr' id='par_1_43' title="bbox 582 2802 2224 2879">
     <span class='ocr_line' id='line_1_43' title="bbox 582 2802 2224 2879; baseline 0.007 -23"><span class='ocrx_word' id='word_1_320' title='bbox 582 2802 868 2875; x_wconf 81' lang='lat' dir='ltr'>fragilitas</span> <span class='ocrx_word' id='word_1_321' title='bbox 901 2824 1012 2862; x_wconf 92' lang='lat' dir='ltr'>non</span> <span class='ocrx_word' id='word_1_322' title='bbox 1048 2815 1237 2879; x_wconf 87' lang='lat' dir='ltr'>potest</span> <span class='ocrx_word' id='word_1_323' title='bbox 1265 2811 1564 2867; x_wconf 88' lang='lat' dir='ltr'>veritatem</span> <span class='ocrx_word' id='word_1_324' title='bbox 1625 2813 1789 2869; x_wconf 88' lang='lat' dir='ltr'>ferre.</span> <span class='ocrx_word' id='word_1_325' title='bbox 1821 2815 1886 2870; x_wconf 90' lang='lat' dir='ltr'>Si</span> <span class='ocrx_word' id='word_1_326' title='bbox 1937 2816 2085 2869; x_wconf 85' lang='lat' dir='ltr'>enim</span> <span class='ocrx_word' id='word_1_327' title='bbox 2118 2815 2224 2868; x_wconf 84' lang='lat' dir='ltr'>ini-</span> 
     </span>
    </p>
   </div>
   <div class='ocr_carea' id='block_1_44' title="bbox 585 2895 2223 2974">
    <p class='ocr_par' dir='ltr' id='par_1_44' title="bbox 585 2895 2223 2974">
     <span class='ocr_line' id='line_1_44' title="bbox 585 2895 2223 2974; baseline 0.007 -28"><span class='ocrx_word' id='word_1_328' title='bbox 585 2895 818 2962; x_wconf 86' lang='lat' dir='ltr'>quitates</span> <span class='ocrx_word' id='word_1_329' title='bbox 847 2897 1119 2965; x_wconf 83' lang='lat' dir='ltr'>attendas,</span> <span class='ocrx_word' id='word_1_330' title='bbox 1174 2901 1424 2968; x_wconf 83' lang='lat' dir='ltr'>Domine,</span> <span class='ocrx_word' id='word_1_331' title='bbox 1465 2904 1712 2969; x_wconf 80' lang='lat' dir='ltr'>Domine,</span> <span class='ocrx_word' id='word_1_332' title='bbox 1763 2907 1884 2974; x_wconf 80' lang='lat' dir='ltr'>quis</span> <span class='ocrx_word' id='word_1_333' title='bbox 1933 2904 2223 2958; x_wconf 79' lang='lat' dir='ltr'>sustinebit</span> 
     </span>
    </p>
   </div>
   <div class='ocr_carea' id='block_1_45' title="bbox 586 2982 2228 3062">
    <p class='ocr_par' dir='ltr' id='par_1_45' title="bbox 586 2982 2228 3062">
     <span class='ocr_line' id='line_1_45' title="bbox 586 2982 2228 3062; baseline 0.008 -27"><span class='ocrx_word' id='word_1_334' title='bbox 586 2982 755 3051; x_wconf 87' lang='lat' dir='ltr'>(Psal.</span> <span class='ocrx_word' id='word_1_335' title='bbox 790 3000 976 3055; x_wconf 84' lang='lat' dir='ltr'>cxx1x,</span> <span class='ocrx_word' id='word_1_336' title='bbox 1036 2987 1146 3056; x_wconf 82' lang='lat'>3)?</span> <span class='ocrx_word' id='word_1_337' title='bbox 1182 2990 1240 3044; x_wconf 90' lang='lat' dir='ltr'>Si</span> <span class='ocrx_word' id='word_1_338' title='bbox 1299 2990 1456 3045; x_wconf 88' lang='lat' dir='ltr'>enim</span> <span class='ocrx_word' id='word_1_339' title='bbox 1517 2996 1745 3047; x_wconf 89' lang='lat' dir='ltr'>tantum</span> <span class='ocrx_word' id='word_1_340' title='bbox 1792 2993 1994 3062; x_wconf 86' lang='lat' dir='ltr'>justus</span> <span class='ocrx_word' id='word_1_341' title='bbox 2055 2993 2228 3048; x_wconf 87' lang='lat' dir='ltr'>fuerit</span> 
     </span>
    </p>
   </div>
   <div class='ocr_carea' id='block_1_46' title="bbox 593 3071 2230 3154">
    <p class='ocr_par' dir='ltr' id='par_1_46' title="bbox 593 3071 2230 3154">
     <span class='ocr_line' id='line_1_46' title="bbox 593 3071 2230 3154; baseline 0.007 -28"><span class='ocrx_word' id='word_1_342' title='bbox 593 3071 895 3143; x_wconf 70' lang='lat' dir='ltr'>Dominus,</span> <span class='ocrx_word' id='word_1_343' title='bbox 940 3092 1046 3131; x_wconf 90' lang='lat' dir='ltr'>nos</span> <span class='ocrx_word' id='word_1_344' title='bbox 1106 3078 1296 3133; x_wconf 85' lang='lat' dir='ltr'>vivere</span> <span class='ocrx_word' id='word_1_345' title='bbox 1347 3097 1461 3134; x_wconf 90' lang='lat' dir='ltr'>non</span> <span class='ocrx_word' id='word_1_346' title='bbox 1520 3098 1856 3152; x_wconf 87' lang='lat' dir='ltr'>possumus.</span> <span class='ocrx_word' id='word_1_347' title='bbox 1920 3087 2230 3154; x_wconf 82' lang='lat' dir='ltr'>PrOpterea</span> 
     </span>
    </p>
   </div>
   <div class='ocr_carea' id='block_1_47' title="bbox 579 3161 2226 3238">
    <p class='ocr_par' dir='ltr' id='par_1_47' title="bbox 579 3161 2226 3238">
     <span class='ocr_line' id='line_1_47' title="bbox 579 3161 2226 3238; baseline 0.009 -25"><span class='ocrx_word' id='word_1_348' title='bbox 579 3161 824 3230; x_wconf 71' lang='lat' dir='ltr'>justitiaa</span> <span class='ocrx_word' id='word_1_349' title='bbox 857 3162 1062 3236; x_wconf 91' lang='lat' dir='ltr'>ipsius,</span> <span class='ocrx_word' id='word_1_350' title='bbox 1098 3165 1206 3220; x_wconf 91' lang='lat' dir='ltr'>hoc</span> <span class='ocrx_word' id='word_1_351' title='bbox 1235 3171 1342 3238; x_wconf 89' lang='lat' dir='ltr'>est,</span> <span class='ocrx_word' id='word_1_352' title='bbox 1375 3167 1507 3223; x_wconf 89' lang='lat' dir='ltr'>vino</span> <span class='ocrx_word' id='word_1_353' title='bbox 1567 3169 1978 3227; x_wconf 63' lang='lat' dir='ltr'>misericordia:</span> <span class='ocrx_word' id='word_1_354' title='bbox 2035 3172 2226 3228; x_wconf 90' lang='lat' dir='ltr'>oleum</span> 
     </span>
    </p>
   </div>
   <div class='ocr_carea' id='block_1_48' title="bbox 584 3250 1057 3322">
    <p class='ocr_par' dir='ltr' id='par_1_48' title="bbox 584 3250 1057 3322">
     <span class='ocr_line' id='line_1_48' title="bbox 584 3250 1057 3322; baseline 0.004 -18"><span class='ocrx_word' id='word_1_355' title='bbox 584 3250 931 3322; x_wconf 87' lang='lat' dir='ltr'>adjunctum</span> <span class='ocrx_word' id='word_1_356' title='bbox 953 3259 1057 3309; x_wconf 90' lang='lat' dir='ltr'>est.</span> 
     </span>
    </p>
   </div>
   <div class='ocr_carea' id='block_1_49' title="bbox 2340 2005 3971 2079">
    <p class='ocr_par' dir='ltr' id='par_1_49' title="bbox 2340 2005 3971 2079">
     <span class='ocr_line' id='line_1_49' title="bbox 2340 2005 3971 2079; baseline -0.001 -18"><span class='ocrx_word' id='word_1_357' title='bbox 2340 2005 2436 2062; x_wconf 91' lang='lat' dir='ltr'>ille</span> <span class='ocrx_word' id='word_1_358' title='bbox 2469 2024 2700 2079; x_wconf 90' lang='lat' dir='ltr'>semper</span> <span class='ocrx_word' id='word_1_359' title='bbox 2727 2008 3022 2062; x_wconf 86' lang='lat' dir='ltr'>Christum</span> <span class='ocrx_word' id='word_1_360' title='bbox 3053 2007 3226 2062; x_wconf 84' lang='lat' dir='ltr'>habet</span> <span class='ocrx_word' id='word_1_361' title='bbox 3261 2025 3274 2062; x_wconf 89' lang='lat'><strong>:</strong></span> <span class='ocrx_word' id='word_1_362' title='bbox 3311 2006 3402 2062; x_wconf 91' lang='lat' dir='ltr'>cui</span> <span class='ocrx_word' id='word_1_363' title='bbox 3435 2006 3510 2062; x_wconf 90' lang='lat' dir='ltr'>sit</span> <span class='ocrx_word' id='word_1_364' title='bbox 3563 2005 3745 2078; x_wconf 82' lang='lat' dir='ltr'>gloria</span> <span class='ocrx_word' id='word_1_365' title='bbox 3779 2006 3833 2060; x_wconf 91' lang='lat' dir='ltr'>in</span> <span class='ocrx_word' id='word_1_366' title='bbox 3869 2023 3971 2060; x_wconf 76' lang='lat' dir='ltr'>sa:~</span> 
     </span>
    </p>
   </div>
   <div class='ocr_carea' id='block_1_50' title="bbox 2339 2096 3113 2152">
    <p class='ocr_par' dir='ltr' id='par_1_50' title="bbox 2339 2096 3113 2152">
     <span class='ocr_line' id='line_1_50' title="bbox 2339 2096 3113 2152; baseline 0.001 -1"><span class='ocrx_word' id='word_1_367' title='bbox 2339 2097 2470 2151; x_wconf 91' lang='lat' dir='ltr'>cula</span> <span class='ocrx_word' id='word_1_368' title='bbox 2504 2096 2873 2152; x_wconf 66' lang='lat' dir='ltr'>swculorum.</span> <span class='ocrx_word' id='word_1_369' title='bbox 2908 2099 3113 2152; x_wconf 85' lang='lat' dir='ltr'>Amen.</span> 
     </span>
    </p>
   </div>
   <div class='ocr_carea' id='block_1_51' title="bbox 2842 2185 3476 2242">
    <p class='ocr_par' dir='ltr' id='par_1_51' title="bbox 2842 2185 3476 2242">
     <span class='ocr_line' id='line_1_51' title="bbox 2842 2185 3476 2242; baseline -0.005 0"><span class='ocrx_word' id='word_1_370' title='bbox 2842 2186 3166 2242; x_wconf 87' lang='lat' dir='ltr'>PSALMUS</span> <span class='ocrx_word' id='word_1_371' title='bbox 3195 2185 3476 2241; x_wconf 80' lang='lat' dir='ltr'>CXXVIII.</span> 
     </span>
    </p>
   </div>
   <div class='ocr_carea' id='block_1_52' title="bbox 2414 2273 3979 2348">
    <p class='ocr_par' dir='ltr' id='par_1_52' title="bbox 2414 2273 3979 2348">
     <span class='ocr_line' id='line_1_52' title="bbox 2414 2273 3979 2348; baseline -0.002 -17"><span class='ocrx_word' id='word_1_372' title='bbox 2414 2300 2438 2323; x_wconf 89' lang='grc'>‹‹</span> <span class='ocrx_word' id='word_1_373' title='bbox 2478 2277 2638 2348; x_wconf 70' lang='lat' dir='ltr'>Saepe</span> <span class='ocrx_word' id='word_1_374' title='bbox 2668 2281 3144 2348; x_wconf 87' lang='lat' dir='ltr'>expugnaverunt</span> <span class='ocrx_word' id='word_1_375' title='bbox 3174 2293 3267 2330; x_wconf 91' lang='lat' dir='ltr'>me</span> <span class='ocrx_word' id='word_1_376' title='bbox 3307 2293 3338 2330; x_wconf 87' lang='lat' dir='ltr'>a</span> <span class='ocrx_word' id='word_1_377' title='bbox 3381 2277 3683 2346; x_wconf 88' lang='lat' dir='ltr'>juventute</span> <span class='ocrx_word' id='word_1_378' title='bbox 3716 2290 3859 2339; x_wconf 90' lang='lat' dir='ltr'>mea,</span> <span class='ocrx_word' id='word_1_379' title='bbox 3894 2273 3979 2328; x_wconf 87' lang='lat' dir='ltr'>di-</span> 
     </span>
    </p>
   </div>
   <div class='ocr_carea' id='block_1_53' title="bbox 2344 2365 3978 2438">
    <p class='ocr_par' dir='ltr' id='par_1_53' title="bbox 2344 2365 3978 2438">
     <span class='ocr_line' id='line_1_53' title="bbox 2344 2365 3978 2438; baseline -0.001 -18"><span class='ocrx_word' id='word_1_380' title='bbox 2344 2369 2434 2420; x_wconf 90' lang='lat' dir='ltr'>cat</span> <span class='ocrx_word' id='word_1_381' title='bbox 2461 2382 2616 2421; x_wconf 90' lang='lat' dir='ltr'>nunc</span> <span class='ocrx_word' id='word_1_382' title='bbox 2637 2366 2999 2436; x_wconf 77' lang='lat' dir='ltr'>Israel.Sa3pe</span> <span class='ocrx_word' id='word_1_383' title='bbox 3012 2369 3489 2438; x_wconf 86' lang='lat' dir='ltr'>expugnaverunt</span> <span class='ocrx_word' id='word_1_384' title='bbox 3511 2382 3600 2419; x_wconf 90' lang='lat' dir='ltr'>me</span> <span class='ocrx_word' id='word_1_385' title='bbox 3629 2365 3978 2434; x_wconf 87' lang='lat' dir='ltr'>ajuventute</span> 
     </span>
    </p>
   </div>
   <div class='ocr_carea' id='block_1_54' title="bbox 2343 2456 3975 2526">
    <p class='ocr_par' dir='ltr' id='par_1_54' title="bbox 2343 2456 3975 2526">
     <span class='ocr_line' id='line_1_54' title="bbox 2343 2456 3975 2526; baseline -0.001 -16"><span class='ocrx_word' id='word_1_386' title='bbox 2343 2472 2491 2510; x_wconf 88' lang='lat' dir='ltr'>mea.</span> <span class='ocrx_word' id='word_1_387' title='bbox 2529 2478 2556 2504; x_wconf 82' lang='lat'>»</span> <span class='ocrx_word' id='word_1_388' title='bbox 2591 2456 2712 2511; x_wconf 92' lang='lat' dir='ltr'>Duo</span> <span class='ocrx_word' id='word_1_389' title='bbox 2745 2456 3039 2511; x_wconf 91' lang='lat' dir='ltr'>dicuntur.</span> <span class='ocrx_word' id='word_1_390' title='bbox 3071 2457 3138 2510; x_wconf 86' lang='lat' dir='ltr'>Et</span> <span class='ocrx_word' id='word_1_391' title='bbox 3167 2472 3317 2526; x_wconf 71' lang='lat' dir='ltr'>saepe</span> <span class='ocrx_word' id='word_1_392' title='bbox 3362 2458 3831 2526; x_wconf 82' lang='lat' dir='ltr'>expugnaverunt</span> <span class='ocrx_word' id='word_1_393' title='bbox 3864 2469 3975 2522; x_wconf 89' lang='lat' dir='ltr'>me,</span> 
     </span>
    </p>
   </div>
   <div class='ocr_carea' id='block_1_55' title="bbox 2343 2542 3977 2616">
    <p class='ocr_par' dir='ltr' id='par_1_55' title="bbox 2343 2542 3977 2616">
     <span class='ocr_line' id='line_1_55' title="bbox 2343 2542 3977 2616; baseline -0.001 -17"><span class='ocrx_word' id='word_1_394' title='bbox 2343 2548 2398 2599; x_wconf 89' lang='lat' dir='ltr'>et</span> <span class='ocrx_word' id='word_1_395' title='bbox 2423 2561 2456 2599; x_wconf 92' lang='lat' dir='ltr'>a</span> <span class='ocrx_word' id='word_1_396' title='bbox 2477 2546 2788 2616; x_wconf 88' lang='lat' dir='ltr'>juventute</span> <span class='ocrx_word' id='word_1_397' title='bbox 2821 2561 2947 2600; x_wconf 88' lang='lat' dir='ltr'>mea</span> <span class='ocrx_word' id='word_1_398' title='bbox 2986 2548 3462 2616; x_wconf 82' lang='lat' dir='ltr'>expugnaverunt</span> <span class='ocrx_word' id='word_1_399' title='bbox 3523 2560 3633 2599; x_wconf 91' lang='lat' dir='ltr'>me.</span> <span class='ocrx_word' id='word_1_400' title='bbox 3665 2543 3811 2614; x_wconf 88' lang='lat' dir='ltr'>Ergo</span> <span class='ocrx_word' id='word_1_401' title='bbox 3841 2542 3886 2596; x_wconf 88' lang='lat' dir='ltr'>si</span> <span class='ocrx_word' id='word_1_402' title='bbox 3919 2542 3977 2597; x_wconf 91' lang='lat' dir='ltr'>in</span> 
     </span>
    </p>
   </div>
   <div class='ocr_carea' id='block_1_56' title="bbox 2345 2632 3979 2706">
    <p class='ocr_par' dir='ltr' id='par_1_56' title="bbox 2345 2632 3979 2706">
     <span class='ocr_line' id='line_1_56' title="bbox 2345 2632 3979 2706; baseline -0.001 -18"><span class='ocrx_word' id='word_1_403' title='bbox 2345 2635 2538 2689; x_wconf 90' lang='lat' dir='ltr'>media</span> <span class='ocrx_word' id='word_1_404' title='bbox 2567 2640 2739 2690; x_wconf 73' lang='lat' dir='ltr'>aztate</span> <span class='ocrx_word' id='word_1_405' title='bbox 2768 2651 2991 2706; x_wconf 84' lang='lat' dir='ltr'>ccepero</span> <span class='ocrx_word' id='word_1_406' title='bbox 3025 2635 3240 2688; x_wconf 89' lang='lat' dir='ltr'>servire</span> <span class='ocrx_word' id='word_1_407' title='bbox 3272 2633 3537 2699; x_wconf 90' lang='lat' dir='ltr'>Domino,</span> <span class='ocrx_word' id='word_1_408' title='bbox 3596 2632 3753 2688; x_wconf 89' lang='lat' dir='ltr'>verbi</span> <span class='ocrx_word' id='word_1_409' title='bbox 3795 2632 3979 2704; x_wconf 86' lang='lat' dir='ltr'>gratia</span> 
     </span>
    </p>
   </div>
   <div class='ocr_carea' id='block_1_57' title="bbox 2345 2721 3976 2796">
    <p class='ocr_par' dir='ltr' id='par_1_57' title="bbox 2345 2721 3976 2796">
     <span class='ocr_line' id='line_1_57' title="bbox 2345 2721 3976 2796; baseline -0.002 -17"><span class='ocrx_word' id='word_1_410' title='bbox 2345 2725 2734 2796; x_wconf 86' lang='lat' dir='ltr'>quadraginta</span> <span class='ocrx_word' id='word_1_411' title='bbox 2784 2741 3093 2790; x_wconf 91' lang='lat' dir='ltr'>annorum,</span> <span class='ocrx_word' id='word_1_412' title='bbox 3147 2740 3260 2778; x_wconf 94' lang='lat' dir='ltr'>non</span> <span class='ocrx_word' id='word_1_413' title='bbox 3311 2739 3551 2795; x_wconf 87' lang='lat' dir='ltr'>possum</span> <span class='ocrx_word' id='word_1_414' title='bbox 3592 2721 3799 2788; x_wconf 90' lang='lat' dir='ltr'>dicere,</span> <span class='ocrx_word' id='word_1_415' title='bbox 3823 2744 3848 2770; x_wconf 88' lang='grc'>‹‹</span> <span class='ocrx_word' id='word_1_416' title='bbox 3883 2738 3976 2776; x_wconf 85' lang='lat' dir='ltr'>ex-</span> 
     </span>
    </p>
   </div>
   <div class='ocr_carea' id='block_1_58' title="bbox 2345 2808 3978 2886">
    <p class='ocr_par' dir='ltr' id='par_1_58' title="bbox 2345 2808 3978 2886">
     <span class='ocr_line' id='line_1_58' title="bbox 2345 2808 3978 2886; baseline -0.002 -17"><span class='ocrx_word' id='word_1_417' title='bbox 2345 2819 2750 2886; x_wconf 88' lang='lat' dir='ltr'>pugnaverunt</span> <span class='ocrx_word' id='word_1_418' title='bbox 2783 2831 2873 2868; x_wconf 90' lang='lat' dir='ltr'>me</span> <span class='ocrx_word' id='word_1_419' title='bbox 2907 2831 2939 2868; x_wconf 91' lang='lat' dir='ltr'>a</span> <span class='ocrx_word' id='word_1_420' title='bbox 2961 2813 3272 2884; x_wconf 79' lang='lat' dir='ltr'>juventute.</span> <span class='ocrx_word' id='word_1_421' title='bbox 3307 2828 3487 2868; x_wconf 82' lang='lat' dir='ltr'>mea.»</span> <span class='ocrx_word' id='word_1_422' title='bbox 3521 2811 3629 2866; x_wconf 90' lang='lat' dir='ltr'>Sed</span> <span class='ocrx_word' id='word_1_423' title='bbox 3665 2810 3803 2882; x_wconf 89' lang='lat' dir='ltr'>quid</span> <span class='ocrx_word' id='word_1_424' title='bbox 3825 2808 3978 2865; x_wconf 87' lang='lat' dir='ltr'>dico?</span> 
     </span>
    </p>
   </div>
   <div class='ocr_carea' id='block_1_59' title="bbox 2344 2901 3978 2974">
    <p class='ocr_par' dir='ltr' id='par_1_59' title="bbox 2344 2901 3978 2974">
     <span class='ocr_line' id='line_1_59' title="bbox 2344 2901 3978 2974; baseline -0.005 -14"><span class='ocrx_word' id='word_1_425' title='bbox 2344 2904 2682 2960; x_wconf 89' lang='lat' dir='ltr'>occiderunt</span> <span class='ocrx_word' id='word_1_426' title='bbox 2714 2920 2807 2959; x_wconf 89' lang='lat' dir='ltr'>me</span> <span class='ocrx_word' id='word_1_427' title='bbox 2837 2921 2871 2958; x_wconf 95' lang='lat' dir='ltr'>a</span> <span class='ocrx_word' id='word_1_428' title='bbox 2891 2904 3198 2974; x_wconf 91' lang='lat' dir='ltr'>juventute</span> <span class='ocrx_word' id='word_1_429' title='bbox 3237 2919 3386 2966; x_wconf 82' lang='lat' dir='ltr'>mea,</span> <span class='ocrx_word' id='word_1_430' title='bbox 3417 2901 3860 2956; x_wconf 88' lang='lat' dir='ltr'>vulneraverunt</span> <span class='ocrx_word' id='word_1_431' title='bbox 3890 2913 3978 2953; x_wconf 89' lang='lat' dir='ltr'>me</span> 
     </span>
    </p>
   </div>
   <div class='ocr_carea' id='block_1_60' title="bbox 2349 2990 3981 3062">
    <p class='ocr_par' dir='ltr' id='par_1_60' title="bbox 2349 2990 3981 3062">
     <span class='ocr_line' id='line_1_60' title="bbox 2349 2990 3981 3062; baseline -0.003 -15"><span class='ocrx_word' id='word_1_432' title='bbox 2349 2995 2708 3062; x_wconf 68' lang='lat' dir='ltr'>ajixventute</span> <span class='ocrx_word' id='word_1_433' title='bbox 2740 3009 2889 3056; x_wconf 88' lang='lat' dir='ltr'>mea,</span> <span class='ocrx_word' id='word_1_434' title='bbox 2923 2990 3410 3046; x_wconf 87' lang='lat' dir='ltr'>conculcaverunt</span> <span class='ocrx_word' id='word_1_435' title='bbox 3460 3007 3551 3046; x_wconf 87' lang='lat' dir='ltr'>me</span> <span class='ocrx_word' id='word_1_436' title='bbox 3602 3007 3634 3045; x_wconf 87' lang='lat' dir='ltr'>a</span> <span class='ocrx_word' id='word_1_437' title='bbox 3680 2991 3981 3061; x_wconf 88' lang='lat' dir='ltr'>juventute</span> 
     </span>
    </p>
   </div>
   <div class='ocr_carea' id='block_1_61' title="bbox 2350 3078 3978 3152">
    <p class='ocr_par' dir='ltr' id='par_1_61' title="bbox 2350 3078 3978 3152">
     <span class='ocr_line' id='line_1_61' title="bbox 2350 3078 3978 3152; baseline -0.003 -16"><span class='ocrx_word' id='word_1_438' title='bbox 2350 3098 2498 3136; x_wconf 89' lang='lat' dir='ltr'>mea.</span> <span class='ocrx_word' id='word_1_439' title='bbox 2532 3081 2637 3144; x_wconf 90' lang='lat' dir='ltr'>Qui</span> <span class='ocrx_word' id='word_1_440' title='bbox 2670 3087 2866 3136; x_wconf 87' lang='lat' dir='ltr'>autem</span> <span class='ocrx_word' id='word_1_441' title='bbox 2899 3098 2932 3136; x_wconf 90' lang='lat' dir='ltr'>a</span> <span class='ocrx_word' id='word_1_442' title='bbox 2969 3081 3222 3152; x_wconf 88' lang='lat' dir='ltr'>pueritia</span> <span class='ocrx_word' id='word_1_443' title='bbox 3254 3079 3457 3151; x_wconf 89' lang='lat' dir='ltr'>incipit</span> <span class='ocrx_word' id='word_1_444' title='bbox 3478 3080 3687 3135; x_wconf 89' lang='lat' dir='ltr'>servire</span> <span class='ocrx_word' id='word_1_445' title='bbox 3717 3078 3978 3134; x_wconf 90' lang='lat' dir='ltr'>Domino:</span> 
     </span>
    </p>
   </div>
   <div class='ocr_carea' id='block_1_62' title="bbox 2350 3167 3983 3244">
    <p class='ocr_par' dir='ltr' id='par_1_62' title="bbox 2350 3167 3983 3244">
     <span class='ocr_line' id='line_1_62' title="bbox 2350 3167 3983 3244; baseline -0.002 -19"><span class='ocrx_word' id='word_1_446' title='bbox 2350 3175 2404 3225; x_wconf 91' lang='lat' dir='ltr'>et</span> <span class='ocrx_word' id='word_1_447' title='bbox 2436 3188 2586 3242; x_wconf 76' lang='lat' dir='ltr'>saepe</span> <span class='ocrx_word' id='word_1_448' title='bbox 2621 3178 2991 3244; x_wconf 83' lang='lat' dir='ltr'>expugnatur</span> <span class='ocrx_word' id='word_1_449' title='bbox 3035 3187 3069 3225; x_wconf 93' lang='lat' dir='ltr'>a</span> <span class='ocrx_word' id='word_1_450' title='bbox 3106 3169 3338 3240; x_wconf 84' lang='lat' dir='ltr'>diabolo</span> <span class='ocrx_word' id='word_1_451' title='bbox 3387 3174 3443 3225; x_wconf 91' lang='lat' dir='ltr'>et</span> <span class='ocrx_word' id='word_1_452' title='bbox 3493 3167 3716 3242; x_wconf 87' lang='lat' dir='ltr'>angelis</span> <span class='ocrx_word' id='word_1_453' title='bbox 3753 3168 3899 3238; x_wconf 86' lang='lat' dir='ltr'>ejus,</span> <span class='ocrx_word' id='word_1_454' title='bbox 3928 3173 3983 3222; x_wconf 86' lang='lat' dir='ltr'>et</span> 
     </span>
    </p>
   </div>
   <div class='ocr_carea' id='block_1_63' title="bbox 2232 3259 3980 3332">
    <p class='ocr_par' dir='ltr' id='par_1_63' title="bbox 2232 3259 3980 3332">
     <span class='ocr_line' id='line_1_63' title="bbox 2232 3259 3980 3332; baseline -0.006 -13"><span class='ocrx_word' id='word_1_455' title='bbox 2232 3271 2243 3281; x_wconf 92' lang='lat'><strong><em>‘</em></strong></span> <span class='ocrx_word' id='word_1_456' title='bbox 2348 3268 2542 3318; x_wconf 87' lang='lat' dir='ltr'>tamen</span> <span class='ocrx_word' id='word_1_457' title='bbox 2568 3278 2683 3317; x_wconf 91' lang='lat' dir='ltr'>non</span> <span class='ocrx_word' id='word_1_458' title='bbox 2714 3261 2984 3327; x_wconf 90' lang='lat' dir='ltr'>vincitur;</span> <span class='ocrx_word' id='word_1_459' title='bbox 3017 3260 3126 3316; x_wconf 90' lang='lat' dir='ltr'>iste</span> <span class='ocrx_word' id='word_1_460' title='bbox 3159 3259 3298 3332; x_wconf 92' lang='lat' dir='ltr'>quid</span> <span class='ocrx_word' id='word_1_461' title='bbox 3339 3259 3494 3314; x_wconf 90' lang='lat' dir='ltr'>dicat</span> <span class='ocrx_word' id='word_1_462' title='bbox 3528 3263 3550 3313; x_wconf 74' lang='grc' dir='ltr'>ξ’</span> <span class='ocrx_word' id='word_1_463' title='bbox 3578 3281 3603 3308; x_wconf 90' lang='grc'><strong>‹‹</strong></span> <span class='ocrx_word' id='word_1_464' title='bbox 3629 3259 3789 3330; x_wconf 73' lang='lat' dir='ltr'>Szepe</span> <span class='ocrx_word' id='word_1_465' title='bbox 3808 3273 3980 3328; x_wconf 80' lang='lat' dir='ltr'>expu-</span> 
     </span>
    </p>
   </div>
   <div class='ocr_carea' id='block_1_64' title="bbox 659 3339 3982 3426">
    <p class='ocr_par' dir='ltr' id='par_1_64' title="bbox 659 3339 3982 3426">
     <span class='ocr_line' id='line_1_64' title="bbox 659 3339 3982 3426; baseline 0.001 -30"><span class='ocrx_word' id='word_1_466' title='bbox 659 3364 688 3389; x_wconf 88' lang='lat'><strong><em>«</em></strong></span> <span class='ocrx_word' id='word_1_467' title='bbox 721 3342 864 3399; x_wconf 90' lang='lat' dir='ltr'>Ecce</span> <span class='ocrx_word' id='word_1_468' title='bbox 896 3343 978 3400; x_wconf 90' lang='lat' dir='ltr'>sic</span> <span class='ocrx_word' id='word_1_469' title='bbox 1023 3345 1401 3404; x_wconf 89' lang='lat' dir='ltr'>benedicetur</span> <span class='ocrx_word' id='word_1_470' title='bbox 1453 3348 1625 3406; x_wconf 88' lang='lat' dir='ltr'>homo</span> <span class='ocrx_word' id='word_1_471' title='bbox 1659 3351 1759 3423; x_wconf 92' lang='lat' dir='ltr'>qui</span> <span class='ocrx_word' id='word_1_472' title='bbox 1815 3353 1981 3408; x_wconf 88' lang='lat' dir='ltr'>timet</span> <span class='ocrx_word' id='word_1_473' title='bbox 2033 3353 2229 3408; x_wconf 90' lang='lat' dir='ltr'>Domi-</span> <span class='ocrx_word' id='word_1_474' title='bbox 2262 3339 2305 3406; x_wconf 85' lang='lat' dir='ltr'>C</span> <span class='ocrx_word' id='word_1_475' title='bbox 2343 3356 2670 3426; x_wconf 86' lang='lat' dir='ltr'>gnaverunt</span> <span class='ocrx_word' id='word_1_476' title='bbox 2693 3367 2785 3405; x_wconf 89' lang='lat' dir='ltr'>me</span> <span class='ocrx_word' id='word_1_477' title='bbox 2836 3368 2869 3405; x_wconf 90' lang='lat' dir='ltr'>a</span> <span class='ocrx_word' id='word_1_478' title='bbox 2911 3350 3218 3421; x_wconf 90' lang='lat' dir='ltr'>juventute</span> <span class='ocrx_word' id='word_1_479' title='bbox 3264 3364 3396 3403; x_wconf 90' lang='lat' dir='ltr'>mea</span> <span class='ocrx_word' id='word_1_480' title='bbox 3435 3365 3447 3402; x_wconf 89' lang='lat'>:</span> <span class='ocrx_word' id='word_1_481' title='bbox 3481 3347 3690 3404; x_wconf 89' lang='lat' dir='ltr'>etenim</span> <span class='ocrx_word' id='word_1_482' title='bbox 3740 3363 3850 3401; x_wconf 91' lang='lat' dir='ltr'>non</span> <span class='ocrx_word' id='word_1_483' title='bbox 3884 3362 3982 3416; x_wconf 90' lang='lat' dir='ltr'>po-</span> 
     </span>
    </p>
   </div>
   <div class='ocr_carea' id='block_1_65' title="bbox 586 3433 2230 3508">
    <p class='ocr_par' dir='ltr' id='par_1_65' title="bbox 586 3433 2230 3508">
     <span class='ocr_line' id='line_1_65' title="bbox 586 3433 2230 3508; baseline 0.008 -23"><span class='ocrx_word' id='word_1_484' title='bbox 586 3447 748 3486; x_wconf 91' lang='lat' dir='ltr'>num.</span> <span class='ocrx_word' id='word_1_485' title='bbox 785 3454 813 3480; x_wconf 85' lang='grc'>››</span> <span class='ocrx_word' id='word_1_486' title='bbox 845 3433 976 3489; x_wconf 88' lang='lat' dir='ltr'>Jam</span> <span class='ocrx_word' id='word_1_487' title='bbox 1013 3435 1198 3491; x_wconf 89' lang='lat' dir='ltr'>multa</span> <span class='ocrx_word' id='word_1_488' title='bbox 1229 3435 1408 3494; x_wconf 92' lang='lat' dir='ltr'>locuti</span> <span class='ocrx_word' id='word_1_489' title='bbox 1469 3455 1698 3508; x_wconf 89' lang='lat' dir='ltr'>sumus,</span> <span class='ocrx_word' id='word_1_490' title='bbox 1761 3442 2102 3498; x_wconf 87' lang='lat' dir='ltr'>festinemus</span> <span class='ocrx_word' id='word_1_491' title='bbox 2159 3443 2230 3498; x_wconf 91' lang='lat' dir='ltr'>ad</span> 
     </span>
    </p>
   </div>
   <div class='ocr_carea' id='block_1_66' title="bbox 587 3520 2234 3606">
    <p class='ocr_par' dir='ltr' id='par_1_66' title="bbox 587 3520 2234 3606">
     <span class='ocr_line' id='line_1_66' title="bbox 587 3520 2234 3606; baseline 0.009 -32"><span class='ocrx_word' id='word_1_492' title='bbox 587 3520 783 3576; x_wconf 87' lang='lat' dir='ltr'>ﬁnem.</span> <span class='ocrx_word' id='word_1_493' title='bbox 822 3544 848 3572; x_wconf 84' lang='lat'><strong>«</strong></span> <span class='ocrx_word' id='word_1_494' title='bbox 881 3523 1189 3582; x_wconf 87' lang='lat' dir='ltr'>Benedicat</span> <span class='ocrx_word' id='word_1_495' title='bbox 1223 3531 1277 3582; x_wconf 90' lang='lat' dir='ltr'>te</span> <span class='ocrx_word' id='word_1_496' title='bbox 1323 3530 1604 3586; x_wconf 88' lang='lat' dir='ltr'>Dominus</span> <span class='ocrx_word' id='word_1_497' title='bbox 1636 3548 1703 3606; x_wconf 87' lang='lat' dir='ltr'>ex</span> <span class='ocrx_word' id='word_1_498' title='bbox 1759 3531 1917 3587; x_wconf 87' lang='lat' dir='ltr'>Sion.</span> <span class='ocrx_word' id='word_1_499' title='bbox 1955 3556 1982 3581; x_wconf 85' lang='lat'>»</span> <span class='ocrx_word' id='word_1_500' title='bbox 2010 3533 2090 3588; x_wconf 88' lang='lat' dir='ltr'>De</span> <span class='ocrx_word' id='word_1_501' title='bbox 2121 3535 2234 3588; x_wconf 87' lang='lat' dir='ltr'>ista</span> 
     </span>
    </p>
   </div>
   <div class='ocr_carea' id='block_1_67' title="bbox 584 3610 2234 3696">
    <p class='ocr_par' dir='ltr' id='par_1_67' title="bbox 584 3610 2234 3696">
     <span class='ocr_line' id='line_1_67' title="bbox 584 3610 2234 3696; baseline 0.007 -30"><span class='ocrx_word' id='word_1_502' title='bbox 584 3610 723 3666; x_wconf 90' lang='lat' dir='ltr'>Sion</span> <span class='ocrx_word' id='word_1_503' title='bbox 755 3616 807 3666; x_wconf 89' lang='lat' dir='ltr'>et</span> <span class='ocrx_word' id='word_1_504' title='bbox 840 3616 1134 3684; x_wconf 87' lang='lat' dir='ltr'>quomodo</span> <span class='ocrx_word' id='word_1_505' title='bbox 1185 3617 1328 3672; x_wconf 89' lang='lat' dir='ltr'>dicit</span> <span class='ocrx_word' id='word_1_506' title='bbox 1365 3617 1516 3674; x_wconf 88' lang='lat' dir='ltr'>alius</span> <span class='ocrx_word' id='word_1_507' title='bbox 1549 3620 1834 3692; x_wconf 87' lang='lat' dir='ltr'>propheta</span> <span class='ocrx_word' id='word_1_508' title='bbox 1864 3639 1877 3677; x_wconf 91' lang='lat'><strong>:</strong></span> <span class='ocrx_word' id='word_1_509' title='bbox 1913 3625 2047 3678; x_wconf 82' lang='lat' dir='ltr'>Sion</span> <span class='ocrx_word' id='word_1_510' title='bbox 2076 3626 2234 3696; x_wconf 85' lang='lat' dir='ltr'>quasi</span> 
     </span>
    </p>
   </div>
   <div class='ocr_carea' id='block_1_68' title="bbox 586 3703 2228 3780">
    <p class='ocr_par' dir='ltr' id='par_1_68' title="bbox 586 3703 2228 3780">
     <span class='ocr_line' id='line_1_68' title="bbox 586 3703 2228 3780; baseline 0.01 -27"><span class='ocrx_word' id='word_1_511' title='bbox 586 3715 722 3768; x_wconf 87' lang='lat' dir='ltr'>ager</span> <span class='ocrx_word' id='word_1_512' title='bbox 746 3703 1006 3758; x_wconf 81' lang='lat' dir='ltr'>arabitur</span> <span class='ocrx_word' id='word_1_513' title='bbox 1035 3707 1256 3775; x_wconf 85' lang='lat' dir='ltr'>(Jerem.</span> <span class='ocrx_word' id='word_1_514' title='bbox 1289 3724 1441 3772; x_wconf 72' lang='lat' dir='ltr'>xxvr,</span> <span class='ocrx_word' id='word_1_515' title='bbox 1473 3710 1578 3780; x_wconf 77' lang='lat'>18).</span> <span class='ocrx_word' id='word_1_516' title='bbox 1612 3710 1762 3765; x_wconf 88' lang='lat' dir='ltr'>Dicit</span> <span class='ocrx_word' id='word_1_517' title='bbox 1790 3715 1847 3766; x_wconf 93' lang='lat' dir='ltr'>et</span> <span class='ocrx_word' id='word_1_518' title='bbox 1903 3714 2181 3769; x_wconf 89' lang='lat' dir='ltr'>Dominus</span> <span class='ocrx_word' id='word_1_519' title='bbox 2215 3730 2228 3768; x_wconf 91' lang='lat'>:</span> 
     </span>
    </p>
   </div>
   <div class='ocr_carea' id='block_1_69' title="bbox 585 3791 2230 3871">
    <p class='ocr_par' dir='ltr' id='par_1_69' title="bbox 585 3791 2230 3871">
     <span class='ocr_line' id='line_1_69' title="bbox 585 3791 2230 3871; baseline 0.007 -25"><span class='ocrx_word' id='word_1_520' title='bbox 585 3791 922 3859; x_wconf 81' lang='lat' dir='ltr'>Jerusalem,</span> <span class='ocrx_word' id='word_1_521' title='bbox 955 3795 1280 3863; x_wconf 86' lang='lat' dir='ltr'>Jerusalem,</span> <span class='ocrx_word' id='word_1_522' title='bbox 1314 3813 1431 3867; x_wconf 68' lang='lat' dir='ltr'>quae</span> <span class='ocrx_word' id='word_1_523' title='bbox 1463 3801 1666 3855; x_wconf 78' lang='lat' dir='ltr'>occidis</span> <span class='ocrx_word' id='word_1_524' title='bbox 1719 3802 2009 3871; x_wconf 82' lang='lat' dir='ltr'>prophetas</span> <span class='ocrx_word' id='word_1_525' title='bbox 2063 3809 2116 3857; x_wconf 87' lang='lat' dir='ltr'>et</span> <span class='ocrx_word' id='word_1_526' title='bbox 2149 3805 2230 3858; x_wconf 87' lang='lat' dir='ltr'>la-</span> 
     </span>
    </p>
   </div>
   <div class='ocr_carea' id='block_1_70' title="bbox 581 3879 2230 3963">
    <p class='ocr_par' dir='ltr' id='par_1_70' title="bbox 581 3879 2230 3963">
     <span class='ocr_line' id='line_1_70' title="bbox 581 3879 2230 3963; baseline 0.007 -30"><span class='ocrx_word' id='word_1_527' title='bbox 581 3879 744 3950; x_wconf 84' lang='lat' dir='ltr'>pidas</span> <span class='ocrx_word' id='word_1_528' title='bbox 774 3896 866 3936; x_wconf 87' lang='lat' dir='ltr'>eos</span> <span class='ocrx_word' id='word_1_529' title='bbox 895 3884 992 3953; x_wconf 90' lang='lat' dir='ltr'>qui</span> <span class='ocrx_word' id='word_1_530' title='bbox 1018 3883 1087 3936; x_wconf 86' lang='lat' dir='ltr'>ad</span> <span class='ocrx_word' id='word_1_531' title='bbox 1115 3887 1167 3940; x_wconf 90' lang='lat' dir='ltr'>te</span> <span class='ocrx_word' id='word_1_532' title='bbox 1223 3887 1410 3940; x_wconf 83' lang='lat' dir='ltr'>misssi</span> <span class='ocrx_word' id='word_1_533' title='bbox 1461 3890 1587 3942; x_wconf 84' lang='lat' dir='ltr'>sunt</span> <span class='ocrx_word' id='word_1_534' title='bbox 1633 3890 1842 3957; x_wconf 81' lang='lat' dir='ltr'>(Matth.</span> <span class='ocrx_word' id='word_1_535' title='bbox 1899 3908 2058 3962; x_wconf 81' lang='lat' dir='ltr'>xxm,</span> <span class='ocrx_word' id='word_1_536' title='bbox 2119 3893 2230 3963; x_wconf 86' lang='lat'>37).</span> 
     </span>
    </p>
   </div>
   <div class='ocr_carea' id='block_1_71' title="bbox 588 3969 2233 4048">
    <p class='ocr_par' dir='ltr' id='par_1_71' title="bbox 588 3969 2233 4048">
     <span class='ocr_line' id='line_1_71' title="bbox 588 3969 2233 4048; baseline 0.007 -24"><span class='ocrx_word' id='word_1_537' title='bbox 588 3969 852 4042; x_wconf 89' lang='lat' dir='ltr'>Denique</span> <span class='ocrx_word' id='word_1_538' title='bbox 883 3988 1013 4028; x_wconf 90' lang='lat' dir='ltr'>cum</span> <span class='ocrx_word' id='word_1_539' title='bbox 1048 3975 1577 4048; x_wconf 88' lang='lat' dir='ltr'>appropinquasset</span> <span class='ocrx_word' id='word_1_540' title='bbox 1628 3978 1906 4034; x_wconf 89' lang='lat' dir='ltr'>Dominus</span> <span class='ocrx_word' id='word_1_541' title='bbox 1963 3982 2032 4036; x_wconf 91' lang='lat' dir='ltr'>ad</span> <span class='ocrx_word' id='word_1_542' title='bbox 2065 3981 2233 4036; x_wconf 85' lang='lat' dir='ltr'>Jeru-</span> 
     </span>
    </p>
   </div>
   <div class='ocr_carea' id='block_1_72' title="bbox 588 4060 2233 4139">
    <p class='ocr_par' dir='ltr' id='par_1_72' title="bbox 588 4060 2233 4139">
     <span class='ocr_line' id='line_1_72' title="bbox 588 4060 2233 4139; baseline 0.007 -24"><span class='ocrx_word' id='word_1_543' title='bbox 588 4060 771 4116; x_wconf 87' lang='lat' dir='ltr'>salem</span> <span class='ocrx_word' id='word_1_544' title='bbox 820 4066 877 4116; x_wconf 90' lang='lat' dir='ltr'>et</span> <span class='ocrx_word' id='word_1_545' title='bbox 923 4063 1184 4133; x_wconf 89' lang='lat' dir='ltr'>vidisset,</span> <span class='ocrx_word' id='word_1_546' title='bbox 1236 4067 1390 4122; x_wconf 87' lang='lat' dir='ltr'>ﬂevit</span> <span class='ocrx_word' id='word_1_547' title='bbox 1434 4069 1584 4139; x_wconf 81' lang='lat' dir='ltr'>(Luc.</span> <span class='ocrx_word' id='word_1_548' title='bbox 1653 4085 1770 4133; x_wconf 80' lang='lat' dir='ltr'>xix,</span> <span class='ocrx_word' id='word_1_549' title='bbox 1831 4071 1939 4137; x_wconf 82' lang='grc'>41).</span> <span class='ocrx_word' id='word_1_550' title='bbox 1992 4071 2233 4136; x_wconf 89' lang='lat' dir='ltr'>Quando</span> 
     </span>
    </p>
   </div>
   <div class='ocr_carea' id='block_1_73' title="bbox 593 4152 2232 4231">
    <p class='ocr_par' dir='ltr' id='par_1_73' title="bbox 593 4152 2232 4231">
     <span class='ocr_line' id='line_1_73' title="bbox 593 4152 2232 4231; baseline 0.007 -26"><span class='ocrx_word' id='word_1_551' title='bbox 593 4155 792 4207; x_wconf 88' lang='lat' dir='ltr'>autem</span> <span class='ocrx_word' id='word_1_552' title='bbox 823 4152 1052 4208; x_wconf 86' lang='lat' dir='ltr'>deflevit</span> <span class='ocrx_word' id='word_1_553' title='bbox 1081 4171 1207 4210; x_wconf 90' lang='lat' dir='ltr'>eam</span> <span class='ocrx_word' id='word_1_554' title='bbox 1239 4156 1266 4210; x_wconf 85' lang='lat'><strong>?</strong></span> <span class='ocrx_word' id='word_1_555' title='bbox 1293 4156 1424 4212; x_wconf 90' lang='lat' dir='ltr'>Ideo</span> <span class='ocrx_word' id='word_1_556' title='bbox 1465 4158 1666 4229; x_wconf 89' lang='lat' dir='ltr'>utique</span> <span class='ocrx_word' id='word_1_557' title='bbox 1711 4158 1865 4213; x_wconf 86' lang='lat' dir='ltr'>flevit</span> <span class='ocrx_word' id='word_1_558' title='bbox 1922 4159 2232 4231; x_wconf 88' lang='lat' dir='ltr'>ruituram,</span> 
     </span>
    </p>
   </div>
   <div class='ocr_carea' id='block_1_74' title="bbox 592 4241 2222 4317">
    <p class='ocr_par' dir='ltr' id='par_1_74' title="bbox 592 4241 2222 4317">
     <span class='ocr_line' id='line_1_74' title="bbox 592 4241 2222 4317; baseline 0.005 -23"><span class='ocrx_word' id='word_1_559' title='bbox 592 4241 760 4311; x_wconf 90' lang='lat' dir='ltr'>quasi</span> <span class='ocrx_word' id='word_1_560' title='bbox 796 4241 1138 4313; x_wconf 90' lang='lat' dir='ltr'>perituram.</span> <span class='ocrx_word' id='word_1_561' title='bbox 1175 4244 1428 4317; x_wconf 89' lang='lat' dir='ltr'>Denique</span> <span class='ocrx_word' id='word_1_562' title='bbox 1459 4245 1598 4317; x_wconf 90' lang='lat' dir='ltr'>quid</span> <span class='ocrx_word' id='word_1_563' title='bbox 1641 4247 1782 4301; x_wconf 91' lang='lat' dir='ltr'>dicit</span> <span class='ocrx_word' id='word_1_564' title='bbox 1810 4249 1836 4302; x_wconf 75' lang='lat' dir='ltr'>‘I</span> <span class='ocrx_word' id='word_1_565' title='bbox 1865 4249 2102 4316; x_wconf 81' lang='lat' dir='ltr'>Surgite,</span> <span class='ocrx_word' id='word_1_566' title='bbox 2132 4265 2222 4304; x_wconf 90' lang='lat' dir='ltr'>ea-</span> 
     </span>
    </p>
   </div>
   <div class='ocr_carea' id='block_1_75' title="bbox 592 4332 2224 4408">
    <p class='ocr_par' dir='ltr' id='par_1_75' title="bbox 592 4332 2224 4408">
     <span class='ocr_line' id='line_1_75' title="bbox 592 4332 2224 4408; baseline 0.004 -21"><span class='ocrx_word' id='word_1_567' title='bbox 592 4348 715 4387; x_wconf 86' lang='lat' dir='ltr'>mus</span> <span class='ocrx_word' id='word_1_568' title='bbox 746 4332 874 4386; x_wconf 85' lang='lat' dir='ltr'>hinc</span> <span class='ocrx_word' id='word_1_569' title='bbox 905 4332 1078 4402; x_wconf 88' lang='lat' dir='ltr'>(Joan.</span> <span class='ocrx_word' id='word_1_570' title='bbox 1110 4350 1222 4401; x_wconf 83' lang='lat' dir='ltr'>xxv,</span> <span class='ocrx_word' id='word_1_571' title='bbox 1252 4334 1364 4405; x_wconf 89' lang='grc'>31).</span> <span class='ocrx_word' id='word_1_572' title='bbox 1400 4335 1468 4389; x_wconf 88' lang='lat' dir='ltr'>Et</span> <span class='ocrx_word' id='word_1_573' title='bbox 1498 4334 1556 4388; x_wconf 93' lang='lat' dir='ltr'>in</span> <span class='ocrx_word' id='word_1_574' title='bbox 1587 4334 1700 4390; x_wconf 89' lang='lat' dir='ltr'>alio</span> <span class='ocrx_word' id='word_1_575' title='bbox 1730 4334 1854 4390; x_wconf 90' lang='lat' dir='ltr'>loco</span> <span class='ocrx_word' id='word_1_576' title='bbox 1886 4337 2039 4408; x_wconf 91' lang='lat' dir='ltr'>quod</span> <span class='ocrx_word' id='word_1_577' title='bbox 2066 4337 2224 4393; x_wconf 91' lang='lat' dir='ltr'>dicit:</span> 
     </span>
    </p>
   </div>
   <div class='ocr_carea' id='block_1_76' title="bbox 594 4422 2233 4498">
    <p class='ocr_par' dir='ltr' id='par_1_76' title="bbox 594 4422 2233 4498">
     <span class='ocr_line' id='line_1_76' title="bbox 594 4422 2233 4498; baseline 0.002 -19"><span class='ocrx_word' id='word_1_578' title='bbox 594 4423 956 4494; x_wconf 81' lang='lat' dir='ltr'>Relinquetur</span> <span class='ocrx_word' id='word_1_579' title='bbox 984 4423 1132 4478; x_wconf 81' lang='lat' dir='ltr'>vobis</span> <span class='ocrx_word' id='word_1_580' title='bbox 1159 4422 1281 4478; x_wconf 85' lang='lat' dir='ltr'>dom</span> <span class='ocrx_word' id='word_1_581' title='bbox 1293 4440 1355 4478; x_wconf 86' lang='lat' dir='ltr'>us</span> <span class='ocrx_word' id='word_1_582' title='bbox 1387 4433 1562 4480; x_wconf 83' lang='lat' dir='ltr'>vestra</span> <span class='ocrx_word' id='word_1_583' title='bbox 1610 4425 1821 4481; x_wconf 82' lang='lat' dir='ltr'>deserta</span> <span class='ocrx_word' id='word_1_584' title='bbox 1847 4426 2233 4498; x_wconf 83' lang='lat' dir='ltr'>(Matth.xxm,</span> 
     </span>
    </p>
   </div>
   <div class='ocr_carea' id='block_1_77' title="bbox 590 4512 2236 4586">
    <p class='ocr_par' dir='ltr' id='par_1_77' title="bbox 590 4512 2236 4586">
     <span class='ocr_line' id='line_1_77' title="bbox 590 4512 2236 4586; baseline 0.003 -19"><span class='ocrx_word' id='word_1_585' title='bbox 590 4514 708 4584; x_wconf 87' lang='lat'>38).</span> <span class='ocrx_word' id='word_1_586' title='bbox 751 4513 898 4584; x_wconf 87' lang='lat' dir='ltr'>Ergo</span> <span class='ocrx_word' id='word_1_587' title='bbox 931 4512 1039 4568; x_wconf 91' lang='lat' dir='ltr'>hoc</span> <span class='ocrx_word' id='word_1_588' title='bbox 1065 4513 1221 4586; x_wconf 91' lang='lat' dir='ltr'>quod</span> <span class='ocrx_word' id='word_1_589' title='bbox 1253 4513 1394 4570; x_wconf 89' lang='lat' dir='ltr'>dicit</span> <span class='ocrx_word' id='word_1_590' title='bbox 1427 4531 1439 4568; x_wconf 91' lang='lat'>:</span> <span class='ocrx_word' id='word_1_591' title='bbox 1479 4537 1497 4563; x_wconf 82' lang='grc' dir='ltr'>α</span> <span class='ocrx_word' id='word_1_592' title='bbox 1535 4514 1844 4570; x_wconf 90' lang='lat' dir='ltr'>Benedicat</span> <span class='ocrx_word' id='word_1_593' title='bbox 1873 4520 1926 4570; x_wconf 90' lang='lat' dir='ltr'>te</span> <span class='ocrx_word' id='word_1_594' title='bbox 1957 4515 2236 4572; x_wconf 88' lang='lat' dir='ltr'>Dominus</span> 
     </span>
    </p>
   </div>
   <div class='ocr_carea' id='block_1_78' title="bbox 590 4601 2236 4677">
    <p class='ocr_par' dir='ltr' id='par_1_78' title="bbox 590 4601 2236 4677">
     <span class='ocr_line' id='line_1_78' title="bbox 590 4601 2236 4677; baseline 0.002 -19"><span class='ocrx_word' id='word_1_595' title='bbox 590 4618 662 4658; x_wconf 82' lang='lat' dir='ltr'>ex</span> <span class='ocrx_word' id='word_1_596' title='bbox 691 4601 850 4669; x_wconf 92' lang='lat' dir='ltr'>Sion,</span> <span class='ocrx_word' id='word_1_597' title='bbox 888 4621 1000 4659; x_wconf 92' lang='lat' dir='ltr'>non</span> <span class='ocrx_word' id='word_1_598' title='bbox 1053 4603 1196 4658; x_wconf 91' lang='lat' dir='ltr'>dicit</span> <span class='ocrx_word' id='word_1_599' title='bbox 1258 4602 1431 4660; x_wconf 87' lang='lat' dir='ltr'>istam</span> <span class='ocrx_word' id='word_1_600' title='bbox 1496 4603 1654 4671; x_wconf 91' lang='lat' dir='ltr'>Sion,</span> <span class='ocrx_word' id='word_1_601' title='bbox 1722 4621 1901 4677; x_wconf 88' lang='lat' dir='ltr'>quam</span> <span class='ocrx_word' id='word_1_602' title='bbox 1967 4605 2236 4661; x_wconf 89' lang='lat' dir='ltr'>videmus</span> 
     </span>
    </p>
   </div>
   <div class='ocr_carea' id='block_1_79' title="bbox 2343 3435 3978 3506">
    <p class='ocr_par' dir='ltr' id='par_1_79' title="bbox 2343 3435 3978 3506">
     <span class='ocr_line' id='line_1_79' title="bbox 2343 3435 3978 3506; baseline -0.005 -10"><span class='ocrx_word' id='word_1_603' title='bbox 2343 3445 2584 3496; x_wconf 86' lang='lat' dir='ltr'>tuerunt</span> <span class='ocrx_word' id='word_1_604' title='bbox 2633 3439 2801 3495; x_wconf 90' lang='lat' dir='ltr'>mihi.</span> <span class='ocrx_word' id='word_1_605' title='bbox 2859 3461 2885 3487; x_wconf 83' lang='lat'>»</span> <span class='ocrx_word' id='word_1_606' title='bbox 2926 3437 3156 3494; x_wconf 88' lang='lat' dir='ltr'>Athleta</span> <span class='ocrx_word' id='word_1_607' title='bbox 3199 3435 3311 3492; x_wconf 85' lang='lat' dir='ltr'>nisi</span> <span class='ocrx_word' id='word_1_608' title='bbox 3369 3437 3620 3506; x_wconf 82' lang='lat' dir='ltr'>legitime</span> <span class='ocrx_word' id='word_1_609' title='bbox 3664 3435 3978 3504; x_wconf 89' lang='lat' dir='ltr'>certaverit,</span> 
     </span>
    </p>
   </div>
   <div class='ocr_carea' id='block_1_80' title="bbox 2342 3524 3976 3599">
    <p class='ocr_par' dir='ltr' id='par_1_80' title="bbox 2342 3524 3976 3599">
     <span class='ocr_line' id='line_1_80' title="bbox 2342 3524 3976 3599; baseline -0.005 -12"><span class='ocrx_word' id='word_1_610' title='bbox 2342 3549 2458 3587; x_wconf 92' lang='lat' dir='ltr'>non</span> <span class='ocrx_word' id='word_1_611' title='bbox 2491 3533 2823 3594; x_wconf 87' lang='lat' dir='ltr'>coronatur,</span> <span class='ocrx_word' id='word_1_612' title='bbox 2858 3527 2970 3583; x_wconf 90' lang='lat' dir='ltr'>nisi</span> <span class='ocrx_word' id='word_1_613' title='bbox 3007 3542 3268 3599; x_wconf 88' lang='lat' dir='ltr'>pugnum</span> <span class='ocrx_word' id='word_1_614' title='bbox 3301 3526 3604 3598; x_wconf 90' lang='lat' dir='ltr'>acceperit,</span> <span class='ocrx_word' id='word_1_615' title='bbox 3635 3525 3742 3581; x_wconf 90' lang='lat' dir='ltr'>nisi</span> <span class='ocrx_word' id='word_1_616' title='bbox 3778 3524 3976 3580; x_wconf 89' lang='lat' dir='ltr'>faciem</span> 
     </span>
    </p>
   </div>
   <div class='ocr_carea' id='block_1_81' title="bbox 2341 3613 3982 3687">
    <p class='ocr_par' dir='ltr' id='par_1_81' title="bbox 2341 3613 3982 3687">
     <span class='ocr_line' id='line_1_81' title="bbox 2341 3613 3982 3687; baseline -0.006 -12"><span class='ocrx_word' id='word_1_617' title='bbox 2341 3620 2600 3685; x_wconf 84' lang='lat' dir='ltr'>lividam,</span> <span class='ocrx_word' id='word_1_618' title='bbox 2636 3617 2745 3673; x_wconf 90' lang='lat' dir='ltr'>nisi</span> <span class='ocrx_word' id='word_1_619' title='bbox 2779 3618 2849 3672; x_wconf 88' lang='lat' dir='ltr'>de</span> <span class='ocrx_word' id='word_1_620' title='bbox 2881 3615 3023 3672; x_wconf 90' lang='lat' dir='ltr'>facie</span> <span class='ocrx_word' id='word_1_621' title='bbox 3046 3613 3351 3687; x_wconf 89' lang='lat' dir='ltr'>sanguinis</span> <span class='ocrx_word' id='word_1_622' title='bbox 3367 3615 3587 3670; x_wconf 80' lang='lat' dir='ltr'>eﬁ‘usus</span> <span class='ocrx_word' id='word_1_623' title='bbox 3619 3613 3982 3670; x_wconf 84' lang='lat' dir='ltr'>fuerit.Livor</span> 
     </span>
    </p>
   </div>
   <div class='ocr_carea' id='block_1_82' title="bbox 2345 3703 3978 3776">
    <p class='ocr_par' dir='ltr' id='par_1_82' title="bbox 2345 3703 3978 3776">
     <span class='ocr_line' id='line_1_82' title="bbox 2345 3703 3978 3776; baseline -0.007 -11"><span class='ocrx_word' id='word_1_624' title='bbox 2345 3715 2601 3765; x_wconf 88' lang='lat' dir='ltr'>meretur</span> <span class='ocrx_word' id='word_1_625' title='bbox 2617 3723 2914 3773; x_wconf 89' lang='lat' dir='ltr'>coronam,</span> <span class='ocrx_word' id='word_1_626' title='bbox 2949 3705 3112 3761; x_wconf 92' lang='lat' dir='ltr'>dolor</span> <span class='ocrx_word' id='word_1_627' title='bbox 3142 3709 3400 3759; x_wconf 89' lang='lat' dir='ltr'>meretur</span> <span class='ocrx_word' id='word_1_628' title='bbox 3427 3704 3724 3776; x_wconf 87' lang='lat' dir='ltr'>gaudium.</span> <span class='ocrx_word' id='word_1_629' title='bbox 3760 3725 3786 3752; x_wconf 83' lang='lat'><strong><em>«</em></strong></span> <span class='ocrx_word' id='word_1_630' title='bbox 3821 3703 3978 3773; x_wconf 70' lang='lat' dir='ltr'>Saepe</span> 
     </span>
    </p>
   </div>
   <div class='ocr_carea' id='block_1_83' title="bbox 2342 3791 3979 3871">
    <p class='ocr_par' dir='ltr' id='par_1_83' title="bbox 2342 3791 3979 3871">
     <span class='ocr_line' id='line_1_83' title="bbox 2342 3791 3979 3871; baseline -0.007 -16"><span class='ocrx_word' id='word_1_631' title='bbox 2342 3801 2827 3871; x_wconf 84' lang='lat' dir='ltr'>expugnaverunt</span> <span class='ocrx_word' id='word_1_632' title='bbox 2859 3813 2952 3851; x_wconf 90' lang='lat' dir='ltr'>me</span> <span class='ocrx_word' id='word_1_633' title='bbox 2983 3813 3016 3850; x_wconf 88' lang='lat' dir='ltr'>a</span> <span class='ocrx_word' id='word_1_634' title='bbox 3038 3796 3349 3866; x_wconf 89' lang='lat' dir='ltr'>juventute</span> <span class='ocrx_word' id='word_1_635' title='bbox 3379 3810 3526 3849; x_wconf 89' lang='lat' dir='ltr'>mea.</span> <span class='ocrx_word' id='word_1_636' title='bbox 3565 3817 3590 3841; x_wconf 80' lang='grc'><strong>››</strong></span> <span class='ocrx_word' id='word_1_637' title='bbox 3635 3793 3798 3848; x_wconf 82' lang='lat' dir='ltr'>Dicat</span> <span class='ocrx_word' id='word_1_638' title='bbox 3828 3791 3979 3846; x_wconf 90' lang='lat' dir='ltr'>hunc</span> 
     </span>
    </p>
   </div>
   <div class='ocr_carea' id='block_1_84' title="bbox 2342 3880 3978 3957">
    <p class='ocr_par' dir='ltr' id='par_1_84' title="bbox 2342 3880 3978 3957">
     <span class='ocr_line' id='line_1_84' title="bbox 2342 3880 3978 3957; baseline -0.006 -15"><span class='ocrx_word' id='word_1_639' title='bbox 2342 3885 2695 3943; x_wconf 85' lang='lat' dir='ltr'>versiculum</span> <span class='ocrx_word' id='word_1_640' title='bbox 2721 3885 2884 3957; x_wconf 89' lang='lat' dir='ltr'>virgo</span> <span class='ocrx_word' id='word_1_641' title='bbox 2941 3881 3196 3940; x_wconf 90' lang='lat' dir='ltr'>Domini.</span> <span class='ocrx_word' id='word_1_642' title='bbox 3252 3882 3409 3939; x_wconf 89' lang='lat' dir='ltr'>Dicat</span> <span class='ocrx_word' id='word_1_643' title='bbox 3452 3882 3771 3939; x_wconf 85' lang='lat' dir='ltr'>monachus</span> <span class='ocrx_word' id='word_1_644' title='bbox 3818 3880 3978 3952; x_wconf 91' lang='lat' dir='ltr'>quia</span> 
     </span>
    </p>
   </div>
   <div class='ocr_carea' id='block_1_85' title="bbox 2346 3970 3981 4050">
    <p class='ocr_par' dir='ltr' id='par_1_85' title="bbox 2346 3970 3981 4050">
     <span class='ocr_line' id='line_1_85' title="bbox 2346 3970 3981 4050; baseline -0.006 -17"><span class='ocrx_word' id='word_1_645' title='bbox 2346 3995 2522 4050; x_wconf 88' lang='lat' dir='ltr'>parva</span> <span class='ocrx_word' id='word_1_646' title='bbox 2553 3981 2717 4032; x_wconf 71' lang='lat' dir='ltr'>astate</span> <span class='ocrx_word' id='word_1_647' title='bbox 2749 3976 2924 4047; x_wconf 69' lang='lat' dir='ltr'>cmpit</span> <span class='ocrx_word' id='word_1_648' title='bbox 2955 3978 3170 4034; x_wconf 85' lang='lat' dir='ltr'>servire</span> <span class='ocrx_word' id='word_1_649' title='bbox 3202 3977 3469 4036; x_wconf 89' lang='lat' dir='ltr'>Domino.</span> <span class='ocrx_word' id='word_1_650' title='bbox 3504 3975 3618 4046; x_wconf 86' lang='lat' dir='ltr'>Ego</span> <span class='ocrx_word' id='word_1_651' title='bbox 3663 3977 3854 4028; x_wconf 87' lang='lat' dir='ltr'>autem</span> <span class='ocrx_word' id='word_1_652' title='bbox 3883 3970 3981 4041; x_wconf 89' lang='lat' dir='ltr'>qui</span> 
     </span>
    </p>
   </div>
   <div class='ocr_carea' id='block_1_86' title="bbox 2346 4059 3982 4141">
    <p class='ocr_par' dir='ltr' id='par_1_86' title="bbox 2346 4059 3982 4141">
     <span class='ocr_line' id='line_1_86' title="bbox 2346 4059 3982 4141; baseline -0.006 -18"><span class='ocrx_word' id='word_1_653' title='bbox 2346 4067 2735 4140; x_wconf 86' lang='lat' dir='ltr'>quadraginta</span> <span class='ocrx_word' id='word_1_654' title='bbox 2757 4065 2842 4121; x_wconf 89' lang='lat' dir='ltr'>vel</span> <span class='ocrx_word' id='word_1_655' title='bbox 2859 4067 3591 4141; x_wconf 88' lang='lat' dir='ltr'>quinquagintaannorum</span> <span class='ocrx_word' id='word_1_656' title='bbox 3613 4061 3754 4133; x_wconf 71' lang='lat' dir='ltr'>coepi</span> <span class='ocrx_word' id='word_1_657' title='bbox 3773 4059 3982 4116; x_wconf 89' lang='lat' dir='ltr'>servire</span> 
     </span>
    </p>
   </div>
   <div class='ocr_carea' id='block_1_87' title="bbox 2346 4153 3982 4228">
    <p class='ocr_par' dir='ltr' id='par_1_87' title="bbox 2346 4153 3982 4228">
     <span class='ocr_line' id='line_1_87' title="bbox 2346 4153 3982 4228; baseline -0.006 -15"><span class='ocrx_word' id='word_1_658' title='bbox 2346 4157 2611 4224; x_wconf 83' lang='lat' dir='ltr'>Domino,</span> <span class='ocrx_word' id='word_1_659' title='bbox 2645 4157 2936 4228; x_wconf 89' lang='lat' dir='ltr'>quomodo</span> <span class='ocrx_word' id='word_1_660' title='bbox 2969 4173 3212 4228; x_wconf 89' lang='lat' dir='ltr'>possum</span> <span class='ocrx_word' id='word_1_661' title='bbox 3263 4158 3456 4213; x_wconf 89' lang='lat' dir='ltr'>dicere</span> <span class='ocrx_word' id='word_1_662' title='bbox 3489 4171 3555 4209; x_wconf 83' lang='lat'>:«</span> <span class='ocrx_word' id='word_1_663' title='bbox 3597 4153 3756 4223; x_wconf 62' lang='lat' dir='ltr'>Saepe</span> <span class='ocrx_word' id='word_1_664' title='bbox 3798 4166 3982 4221; x_wconf 86' lang='lat' dir='ltr'>expu-</span> 
     </span>
    </p>
   </div>
   <div class='ocr_carea' id='block_1_88' title="bbox 2344 4238 3984 4320">
    <p class='ocr_par' dir='ltr' id='par_1_88' title="bbox 2344 4238 3984 4320">
     <span class='ocr_line' id='line_1_88' title="bbox 2344 4238 3984 4320; baseline -0.006 -19"><span class='ocrx_word' id='word_1_665' title='bbox 2344 4250 2672 4320; x_wconf 87' lang='lat' dir='ltr'>gnaverunt</span> <span class='ocrx_word' id='word_1_666' title='bbox 2704 4263 2795 4300; x_wconf 92' lang='lat' dir='ltr'>me</span> <span class='ocrx_word' id='word_1_667' title='bbox 2826 4263 2859 4300; x_wconf 89' lang='lat' dir='ltr'>a</span> <span class='ocrx_word' id='word_1_668' title='bbox 2882 4246 3187 4316; x_wconf 86' lang='lat' dir='ltr'>juventute</span> <span class='ocrx_word' id='word_1_669' title='bbox 3219 4263 3350 4302; x_wconf 90' lang='lat' dir='ltr'>mea</span> <span class='ocrx_word' id='word_1_670' title='bbox 3378 4245 3406 4299; x_wconf 87' lang='lat'><strong>?</strong></span> <span class='ocrx_word' id='word_1_671' title='bbox 3434 4266 3461 4293; x_wconf 86' lang='lat'><strong>«</strong></span> <span class='ocrx_word' id='word_1_672' title='bbox 3496 4243 3656 4297; x_wconf 89' lang='lat' dir='ltr'>Dicat</span> <span class='ocrx_word' id='word_1_673' title='bbox 3692 4255 3823 4312; x_wconf 88' lang='lat' dir='ltr'>ergo</span> <span class='ocrx_word' id='word_1_674' title='bbox 3871 4238 3984 4293; x_wconf 87' lang='lat' dir='ltr'>hoc</span> 
     </span>
    </p>
   </div>
   <div class='ocr_carea' id='block_1_89' title="bbox 2344 4327 3981 4408">
    <p class='ocr_par' dir='ltr' id='par_1_89' title="bbox 2344 4327 3981 4408">
     <span class='ocr_line' id='line_1_89' title="bbox 2344 4327 3981 4408; baseline -0.007 -17"><span class='ocrx_word' id='word_1_675' title='bbox 2344 4336 2524 4408; x_wconf 89' lang='lat' dir='ltr'>virgo.</span> <span class='ocrx_word' id='word_1_676' title='bbox 2560 4335 2719 4390; x_wconf 87' lang='lat' dir='ltr'>Dicat</span> <span class='ocrx_word' id='word_1_677' title='bbox 2749 4335 3074 4391; x_wconf 87' lang='lat' dir='ltr'>monachus</span> <span class='ocrx_word' id='word_1_678' title='bbox 3109 4337 3333 4408; x_wconf 82' lang='lat' dir='ltr'>integer</span> <span class='ocrx_word' id='word_1_679' title='bbox 3384 4347 3620 4404; x_wconf 90' lang='lat' dir='ltr'>corpore</span> <span class='ocrx_word' id='word_1_680' title='bbox 3667 4334 3724 4385; x_wconf 91' lang='lat' dir='ltr'>et</span> <span class='ocrx_word' id='word_1_681' title='bbox 3753 4327 3981 4400; x_wconf 88' lang='lat' dir='ltr'>spiritu.</span> 
     </span>
    </p>
   </div>
   <div class='ocr_carea' id='block_1_90' title="bbox 2344 4419 3986 4498">
    <p class='ocr_par' dir='ltr' id='par_1_90' title="bbox 2344 4419 3986 4498">
     <span class='ocr_line' id='line_1_90' title="bbox 2344 4419 3986 4498; baseline -0.007 -17"><span class='ocrx_word' id='word_1_682' title='bbox 2344 4427 2413 4481; x_wconf 84' lang='lat' dir='ltr'>Et</span> <span class='ocrx_word' id='word_1_683' title='bbox 2444 4424 2584 4498; x_wconf 86' lang='lat' dir='ltr'>quid</span> <span class='ocrx_word' id='word_1_684' title='bbox 2616 4423 2772 4478; x_wconf 85' lang='lat' dir='ltr'>dicat</span> <span class='ocrx_word' id='word_1_685' title='bbox 2806 4465 2817 4477; x_wconf 86' lang='lat'>.</span> <span class='ocrx_word' id='word_1_686' title='bbox 2845 4449 2868 4473; x_wconf 90' lang='grc'><em>‹‹</em></span> <span class='ocrx_word' id='word_1_687' title='bbox 2907 4425 3068 4496; x_wconf 77' lang='lat' dir='ltr'>Saepe</span> <span class='ocrx_word' id='word_1_688' title='bbox 3101 4425 3577 4498; x_wconf 85' lang='lat' dir='ltr'>expugnaverunt</span> <span class='ocrx_word' id='word_1_689' title='bbox 3609 4435 3699 4475; x_wconf 88' lang='lat' dir='ltr'>me</span> <span class='ocrx_word' id='word_1_690' title='bbox 3730 4419 3986 4487; x_wconf 85' lang='lat' dir='ltr'>ajuvén-</span> 
     </span>
    </p>
   </div>
   <div class='ocr_carea' id='block_1_91' title="bbox 2346 4505 3986 4587">
    <p class='ocr_par' dir='ltr' id='par_1_91' title="bbox 2346 4505 3986 4587">
     <span class='ocr_line' id='line_1_91' title="bbox 2346 4505 3986 4587; baseline -0.007 -17"><span class='ocrx_word' id='word_1_691' title='bbox 2346 4518 2469 4580; x_wconf 83' lang='lat' dir='ltr'>tute</span> <span class='ocrx_word' id='word_1_692' title='bbox 2502 4531 2629 4569; x_wconf 89' lang='lat' dir='ltr'>mea</span> <span class='ocrx_word' id='word_1_693' title='bbox 2662 4516 2688 4567; x_wconf 71' lang='lat'>2’</span> <span class='ocrx_word' id='word_1_694' title='bbox 2715 4537 2741 4561; x_wconf 81' lang='grc'>››</span> <span class='ocrx_word' id='word_1_695' title='bbox 2777 4513 2936 4568; x_wconf 89' lang='lat' dir='ltr'>Dicat</span> <span class='ocrx_word' id='word_1_696' title='bbox 2968 4515 3184 4587; x_wconf 88' lang='lat' dir='ltr'>aliquis</span> <span class='ocrx_word' id='word_1_697' title='bbox 3215 4533 3226 4571; x_wconf 89' lang='lat'><strong>:</strong></span> <span class='ocrx_word' id='word_1_698' title='bbox 3261 4514 3304 4570; x_wconf 92' lang='grc' dir='ltr'>Ο</span> <span class='ocrx_word' id='word_1_699' title='bbox 3355 4510 3657 4576; x_wconf 81' lang='lat' dir='ltr'>monacho,</span> <span class='ocrx_word' id='word_1_700' title='bbox 3697 4505 3986 4580; x_wconf 90' lang='lat' dir='ltr'>quomodo</span> 
     </span>
    </p>
   </div>
   <div class='ocr_carea' id='block_1_92' title="bbox 2346 4595 3985 4676">
    <p class='ocr_par' dir='ltr' id='par_1_92' title="bbox 2346 4595 3985 4676">
     <span class='ocr_line' id='line_1_92' title="bbox 2346 4595 3985 4676; baseline -0.007 -16"><span class='ocrx_word' id='word_1_701' title='bbox 2346 4608 2402 4660; x_wconf 93' lang='lat' dir='ltr'>te</span> <span class='ocrx_word' id='word_1_702' title='bbox 2428 4607 2910 4676; x_wconf 83' lang='lat' dir='ltr'>expugnaverunt</span> <span class='ocrx_word' id='word_1_703' title='bbox 2939 4604 3237 4659; x_wconf 70' lang='lat' dir='ltr'>daemones</span> <span class='ocrx_word' id='word_1_704' title='bbox 3263 4607 3320 4659; x_wconf 91' lang='lat' dir='ltr'>et</span> <span class='ocrx_word' id='word_1_705' title='bbox 3349 4600 3618 4658; x_wconf 87' lang='lat' dir='ltr'>diabolus</span> <span class='ocrx_word' id='word_1_706' title='bbox 3646 4599 3674 4654; x_wconf 84' lang='lat'><strong>?</strong></span> <span class='ocrx_word' id='word_1_707' title='bbox 3701 4595 3985 4652; x_wconf 86' lang='lat' dir='ltr'>Videban-</span> 
     </span>
    </p>
   </div>
   <div class='ocr_carea' id='block_1_93' title="bbox 591 4684 3987 4779">
    <p class='ocr_par' dir='ltr' id='par_1_93' title="bbox 591 4684 3987 4779">
     <span class='ocr_line' id='line_1_93' title="bbox 591 4684 3987 4779; baseline -0.002 -33"><span class='ocrx_word' id='word_1_708' title='bbox 591 4706 722 4746; x_wconf 90' lang='lat' dir='ltr'>esse</span> <span class='ocrx_word' id='word_1_709' title='bbox 783 4692 1096 4747; x_wconf 88' lang='lat' dir='ltr'>desertam.</span> <span class='ocrx_word' id='word_1_710' title='bbox 1169 4693 1312 4764; x_wconf 71' lang='lat' dir='ltr'>Ipsa:</span> <span class='ocrx_word' id='word_1_711' title='bbox 1393 4699 1567 4765; x_wconf 65' lang='lat' dir='ltr'>portae</span> <span class='ocrx_word' id='word_1_712' title='bbox 1635 4697 1692 4749; x_wconf 89' lang='lat' dir='ltr'>et</span> <span class='ocrx_word' id='word_1_713' title='bbox 1757 4694 1881 4765; x_wconf 89' lang='lat' dir='ltr'>ipse</span> <span class='ocrx_word' id='word_1_714' title='bbox 1957 4711 2112 4767; x_wconf 86' lang='lat' dir='ltr'>ager,</span> <span class='ocrx_word' id='word_1_715' title='bbox 2181 4701 2237 4750; x_wconf 77' lang='lat' dir='ltr'>et</span> <span class='ocrx_word' id='word_1_716' title='bbox 2267 4715 2312 4779; x_wconf 72' lang='grc' dir='ltr'>Ι)</span> <span class='ocrx_word' id='word_1_717' title='bbox 2347 4698 2444 4749; x_wconf 91' lang='lat' dir='ltr'>tur</span> <span class='ocrx_word' id='word_1_718' title='bbox 2477 4693 2715 4764; x_wconf 92' lang='lat' dir='ltr'>quidem</span> <span class='ocrx_word' id='word_1_719' title='bbox 2751 4692 3022 4748; x_wconf 87' lang='lat' dir='ltr'>homines</span> <span class='ocrx_word' id='word_1_720' title='bbox 3054 4694 3154 4766; x_wconf 90' lang='lat' dir='ltr'>qui</span> <span class='ocrx_word' id='word_1_721' title='bbox 3186 4691 3629 4764; x_wconf 88' lang='lat' dir='ltr'>impugnabant,</span> <span class='ocrx_word' id='word_1_722' title='bbox 3663 4688 3762 4779; x_wconf 84' lang='lat' dir='ltr'>sed</span> <span class='ocrx_word' id='word_1_723' title='bbox 3793 4703 3894 4758; x_wconf 87' lang='lat' dir='ltr'>ego</span> <span class='ocrx_word' id='word_1_724' title='bbox 3926 4684 3987 4739; x_wconf 92' lang='lat' dir='ltr'>in</span> 
     </span>
    </p>
   </div>
   <div class='ocr_carea' id='block_1_94' title="bbox 591 4779 2235 4856">
    <p class='ocr_par' dir='ltr' id='par_1_94' title="bbox 591 4779 2235 4856">
     <span class='ocr_line' id='line_1_94' title="bbox 591 4779 2235 4856; baseline 0.002 -22"><span class='ocrx_word' id='word_1_725' title='bbox 591 4780 732 4852; x_wconf 69' lang='lat' dir='ltr'>ipsae</span> <span class='ocrx_word' id='word_1_726' title='bbox 763 4779 946 4836; x_wconf 79' lang='lat' dir='ltr'>ruinae</span> <span class='ocrx_word' id='word_1_727' title='bbox 978 4781 1122 4836; x_wconf 89' lang='lat' dir='ltr'>iram</span> <span class='ocrx_word' id='word_1_728' title='bbox 1155 4779 1256 4837; x_wconf 86' lang='lat' dir='ltr'>Dei</span> <span class='ocrx_word' id='word_1_729' title='bbox 1287 4782 1638 4855; x_wconf 87' lang='lat' dir='ltr'>signiﬁcant.</span> <span class='ocrx_word' id='word_1_730' title='bbox 1660 4784 1900 4840; x_wconf 90' lang='lat' dir='ltr'>Etiamsi</span> <span class='ocrx_word' id='word_1_731' title='bbox 1931 4801 2038 4840; x_wconf 90' lang='lat' dir='ltr'>nos</span> <span class='ocrx_word' id='word_1_732' title='bbox 2066 4784 2235 4856; x_wconf 87' lang='lat' dir='ltr'>igno-</span> 
     </span>
    </p>
   </div>
   <div class='ocr_carea' id='block_1_95' title="bbox 591 4869 2239 4942">
    <p class='ocr_par' dir='ltr' id='par_1_95' title="bbox 591 4869 2239 4942">
     <span class='ocr_line' id='line_1_95' title="bbox 591 4869 2239 4942; baseline 0.001 -15"><span class='ocrx_word' id='word_1_733' title='bbox 591 4870 970 4936; x_wconf 89' lang='lat' dir='ltr'>ramus,oculi</span> <span class='ocrx_word' id='word_1_734' title='bbox 1003 4869 1114 4942; x_wconf 91' lang='lat' dir='ltr'>ipsi</span> <span class='ocrx_word' id='word_1_735' title='bbox 1147 4871 1403 4927; x_wconf 90' lang='lat' dir='ltr'>clamant</span> <span class='ocrx_word' id='word_1_736' title='bbox 1437 4873 1582 4928; x_wconf 88' lang='lat' dir='ltr'>iram</span> <span class='ocrx_word' id='word_1_737' title='bbox 1611 4873 1901 4929; x_wconf 84' lang='lat' dir='ltr'>Domini.«</span> <span class='ocrx_word' id='word_1_738' title='bbox 1927 4873 2239 4930; x_wconf 89' lang='lat' dir='ltr'>Benedicat</span> 
     </span>
    </p>
   </div>
   <div class='ocr_carea' id='block_1_96' title="bbox 592 4959 2239 5035">
    <p class='ocr_par' dir='ltr' id='par_1_96' title="bbox 592 4959 2239 5035">
     <span class='ocr_line' id='line_1_96' title="bbox 592 4959 2239 5035; baseline 0.001 -19"><span class='ocrx_word' id='word_1_739' title='bbox 592 4969 643 5016; x_wconf 85' lang='lat' dir='ltr'>te</span> <span class='ocrx_word' id='word_1_740' title='bbox 675 4959 958 5015; x_wconf 88' lang='lat' dir='ltr'>Dominus</span> <span class='ocrx_word' id='word_1_741' title='bbox 988 4977 1056 5015; x_wconf 87' lang='lat' dir='ltr'>ex</span> <span class='ocrx_word' id='word_1_742' title='bbox 1085 4959 1241 5015; x_wconf 89' lang='lat' dir='ltr'>Sion.</span> <span class='ocrx_word' id='word_1_743' title='bbox 1298 4983 1324 5008; x_wconf 81' lang='lat'><strong>»</strong></span> <span class='ocrx_word' id='word_1_744' title='bbox 1373 4961 1503 5017; x_wconf 85' lang='lat' dir='ltr'>Sion</span> <span class='ocrx_word' id='word_1_745' title='bbox 1552 4961 1967 5035; x_wconf 85' lang='lat' dir='ltr'>interpretatur</span> <span class='ocrx_word' id='word_1_746' title='bbox 2017 4963 2239 5034; x_wconf 85' lang='lat' dir='ltr'>specula</span> 
     </span>
    </p>
   </div>
   <div class='ocr_carea' id='block_1_97' title="bbox 589 5050 2238 5124">
    <p class='ocr_par' dir='ltr' id='par_1_97' title="bbox 589 5050 2238 5124">
     <span class='ocr_line' id='line_1_97' title="bbox 589 5050 2238 5124; baseline 0.001 -17"><span class='ocrx_word' id='word_1_747' title='bbox 589 5051 896 5107; x_wconf 85' lang='lat' dir='ltr'>Jerusalem</span> <span class='ocrx_word' id='word_1_748' title='bbox 926 5050 1342 5124; x_wconf 91' lang='lat' dir='ltr'>interpretatur</span> <span class='ocrx_word' id='word_1_749' title='bbox 1372 5054 1506 5107; x_wconf 86' lang='lat' dir='ltr'>visio</span> <span class='ocrx_word' id='word_1_750' title='bbox 1530 5054 1702 5124; x_wconf 84' lang='lat' dir='ltr'>pacis.</span> <span class='ocrx_word' id='word_1_751' title='bbox 1723 5052 1780 5108; x_wconf 93' lang='lat' dir='ltr'>Si</span> <span class='ocrx_word' id='word_1_752' title='bbox 1813 5052 2008 5108; x_wconf 91' lang='lat' dir='ltr'>anima</span> <span class='ocrx_word' id='word_1_753' title='bbox 2040 5058 2238 5108; x_wconf 87' lang='lat' dir='ltr'>nostra</span> 
     </span>
    </p>
   </div>
   <div class='ocr_carea' id='block_1_98' title="bbox 593 5138 2237 5212">
    <p class='ocr_par' dir='ltr' id='par_1_98' title="bbox 593 5138 2237 5212">
     <span class='ocr_line' id='line_1_98' title="bbox 593 5138 2237 5212; baseline 0 -16"><span class='ocrx_word' id='word_1_754' title='bbox 593 5138 892 5212; x_wconf 89' lang='lat' dir='ltr'>speculam</span> <span class='ocrx_word' id='word_1_755' title='bbox 927 5139 1214 5196; x_wconf 90' lang='lat' dir='ltr'>habuerit.</span> <span class='ocrx_word' id='word_1_756' title='bbox 1251 5140 1307 5196; x_wconf 88' lang='lat' dir='ltr'>Si</span> <span class='ocrx_word' id='word_1_757' title='bbox 1340 5141 1397 5196; x_wconf 92' lang='lat' dir='ltr'>in</span> <span class='ocrx_word' id='word_1_758' title='bbox 1431 5140 1681 5196; x_wconf 89' lang='lat' dir='ltr'>sublime</span> <span class='ocrx_word' id='word_1_759' title='bbox 1709 5142 1900 5197; x_wconf 89' lang='lat' dir='ltr'>fuerit.</span> <span class='ocrx_word' id='word_1_760' title='bbox 1939 5142 1998 5198; x_wconf 91' lang='lat' dir='ltr'>Si</span> <span class='ocrx_word' id='word_1_761' title='bbox 2029 5159 2145 5197; x_wconf 93' lang='lat' dir='ltr'>non</span> <span class='ocrx_word' id='word_1_762' title='bbox 2167 5141 2237 5196; x_wconf 91' lang='lat' dir='ltr'>de</span> 
     </span>
    </p>
   </div>
   <div class='ocr_carea' id='block_1_99' title="bbox 591 5230 2238 5302">
    <p class='ocr_par' dir='ltr' id='par_1_99' title="bbox 591 5230 2238 5302">
     <span class='ocr_line' id='line_1_99' title="bbox 591 5230 2238 5302; baseline 0.001 -18"><span class='ocrx_word' id='word_1_763' title='bbox 591 5230 1225 5302; x_wconf 51' lang='lat' dir='ltr'>terrenislcogitaverit,</span> <span class='ocrx_word' id='word_1_764' title='bbox 1259 5231 1358 5286; x_wconf 90' lang='lat' dir='ltr'>sed</span> <span class='ocrx_word' id='word_1_765' title='bbox 1399 5231 1470 5287; x_wconf 90' lang='lat' dir='ltr'>de</span> <span class='ocrx_word' id='word_1_766' title='bbox 1518 5231 1896 5288; x_wconf 88' lang='lat' dir='ltr'>sublimibus.</span> <span class='ocrx_word' id='word_1_767' title='bbox 1947 5232 2008 5286; x_wconf 90' lang='lat' dir='ltr'>Si</span> <span class='ocrx_word' id='word_1_768' title='bbox 2039 5231 2238 5286; x_wconf 88' lang='lat' dir='ltr'>anima</span> 
     </span>
    </p>
   </div>
   <div class='ocr_carea' id='block_1_100' title="bbox 591 5318 2236 5392">
    <p class='ocr_par' dir='ltr' id='par_1_100' title="bbox 591 5318 2236 5392">
     <span class='ocr_line' id='line_1_100' title="bbox 591 5318 2236 5392; baseline 0 -18"><span class='ocrx_word' id='word_1_769' title='bbox 591 5323 794 5374; x_wconf 88' lang='lat' dir='ltr'>nostra</span> <span class='ocrx_word' id='word_1_770' title='bbox 822 5318 1094 5374; x_wconf 89' lang='lat' dir='ltr'>habuerit</span> <span class='ocrx_word' id='word_1_771' title='bbox 1123 5318 1403 5375; x_wconf 90' lang='lat' dir='ltr'>visionem</span> <span class='ocrx_word' id='word_1_772' title='bbox 1437 5321 1616 5392; x_wconf 90' lang='lat' dir='ltr'>pacis,</span> <span class='ocrx_word' id='word_1_773' title='bbox 1659 5319 1765 5375; x_wconf 89' lang='lat' dir='ltr'>hoc</span> <span class='ocrx_word' id='word_1_774' title='bbox 1795 5323 1904 5390; x_wconf 87' lang='lat' dir='ltr'>est,</span> <span class='ocrx_word' id='word_1_775' title='bbox 1966 5321 2015 5375; x_wconf 90' lang='lat' dir='ltr'>si</span> <span class='ocrx_word' id='word_1_776' title='bbox 2068 5320 2236 5376; x_wconf 85' lang='lat' dir='ltr'>Chri-</span> 
     </span>
    </p>
   </div>
   <div class='ocr_carea' id='block_1_101' title="bbox 590 5407 2237 5482">
    <p class='ocr_par' dir='ltr' id='par_1_101' title="bbox 590 5407 2237 5482">
     <span class='ocr_line' id='line_1_101' title="bbox 590 5407 2237 5482; baseline 0.001 -18"><span class='ocrx_word' id='word_1_777' title='bbox 590 5413 738 5479; x_wconf 88' lang='lat' dir='ltr'>stus,</span> <span class='ocrx_word' id='word_1_778' title='bbox 771 5407 870 5479; x_wconf 89' lang='lat' dir='ltr'>qui</span> <span class='ocrx_word' id='word_1_779' title='bbox 902 5425 1035 5463; x_wconf 90' lang='lat' dir='ltr'>vera</span> <span class='ocrx_word' id='word_1_780' title='bbox 1066 5425 1177 5480; x_wconf 84' lang='lat' dir='ltr'>pax</span> <span class='ocrx_word' id='word_1_781' title='bbox 1205 5414 1294 5464; x_wconf 91' lang='lat' dir='ltr'>est</span> <span class='ocrx_word' id='word_1_782' title='bbox 1323 5408 1670 5466; x_wconf 90' lang='lat' dir='ltr'>habitaverit</span> <span class='ocrx_word' id='word_1_783' title='bbox 1723 5409 1781 5465; x_wconf 92' lang='lat' dir='ltr'>in</span> <span class='ocrx_word' id='word_1_784' title='bbox 1814 5426 1881 5464; x_wconf 91' lang='lat' dir='ltr'>ea</span> <span class='ocrx_word' id='word_1_785' title='bbox 1915 5427 1927 5465; x_wconf 90' lang='lat'><strong>:</strong></span> <span class='ocrx_word' id='word_1_786' title='bbox 1966 5409 2091 5482; x_wconf 90' lang='lat' dir='ltr'>ipse</span> <span class='ocrx_word' id='word_1_787' title='bbox 2131 5427 2237 5466; x_wconf 91' lang='lat' dir='ltr'>nos</span> 
     </span>
    </p>
   </div>
   <div class='ocr_carea' id='block_1_102' title="bbox 591 5497 2236 5564">
    <p class='ocr_par' dir='ltr' id='par_1_102' title="bbox 591 5497 2236 5564">
     <span class='ocr_line' id='line_1_102' title="bbox 591 5497 2236 5564; baseline 0.002 -13"><span class='ocrx_word' id='word_1_788' title='bbox 591 5497 896 5553; x_wconf 90' lang='lat' dir='ltr'>benedicit.</span> <span class='ocrx_word' id='word_1_789' title='bbox 933 5497 988 5552; x_wconf 88' lang='lat' dir='ltr'>Si</span> <span class='ocrx_word' id='word_1_790' title='bbox 1020 5497 1369 5553; x_wconf 86' lang='lat' dir='ltr'>habitaverit</span> <span class='ocrx_word' id='word_1_791' title='bbox 1397 5499 1454 5554; x_wconf 93' lang='lat' dir='ltr'>in</span> <span class='ocrx_word' id='word_1_792' title='bbox 1505 5500 1672 5554; x_wconf 87' lang='lat' dir='ltr'>nobis</span> <span class='ocrx_word' id='word_1_793' title='bbox 1704 5499 1992 5564; x_wconf 89' lang='lat' dir='ltr'>Christus,</span> <span class='ocrx_word' id='word_1_794' title='bbox 2043 5504 2098 5554; x_wconf 89' lang='lat' dir='ltr'>et</span> <span class='ocrx_word' id='word_1_795' title='bbox 2131 5517 2236 5556; x_wconf 92' lang='lat' dir='ltr'>nos</span> 
     </span>
    </p>
   </div>
   <div class='ocr_carea' id='block_1_103' title="bbox 585 5587 2236 5645">
    <p class='ocr_par' dir='ltr' id='par_1_103' title="bbox 585 5587 2236 5645">
     <span class='ocr_line' id='line_1_103' title="bbox 585 5587 2236 5645; baseline 0.002 -5"><span class='ocrx_word' id='word_1_796' title='bbox 585 5589 804 5641; x_wconf 88' lang='lat' dir='ltr'>erimus</span> <span class='ocrx_word' id='word_1_797' title='bbox 835 5587 993 5643; x_wconf 92' lang='lat' dir='ltr'>Sion.</span> <span class='ocrx_word' id='word_1_798' title='bbox 1026 5589 1095 5643; x_wconf 90' lang='lat' dir='ltr'>Et</span> <span class='ocrx_word' id='word_1_799' title='bbox 1120 5605 1227 5643; x_wconf 85' lang='lat' dir='ltr'>nos</span> <span class='ocrx_word' id='word_1_800' title='bbox 1255 5587 1476 5644; x_wconf 87' lang='lat' dir='ltr'>erimus</span> <span class='ocrx_word' id='word_1_801' title='bbox 1522 5588 1909 5645; x_wconf 83' lang='lat' dir='ltr'>Jerusalem.«</span> <span class='ocrx_word' id='word_1_802' title='bbox 1945 5589 2011 5645; x_wconf 89' lang='lat' dir='ltr'>Et</span> <span class='ocrx_word' id='word_1_803' title='bbox 2041 5589 2236 5644; x_wconf 87' lang='lat' dir='ltr'>videas</span> 
     </span>
    </p>
   </div>
   <div class='ocr_carea' id='block_1_104' title="bbox 591 5674 2235 5750">
    <p class='ocr_par' dir='ltr' id='par_1_104' title="bbox 591 5674 2235 5750">
     <span class='ocr_line' id='line_1_104' title="bbox 591 5674 2235 5750; baseline 0.003 -23"><span class='ocrx_word' id='word_1_804' title='bbox 591 5674 741 5729; x_wconf 88' lang='lat' dir='ltr'>ﬁlios</span> <span class='ocrx_word' id='word_1_805' title='bbox 776 5676 1049 5733; x_wconf 88' lang='lat' dir='ltr'>ﬁliorum.</span> <span class='ocrx_word' id='word_1_806' title='bbox 1084 5698 1112 5728; x_wconf 83' lang='lat'><strong>»</strong></span> <span class='ocrx_word' id='word_1_807' title='bbox 1149 5677 1262 5750; x_wconf 86' lang='lat' dir='ltr'>Ego</span> <span class='ocrx_word' id='word_1_808' title='bbox 1293 5677 1456 5733; x_wconf 89' lang='lat' dir='ltr'>vobis</span> <span class='ocrx_word' id='word_1_809' title='bbox 1489 5676 1712 5749; x_wconf 90' lang='lat' dir='ltr'>loquor.</span> <span class='ocrx_word' id='word_1_810' title='bbox 1765 5679 1820 5732; x_wconf 90' lang='lat' dir='ltr'>Si</span> <span class='ocrx_word' id='word_1_811' title='bbox 1855 5695 1920 5734; x_wconf 82' lang='lat' dir='ltr'>ex</span> <span class='ocrx_word' id='word_1_812' title='bbox 1954 5694 2082 5734; x_wconf 89' lang='lat' dir='ltr'>meo</span> <span class='ocrx_word' id='word_1_813' title='bbox 2111 5694 2235 5733; x_wconf 83' lang='lat' dir='ltr'>ser-</span> 
     </span>
    </p>
   </div>
   <div class='ocr_carea' id='block_1_105' title="bbox 588 5765 2236 5833">
    <p class='ocr_par' dir='ltr' id='par_1_105' title="bbox 588 5765 2236 5833">
     <span class='ocr_line' id='line_1_105' title="bbox 588 5765 2236 5833; baseline 0.005 -16"><span class='ocrx_word' id='word_1_814' title='bbox 588 5778 761 5827; x_wconf 84' lang='lat' dir='ltr'>mone</span> <span class='ocrx_word' id='word_1_815' title='bbox 789 5781 888 5822; x_wconf 89' lang='lat' dir='ltr'>vos</span> <span class='ocrx_word' id='word_1_816' title='bbox 919 5766 1268 5833; x_wconf 85' lang='lat' dir='ltr'>instruxere,</span> <span class='ocrx_word' id='word_1_817' title='bbox 1301 5767 1414 5823; x_wconf 87' lang='lat' dir='ltr'>vidi</span> <span class='ocrx_word' id='word_1_818' title='bbox 1458 5765 1610 5824; x_wconf 87' lang='lat' dir='ltr'>ﬁlios</span> <span class='ocrx_word' id='word_1_819' title='bbox 1641 5784 1830 5824; x_wconf 89' lang='lat' dir='ltr'>meos:</span> <span class='ocrx_word' id='word_1_820' title='bbox 1868 5767 1914 5823; x_wconf 86' lang='lat' dir='ltr'>si</span> <span class='ocrx_word' id='word_1_821' title='bbox 1947 5785 2046 5823; x_wconf 90' lang='lat' dir='ltr'>vos</span> <span class='ocrx_word' id='word_1_822' title='bbox 2089 5765 2236 5826; x_wconf 89' lang='lat' dir='ltr'>alios</span> 
     </span>
    </p>
   </div>
   <div class='ocr_carea' id='block_1_106' title="bbox 2349 4778 3990 4853">
    <p class='ocr_par' dir='ltr' id='par_1_106' title="bbox 2349 4778 3990 4853">
     <span class='ocr_line' id='line_1_106' title="bbox 2349 4778 3990 4853; baseline -0.004 -17"><span class='ocrx_word' id='word_1_823' title='bbox 2349 4781 2690 4838; x_wconf 88' lang='lat' dir='ltr'>hominibus</span> <span class='ocrx_word' id='word_1_824' title='bbox 2707 4781 3009 4836; x_wconf 89' lang='lat' dir='ltr'>diabolum</span> <span class='ocrx_word' id='word_1_825' title='bbox 3043 4778 3712 4853; x_wconf 87' lang='lat' dir='ltr'>intelligebam.Quaudo</span> <span class='ocrx_word' id='word_1_826' title='bbox 3729 4792 3860 4849; x_wconf 87' lang='lat' dir='ltr'>ergo</span> <span class='ocrx_word' id='word_1_827' title='bbox 3886 4790 3990 4830; x_wconf 87' lang='lat' dir='ltr'>eos</span> 
     </span>
    </p>
   </div>
   <div class='ocr_carea' id='block_1_107' title="bbox 2347 4864 3987 4944">
    <p class='ocr_par' dir='ltr' id='par_1_107' title="bbox 2347 4864 3987 4944">
     <span class='ocr_line' id='line_1_107' title="bbox 2347 4864 3987 4944; baseline -0.007 -16"><span class='ocrx_word' id='word_1_828' title='bbox 2347 4876 2786 4944; x_wconf 90' lang='lat' dir='ltr'>persequuntur</span> <span class='ocrx_word' id='word_1_829' title='bbox 2811 4871 3228 4942; x_wconf 80' lang='lat' dir='ltr'>homines,non</span> <span class='ocrx_word' id='word_1_830' title='bbox 3261 4871 3586 4926; x_wconf 87' lang='lat' dir='ltr'>irascamur</span> <span class='ocrx_word' id='word_1_831' title='bbox 3602 4864 3987 4941; x_wconf 87' lang='lat' dir='ltr'>persequenti,</span> 
     </span>
    </p>
   </div>
   <div class='ocr_carea' id='block_1_108' title="bbox 2349 4955 3993 5034">
    <p class='ocr_par' dir='ltr' id='par_1_108' title="bbox 2349 4955 3993 5034">
     <span class='ocr_line' id='line_1_108' title="bbox 2349 4955 3993 5034; baseline -0.006 -17"><span class='ocrx_word' id='word_1_832' title='bbox 2349 4962 2449 5017; x_wconf 89' lang='lat' dir='ltr'>sed</span> <span class='ocrx_word' id='word_1_833' title='bbox 2483 4959 2903 5016; x_wconf 88' lang='lat' dir='ltr'>condoleamus</span> <span class='ocrx_word' id='word_1_834' title='bbox 2934 4965 2989 5016; x_wconf 89' lang='lat' dir='ltr'>et</span> <span class='ocrx_word' id='word_1_835' title='bbox 3022 4961 3371 5034; x_wconf 86' lang='lat' dir='ltr'>plangamus</span> <span class='ocrx_word' id='word_1_836' title='bbox 3402 4976 3500 5015; x_wconf 89' lang='lat' dir='ltr'>eos</span> <span class='ocrx_word' id='word_1_837' title='bbox 3535 4957 3707 5031; x_wconf 90' lang='lat' dir='ltr'>:quia</span> <span class='ocrx_word' id='word_1_838' title='bbox 3733 4955 3878 5011; x_wconf 89' lang='lat' dir='ltr'>alius</span> <span class='ocrx_word' id='word_1_839' title='bbox 3900 4957 3993 5009; x_wconf 88' lang='lat' dir='ltr'>est</span> 
     </span>
    </p>
   </div>
   <div class='ocr_carea' id='block_1_109' title="bbox 2347 5042 3993 5122">
    <p class='ocr_par' dir='ltr' id='par_1_109' title="bbox 2347 5042 3993 5122">
     <span class='ocr_line' id='line_1_109' title="bbox 2347 5042 3993 5122; baseline -0.005 -17"><span class='ocrx_word' id='word_1_840' title='bbox 2347 5049 2447 5122; x_wconf 90' lang='lat' dir='ltr'>qui</span> <span class='ocrx_word' id='word_1_841' title='bbox 2483 5049 2855 5122; x_wconf 89' lang='lat' dir='ltr'>persequitur</span> <span class='ocrx_word' id='word_1_842' title='bbox 2881 5048 2941 5104; x_wconf 93' lang='lat' dir='ltr'>in</span> <span class='ocrx_word' id='word_1_843' title='bbox 2977 5048 3546 5122; x_wconf 88' lang='lat' dir='ltr'>persecutoribus.Di</span> <span class='ocrx_word' id='word_1_844' title='bbox 3578 5042 3993 5103; x_wconf 69' lang='lat' dir='ltr'>daemoniarius</span> 
     </span>
    </p>
   </div>
   <div class='ocr_carea' id='block_1_110' title="bbox 2351 5132 3995 5212">
    <p class='ocr_par' dir='ltr' id='par_1_110' title="bbox 2351 5132 3995 5212">
     <span class='ocr_line' id='line_1_110' title="bbox 2351 5132 3995 5212; baseline -0.005 -17"><span class='ocrx_word' id='word_1_845' title='bbox 2351 5140 2453 5212; x_wconf 92' lang='lat' dir='ltr'>qui</span> <span class='ocrx_word' id='word_1_846' title='bbox 2504 5140 2681 5195; x_wconf 89' lang='lat' dir='ltr'>habet</span> <span class='ocrx_word' id='word_1_847' title='bbox 2727 5139 3073 5211; x_wconf 68' lang='lat' dir='ltr'>daemonem,</span> <span class='ocrx_word' id='word_1_848' title='bbox 3120 5139 3359 5206; x_wconf 91' lang='lat' dir='ltr'>venerit,</span> <span class='ocrx_word' id='word_1_849' title='bbox 3435 5143 3491 5194; x_wconf 90' lang='lat' dir='ltr'>et</span> <span class='ocrx_word' id='word_1_850' title='bbox 3538 5153 3798 5210; x_wconf 88' lang='lat' dir='ltr'>pugnum</span> <span class='ocrx_word' id='word_1_851' title='bbox 3848 5132 3995 5188; x_wconf 89' lang='lat' dir='ltr'>mihi</span> 
     </span>
    </p>
   </div>
   <div class='ocr_carea' id='block_1_111' title="bbox 2348 5222 3996 5301">
    <p class='ocr_par' dir='ltr' id='par_1_111' title="bbox 2348 5222 3996 5301">
     <span class='ocr_line' id='line_1_111' title="bbox 2348 5222 3996 5301; baseline -0.005 -16"><span class='ocrx_word' id='word_1_852' title='bbox 2348 5229 2592 5294; x_wconf 89' lang='lat' dir='ltr'>dederit,</span> <span class='ocrx_word' id='word_1_853' title='bbox 2627 5233 2683 5284; x_wconf 89' lang='lat' dir='ltr'>et</span> <span class='ocrx_word' id='word_1_854' title='bbox 2704 5228 2859 5284; x_wconf 89' lang='lat' dir='ltr'>calce</span> <span class='ocrx_word' id='word_1_855' title='bbox 2892 5229 3270 5301; x_wconf 89' lang='lat' dir='ltr'>percusserit,</span> <span class='ocrx_word' id='word_1_856' title='bbox 3314 5228 3606 5300; x_wconf 90' lang='lat' dir='ltr'>numquid</span> <span class='ocrx_word' id='word_1_857' title='bbox 3638 5227 3854 5281; x_wconf 89' lang='lat' dir='ltr'>irascor</span> <span class='ocrx_word' id='word_1_858' title='bbox 3881 5223 3933 5278; x_wconf 90' lang='lat' dir='ltr'>ei</span> <span class='ocrx_word' id='word_1_859' title='bbox 3967 5222 3996 5276; x_wconf 70' lang='lat'>‘7</span> 
     </span>
    </p>
   </div>
   <div class='ocr_carea' id='block_1_112' title="bbox 2349 5317 3993 5392">
    <p class='ocr_par' dir='ltr' id='par_1_112' title="bbox 2349 5317 3993 5392">
     <span class='ocr_line' id='line_1_112' title="bbox 2349 5317 3993 5392; baseline -0.005 -16"><span class='ocrx_word' id='word_1_860' title='bbox 2349 5319 2448 5376; x_wconf 91' lang='lat' dir='ltr'>Ille</span> <span class='ocrx_word' id='word_1_861' title='bbox 2475 5336 2670 5392; x_wconf 88' lang='lat' dir='ltr'>pugno</span> <span class='ocrx_word' id='word_1_862' title='bbox 2703 5319 2974 5390; x_wconf 88' lang='lat' dir='ltr'>percutit,</span> <span class='ocrx_word' id='word_1_863' title='bbox 3007 5325 3064 5375; x_wconf 90' lang='lat' dir='ltr'>et</span> <span class='ocrx_word' id='word_1_864' title='bbox 3101 5335 3207 5392; x_wconf 89' lang='lat' dir='ltr'>ego</span> <span class='ocrx_word' id='word_1_865' title='bbox 3240 5319 3401 5392; x_wconf 91' lang='lat' dir='ltr'>ploro</span> <span class='ocrx_word' id='word_1_866' title='bbox 3434 5322 3491 5374; x_wconf 92' lang='lat' dir='ltr'>et</span> <span class='ocrx_word' id='word_1_867' title='bbox 3539 5317 3750 5391; x_wconf 87' lang='lat' dir='ltr'>plango</span> <span class='ocrx_word' id='word_1_868' title='bbox 3788 5329 3993 5386; x_wconf 89' lang='lat' dir='ltr'>percu-</span> 
     </span>
    </p>
   </div>
   <div class='ocr_carea' id='block_1_113' title="bbox 2346 5404 3998 5482">
    <p class='ocr_par' dir='ltr' id='par_1_113' title="bbox 2346 5404 3998 5482">
     <span class='ocr_line' id='line_1_113' title="bbox 2346 5404 3998 5482; baseline -0.005 -17"><span class='ocrx_word' id='word_1_869' title='bbox 2346 5409 2608 5466; x_wconf 89' lang='lat' dir='ltr'>tientem.</span> <span class='ocrx_word' id='word_1_870' title='bbox 2644 5409 2826 5464; x_wconf 81' lang='lat' dir='ltr'>Video</span> <span class='ocrx_word' id='word_1_871' title='bbox 2875 5408 3031 5474; x_wconf 73' lang='lat' dir='ltr'>enim</span> <span class='ocrx_word' id='word_1_872' title='bbox 3075 5409 3217 5481; x_wconf 88' lang='lat' dir='ltr'>quia</span> <span class='ocrx_word' id='word_1_873' title='bbox 3264 5410 3434 5482; x_wconf 85' lang='lat' dir='ltr'>pejus</span> <span class='ocrx_word' id='word_1_874' title='bbox 3470 5406 3789 5481; x_wconf 89' lang='lat' dir='ltr'>percutitur</span> <span class='ocrx_word' id='word_1_875' title='bbox 3817 5404 3884 5459; x_wconf 88' lang='lat' dir='ltr'>ab</span> <span class='ocrx_word' id='word_1_876' title='bbox 3928 5418 3998 5458; x_wconf 90' lang='lat' dir='ltr'>eo</span> 
     </span>
    </p>
   </div>
   <div class='ocr_carea' id='block_1_114' title="bbox 2348 5494 3996 5573">
    <p class='ocr_par' dir='ltr' id='par_1_114' title="bbox 2348 5494 3996 5573">
     <span class='ocr_line' id='line_1_114' title="bbox 2348 5494 3996 5573; baseline -0.004 -18"><span class='ocrx_word' id='word_1_877' title='bbox 2348 5500 2445 5572; x_wconf 91' lang='lat' dir='ltr'>qui</span> <span class='ocrx_word' id='word_1_878' title='bbox 2480 5501 2537 5554; x_wconf 90' lang='lat' dir='ltr'>in</span> <span class='ocrx_word' id='word_1_879' title='bbox 2572 5516 2633 5554; x_wconf 89' lang='lat' dir='ltr'>se</span> <span class='ocrx_word' id='word_1_880' title='bbox 2663 5497 2961 5571; x_wconf 76' lang='lat' dir='ltr'>operatur,</span> <span class='ocrx_word' id='word_1_881' title='bbox 2995 5515 3173 5569; x_wconf 92' lang='lat' dir='ltr'>quam</span> <span class='ocrx_word' id='word_1_882' title='bbox 3204 5516 3309 5573; x_wconf 89' lang='lat' dir='ltr'>ego</span> <span class='ocrx_word' id='word_1_883' title='bbox 3359 5515 3394 5554; x_wconf 89' lang='lat' dir='ltr'>a</span> <span class='ocrx_word' id='word_1_884' title='bbox 3425 5514 3602 5554; x_wconf 88' lang='lat' dir='ltr'>manu</span> <span class='ocrx_word' id='word_1_885' title='bbox 3648 5497 3792 5568; x_wconf 82' lang='lat' dir='ltr'>ejus.</span> <span class='ocrx_word' id='word_1_886' title='bbox 3841 5494 3996 5558; x_wconf 89' lang='lat' dir='ltr'>Quo-</span> 
     </span>
    </p>
   </div>
   <div class='ocr_carea' id='block_1_115' title="bbox 2345 5583 3999 5659">
    <p class='ocr_par' dir='ltr' id='par_1_115' title="bbox 2345 5583 3999 5659">
     <span class='ocr_line' id='line_1_115' title="bbox 2345 5583 3999 5659; baseline -0.004 -15"><span class='ocrx_word' id='word_1_887' title='bbox 2345 5589 2455 5644; x_wconf 89' lang='lat' dir='ltr'>ties</span> <span class='ocrx_word' id='word_1_888' title='bbox 2484 5604 2621 5659; x_wconf 87' lang='lat' dir='ltr'>ergo</span> <span class='ocrx_word' id='word_1_889' title='bbox 2673 5585 2892 5658; x_wconf 90' lang='lat' dir='ltr'>aliquid</span> <span class='ocrx_word' id='word_1_890' title='bbox 2945 5587 3226 5658; x_wconf 88' lang='lat' dir='ltr'>patimur,</span> <span class='ocrx_word' id='word_1_891' title='bbox 3269 5592 3325 5641; x_wconf 86' lang='lat' dir='ltr'>et</span> <span class='ocrx_word' id='word_1_892' title='bbox 3369 5587 3726 5642; x_wconf 87' lang='lat' dir='ltr'>tentationes</span> <span class='ocrx_word' id='word_1_893' title='bbox 3771 5583 3999 5656; x_wconf 86' lang='lat' dir='ltr'>aliquas</span> 
     </span>
    </p>
   </div>
   <div class='ocr_carea' id='block_1_116' title="bbox 2347 5672 3996 5755">
    <p class='ocr_par' dir='ltr' id='par_1_116' title="bbox 2347 5672 3996 5755">
     <span class='ocr_line' id='line_1_116' title="bbox 2347 5672 3996 5755; baseline -0.004 -21"><span class='ocrx_word' id='word_1_894' title='bbox 2347 5677 2734 5744; x_wconf 78' lang='lat' dir='ltr'>sustinemus,</span> <span class='ocrx_word' id='word_1_895' title='bbox 2762 5676 2928 5732; x_wconf 91' lang='lat' dir='ltr'>illum</span> <span class='ocrx_word' id='word_1_896' title='bbox 2982 5676 3384 5755; x_wconf 88' lang='lat' dir='ltr'>intelligamus</span> <span class='ocrx_word' id='word_1_897' title='bbox 3431 5693 3560 5734; x_wconf 89' lang='lat' dir='ltr'>esse</span> <span class='ocrx_word' id='word_1_898' title='bbox 3605 5679 3660 5732; x_wconf 90' lang='lat' dir='ltr'>et</span> <span class='ocrx_word' id='word_1_899' title='bbox 3710 5674 3864 5742; x_wconf 89' lang='lat' dir='ltr'>illos,</span> <span class='ocrx_word' id='word_1_900' title='bbox 3893 5672 3996 5746; x_wconf 90' lang='lat' dir='ltr'>qui</span> 
     </span>
    </p>
   </div>
   <div class='ocr_carea' id='block_1_117' title="bbox 2348 5764 3997 5839">
    <p class='ocr_par' dir='ltr' id='par_1_117' title="bbox 2348 5764 3997 5839">
     <span class='ocr_line' id='line_1_117' title="bbox 2348 5764 3997 5839; baseline -0.004 -13"><span class='ocrx_word' id='word_1_901' title='bbox 2348 5769 2518 5826; x_wconf 89' lang='lat' dir='ltr'>nobis</span> <span class='ocrx_word' id='word_1_902' title='bbox 2567 5766 2918 5825; x_wconf 86' lang='lat' dir='ltr'>tentationes</span> <span class='ocrx_word' id='word_1_903' title='bbox 2965 5772 3270 5839; x_wconf 88' lang='lat' dir='ltr'>generant,</span> <span class='ocrx_word' id='word_1_904' title='bbox 3318 5765 3376 5824; x_wconf 93' lang='lat' dir='ltr'>in</span> <span class='ocrx_word' id='word_1_905' title='bbox 3429 5765 3788 5826; x_wconf 90' lang='lat' dir='ltr'>hominibus.</span> <span class='ocrx_word' id='word_1_906' title='bbox 3831 5764 3997 5822; x_wconf 88' lang='lat' dir='ltr'>Dicat</span> 
     </span>
    </p>
   </div>
  </div>
