4244 6590
1419 467 1921 538 ΒΒΕΥΙᾹΠΙῸΜ
1964 468 2044 530 ΙΝ
2090 469 2475 532 PSALMOS.

211 478 364 544 137.3
1419 472 1889 538 BREVIARIUD

2002 472 2044 530 Ν
2090 472 2475 532 PSALMOS.
3464 472 3618 532 1374

212 611 463 686 aliquis:
496 616 612 669 Hoc
653 612 848 686 ipdum
909 611 979 668 de
1037 610 1356 684 Scripturis
1413 610 1679 666 afﬁrma:
1743 606 1934 670 nonA
1969 612 2246 669 funiculis
2285 614 2653 684 peccatorum
2711 626 2950 667 suorum
3012 605 3424 681 unusquisque
3481 623 3619 663 con-

213 701 368 758 enim
391 703 674 758 debemus
700 701 920 774 aliquid
940 700 1095 773 loqui
1123 701 1231 756 nisi
1283 701 1354 756 de
1385 697 1703 770 Scripturis
1737 698 1858 751 fue-
1971 703 2310 774 stringetur.
2347 699 2663 756 Funiculus
2697 703 3085 771 peccatorum,
3118 697 3229 752 nisi
3263 696 3432 769 plura
3485 712 3618 768 pec-

215 792 675 848 ritadornatum
707 796 883 862 atque
916 791 1323 863 approbatum.
1356 790 1544 845 Judas
1604 786 1864 860 proditor
1973 797 2102 847 cata
2161 789 2486 855 habuerim,
2564 789 2674 844 texi
2733 806 2846 843 non
2933 791 3142 859 potest.
3201 787 3255 841 Si
3316 790 3617 858 peccatum

218 881 348 945 fuit,
381 881 482 935 sed
515 880 752 935 intravit
781 880 839 934 in
873 879 1035 934 illum
1069 884 1335 945 Satanas,
1373 885 1429 933 et
1468 877 1591 950 ipse
1623 877 1682 931 in
1733 891 1862 947 pro-
1973 883 2180 949 fecero,
2213 897 2326 935 non
2360 884 2477 934 tam
2515 876 2810 934 funiculus
2841 883 2947 940 est,
2980 894 3155 948 quam
3206 875 3375 948 quasi
3435 892 3618 931 unum

217 970 402 1025 ditore
433 970 710 1040 prodidit.
747 969 896 1024 Uxor
925 968 1209 1039 Putiphar
1239 986 1303 1023 eo
1334 974 1593 1038 tempore
1630 965 1864 1037 quando
1975 971 2139 1025 ﬁlum
2168 975 2274 1024 est.
2306 970 2361 1023 si
2392 974 2584 1023 autem
2618 985 2802 1022 unum
2835 967 2997 1022 ﬁlum
3029 971 3138 1035 est,
3171 966 3282 1020 cito
3306 965 3619 1036 rumpitur,

217 1059 406 1114 ιθῠιιὶι
432 1058 671 1129 Joseph.
705 1074 937 1113 servum
973 1075 1168 1123 suum,
1207 1057 1443 1112 domina
1476 1071 1728 1119 servum.
1778 1051 1863 1107 ἀί·
1974 1064 2030 1114 et
2058 1064 2274 1127 tenere,
2307 1063 2363 1113 et
2395 1057 2574 1129 ligare
2607 1073 2718 1111 non
2754 1061 2960 1127 potest.
2993 1055 3049 1108 Si
3084 1059 3277 1109 autem
3309 1053 3475 1124 plura
3497 1071 3622 1124 pec-

215 1147 447 1210 ῐὶεεὶῐηα
471 1146 912 1218 pauperculum,
947 1147 1087 1201 civis
1121 1146 1515 1218 peregrinum,
1551 1144 1651 1198 illa
1700 1149 1866 1198 tene-
1976 1153 2101 1203 cata
2136 1146 2350 1201 fuerint
2379 1151 2434 1200 et
2466 1144 2935 1217 prolongaverint
2965 1142 3325 1214 iniquitates,
3369 1142 3439 1196 de
3494 1141 3620 1212 plu-

117 1859 122 1862 ’
224 1860 632 1931 pugnaverunt
690 1872 803 1922 me,
850 1878 878 1904 »

218 1236 319 1291 bat
341 1235 581 1307 Joseph,
615 1236 714 1290 sed
750 1240 988 1290 sanctus
1023 1235 1109 1289 vir
1160 1234 1218 1289 in
1275 1235 1548 1289 manibus
1607 1231 1867 1286 mulieris

214 1323 581 1396 intelligebat
603 1339 731 1378 esse
763 1323 1058 1378 diabolum
1096 1323 1440 1377 retinentem
1476 1321 1626 1392 (Gen.
1678 1337 1865 1389 xxx1x,

213 1414 390 1485 7-15).
427 1414 539 1467 [loc
570 1416 758 1467 totum
791 1429 969 1483 quare
1002 1411 1179 1466 dico?
1233 1413 1297 1468 Ut
1354 1411 1586 1482 quando
1648 1408 1866 1480 aliquid

214 1503 474 1574 patimur
505 1501 574 1556 ab
607 1500 968 1566 hominibus,
1006 1517 1118 1555 non
1151 1501 1474 1554 irascamur
1501 1498 1865 1554 hominibus:

215 1591 318 1647 sed
343 1589 694 1664 plangamus
719 1605 838 1644 eos.
869 1589 932 1644 Et.
957 1588 1121 1643 illum
1149 1587 1449 1643 videamus
1473 1586 1871 1642 insidiatorem

217 1681 318 1754 qui
348 1681 404 1734 in
439 1679 584 1751 ipsis
620 1683 913 1750 cperatur.
948 1701 974 1726 «
1008 1679 1168 1748 Saepe
1199 1680 1678 1748 expugnaverunt
1726 1692 1816 1730 me
1843 1692 1876 1729 a

216 1774 523 1843 Juventute
549 1784 675 1822 mea
699 1785 710 1821 :
732 1767 944 1822 etenim
975 1783 1085 1821 non
1112 1771 1426 1837 potuerunt
1459 1764 1622 1820 mihi.
1648 1787 1674 1813 ››
1708 1788 1734 1814 ‹‹
1763 1765 1875 1818 Ex-

939 1855 996 1909 in
1051 1855 1506 1926 cogitationibus
1563 1853 1873 1925 turpibus:

1979 1237 2141 1292 ribus
2174 1235 2424 1307 peccatis
2456 1235 2622 1306 quasi
2657 1235 2726 1288 de
2759 1233 3026 1303 pluribus
3058 1231 3170 1286 filis
3203 1229 3500 1285 funiculus
3537 1231 3622 1296 fit,

1978 1331 2033 1380 et
2049 1324 2211 1397 ligat,
2228 1328 2282 1378 et
2308 1340 2423 1378 non
2443 1323 2553 1377 cito
2575 1322 2886 1393 rumpitur.
2910 1321 3027 1376 Hoc
3053 1324 3240 1375 totum
3265 1335 3444 1390 quare
3466 1319 3625 1373 dixi?

1979 1413 2125 1477 Quia
2154 1413 2404 1484 legimus
2436 1413 2493 1466 in
2527 1411 2638 1466 isto
2679 1410 2981 1475 versiculo,
3042 1432 3070 1459 ‹‹
3133 1407 3622 1480 prolongaverunt

1982 1503 2351 1574 iniquitatem
2386 1518 2574 1557 suam.
2612 1523 2638 1549 ››

2059 1614 2078 1642 α
2108 1591 2424 1659 Dominusj
2437 1596 2603 1645 ustus
2626 1588 2891 1644 concidet
2911 1588 3160 1643 cervices
3185 1591 3570 1658 peccatorum.
3604 1607 3631 1632 ››

1982 1681 2184 1736 Videte
2213 1679 2350 1751 quid
2383 1680 2555 1746 dicat,
2590 1695 2702 1733 non
2746 1677 2910 1743 dixit,
2963 1677 3230 1732 concidat
3275 1679 3628 1747 peccatores.

1984 1770 2038 1824 Si
2073 1775 2268 1824 autem
2300 1769 2408 1823 hoc
2441 1767 2700 1826 dixisset.
2735 1783 2904 1822 nemo
2928 1765 3136 1820 salvari
3172 1769 3637 1836 poterat,omnes

1987 1864 2318 1931 peccatores
2373 1875 2602 1912 sumus.
2665 1857 2776 1910 Sed
2817 1854 2955 1927 quid
3005 1854 3202 1908 dicit?
3262 1875 3288 1903 ‹‹
3347 1852 3637 1908 Dominus

227 1969 249 1995 α
286 1947 777 2017 Expugnaverunt
809 1961 921 2011 me,
955 1963 980 1993 ι)
1021 1943 1078 1998 in
1112 1944 1431 1998 iracundia.
1466 1945 1582 2015 Ego
1619 1942 1874 2014 acquievi

2002 1951 2183 2012 iustus
2213 1947 2475 2002 concidet
2505 1945 2754 2000 cervices
2790 1949 3183 2015 peccatorum.
3223 1965 3249 1989 »
3283 1941 3389 2007 Qui
3421 1946 3477 1996 et
3507 1957 3642 2012 pec-

222 2033 710 2107 cogitationibus;
747 2033 846 2088 sed
882 2035 1060 2103 [Forte
1090 2032 1399 2088 addendum
1431 2035 1568 2102 non]
1619 2032 1878 2103 acquievi

223 2123 649 2179 tentationibus
679 2140 691 2188 ;
731 2123 829 2176 sed
864 2120 1082 2192 aliquid
1124 2121 1232 2176 feci
1267 2121 1422 2192 quod
1457 2138 1548 2175 me
1609 2120 1879 2192 cogitatio

223 2211 632 2280 compellebat.
665 2210 723 2265 Si
759 2209 1063 2265 iracundia
1111 2227 1204 2265 me
1238 2210 1556 2281 superavit,
1616 2215 1671 2264 et
1720 2208 1882 2264 fratri

224 2302 334 2357 feci
368 2299 670 2372 injuriam,
695 2316 809 2354 non
833 2315 1075 2370 possum
1107 2299 1338 2354 dicere:
1393 2323 1418 2347 ‹‹
1482 2298 1706 2354 Etenim
1769 2315 1883 2352 non

222 2394 541 2462 potuerunt
572 2387 738 2444 mihi.
778 2410 804 2436 ››
839 2391 1161 2442 Potuerunt
1188 2388 1344 2443 enim
1379 2387 1546 2442 mihi.

300 2501 326 2528 ‹‹
361 2480 548 2549 Super
577 2478 816 2532 dorsum
875 2493 1071 2532 meum
1135 2477 1566 2532 fabricaverunt
1622 2480 1886 2548 peccato-

228 2585 340 2624 res.
407 2591 427 2615 ι
491 2565 811 2637 Diligenter
880 2565 1327 2621 animadvertite
1382 2565 1682 2638 Scriptura
1748 2566 1887 2638 quid

227 2657 405 2713 dicat.
440 2656 690 2711 Sanctus
720 2654 941 2710 athleta
973 2659 1080 2724 est,
1116 2660 1172 2708 et
1232 2671 1347 2709 non
1408 2660 1720 2710 coronatur
1777 2655 1888 2709 nisi

230 2746 334 2818 qui
365 2744 626 2818 legitime
657 2743 1000 2799 certaverit:
1037 2743 1202 2798 scitis
1236 2744 1392 2798 enim
1453 2743 1590 2814 quia
1649 2743 1890 2799 athleta-

235 2851 368 2889 rum
401 2834 588 2888 multa
616 2837 754 2888 sunt
781 2849 1014 2906 genera.
1067 2833 1216 2888 Sunt
1246 2831 1401 2887 enim
1461 2832 1559 2886 alii
1618 2832 1888 2886 athletae:

239 2922 340 2978 alii
369 2939 502 2977 vero
527 2927 666 2977 sunt
688 2921 858 2994 quasi
882 2920 1309 2977 Pammacharii
1335 2923 1375 2986 ί,
1399 2919 1498 2976 alii
1523 2923 1590 2976 ad
1618 2922 1738 2976 dies
1764 2938 1896 2975 con-

241 3012 512 3079 tendunt,
547 3011 644 3066 alii
676 3027 808 3066 vero
841 3015 978 3066 sunt
1008 3027 1295 3081 cursores,
1328 3010 1436 3064 hoc
1467 3016 1574 3079 est,
1615 3010 1714 3082 qui
1766 3026 1894 3065 cur-

243 3104 383 3156 runt
410 3099 469 3154 in
503 3099 714 3154 stadio.
749 3099 1007 3170 Denique
1034 3105 1091 3153 et
1121 3098 1434 3170 Apostolus
1468 3098 1608 3154 dicit
1649 3117 1708 3154 se
1766 3117 1896 3155 cur-

240 3203 368 3244 rere
418 3190 482 3240 ut
538 3187 610 3240 ad
664 3202 937 3241 coronam
984 3186 1282 3256 perveniat
1336 3187 1379 3255 (Ι
1415 3187 1533 3240 Cor.
1581 3205 1655 3250 1x,
1686 3189 1797 3258 26).
1832 3189 1899 3242 Et

240 3275 380 3347 quid
413 3273 624 3328 dicitur
645 3273 703 3328 in
736 3272 849 3328 alio
881 3273 1004 3329 loco
1031 3291 1043 3328 :
1098 3274 1523 3330 Praeteritorum
1571 3277 1896 3331 Oblivisceris

1993 2041 2216 2093 catores
2247 2041 2407 2100 sunt,
2438 2040 2494 2090 et
2523 2034 2756 2105 superbi
2808 2038 2982 2087 sunt:
3043 2032 3319 2102 quoniam
3376 2029 3645 2102 superbis

1993 2126 2146 2182 Deus
2179 2125 2418 2190 resistit,
2453 2123 2775 2178 humilibus
2805 2125 2999 2177 autem
3033 2122 3133 2176 dat
3162 2119 3409 2191 gratiam
3438 2136 3451 2174 :
3513 2118 3643 2173 ideo

1994 2215 2258 2272 concidet
2288 2214 2540 2270 cervices
2570 2217 2964 2284 peccatorum.

2523 2355 2846 2412 PSALMUS
2886 2354 3118 2411 CXXXI.

2072 2506 2098 2531 «
2132 2484 2443 2548 Memento,
2474 2480 2737 2548 Domine,
2775 2480 2946 2535 David
2970 2483 3026 2534 et
3064 2478 3257 2534 omnis
3308 2481 3645 2534 mansuetu-

2001 2571 2155 2627 dinis
2186 2571 2333 2641 ejus.
2370 2592 2397 2618 »
2430 2569 2595 2624 Multi
2621 2573 2829 2641 putant
2859 2587 2926 2624 ex
2956 2586 3021 2624 eo
3054 2568 3207 2640 quod
3240 2567 3524 2639 scriptum
3563 2569 3654 2622 est

2000 2655 2058 2714 in
2096 2659 2398 2731 Evangelio
2447 2658 2668 2729 (Matth.
2703 2677 2794 2723 xx,
2825 2659 2953 2729 31):
3013 2659 3260 2714 Miserere
3319 2657 3508 2720 nostri,
3568 2657 3654 2726 ﬁli

2003 2750 2175 2805 David
2198 2749 2330 2816 (hoc
2360 2748 2491 2803 caeci
2543 2748 2750 2802 dicunt
2794 2748 2892 2818 qui
2942 2748 3224 2803 sedebant
3280 2746 3339 2800 in
3370 2745 3648 2815 Jericho),

2004 2838 2184 2893 istum
2217 2837 2413 2902 David,
2439 2837 2540 2907 qui
2568 2837 2982 2908 interpretatur
3010 2838 3174 2907 fortis
3209 2852 3399 2900 manu,
3451 2834 3650 2890 referri

2005 2927 2075 2982 ad
2108 2926 2421 2982 Dominum
2447 2925 2825 2981 Salvatorem.
2855 2927 2962 2981 Sed
2987 2925 3046 2980 in
3070 2925 3182 2981 isto
3210 2925 3434 2996 psalmo
3471 2924 3520 2979 si
3551 2941 3652 2978 vo-

2003 3015 2289 3070 luerimus
2338 3013 2560 3079 referri,
2618 3016 2682 3067 ut
2741 3013 2820 3068 illi
2883 3017 3112 3084 putant,
3174 3011 3426 3068 multum
3485 3014 3654 3066 nocet

2005 3103 2398 3176 intelligentiae
2431 3108 2661 3158 nostrae.
2706 3103 2765 3156 Si
2824 3101 2979 3158 enim
3039 3102 3148 3157 hoc
3205 3101 3360 3173 quod
3417 3101 3652 3170 dicitur,

2008 3217 2035 3244 «
2069 3198 2376 3258 Memento,
2409 3192 2673 3260 Domine,
2709 3180 2890 3247 David.
2916 3195 2971 3247 et
3010 3190 3201 3246 omnis
3245 3189 3652 3245 mansuetudi-

2006 3281 2098 3337 nis
2129 3282 2340 3352 ejus,»
2388 3282 2637 3336 refertur
2666 3281 2736 3335 ad
2794 3280 3111 3344 Christum,
3167 3279 3458 3350 quomodo
3513 3278 3686 3335 dicit.

236 3343 309 3421 (id
337 3366 527 3436 priora
557 3379 642 3418 me
671 3362 898 3417 extendo
928 3361 1194 3433 (Philipp.
1230 3380 1314 3428 ιιι,
1355 3364 1460 3431 13).
1499 3363 1701 3418 Videte
1757 3381 1894 3436 ergo
1926 3343 1969 3409 (ἶ
2008 3343 2177 3443 quasi
2208 3343 2278 3424 de
2325 3369 2479 3424 alio:
2543 3373 2730 3424 Donec
2789 3367 3077 3424 inveniam
3133 3343 3328 3423 locum
3391 3366 3653 3432 Domino,

234 3452 536 3525 Scriptura
577 3451 718 3523 quid
750 3451 910 3507 dicit.
943 3455 1129 3523 Supra
1175 3451 1413 3506 dorsum
1467 3469 1664 3508 meum
1725 3454 1897 3508 fabri-

235 3543 527 3599 cabantur
559 3546 910 3613 peccatores.
931 3540 1028 3594 Sic
1044 3557 1275 3611 semper
1297 3541 1549 3610 cucurri,
1583 3545 1640 3596 et
1666 3546 1893 3597 tantum

235 3630 490 3700 cucurri,
525 3636 589 3685 ut
619 3628 988 3684 adversarius
1021 3645 1190 3684 meus
1219 3645 1525 3700 nunquam
1587 3632 1893 3702 praecedat,

237 3721 341 3776 sed
376 3735 608 3790 semper
629 3722 759 3790 post
775 3722 1007 3789 tergum
1030 3717 1379 3773 inveniatur.
1403 3719 1715 3790 Nunquam
1741 3719 1895 3774 venit

237 3815 444 3865 contra
474 3807 673 3862 oculos
705 3823 866 3862 meos
896 3832 910 3873 ;
945 3823 1130 3878 neque
1162 3808 1318 3861 enim
1359 3807 1547 3878 potuit
1605 3809 1896 3864 sustinere

237 3898 441 3953 lumen
464 3896 766 3953 oculorum
794 3913 1058 3951 meorum
1086 3914 1098 3963 ;
1133 3897 1233 3950 sed
1268 3912 1500 3967 semper
1527 3914 1655 3952 eam
1675 3903 1897 3969 partem

237 3987 706 4059 persequebatur
728 4001 853 4056 quas
877 4001 1026 4040 caeca
1047 3988 1156 4049 est,
1191 4001 1317 4055 quae
1348 3984 1550 4040 oculos
1569 4003 1682 4040 non
1704 3987 1894 4042 habet.

247 4095 273 4124 α
306 4076 493 4147 Supra
524 4075 764 4130 dorsum
791 4089 987 4128 meum
1021 4071 1460 4128 fabricabantur
1491 4079 1840 4145 peccatores.
1871 4099 1890 4125 ι

239 4163 721 4234 Quandocunque
753 4159 972 4234 aliquid
1006 4161 1284 4217 fratribus
1315 4162 1584 4230 detrahit,
1628 4162 1736 4218 iste
1769 4169 1899 4235 post

239 4253 484 4308 dorsum
518 4251 852 4308 fabricatur.
887 4251 1078 4321 Supra
1108 4251 1349 4305 dorsum
1393 4266 1589 4306 meum
1651 4251 1896 4307 fabrica-

137 4341 144 4350 ’
236 4343 459 4399 bantur
486 4344 838 4412 peccatores,
873 4339 972 4394 sed
1015 4355 1120 4411 ego
1153 4355 1268 4393 non
1325 4339 1592 4394 videbam
1651 4340 1898 4395 insidias

234 4446 441 4487 eorum
469 4447 482 4497 ;
514 4428 599 4484 illi
632 4427 1069 4484 fabricabantur
1098 4433 1229 4499 post
1269 4428 1508 4483 dorsum
1567 4445 1783 4500 meum,
1845 4436 1901 4484 et

237 4537 347 4592 ego
377 4518 563 4574 oculis
596 4517 933 4589 paradisum
966 4516 1422 4588 conspiciebam.
1459 4517 1546 4570 llli
1582 4518 1720 4572 mihi
1775 4536 1898 4573 mo-

241 4609 539 4665 liebantur
567 4606 833 4676 insidias,
868 4611 924 4660 et
953 4622 1058 4676 ego
1112 4622 1385 4661 coronam
1446 4607 1639 4662 videre
1696 4610 1897 4679 cupie-

2003 3458 2446 3515 tabernaculum
2477 3458 2592 3514 Deo
2623 3458 2844 3514 Jacob?
2875 3462 3015 3513 Ecce
3045 3457 3376 3513 audivimus
3406 3473 3533 3512 eam
3593 3457 3651 3512 in

2005 3547 2283 3620 Ephrata,
2316 3546 2645 3602 invenimus
2676 3563 2803 3602 eam
2865 3546 2923 3600 in
2975 3547 3200 3618 campis
3259 3545 3434 3602 silvae.
3497 3568 3518 3596 ι
3583 3547 3653 3600 Et

2006 3637 2298 3708 quomodo
2330 3635 2544 3691 dicitur
2571 3653 2583 3690 :
2620 3658 2645 3684 ‹‹
2681 3641 2923 3708 Propter
2951 3636 3153 3700 David,
3195 3652 3428 3692 servum
3458 3643 3650 3701 tuum,

2007 3742 2123 3780 non
2154 3730 2382 3779 avertas
2411 3723 2620 3780 faciem
2652 3723 2864 3780 Christi
2899 3724 3026 3778 tui?
3056 3747 3086 3775 »
3118 3725 3178 3780 Si
3209 3724 3388 3792 enim,
3421 3728 3486 3780 ut
3547 3742 3652 3797 pu-

2005 3817 2152 3879 tant,
2188 3812 2453 3868 Christus
2484 3817 2571 3866 est
2600 3811 2800 3882 David,
2847 3813 3138 3884 quomodo
3199 3813 3358 3875 dicit,
3423 3817 3657 3884 propter

2007 3901 2209 3968 David,
2243 3918 2474 3956 servum
2508 3907 2694 3966 tuum,
2737 3919 2848 3956 non
2895 3906 3119 3956 avertas
3178 3901 3384 3958 faciem
3442 3901 3658 3957 Christi

2008 3990 2142 4045 tui?
2174 3991 2298 4045 Non
2329 3994 2446 4044 stat
2477 3991 2638 4044 ordo.
2675 3989 2733 4044 Si
2765 3990 2917 4043 enim
2952 3989 3127 4044 David
3189 3989 3455 4045 Christus
3511 3988 3655 4044 dici-

2008 4083 2126 4145 tur,
2160 4078 2245 4133 sic
2276 4077 2596 4149 incipimus
2628 4076 2968 4149 intelligere,
3005 4099 3034 4126 «
3070 4082 3305 4150 propter
3359 4077 3653 4134 Christum

2009 4183 2240 4222 servum
2278 4172 2447 4221 tuum
2482 4184 2550 4222 ne
2579 4171 2804 4222 avertas
2834 4165 3036 4222 faciem
3068 4166 3283 4223 Christi
3313 4167 3418 4222 tui.
3453 4187 3479 4220 η
3539 4167 3657 4222 Hoc

2010 4261 2244 4327 propter
2311 4273 2409 4311 eos
2466 4255 2692 4328 loquor,
2755 4255 2852 4328 qui
2909 4255 3088 4311 David
3146 4256 3205 4310 in
3247 4256 3427 4312 istum
3460 4256 3654 4313 locum

2008 4345 2304 4400 Christum
2338 4345 2831 4416 interpretantur:
2866 4345 2992 4400 Non
3015 4345 3168 4416 quod
3201 4345 3659 4417 negemusChri-

2009 4439 2167 4489 stum
2201 4434 2566 4504 interpretari
2619 4433 2798 4488 David
2859 4450 2960 4504 pro
3016 4433 3275 4489 locorum
3334 4433 3652 4504 qualitate;

2009 4523 2109 4578 sed
2143 4523 2199 4576 in
2235 4522 2347 4577 isto
2378 4523 2500 4577 loco
2535 4541 2647 4577 non
2683 4521 2884 4593 recipit
2914 4539 3142 4577 sensus.
3206 4527 3270 4576 Et
3333 4539 3512 4594 quare
3565 4540 3653 4578 er-

2010 4616 2140 4666 rent
2170 4611 2298 4666 dico
2326 4612 2508 4676 vobis,
2543 4610 2680 4682 quia
2729 4611 3037 4683 scriptum
3071 4616 3194 4666 est:
3263 4635 3288 4662 ‹‹
3348 4615 3654 4678 Memento,

239 4700 401 4754 bam.
439 4717 464 4749 α
494 4695 993 4767 Prolongaverunt
1032 4694 1403 4766 iniquitatem
1438 4712 1628 4750 suam.
1666 4719 1693 4744 »
1751 4697 1896 4762 Quid
1930 4713 1976 4777 D
2010 4700 2273 4768 Domine,
2308 4700 2482 4755 David
2515 4706 2571 4756 et
2600 4700 2792 4756 omnis
2837 4699 3305 4756 mansuetudinis
3331 4702 3480 4772 ejus.
3517 4724 3544 4749 »
3596 4702 3664 4757 Et

239 4786 409 4857 dixit,
449 4808 469 4834 ι
504 4783 1003 4855 Prolongaverunt
1034 4781 1406 4853 iniquitatem
1457 4802 1622 4840 suam
1657 4803 1668 4840 :
1697 4809 1724 4833 »
1783 4790 1899 4858 Ego

241 4876 295 4932 si
328 4891 656 4948 peccavero,
689 4878 745 4929 et
776 4877 907 4946 post
938 4876 1240 4944 peccatum
1295 4890 1492 4929 meum
1551 4891 1719 4947 egero
1780 4894 1897 4948 poe-

239 4963 572 5031 nitentiam,
604 4963 794 5020 brevis
820 4966 908 5018 est
938 4959 1219 5032 iniquitas
1251 4977 1378 5017 mea
1417 4967 1473 5018 et
1530 4981 1643 5019 non
1702 4965 1894 5038 longa.

240 5053 306 5110 Si
366 5058 562 5109 autem
612 5067 944 5124 peccavero,
1006 5065 1358 5122 quocunque
1415 5052 1508 5106 die
1566 5069 1894 5125 peccavero,

240 5142 542 5198 funiculus
573 5146 944 5214 peccatorum
978 5154 1242 5194 meorum
1274 5139 1503 5212 longior
1560 5143 1675 5198 fiet.
1740 5143 1899 5199 Unde

237 5231 457 5287 dicitur
488 5231 629 5286 etin
661 5228 776 5285 alio
806 5228 971 5284 loco:
1030 5230 1204 5284 Funes
1258 5234 1610 5300 peccatorum
1663 5233 1898 5287 circum-

239 5320 506 5376 dederunt
568 5337 650 5375 me
699 5318 871 5391 (Psal.
932 5333 1127 5385 cxvm,
1184 5319 1296 5386 61).
1357 5317 1502 5373 Vide
1547 5319 1688 5390 quid
1721 5321 1896 5389 dicat,

242 5410 435 5466 Funes
466 5412 838 5482 peccatorum
870 5405 1382 5463 circumdederunt
1412 5422 1525 5462 me.
1561 5409 1628 5462 Et
1669 5409 1727 5464 in
1787 5408 1898 5466 alio

247 5498 375 5555 loco
407 5497 722 5554 seribitur:
755 5492 1042 5554 Funiculis
1068 5498 1412 5565 peccatorum
1447 5509 1668 5550 suorum
1727 5513 1898 5550 unus-

251 5590 476 5662 quisque
499 5589 902 5659 constringetur
927 5585 1113 5656 (Prov.
1147 5600 1202 5650 v,
1233 5584 1344 5655 22).
1377 5582 1518 5638 Vide
1550 5584 1689 5655 quid
1725 5585 1897 5655 dicat,

330 5695 660 5767 ’Corrupte
721 5690 1153 5767 Pammacharii,
1209 5706 1339 5767 quae
1365 5706 1499 5767 Avox
1555 5690 1902 5767 felicissimos

259 5765 476 5841 potius,
509 5761 686 5837 quiem
716 5767 1042 5839 pugnatores
1063 5761 1245 5831 notat,
1267 5761 1379 5835 legi
1411 5761 1674 5819 autumo.
1700 5761 1898 5819 Malim

2014 4789 2298 4845 Dominus
2329 4788 2472 4843 dicit
2521 4789 2579 4842 in
2639 4787 2982 4859 Evangelio:
3044 4789 3244 4844 Discite
3301 4807 3335 4844 (ι
3386 4807 3473 4845 me
3529 4792 3662 4861 quia

2010 4879 2165 4932 mitis
2221 4894 2341 4932 sum
2401 4885 2451 4931 et
2509 4877 2736 4931 humilis
2791 4876 2946 4932 corde
3002 4877 3208 4948 (Matth.
3270 4896 3345 4943 χι,
3395 4881 3507 4945 29).
3551 4882 3659 4933 Pro

2009 4964 2246 5036 quidem
2280 4981 2494 5030 sensu;
2528 4965 2626 5020 sed
2660 4970 2917 5020 errantes
2975 4966 3148 5020 David
3207 4966 3301 5020 hic
3359 4966 3655 5021 Christum

2007 5054 2482 5126 interpretantur,
2515 5057 2571 5109 et
2603 5052 3112 5108 mansuetudinem
3142 5055 3270 5126 ejus
3302 5055 3558 5111 referunt
3585 5055 3656 5110 ad

2008 5143 2324 5199 Christum.
2359 5143 2474 5199 Nos
2503 5159 2639 5214 ergo
2671 5142 3121 5213 interpretemur
3150 5143 3325 5198 istum
3362 5142 3654 5216 psalmum

2009 5233 2069 5286 in
2098 5231 2299 5300 David,
2335 5235 2398 5286 ut
2427 5232 2526 5302 qui
2559 5237 2829 5286 nascetur
2861 5247 2927 5284 ex
2970 5230 3146 5286 David
3204 5249 3334 5288 vere
3391 5231 3658 5288 Christus

2008 5319 2388 5392 intelligatur.
2446 5320 2705 5392 Denique
2763 5319 2948 5375 videte
3032 5320 3319 5391 ordinem,
3383 5321 3660 5394 quoniam

2009 5411 2163 5466 enim
2197 5411 2438 5482 grandis
2461 5416 2549 5466 est
2581 5409 2862 5482 psalmus,
2895 5413 2952 5464 et
2986 5412 3109 5478 jam
3146 5410 3326 5466 inulta
3385 5411 3660 5477 diximus,

2009 5499 2293 5554 debemus
2325 5499 2577 5554 breviter
2606 5515 2815 5554 sensus
2841 5499 3247 5569 perstringere,
3308 5517 3420 5555 non
3482 5498 3658 5556 latius

2009 5587 2345 5659 disputare:
2381 5593 2446 5642 ut
2477 5587 2733 5660 prudens
2765 5587 2994 5643 auditor
3016 5605 3081 5642 ex
3107 5588 3194 5643 his
3218 5606 3346 5660 quae
3376 5588 3653 5657 diximus,

2010 5691 2678 5774 r‘escribi‘i’ancratiarii,
2712 5694 2865 5774 quod
2898 5709 3109 5748 nomen
3145 5694 3295 5750 idem
3336 5700 3426 5750 est
3481 5699 3656 5773 atque

2008 5761 2155 5820 illud
2185 5763 2562 5838 potissimum
2591 5761 3018 5824 Panératiashz.
