4244 6572
592 393 744 478 13.75

2079 395 2500 460 APPENDIX.

3842 398 4004 460 I376

583 527 758 584 etiam
791 543 858 584 ea
889 546 1013 602 quae
1048 547 1161 587 non
1195 529 1511 604 loquimur,
1545 533 1670 604 ipse
1719 549 1753 587 a
1808 549 1869 588 se
1924 531 2229 606 intelligat.
2262 531 2316 596 Α
2354 532 2542 604 Vulpes
2565 534 2745 604 foveas
2766 532 2989 603 habent,
3016 543 3068 590 et
3096 533 3336 590 volucres
3357 529 3488 589 caeli
3510 530 3678 589 nidos.
3704 532 3878 588 Filius
3899 550 4001 588 au-

654 641 680 667 «
717 617 1117 689 Sicutjuravit
1139 620 1405 688 Domino,
1427 627 1622 677 votum
1652 621 1803 677 vovit
1835 623 1949 679 Deo
1979 622 2176 678 Jacob.
2206 646 2231 671 ››

583 707 642 763 ln
679 709 954 764 llebraico
987 726 1100 764 non
1133 709 1307 767 habet
1338 710 1436 777 ὡς,
1468 712 1574 766 hoc
1606 717 1714 775 est,
1765 715 1925 777 sicut,
1987 729 2090 767 nec
2148 713 2232 768 sic

571 810 794 850 sensus
815 801 904 864 est
931 815 944 854 :
970 799 1069 852 sed
1097 798 1269 855 habet
1290 793 1373 864 ὅς,
1397 799 1504 855 hoc
1526 805 1632 866 est,
1659 803 1776 873 qui,
1801 805 1855 856 et
1881 807 1968 855 est
1991 818 2227 857 sensus:

582 908 608 933 «
645 884 956 954 Memento,
991 887 1255 954 Domine,
1290 890 1464 944 David
1489 894 1545 944 et
1575 891 1768 945 omnis
1827 891 2229 946 mansuetudi-

583 973 674 1029 nis
705 975 854 1045 ejus,
888 976 1278 1048 (qui)juravit
1326 977 1591 1045 Domino,
1651 985 1849 1035 votum
1907 979 2061 1034 vovit
2121 981 2230 1034 Deo

579 1061 780 1118 Jacob.
813 1086 842 1113 ››
878 1065 947 1118 Et
978 1063 1084 1120 hoc
1111 1070 1246 1136 puto
1278 1084 1391 1122 non
1415 1073 1533 1122 tam
1568 1069 1706 1123 vitio
1728 1069 2112 1142 Septuaginta
2146 1069 2230 1123 In-

583 1155 904 1223 torpretum
939 1155 1179 1224 factum,
1204 1171 1380 1226 quam
1415 1157 1768 1228 scriptorum
1800 1174 2011 1213 errore.

656 1262 683 1289 «
719 1241 774 1296 Si
809 1243 1081 1298 introiero
1121 1243 1180 1298 in
1241 1246 1683 1302 tabernaculum
1744 1248 1955 1303 domus
2005 1263 2164 1302 meae.
2204 1270 2228 1293 n

581 1328 759 1384 David
791 1329 897 1385 hoc
929 1332 1089 1399 dicit,
1116 1333 1336 1390 nullam
1371 1333 1546 1391 aliam
1581 1335 1839 1409 requiem
1873 1354 2066 1408 quaero
2118 1335 2227 1390 nisi

581 1417 813 1485 Christi,
838 1421 935 1491 qui
961 1422 1030 1476 de
1050 1440 1177 1478 meo
1205 1426 1428 1480 semine
1452 1427 1788 1481 nasciturus
1814 1431 1921 1492 est,
1957 1425 2063 1480 hoc
2122 1431 2228 1490 est,

584 1524 756 1578 quem
777 1510 1121 1580 promisisti,
1141 1513 1359 1583 quiade
1375 1515 2098 1572 meislumbisnasciturus
2121 1521 2228 1570 est.

611 1601 614 1608 ’
659 1619 686 1645 ‹‹
716 1597 774 1654 Si
798 1599 1008 1656 dedero
1031 1602 1215 1657 oculis
1249 1604 1394 1659 meis
1425 1609 1482 1659 ct
1513 1605 1802 1676 palpebris
1836 1605 1980 1660 meis
2011 1605 2230 1659 dormi-

583 1687 884 1743 tationem.
920 1694 985 1744 Et
1016 1691 1274 1762 requiem
1306 1693 1670 1766 temporibus
1703 1695 1867 1763 meis,
1901 1694 2083 1748 donec
2144 1693 2229 1747 in-

581 1774 810 1831 veniam
839 1776 1029 1834 locum
1055 1779 1320 1849 Domino,
1353 1783 1797 1838 tabernaculum
1824 1783 1938 1838 Deo
1965 1782 2165 1838 Jacob.
2203 1805 2230 1829 ››

2343 627 2449 675 tem
2479 621 2720 678 hominis
2741 639 2847 677 non
2878 624 3043 678 habet
3061 623 3158 677 ubi
3178 632 3335 694 caput
3369 611 3595 678 reclinet
3615 613 3854 693 (Luc.'1x,
3878 624 4000 691 58.)

2898 712 3218 769 PSALMUS
3262 711 3443 767 CXLI.

2420 825 2440 849 ι
2483 801 2816 858 intellectus
2848 802 3051 867 David,
3113 818 3243 855 cum
3304 806 3457 856 esset
3515 802 3572 856 in
3632 800 3930 874 spelunca.
3971 824 3999 850 ››

2342 890 2537 945 Oratio
2570 892 2975 962 prescribitur.
3012 891 3124 946 Iste
3166 889 3379 945 titulus
3433 895 3754 946 secundum
3815 891 3998 946 histo-

2343 979 2489 1034 riam
2522 980 2759 1051 quidem
2795 985 2903 1044 est,
2938 981 3172 1053 quando
3229 980 3488 1052 fugiebat
3543 980 3718 1034 David
3774 998 3805 1035 a
3859 979 4000 1036 Saul

2342 1069 2398 1122 in
2433 1069 2660 1124 deserto
2694 1070 2979 1141 Engaddi,
3014 1069 3071 1124 in
3105 1070 3386 1140 spelunca
3417 1069 3758 1124 absconsus.
3792 1074 3856 1123 Et
3899 1069 3993 1123 in-

2339 1173 2576 1230 gressus
2609 1163 2697 1213 est
2727 1158 3007 1230 ignorans
3036 1158 3196 1226 Saul,
3244 1157 3412 1229 quasi
3469 1175 3576 1212 sua
3631 1175 3826 1225 causa,
3889 1158 3992 1214 sed

2341 1247 2619 1318 quoniam
2653 1247 2827 1302 habet
2859 1247 2916 1302 in
2952 1265 3059 1303 sua
3092 1247 3547 1320 prwscriptione,
3585 1272 3608 1297 κ
3665 1247 3993 1303 Intellectus

2341 1335 2542 1406 David,
2568 1361 2594 1385 ››
2620 1337 2901 1392 debemus
2923 1336 3310 1408 spiritualiter
3331 1335 3652 1408 intelligere
3676 1337 3988 1407 psalmum.

2340 1425 2634 1497 Accipitur
2665 1425 2900 1497 quidem
2933 1431 2990 1480 et
3023 1425 3079 1480 in
3116 1424 3429 1480 Dominum
3453 1441 3651 1480 verum
3684 1424 3857 1480 David
3886 1426 3997 1482 iste

2342 1513 2631 1585 psalmus,
2662 1519 2718 1569 et
2750 1513 3099 1586 intelligitur
3131 1513 3270 1569 Saul
3303 1513 3361 1569 in
3400 1512 3672 1569 diabolo:
3716 1515 3999 1584 spelunca

2343 1607 2538 1657 autem
2575 1604 2631 1658 in
2664 1603 2773 1659 hoc
2805 1606 3044 1659 mundo.
3085 1605 3153 1658 Et
3178 1605 3332 1676 quod
3366 1601 3634 1658 diabolus
3666 1619 3774 1657 non
3807 1604 4005 1658 mittat

2344 1691 2401 1746 in
2437 1691 2544 1746 hoc
2576 1693 2797 1748 mundo
2831 1691 3050 1763 aliquid
3087 1692 3242 1758 boni,
3272 1693 3372 1747 sed
3405 1699 3652 1759 stercus,
3684 1691 3814 1746 etsi
3857 1692 4000 1762 quid

2343 1780 2667 1852 putridum.
2693 1781 2982 1854 Spelunca
3003 1786 3203 1837 autem
3228 1780 3573 1852 intelligitur
3594 1780 3700 1836 iste
3725 1783 4001 1848 mundus,

581 1861 698 1918 Hoc
731 1866 899 1921 multi
922 1873 1130 1952 putant
1160 1869 1270 1924 dici
1297 1871 1366 1925 de
1386 1871 1680 1928 Ecclesia:
1710 1874 1809 1928 sed
1837 1873 1978 1928 mihi
2003 1873 2233 1926 videtur
2265 1903 2313 1968 Β
2343 1870 2482 1941 quia
2512 1872 2831 1942 perfectum
2859 1869 3052 1926 lumen
3091 1887 3203 1925 non
3235 1870 3412 1926 habet
3441 1873 3723 1941 quantum
3746 1870 3812 1923 ad
3839 1886 4000 1924 com-

585 1968 696 2023 non
729 1959 848 2008 tam
884 1956 953 2010 de
986 1949 1240 2013 Ecclesia
1268 1959 1404 2038 dici,
1439 1977 1614 2032 quam
1661 1962 1730 2015 de
1762 1965 1964 2016 sancta
2029 1960 2233 2016 Maria.

588 2043 844 2114 Denique
873 2043 1104 2101 dicitur.

654 2125 862 2187 «Ecce
896 2135 1227 2191 audivimus
1262 2155 1394 2193 cum
1456 2139 1514 2194 in
1576 2140 1847 2212 Ephrata,
1908 2139 2238 2194 invenimus

583 2235 709 2275 eam
732 2221 788 2276 in
813 2223 1037 2296 campis
1065 2224 1237 2281 silvae.
1264 2251 1290 2276 ››
1315 2227 1602 2298 Legamus
1627 2229 1959 2300 Scripturas
1981 2232 2240 2311 sanctas,

581 2313 638 2363 et
665 2309 873 2366 diebus
903 2317 961 2367 et
990 2314 1258 2371 noctibus
1291 2316 1557 2389 singulas
1597 2317 1854 2391 syllabas
1912 2326 1968 2375 et
2015 2309 2239 2377 litteras

577 2398 948 2456 ventilemus.
973 2403 1138 2470 Dicat
1160 2405 1375 2476 aliquis
1424 2407 1493 2462 de
1516 2407 1791 2478 Ephrata,
1853 2409 1946 2464 hic
2006 2411 2239 2466 Bethle-

581 2485 714 2568 hem
777 2488 942 2570 dixit.
1006 2492 1280 2561 Legimus
1339 2495 1492 2550 enim
1553 2495 1611 2551 in
1669 2498 1916 2554 Genesi:
1985 2501 2134 2555 Venit
2181 2502 2236 2554 in

582 2575 917 2652 Belhlelzem,
953 2579 1059 2636 hoc
1090 2587 1197 2649 est,
1224 2584 1473 2656 Epltrata
1496 2588 1650 2657 (Gen.
1677 2605 1837 2655 xxxv,
1876 2590 1982 2659 19).
2017 2589 2133 2644 Hoc
2157 2589 2244 2643 di-

586 2663 738 2720 citur
767 2667 836 2724 de
867 2669 1046 2726 Jacob
1079 2661 1312 2743 quando
1345 2692 1488 2730 uxor
1549 2677 1674 2747 ejus
1735 2677 1947 2733 Rachel
2009 2682 2238 2734 mortua

584 2760 690 2811 est.
725 2757 842 2813 Hoc
858 2762 966 2828 est,
992 2760 1263 2832 Ephrata.
1293 2763 1401 2819 Sed
1428 2765 1728 2821 videamus
1784 2767 2039 2838 Ephrata
2095 2785 2238 2840 qua-

582 2859 643 2899 re
675 2841 885 2903 nomen
919 2849 1223 2930 acceperit.
1249 2852 1540 2926 Scriptum
1565 2860 1653 2910 est
1673 2856 1826 2912 enim
1856 2857 1913 2910 in
1939 2856 2240 2929 Paralipo-

580 2951 816 3016 menon,
877 2939 1155 3008 quoniam
1213 2942 1414 3013 Maria,
1473 2960 1638 3000 soror
1692 2945 1870 3018 Moysi
1926 2951 1982 3001 et
2027 2952 2236 3002 Aaron,

584 3022 860 3094 habuerit
891 3028 1168 3096 maritum
1201 3021 1354 3085 Or‘:
1395 3049 1506 3088 non
1543 3033 1637 3101 Ur,
1673 3035 1774 3088 sed
1806 3034 1883 3089 Or
1941 3038 1992 3105 (l
2045 3036 2236 3091 Paral.

588 3130 653 3179 ιι,
716 3113 822 3186 19).
886 3119 952 3169 Et
1017 3122 1222 3188 postea
1274 3119 1414 3175 ordo
1473 3121 1844 3190 describitur,
1897 3128 1953 3178 et
1983 3124 2238 3179 dicitur:

592 3201 796 3270 Maria,
829 3221 994 3260 soror
1018 3205 1197 3279 Moysi
1222 3212 1278 3262 et
1298 3215 1511 3278 Aaron,
1545 3210 1665 3265 haec
1695 3216 1783 3267 est
1824 3212 2098 3284 Ephrata.
2126 3213 2239 3268 Hoc

589 3289 645 3344 in
679 3287 1182 3364 Paralipomenom
1213 3295 1377 3353 libris
1407 3298 1700 3355 scribitur.
1738 3302 1978 3370 Quaerite
2009 3308 2060 3356 et
2085 3305 2236 3358 inve-

583 3379 746 3436 nietis
777 3376 1116 3454 (Mattthn,
1147 3386 1225 3455 7).
1263 3385 1518 3460 Denique
1547 3394 1603 3444 et
1649 3389 1768 3445 haec
1823 3389 2078 3462 Ephrata
2137 3410 2236 3447 no-

588 3485 722 3556 men
754 3470 994 3543 accepit.
1031 3471 1276 3529 Videtur
1323 3475 1568 3533 forsitan
1628 3477 1801 3535 alicui
1862 3498 2060 3536 verum
2125 3499 2238 3537 non

492 3585 498 3590 -
587 3575 738 3624 esse,
771 3556 910 3632 quia
941 3578 1152 3617 novum
1187 3568 1312 3620 est:
1348 3567 1448 3620 sed
1480 3583 1614 3622 eum
1647 3569 1883 3642 remitto
1915 3571 1985 3624 ad
2046 3575 2239 3626 aucto-

587 3647 819 3703 ritatem
850 3645 1005 3705 libri.
1044 3674 1063 3701 σ
1102 3653 1243 3708 Ecce
1273 3654 1604 3712 audivimus
1635 3673 1762 3713 eam
1806 3659 1865 3713 in
1900 3658 2172 3732 Ephrata.
2211 3682 2238 3709 ››

588 3735 646 3790 in
681 3733 918 3794 Hebraeo
950 3756 1065 3795 non
1099 3737 1276 3798 habet
1331 3757 1474 3822 eam,
1533 3746 1634 3800 sed
1692 3745 1868 3802 habet
1920 3765 2063 3820 eum,
2134 3750 2241 3805 hoc

589 3828 698 3899 est,
721 3821 897 3881 illum
927 3825 1038 3899 qui
1059 3821 1392 3886 nasciturus
1424 3837 1512 3888 est
1540 3833 1611 3888 de
1641 3835 1881 3891 semine.
1926 3861 1953 3885 ‹‹
2014 3837 2244 3894 Audivi-

591 3911 723 3970 mus
757 3909 883 3972 eam
918 3917 976 3972 in
1037 3919 1329 3991 Ephrata;
1366 3944 1392 3970 ››
1447 3925 1601 3994 quod
1660 3923 1731 3980 de
1772 3925 1953 3982 Maria
2009 3945 2239 3984 sensus.

589 4005 702 4061 Sed
735 4010 790 4061 et
817 4006 1161 4078 simpliciter
1189 4005 1510 4086 intelligere
1569 4031 1905 4086 possumus,
1960 4018 2240 4089 quoniam

589 4091 864 4170 Ephrata,
899 4091 1240 4154 Bethlehem
1272 4093 1504 4158 dicitur.
1541 4107 1605 4157 Et
1634 4104 1930 4160 Christum
1966 4106 2024 4160 in
2070 4106 2242 4161 Beth-

587 4181 780 4238 lehem
812 4179 986 4240 natus
1017 4185 1113 4241 sit.
1149 4185 1306 4244 Felix
1338 4189 1517 4262 igitur
1550 4191 1712 4248 locus
1743 4195 1841 4265 qui
1892 4200 2054 4250 tanto
2112 4201 2245 4251 ante

590 4276 855 4344 tempore
884 4266 1303 4346 prophetarum
1346 4271 1488 4334 voce
1545 4286 1812 4338 cantatus
1868 4289 1976 4340 est.
2036 4284 2246 4340 Omnia

595 4360 832 4433 quidem
864 4360 990 4418 loca
1019 4371 1242 4434 sancta,
1272 4366 1627 4424 venerabilia
1657 4375 1813 4438 sunt,
1847 4375 1904 4426 et
1944 4372 2039 4427 ubi
2073 4378 2246 4428 natus

595 4455 706 4520 est,
739 4459 796 4508 et
827 4453 924 4508 ubi
957 4453 1270 4510 cruciﬁxus
1298 4443 1406 4521 est,
1438 4443 1494 4511 et
1525 4458 1622 4512 ubi
1655 4461 1988 4532 resurrexit,
2032 4466 2088 4516 et
2145 4461 2242 4518 ubi

593 4539 666 4596 ad
699 4541 874 4599 cmlos
903 4543 1086 4600 victor
1113 4539 1414 4614 ascendit;
1464 4545 1565 4602 sed
1621 4547 1732 4604 iste
1787 4549 1950 4606 locus
2013 4553 2245 4625 proprie

2351 1959 2711 2030 perationem
2746 1959 2950 2030 futuri,
2985 1960 3084 2016 sed
3119 1960 3286 2031 quasi
3321 1958 3516 2014 lumen
3550 1957 3779 2030 aliquod
3809 1957 4004 2013 illuxit

2350 2047 2634 2103 Dominus
2664 2049 2901 2104 veniens
2933 2051 2991 2103 in
3026 2049 3182 2104 hunc
3213 2049 3520 2103 mundum.
3555 2047 3861 2120 PrOpterea
3907 2047 3996 2102 di-

2349 2138 2428 2194 cit
2458 2138 2806 2209 Apostolus:
2843 2140 2948 2207 Qui
2976 2142 3052 2193 est
3083 2139 3267 2194 lumen
3307 2138 3510 2212 gloriae
3564 2137 3682 2207 ejus
3741 2137 3918 2206 (Hebr.
3957 2154 3997 2204 ι,

2349 2228 2424 2295 3).
2461 2228 2609 2299 Ergo
2643 2229 2794 2282 sicut
2823 2227 3003 2282 David
3036 2226 3275 2282 intravit
3299 2226 3356 2280 in
3387 2225 3721 2297 speluncam
3753 2227 4002 2281 abscon-

2351 2315 2496 2371 dens
2526 2333 2587 2372 se
2619 2334 2652 2372 a
2681 2315 2848 2371 Saul:
2882 2316 2966 2372 ita
2994 2322 3052 2372 et
3097 2316 3381 2372 Dominus
3442 2315 3739 2386 ingressus
3794 2320 3883 2369 est
3941 2314 4000 2369 in

2351 2405 2460 2460 hoc
2493 2407 2736 2473 mundo,
2770 2410 2825 2461 et
2856 2405 3318 2478 persecutionem
3354 2421 3563 2475 passus
3594 2407 3697 2459 est.

2423 2517 2450 2544 «
2484 2494 2728 2550 Effundo
2760 2493 2816 2549 in
2846 2499 3159 2567 conspectu
3196 2494 3323 2564 ejus
3363 2493 3684 2548 orationem
3725 2508 3935 2546 meam.
3973 2514 4000 2539 ››

2351 2583 2793 2656 Signiﬁcantius
2824 2583 2990 2650 dixit,
3023 2583 3256 2639 etl'undo
3296 2587 3482 2638 totum
3541 2599 3638 2637 cor
3689 2597 3882 2636 meum
3939 2580 4000 2634 in

2351 2677 2665 2744 conspectu
2702 2671 2927 2728 Domini
2959 2689 2971 2726 :
3005 2671 3510 2736 Quemadmodum
3555 2669 3766 2742 aliquis
3820 2671 4001 2725 conﬁ-

2352 2766 2546 2816 teatur
2577 2761 2801 2818 medico
2836 2761 3046 2817 vulnus
3081 2777 3277 2816 suum.
3313 2761 3379 2816 Et
3408 2775 3610 2815 omnes
3640 2775 3785 2830 quas
3828 2758 4002 2813 habet

2353 2851 2658 2923 passiones
2689 2850 2828 2905 dicit
2859 2849 2963 2920 illi,
2997 2854 3058 2905 ut
3096 2849 3174 2905 ita
3195 2849 3466 2906 adhibeat
3495 2849 3545 2904 ei
3579 2865 3795 2903 curam.
3822 2871 3851 2895 «
3881 2847 4003 2900 Tri-

2353 2939 2709 2994 bulationem
2733 2956 2923 2995 meam
2947 2944 3080 2994 ante
3110 2939 3302 3012 ipsum
3326 2937 3656 3010 pronuntio,
3695 2960 3714 2984 υ
3759 2935 3865 2991 hoc
3889 2941 3998 3003 est,

2350 3027 2649 3084 tribulatio
2681 3045 2860 3100 quam
2885 3026 3202 3100 Apostolus
3226 3031 3511 3095 numerat,
3546 3043 3669 3100 quae
3699 3031 4003 3082 numerata

2353 3134 2484 3172 cum
2520 3118 2740 3172 caeteris
2773 3135 2939 3189 spem
2964 3117 3122 3187 facit,
3155 3135 3289 3190 spes
3308 3120 3500 3174 autem
3533 3131 3644 3170 non
3678 3114 3998 3170 confundit.

2424 3229 2450 3254 ‹‹
2485 3207 2544 3261 In
2582 3206 2902 3262 deﬁciendo
2934 3205 2992 3260 in
3028 3222 3118 3261 me
3149 3189 3423 3278 spiritum
3454 3220 3666 3260 meum.
3700 3225 3727 3253 »
3773 3203 3826 3256 Si
3886 3219 4001 3258 non

2352 3311 2419 3351 ex
2453 3295 2621 3351 nobis
2645 3295 2877 3351 deﬁciat
2908 3294 3149 3367 spiritus
3172 3293 3364 3350 malus
3395 3293 3494 3366 qui
3525 3292 3844 3350 suﬂ‘ocabat
3865 3290 4004 3348 Saul

2351 3381 2465 3441 non
2501 3388 2692 3456 potest
2740 3401 2913 3440 nosse
2945 3384 3188 3440 semitas
3220 3387 3448 3439 nostras
3506 3382 3806 3438 Dominus.
3868 3383 4002 3446 Qum

2349 3479 2547 3530 autem
2580 3479 2722 3530 sunt
2751 3474 2971 3529 semitae
2996 3474 3298 3545 justorum
3319 3472 3346 3528 ?
3375 3471 3632 3542 Justitia,
3667 3487 3838 3542 opera
3897 3471 4001 3524 bo-

2351 3581 2446 3629 na,
2480 3563 2572 3618 via
2604 3568 2778 3630 recta,
2811 3562 3053 3618 castitas
3084 3561 3462 3628 continentia,
3492 3565 3547 3615 et
3576 3564 3782 3616 caetera
3810 3558 3902 3614 his
3922 3558 4004 3613 si-

2353 3651 2535 3710 milia.

2427 3764 2455 3792 «
2487 3743 2548 3797 In
2581 3741 2674 3797 via
2703 3741 2811 3798 hac
2857 3757 2976 3813 qua
3005 3739 3381 3796 ambulabam
3440 3737 3870 3794 absconderunt
3925 3734 4006 3790 la-

2353 3827 2570 3906 queum
2603 3830 2768 3885 mihi.
2805 3853 2833 3878 »
2865 3831 3048 3903 Prope
3069 3834 3211 3886 sunt
3239 3829 3378 3884 vitia
3405 3826 3738 3883 virtutibus.
3776 3828 3835 3881 In
3869 3843 4008 3898 qua-

2357 3936 2588 3991 cunque
2613 3919 2706 3974 via
2735 3917 2982 3974 voluerit
3011 3916 3224 3990 aliquis
3247 3915 3566 3986 ambulare,
3591 3917 3650 3971 in
3687 3932 3754 3971 ea
3781 3920 4006 3988 ponunt

2358 4009 2619 4080 laqueos.
2654 4013 2769 4062 Aut
2800 4009 2855 4062 in
2884 4000 3136 4079 jejunio,
3170 4015 3272 4063 aut
3301 4005 3360 4062 in
3393 4005 3776 4078 eleemosyna,
3811 4009 3912 4059 aut
3943 4004 4004 4060 in

2355 4097 2576 4154 cateris
2604 4097 2939 4152 virtutibus.

2427 4210 2454 4236 ‹‹
2489 4187 2937 4244 Considerabam
2981 4187 3054 4241 ad
3114 4186 3432 4252 dexteram,
3493 4189 3548 4239 et
3603 4183 3890 4250 videbam,
3948 4186 4008 4237 et

2357 4294 2472 4332 non
2504 4280 2627 4331 erat
2656 4276 2754 4347 qui
2788 4279 3161 4347 cognosceret
3191 4291 3304 4330 me.
3340 4297 3367 4323 »
3398 4273 3454 4328 Si
3486 4273 3543 4328 in
3577 4273 3755 4329 Deum
3803 4271 4002 4328 feceri-

2356 4383 2489 4421 mus
2520 4365 2838 4436 psalmum,
2874 4365 2997 4436 ipse
3032 4364 3317 4420 Dominus
3348 4363 3624 4435 loquitur.
3656 4362 3866 4419 Omnes
3913 4359 4001 4414 di-

2355 4453 2564 4527 scipuli
2597 4453 2710 4510 mei
2744 4452 3180 4525 dereliquerunt
3228 4469 3342 4522 me,
3376 4458 3433 4509 et
3488 4454 3780 4526 fugerunt.
3843 4449 4004 4505 Unus

2355 4529 2717 4600 remanserat
2747 4547 2952 4598 Petrus
2986 4543 3085 4616 qui
3119 4560 3178 4598 se
3200 4541 3726 4614 promisitdicens:
3759 4540 3816 4595 Si
3843 4555 4002 4612 apor-

593 4629 980 4688 venerabilior
1009 4638 1114 4690 est.
1145 4633 1290 4690 Vide
1322 4641 1542 4703 quanta
1565 4637 1965 4696 misericordia
1995 4641 2095 4697 Dei
2155 4641 2247 4697 hic
2276 4631 2324 4696 D
2356 4642 2431 4688 tet
2457 4649 2541 4688 me
2566 4649 2668 4705 pro
2697 4636 2748 4687 Ie
2770 4641 2932 4699 mort.
2961 4649 3071 4687 non
3103 4641 3154 4687 te
3190 4632 3565 4703 derelinquam
3613 4628 3817 4703 (Matth.
3849 4645 3999 4695 XXVI.

595 4723 770 4789 natus
803 4721 1080 4806 parvulus
1111 4723 1324 4798 infans.
1363 4725 1423 4782 In
1483 4743 1740 4800 praesepe
1798 4729 2072 4802 ponitur:
2133 4748 2240 4785 non

593 4810 746 4864 enim
769 4812 886 4864 erat
909 4811 1026 4866 illis
1048 4813 1191 4867 locus
1213 4816 1269 4868 in
1291 4815 1591 4872 diversorio
1623 4819 1772 4888 (Luc.
1810 4836 1869 4885 ιι,
1902 4820 1977 4887 7).
2019 4819 2063 4874 O
2123 4837 2246 4875 mo-

596 4897 802 4970 nache,
843 4899 1122 4955 Dominus
1155 4903 1416 4966 nascitur
1446 4905 1505 4959 in
1537 4909 1710 4973 terra,
1751 4911 1805 4962 et
1849 4902 2056 4962 cellam
2116 4926 2248 4981 pro-

598 4987 786 5062 priam
819 5007 935 5046 non
968 4989 1179 5048 habet:
1203 5007 1314 5047 non
1343 5001 1461 5048 erat
1489 4995 1605 5050 illis
1635 4995 1780 5052 locus
1812 4997 1871 5052 in
1929 4997 2246 5054 diversorio.

598 5079 948 5136 Universum
970 5097 1156 5153 genus
1178 5080 1506 5139 humanum
1539 5083 1713 5140 habet
1742 5083 1930 5142 locum
1951 5104 1963 5143 :
1982 5085 2251 5144 Christus

598 5187 715 5226 non
745 5168 968 5227 invenit
997 5171 1190 5228 locum
1225 5174 1375 5230 inter
1404 5174 1692 5230 homines.
1735 5176 1859 5232 Non
1918 5175 2138 5232 invenit
2189 5176 2246 5231 in

598 5259 854 5331 Platone,
888 5277 1001 5316 non
1034 5260 1094 5316 in
1123 5262 1451 5328 Aristotele,
1488 5265 1587 5319 sed
1641 5264 1699 5319 in
1760 5281 2036 5340 praesepe.
2095 5267 2252 5321 lnter

589 5349 858 5427 jumenta
889 5355 946 5406 et
972 5351 1146 5407 bruta
1176 5352 1454 5409 animalia
1510 5359 1566 5409 et
1622 5351 1921 5427 simplices
1982 5371 2251 5430 quosque

595 5444 653 5494 et
687 5435 1046 5520 innocentes.
1084 5441 1241 5498 Unde
1263 5442 1402 5498 dicit
1431 5448 1487 5499 et
1516 5444 1804 5500 Dominus
1827 5445 1882 5500 in
1902 5443 2247 5517 Evangelio:

677 5568 690 5600 ¹
727 5565 1099 5633 Hebraeorum
1132 5564 1244 5623 ista
1273 5568 1468 5638 opinio
1526 5572 1632 5624 est.
1677 5568 1864 5625 MART.
1922 5600 1988 5609 ——-
2048 5567 2254 5624 Falsus

608 5634 839 5693 Hieron.
871 5638 929 5693 in
963 5634 1366 5706 Quaestionibus
1425 5641 1709 5698 Hebraicis
1764 5641 1822 5696 in
1882 5640 1982 5697 lib.
2043 5639 2252 5695 Parali-

607 5722 892 5780 pomenon
921 5727 932 5766 :
968 5711 1127 5766 Caleb
1155 5709 1317 5767 duxit
1349 5711 1523 5769 aliam
1556 5727 1782 5770 uxorem
1811 5714 2034 5769 nomine
2054 5713 2256 5783 Ephra-

2354 4725 2460 4790 35;
2495 4727 2552 4777 et
2584 4722 2708 4793 ipse
2740 4721 2971 4794 negavit
3003 4721 3164 4793 (Ibid.
3199 4722 3424 4796 70-74).
3480 4721 3783 4792 Propterea
3836 4716 4000 4782 dixit,

2357 4811 2802 4867 considerabam
2861 4827 2994 4866 eum
3056 4811 3125 4866 ad
3185 4811 3503 4879 dexteram,
3563 4815 3621 4865 et
3670 4825 3784 4864 non
3835 4806 4000 4872 dixit,

2361 4901 2433 4957 ad
2463 4900 2785 4966 sinistram,
2819 4899 3094 4972 quoniam
3127 4899 3245 4974 egit
3272 4900 3668 4973 paenitentiam
3695 4898 3914 4953 Petrus.

2434 5011 2461 5040 ‹‹
2495 4988 2672 5044 Periit
2701 4987 2839 5062 fuga
2868 5007 2901 5044 a
2931 5005 3043 5045 me.
3082 5012 3109 5039 »
3143 4989 3383 5053 Quando
3433 4987 3887 5061 comprehensus
3915 4989 4004 5064 est

2359 5097 2394 5135 a
2416 5078 2656 5134 Judaeis.
2680 5101 2706 5128 ‹‹
2737 5079 2805 5133 Et
2830 5095 2945 5133 non
2963 5083 3052 5134 est
3073 5078 3173 5150 qui
3197 5078 3458 5152 requirat
3477 5077 3732 5134 animam
3754 5090 4002 5130 meam.»

2360 5168 2576 5224 Omnes
2605 5166 2758 5222 enim
2795 5164 3163 5224 clamabant:
3199 5167 3485 5240 Cruciﬁge,
3516 5167 3772 5238 cruciﬁge
3824 5164 4001 5235 (Joon.

2357 5274 2472 5327 xxx,
2505 5259 2582 5329 6).

2387 5347 2390 5350 ’
2434 5370 2460 5396 ‹‹
2495 5347 2737 5402 Intende
2767 5347 2838 5402 ad
2869 5345 3335 5420 deprecationem
3373 5362 3585 5414 meam,
3616 5344 3754 5420 quia
3805 5342 4007 5398 humi-

2361 5437 2538 5494 liatus
2570 5453 2701 5491 sum
2735 5435 2930 5492 nimis.
2952 5431 2994 5484 ὁ)
3028 5436 3082 5491 Si
3115 5453 3233 5492 non
3265 5436 3476 5511 aliquis
3515 5433 3856 5516 humiliatus
3884 5433 4007 5489 fue-

2363 5572 2444 5632 ια,
2475 5580 2546 5620 ex
2573 5579 2686 5635 qua
2717 5564 2955 5635 suscepit
2983 5563 3117 5631 Hur,
3154 5565 3334 5620 virum
3363 5562 3572 5630 Maria,
3607 5561 3806 5619 sororis
3855 5558 4004 5631 Moy-

2361 5640 2430 5704 si,
2458 5645 2671 5710 patrem
2703 5636 2857 5704 Huri,
2891 5639 2998 5690 etc.
