4244 6578
213 486 366 554 4377
1413 488 1698 549 BREVIA
1715 458 1906 550 alvu
1954 488 2031 549 IN
2078 486 2465 548 PSALMOS.
3467 448 3623 547 .375

214 625 308 697 rit,
342 641 459 701 non
490 620 800 681 exauditur
828 639 861 679 a
906 620 1171 677 Domino.
1221 618 1370 687 Quid
1420 619 1576 675 enim
1627 620 1861 693 prodest
1888 622 1943 689 Α
2045 642 2073 669 ‹‹
2108 619 2264 674 Educ
2295 619 2366 673 de
2395 616 2659 673 custodia
2689 615 2946 675 animam
2980 604 3193 689 meam,
3236 618 3307 674 ad
3339 618 3619 675 conﬁten-

220 714 474 787 aliquem
506 712 700 770 verbis
730 728 895 769 orare
927 715 985 766 et
1014 709 1293 766 cervicem
1325 713 1573 765 erectam
1606 708 1867 765 habere?
1977 708 2117 763 dum
2151 705 2370 762 nomini
2406 711 2527 761 tuo.
2564 728 2590 755 υ
2627 705 2684 761 Id
2733 710 2840 774 est,
2890 706 2961 763 de
3006 708 3117 762 isto
3161 723 3420 780 corpore.
3456 730 3485 757 »
3535 708 3620 764 Ad

217 803 273 860 Si
305 802 502 860 autem
532 803 591 859 in
623 800 937 858 Dominum
978 797 1398 871 intelligimus:
1452 799 1651 854 Discite
1686 815 1721 853 a
1758 814 1863 868 me,
1977 794 2396 858 conﬁtendum,
2432 815 2458 843 ››
2494 793 2548 850 id
2582 798 2692 860 est,
2723 793 3183 852 clariﬁcandum.
3230 796 3395 852 Sicut
3440 795 3620 852 dicit:

221 892 353 966 quia
380 890 534 947 mitis
562 905 689 947 sum
716 890 767 945 et
797 886 1026 944 humilis
1053 885 1211 941 corde
1247 878 1455 957 (Matth.
1486 901 1567 952 x1,
1598 884 1710 956 29).
1981 882 2252 953 Conﬁteor
2290 884 2410 951 tibi,
2440 884 2616 938 Pater
2644 883 2864 955 (Matth.
2898 901 2976 955 x1,
3004 886 3117 951 2.3).

302 1000 329 1051 ᾳ
357 980 564 1035 Libera
604 994 696 1034 me
726 993 759 1032 a
788 973 1271 1049 persequentibus
1299 989 1411 1040 me,
1458 973 1594 1045 quia
1640 972 1866 1027 confor-
2051 995 2079 1023 ‹‹
2112 972 2198 1027 Me
2219 970 2737 1043 exspectantjusli,
2762 969 2945 1027 donec
2968 974 3256 1028 retribuas
3278 972 3441 1029 mihi.
3473 997 3492 1023 ι
3524 977 3625 1029 Do-

225 1069 327 1125 tsti
359 1071 498 1125 sunt
526 1082 704 1139 super
735 1080 847 1120 me.
887 1086 908 1113 ι
944 1060 1051 1127 Qui
1084 1066 1286 1117 contra
1313 1076 1422 1116 nos
1461 1064 1725 1132 pugnant
1755 1058 1869 1114 for-

222 1157 401 1214 tiores
434 1155 603 1213 nobis
628 1156 788 1224 sunt,
819 1150 929 1208 hoc
957 1155 1066 1219 est,
1099 1150 1392 1223 principes
1422 1148 1603 1220 hujus
1643 1146 1867 1203 mundi.

1981 1058 2177 1113 minus
2204 1057 2381 1113 dicit:
2418 1061 2501 1112 Me
2532 1062 2872 1129 exspectant
2899 1058 3173 1131 apostoli,
3205 1059 3387 1121 donec
3430 1077 3626 1117 resur-

1980 1163 2114 1220 gam
2146 1164 2180 1202 a
2212 1145 2481 1202 mortuis.

230 1302 3635 1331 Μ

1404 1464 1464 1525 J.
1513 1461 1974 1523 MARTIANEI
2017 1460 2453 1523 ADMONITIO

813 1625 906 1681 AD
946 1620 1520 1688 CONSEQUENTEM
1559 1596 2091 1677 ΡΗΑΞΕΑΤΙΟΝΕΜ
2133 1619 2203 1675 ΙΝ
2243 1618 2689 1676 PSALMORUM
2731 1588 3027 1678 LIBRUM.

304 1933 362 1989 In
392 1931 571 1987 tribus
598 1943 726 1984 mss.
760 1926 1165 1998 exemplaribus
1214 1924 1450 1980 Canonis
1506 1924 1791 1980 Hebraicz
1844 1923 2124 1988 Veritatis,
2154 1938 2311 1995 quem
2350 1932 2479 1978 tom.
2512 1924 2534 1978 Ι
2563 1918 2726 1994 hujus
2779 1922 3040 1980 editionis
3091 1940 3252 1984 novae
3309 1928 3542 2000 Operam
3573 1932 3629 1987 S.

231 2020 554 2090 Hieronymi
578 2033 754 2089 nuper
777 2015 987 2087 publici
1004 2015 1154 2086 juris
1182 2014 1310 2084 feci,
1344 2016 1654 2067 constanter
1679 2012 2007 2084 descriptam
2034 2011 2223 2067 inveni
2248 2023 2660 2083 consequentem
2688 2013 3082 2083 Prw/ationem
3112 2016 3172 2069 in
3221 2016 3424 2097 librum
3476 2018 3631 2075 Psal-

224 2124 444 2167 morum
472 2124 543 2164 ea:
567 2106 791 2163 Hebraeo
817 2106 875 2160 in
899 2105 1157 2160 Latinum
1178 2117 1480 2158 sermonem
1507 2102 1843 2157 translatum
1869 2100 1937 2155 ab
1965 2101 2151 2156 eodem
2191 2100 2538 2171 Hieronymo,
2588 2103 2688 2171 qui
2726 2102 2842 2156 alia
2886 2102 3123 2157 multum
3170 2104 3383 2162 diversa
3422 2110 3632 2179 prce/a-

223 2200 374 2255 tione
401 2199 704 2253 versionem
722 2210 877 2250 suam
908 2192 1355 2248 communiverat.
1394 2192 1494 2246 Vir
1520 2196 1708 2245 autem
1736 2191 1920 2245 clarus
1968 2188 2264 2244 Ludovicus
2293 2190 2610 2245 Ferrandus
2655 2190 2799 2244 hunc
2853 2191 3144 2261 prologum
3188 2193 3361 2250 edidit
3411 2197 3469 2251 in
3523 2198 3636 2268 ﬁne

223 2288 525 2345 voluminis
551 2284 957 2356 Paraphraseos
984 2296 1104 2338 sum
1123 2283 1183 2336 :‘n
1212 2281 1542 2336 Psalterium
1569 2278 1788 2334 Davidis
1811 2295 1830 2332 :
1858 2276 1949 2334 sed
1974 2278 2150 2349 falsus
2167 2281 2245 2332 est
2264 2277 2518 2333 eruditus
2536 2279 2784 2349 scriptor,
2813 2295 2935 2333 cum
2956 2282 3293 2338 existimavit
3316 2300 3443 2339 eum
3462 2286 3637 2357 fuisse

226 2379 496 2447 scriptum
526 2390 566 2429 α
594 2373 736 2444 fatso
765 2372 866 2427 illo
894 2371 1224 2441 Hieronymo
1254 2370 1692 2425 consarcinatm'e
1740 2366 2267 2423 Commentariorum
2306 2368 2368 2420 in
2398 2367 2682 2421 Psatmos:
2728 2366 2871 2421 unde
2915 2369 3158 2424 Joannes
3208 2371 3445 2443 Baptista
3494 2374 3638 2430 Cote-

227 2464 400 2522 terius
430 2465 492 2518 in
517 2463 662 2517 notis
690 2460 761 2517 ad
791 2464 999 2516 tomum
1022 2459 1107 2515 III
1133 2458 1391 2514 Monum.
1417 2456 1632 2512 Eccles.
1666 2455 1894 2521 Griecze,
1924 2455 2115 2527 palam
2141 2454 2419 2525 professus
2446 2460 2527 2509 est
2561 2454 2681 2525 jam
2709 2454 2915 2510 dictam
2941 2459 3334 2526 praefationem
3381 2464 3638 2519 neutrius

231 2567 349 2610 esse
378 2551 717 2622 Hieronymi.
752 2549 908 2616 Quae,
942 2548 1142 2620 inquit,
1174 2563 1281 2602 nec
1308 2545 1663 2618 Hieronymi,
1696 2559 1801 2599 nec
1833 2542 2264 2616 llieronymiani
2303 2542 2462 2597 illius
2493 2543 2979 2599 consarcinatoris
3010 2550 3138 2601 esse
3186 2548 3433 2605 videtur.
3469 2550 3640 2623 Cujus

231 2656 400 2714 porro
427 2641 617 2712 fuerit,
646 2640 749 2694 etsi
774 2653 882 2693 non
915 2637 1138 2693 omnino
1165 2636 1308 2690 mihi
1335 2637 1557 2700 constet,
1588 2634 1691 2688 vix
1717 2637 1902 2688 tamen
1929 2632 2117 2686 dubito
2145 2633 2278 2703 quin
2314 2632 2406 2685 hic
2430 2628 2689 2702 protogus
2722 2632 2943 2687 Eusebio
2974 2632 3302 2691 Caesariensi
3341 2640 3415 2692 sit
3460 2641 3635 2695 ascri-

239 2728 445 2786 bendus
464 2746 484 2784 :
513 2744 644 2800 pars
672 2728 822 2784 enim
849 2741 961 2782 non
984 2726 1221 2780 minima
1248 2724 1318 2779 de
1346 2722 1588 2795 ejusdem
1613 2721 1994 2793 hypothesibus
2018 2723 2078 2775 in
2134 2720 2410 2775 Psalterio
2437 2719 2709 2783 derivata,
2749 2723 2810 2777 id
2835 2722 2992 2777 nobis
3038 2726 3361 2781 renuntiare
3406 2724 3636 2784 videtur.

238 2816 342 2874 sed
363 2817 609 2887 quisquis
636 2814 1011 2885 praefationem
1038 2813 1339 2868 Latinitate
1368 2811 1613 2875 donavit,
1646 2812 1741 2866 vix
1763 2811 1971 2882 primis
1998 2810 2110 2880 fuit
2138 2808 2376 2863 imbutus
2407 2808 2629 2879 litteris,
2660 2815 2722 2862 ut
2749 2810 2810 2863 in
2839 2809 3097 2865 Latinum
3132 2826 3244 2867 non
3284 2814 3475 2870 Latine
3518 2830 3640 2871 eam

238 2912 485 2963 verteret.
510 2903 717 2961 Caetera
745 2903 945 2960 oidesis
975 2902 1036 2956 in
1064 2899 1539 2956 adnotatiunculis
1558 2901 1715 2954 meis.

813 3211 1521 3306 PIU’IEFATIOi
1594 3211 1759 3303 DE
1826 3208 2205 3303 LIBBO
2278 3208 3077 3306 PSALMORUM.

1738 3393 2160 3409 ﬂ

321 3527 385 3582 In
419 3525 651 3582 Hebraeo
680 3522 828 3579 libro
859 3520 1226 3578 Psalmorum
1260 3521 1407 3576 citra
1453 3521 1680 3577 numeri
1728 3520 1891 3591 adje-
1919 3523 1967 3587 Β
1997 3522 2140 3576 mini
2169 3521 2397 3576 Domino
2428 3521 2596 3591 (Psal.
2642 3537 2748 3589 CVI,
2783 3523 2857 3594 1),
2891 3490 3077 3596 usque
3115 3525 3187 3581 ad
3228 3526 3645 3587 novissimum.

247 3615 502 3671 ctionem
532 3610 812 3683 descripti
844 3615 983 3667 sunt
1013 3626 1240 3679 omnes,
1270 3614 1327 3665 et
1355 3610 1580 3665 diverse
1615 3609 1891 3682 quidem:

251 3703 493 3775 quidam
511 3701 827 3773 conjuncti,
851 3699 1089 3772 quidam
1109 3705 1306 3754 autem
1326 3698 1515 3754 divisi.
1535 3700 1899 3771 Quapropter

253 3790 482 3864 primus
509 3794 567 3846 et
594 3788 889 3845 secundus
909 3787 1203 3857 conjuncti
1227 3792 1368 3844 sunt
1382 3788 1553 3858 juxta
1569 3787 1896 3854 Hebraeum,

254 3884 313 3937 et
342 3880 555 3937 iterum
585 3877 1058 3951 septuagesimus
1097 3876 1385 3948 septimus
1431 3878 1784 3947 conjunctus
1814 3882 1903 3932 est

257 3969 412 4042 apud
447 3983 591 4025 nos:
625 3967 684 4022 in
718 3968 953 4022 Hebraeo
984 3971 1181 4021 autem
1212 3965 1408 4037 partiti
1439 3971 1579 4021 sunt
1624 3966 1682 4021 in
1728 3966 1898 4022 duos.

256 4057 321 4112 In
348 4056 609 4127 quinque
632 4071 766 4111 vero
796 4054 975 4109 libros
997 4053 1264 4108 dividunt
1286 4052 1509 4108 Hebraei
1530 4053 1897 4109 Psalmorum

252 4145 473 4202 librum
524 4145 632 4217 [Αἰ.
692 4142 917 4211 libros],
975 4157 1224 4213 quorum
1282 4141 1518 4213 quidem
1580 4142 1903 4213 primuma

254 4235 451 4291 Beatus
477 4233 566 4289 vir
593 4232 769 4303 (Psal.
806 4230 932 4301 1,1)
976 4246 1162 4301 usque
1218 4229 1288 4284 ad
1345 4229 1520 4285 ﬁnem
1571 4231 1903 4302 quadrage-

258 4322 417 4381 simi.
466 4321 799 4378 Secundum
847 4324 1082 4375 autem:
1117 4318 1576 4386 Quemadmodum
1632 4319 1904 4375 desiderat

256 4426 447 4474 cervus
476 4410 545 4466 ad
589 4412 794 4481 fontem
848 4407 953 4479 [Αι.
998 4407 1207 4478 fontes]
1255 4423 1528 4478 aquarum
1572 4408 1753 4477 (Psat.
1785 4425 1903 4476 xu,

255 4500 337 4573 2),
371 4515 558 4572 usque
586 4499 658 4556 ad
691 4496 1103 4569 septuagesimi
1129 4496 1303 4566 primi
1326 4497 1522 4552 tinem.
1554 4496 1785 4552 Tertius
1817 4512 1906 4553 ve-

261 4608 321 4647 ro
353 4594 483 4645 ost:
538 4589 714 4657 Quam
771 4588 937 4644 bonus
982 4585 1159 4641 Israel
1214 4585 1353 4641 Deus
1398 4585 1569 4656 (Psat.
1620 4602 1791 4654 Lxxu,
1827 4587 1900 4659 1),

256 4694 446 4749 usque
475 4677 547 4732 ad
598 4674 935 4748 octogesimi
985 4673 1187 4729 octavi.
1239 4674 1492 4737 Quartus
1539 4679 1759 4740 autem,
1794 4680 1902 4730 Do-

256 4769 430 4833 mine,
470 4766 749 4837 refugium
792 4767 972 4836 factus
1015 4771 1092 4819 est
1140 4762 1297 4819 nobis
1348 4763 1518 4834 (Psal.
1573 4779 1793 4827 Lxxxix,
1827 4764 1900 4835 1),

263 4872 455 4928 usque
484 4857 555 4911 ad
604 4852 908 4910 centesimi
945 4852 1134 4925 quint.
1167 4851 1419 4918 Quintus
1475 4866 1638 4908 vero:
1673 4851 1902 4924 Conﬁte-
1934 4884 1977 4951 ρ

333 4998 350 5031 ¹
385 4995 447 5052 In
474 4994 811 5074 codice‘msl.
841 4992 1199 5074 Memmiana
1227 4996 1283 5047 et
1313 4992 1371 5047 in
1411 4993 1900 5074 Sangermanensi

256 5072 459 5125 nostro
492 5067 752 5138 praafatio
782 5065 980 5121 istbmc
1018 5064 1368 5138 Hieronymo
1408 5064 1759 5138 ascribitur:
1811 5065 1900 5138 In-

251 5140 388 5211 cipit
414 5135 673 5211 praefatio
729 5136 1064 5211 Hieronymi
1112 5136 1417 5211 presbyteri
1466 5137 1527 5190 in
1576 5135 1713 5211 libro
1746 5136 1904 5191 Psal-

253 5206 492 5267 m'oru'm.
525 5206 735 5263 Melius
764 5206 1244 5262 Carcassonensis
1274 5206 1472 5278 codex,
1525 5207 1624 5278 qui
1670 5223 1784 5263 non
1816 5222 1902 5261 re-

256 5283 407 5338 tinet
436 5296 648 5337 nomen
676 5279 1030 5350 Hieronymi.
1065 5278 1251 5333 MART.
1280 5307 1349 5317 —-
1380 5277 1644 5350 Diximus
1674 5278 1732 5333 in
1768 5295 1905 5350 prae-

258 5355 374 5413 fixa
398 5351 537 5409 huic
552 5349 860 5423 appendici
882 5349 1732 5423 admonitionezcont‘erendam
1754 5349 1905 5406 hanc

304 5418 663 5479 raafatione'm
696 5437 822 5477 esse
853 5435 986 5475 cum
1018 5419 1251 5493 Eusebii
1289 5418 1744 5493 Hypothesibus,
1777 5437 1903 5493 quae

304 5442 663 5479 τωιαιιοηθω
696 5442 822 5477 8586
853 5442 986 5475 CIIII]
1018 5442 1251 5475 DUSBDII
1289 5442 1744 5492 nypomesmus,
1777 5442 1903 5493 qua

257 5442 377 5551 Euc
403 5508 618 5566 magna
644 5507 712 5548 ex
744 5497 927 5563 parte,
984 5492 1218 5566 tametsi
1249 5507 1457 5563 parum
1490 5491 1780 5566 felicibus
1810 5509 1907 5547 au-

258 5559 585 5631 spiciis,ab
634 5559 870 5620 auctore
908 5559 1213 5617 translata
1250 5559 1427 5618 'sunt.
1488 5561 1647 5617 Duos
1704 5562 1908 5620 laudat

321 5637 636 5694 artianeus
665 5634 835 5691 codd.
869 5649 1011 5691 mss.
1045 5631 1463 5689 Memmianum
1506 5649 1713 5697 unum,
1762 5633 1902 5690 alte-

257 5725 393 5768 rum
423 5708 1009 5780 Sangermanensem,
1037 5703 1509 5780 quiHieronymo
1526 5704 1903 5780 scriptionem

255 5781 410 5847 hanc
442 5772 723 5837 trib'uunt.
756 5776 872 5834 Nos
902 5772 1193 5834 cum'uno
1243 5772 1664 5833 Ambrosianm'
1691 5772 1901 5833 Biblio-

2077 3608 2513 3665 Observandum
2544 3615 2761 3677 autem,
2795 3612 2934 3685 quia
2962 3628 3076 3668 non
3107 3616 3433 3671 secundum
3463 3617 3647 3674 histo-

2009 3697 2123 3769 riae,
2158 3714 2256 3753 seu
2290 3702 2642 3771 temporum,
2675 3700 3037 3773 psalmorum
3068 3704 3429 3776 compositus
3459 3707 3539 3763 sit
3558 3723 3652 3764 or-

2009 3786 2101 3841 do.
2122 3787 2525 3842 Comminatus
2544 3792 2633 3843 est
2652 3804 2784 3844 vero
2799 3790 2993 3846 minus
3011 3790 3264 3848 multum
3287 3796 3652 3866 temporibus

2008 3877 2191 3947 [Forte
2222 3874 2398 3931 minis
2429 3876 2632 3933 multis
2652 3880 3062 3950 temporibus],
3093 3880 3411 3938 sicutliber
3433 3882 3657 3956 Regnoé

2012 3979 2139 4019 rum
2172 3964 2444 4019 declarat.
2479 3964 2661 4021 Multa
2689 3968 2845 4021 enim
2876 3966 3165 4023 idolorum
3216 3967 3445 4026 cultura
3499 3972 3653 4027 obti.

2011 4069 2158 4107 nens
2210 4052 2546 4107 Judeorum
2591 4060 2878 4125 sgentem,
2946 4056 3295 4113 obLivionem
3380 4059 3658 4117 infecerat

2014 4145 2383 4211 paternarum
2430 4136 2885 4214 Scripturarum,
2945 4149 3010 4200 ut
3068 4162 3173 4201 nec
3229 4152 3457 4219 pareret
3510 4147 3659 4205 liber

2014 4229 2276 4285 Moesicis
2316 4229 2482 4301 legis,
2549 4245 2734 4303 neque
2794 4234 3075 4289 memoria
3135 4241 3367 4307 patrum
3424 4234 3658 4309 pietatis

2000 4314 2173 4373 ‘salva
2202 4318 2519 4375 haberetur
2549 4322 2703 4392 apud
2735 4337 2854 4377 eos.
2879 4322 2972 4378 Sic
2994 4339 3130 4395 ergo
3152 4328 3209 4380 et
3232 4324 3547 4397 prophetas
3569 4325 3660 4381 in-

2011 4408 2365 4463 terfecerunt
2423 4409 2836 4481 redarguentes
2896 4410 3128 4467 illorum
3189 4410 3545 4484 impietates,
3601 4418 3659 4470 et

2013 4496 2220 4551 horum
2253 4511 2431 4552 causa
2461 4498 2717 4569 primum
2740 4498 3109 4571 Assyriorum
3132 4500 3328 4557 traditi
3361 4507 3500 4558 sunt
3519 4518 3658 4576 cap-

2012 4583 2238 4640 tivitati.
2273 4584 2424 4639 Nihil
2457 4586 2635 4656 igitur
2665 4586 2932 4644 mirabile
2972 4588 3082 4645 sub
3139 4589 3480 4661 hujusmodi
3525 4608 3660 4648 con-

2013 4673 2337 4740 stitutione,
2371 4679 2429 4728 et
2459 4690 2584 4745 qua:
2616 4674 2776 4731 illata
2808 4677 3117 4734 suntlibro
3142 4678 3528 4750 Psalmorum,
3561 4681 3663 4737 de-

2013 4762 2301 4830 ciderunt,
2336 4762 2607 4818 oblivioni
2650 4762 2841 4837 longis
2869 4766 3086 4822 tradita
3113 4768 3503 4842 temporibus.

2087 4851 2223 4907 Post
2252 4850 2373 4906 haec
2401 4857 2619 4919 autem,
2671 4852 2791 4908 sive
2848 4853 3051 4911 Ezram
3074 4857 3119 4924 ³,
3173 4856 3291 4913 sive
3343 4858 3659 4929 quemdam

2009 4991 2193 5068 thecae
2224 4991 2594 5068 [litteraac
2641 5011 2803 5050 num.
2836 4997 2872 5049 6
2915 5001 3229 5068 praanotato
3278 4996 3656 5068 contulimus,

2012 5064 2110 5135 qui
2144 5063 2371 5148 nullum
2404 5063 2932 5148 .habetnauctoris'
2954 5084 3167 5123 nomen
3226 5067 3569 5140 ascriptum,
3603 5063 3660 5125 et

2013 5150 2164 5205 saepe
2196 5136 2451 5189 melioris
2483 5142 2570 5191 est
2602 5137 2803 5209 frugis.
3116 5194 3127 5201 ,
3382 5136 3400 5140 “
3555 5136 3561 5138 ⁷

2029 5208 2211 5288 η’,ρθ
2241 5206 2813 5288 synagogamaggd
2835 5206 3191 5288 Judzebrum,
3226 5225 3352 5288 qua:
3385 5210 3657 5288 floruisse

2012 5277 2227 5357 dicitur
2252 5277 2421 5357 circa
2445 5277 2935 5357 ωιειῑθξιξξΕεδςιιιιεζ
2952 5277 3373 5357 aperte__satis_
3400 5280 3663 5357 loquitur

2012 5354 2215 5425 auctor
2252 5348 2429 5425 hujus
2473 5349 2851 5425 prmfationis.
2900 5348 3060 5425 Quod
3112 5348 3658 5425 diligentenuolari

2010 5420 2206 5487 velim,
2239 5420 2565 5495 quia_sol_us
2598 5425 2724 5495 est,
2781 5420 2838 5475 ni
2881 5421 3082 5495 fallar,
3134 5420 3287 5479 ihtér
3328 5423 3657 5495 _scriptores

2012 5489 2274 5567 veteres:
2294 5489 2734 5567 ecclesiasticos,
2796 5492 2894 5567 qui
2954 5493 3269 5567 Synagogae
3320 5489 3656 5567 Judaeorum

2015 5562 2318 5620 meminit:
2348 5563 2453 5633 etsi
2486 5562 2615 5633 ejus
2651 5561 3014 5619 auctoritate
3046 5561 3449 5623 consécratum
3479 5563 3660 5624 velint

2014 5634 2362 5765 recentli‘gres
2392 5632 2685 5691 CanOnem
2719 5634 3030 5719 Esdrinum
3088 5652 3386 5695 sacrorum
3442 5635 3673 5698 Biblio-'

2015 5722 2170 5764 rum.
2262 5722 2392 5765 nar.

2015 5722 2170 5764 rum.
2205 5722 2392 5765 Μλιιτ.
