4244 6570
655 427 810 493 1379

2148 417 2565 482 APPENDIX.

3908 427 4064 488 1380

651 565 838 618 virum
873 562 1310 634 prophetarum,
1347 559 1502 614 circa
1531 557 2040 630 congregationem
2071 571 2296 619 eorum,
2329 559 2382 622 Α
2415 570 2546 608 mus
2575 554 2802 624 tertius,
2837 553 3364 626 quinquagesimus
3395 559 3661 626 quartus,
3694 556 4059 631 quinquage-

654 653 963 708 festinasse
994 668 1126 707 cum
1161 649 1382 706 cmteris
1415 654 1469 704 et
1498 648 1710 704 librum
1762 646 2127 702 Psalmorum
2162 661 2296 699 coa-

654 743 932 808 dunasse,
965 758 1078 796 non
1111 740 1334 812 liquido
1379 739 1741 794 invenientes
1791 753 2013 801 omnes,
2067 736 2164 789 sed
2200 751 2300 804 per

651 832 810 886 varia
841 836 1123 902 tempora.
1158 831 1445 884 Taxavere
1477 831 1669 882 autem
1705 825 1994 897 imprimis
2018 824 2115 896 qui
2143 825 2297 895 prio-

655 937 748 974 res
781 920 1000 975 inventi
1034 922 1192 987 sunt,
1226 922 1460 989 propter
1481 916 1634 986 quod
1659 931 1762 970 nec
1792 913 1900 984 ipsi
1935 917 1997 968 ut
2027 913 2204 967 David
2238 912 2297 966 in

648 1010 850 1064 ordine
872 1009 1068 1079 jacere
1098 1009 1362 1062 omnes‘.
1399 1005 1611 1059 Deinde
1671 1009 1866 1059 autem
1929 1007 1985 1056 et
2041 1001 2295 1055 ﬁliorum

649 1098 810 1164 Core,
845 1103 903 1151 et
933 1096 1148 1167 Asaph,
1184 1100 1239 1150 et
1297 1093 1642 1159 Salomonis,
1679 1097 1734 1148 et
1764 1092 1969 1162 Moysi,
2003 1096 2057 1145 et
2089 1091 2294 1157 E.han,

645 1191 702 1241 et
733 1187 974 1253 Heman,
1008 1190 1064 1239 et
1096 1185 1370 1250 Idithum,
1403 1189 1457 1238 et
1498 1184 1706 1238 iterum
1755 1181 1944 1252 ipsius
1997 1180 2171 1234 David
2204 1180 2296 1233 in-

642 1275 880 1330 veniens
912 1274 1132 1329 mistim
1166 1273 1225 1328 in
1279 1273 1426 1327 libro
1483 1275 1730 1335 taxatos,
1792 1287 1908 1325 non
1969 1270 2294 1325 secundum

641 1365 856 1436 quibus
878 1363 1018 1418 dicti
1053 1366 1192 1419 sunt
1217 1361 1600 1434 temporibus,
1633 1361 1732 1415 sed
1785 1359 1999 1431 quibus
2052 1359 2292 1414 inventi.

640 1454 782 1508 Hinc
809 1453 983 1508 etiam
1019 1452 1302 1525 provenit,
1340 1455 1402 1506 ut
1433 1450 1531 1522 qui
1583 1449 1946 1522 temporibus
1993 1451 2160 1502 erant
2191 1463 2292 1502 no-

640 1543 864 1598 vissimi
902 1541 1072 1613 primi
1104 1541 1343 1607 inventi,
1397 1540 1794 1611 reciperentur
1842 1537 2052 1610 primi:
2107 1541 2162 1591 et
2193 1536 2294 1607 qui

642 1631 1006 1703 temporibus
1039 1637 1203 1686 erant
1235 1629 1430 1702 primi,
1499 1632 1698 1699 postea
1745 1625 1986 1686 inventi,
2039 1625 2294 1680 secundo

642 1721 1056 1775 ordinarentur
1087 1717 1231 1774 loco.
1270 1717 1530 1789 Idipsum
1555 1720 1750 1771 autem
1783 1714 2041 1769 invenies
2077 1714 2292 1767 factum

642 1815 699 1865 et
725 1809 783 1863 in
820 1808 1144 1879 prophetis.

717 1897 872 1952 Libri
908 1895 1270 1952 Psalmorum
1303 1897 1323 1928 ²
1355 1895 1472 1948 haec
1514 1899 1601 1948 est
1630 1893 1837 1947 divisio
1873 1892 2156 1962 ipsorum,
2215 1890 2291 1946 si-

645 1991 743 2042 cut
773 1992 926 2041 certa
950 1984 1330 2040 scribentium
1359 1981 1814 2053 diligentissima
1847 1980 2110 2050 exempla
2143 1979 2294 2050 prio-

646 2092 798 2142 rum,
860 2079 917 2128 et
973 2073 1167 2144 ipsum
1238 2071 1588 2125 Hebraicum
1649 2071 1970 2124 continent.
2035 2069 2297 2123 Personae

647 2180 896 2235 quorum
930 2166 1066 2217 sunt
1099 2159 1310 2233 psalmi
1344 2160 1470 2214 sine
1523 2159 1903 2229 inscriptione
1934 2174 2084 2212 xvu:
2120 2173 2300 2228 supra

648 2253 849 2324 scripti
877 2267 1109 2306 cxxxiii:
1143 2267 1322 2321 supra
1353 2248 1704 2320 scriptorum
1762 2246 1990 2309 divisio,
2053 2245 2164 2317 ipsi
2200 2251 2300 2300 Da-

646 2343 739 2397 vid
780 2359 957 2406 1.xxu;
1020 2339 1158 2394 filiis
1189 2340 1208 2372 ³
1262 2347 1398 2392 Core
1448 2354 1543 2404 x1;
1603 2337 1798 2407 Asapb
1840 2353 1958 2401 xu;
2023 2334 2203 2388 Ethan
2240 2352 2294 2400 1;

650 2433 829 2485 Eman
865 2447 876 2484 l
905 2447 918 2497 ;
952 2435 1007 2483 et
1028 2428 1202 2500 Moysi
1230 2446 1244 2481 1
1272 2426 1632 2494 ;Salomonis
1652 2443 1688 2479 ιι
1715 2444 1726 2490 ;
1754 2423 1878 2479 sine
1901 2423 2134 2479 nomine
2159 2441 2294 2490 xvu;

645 2519 998 2575 Alleluiatici
1032 2536 1145 2572 xvn
1173 2535 1185 2583 ;
1249 2533 1349 2588 pro
1411 2514 1806 2570 torcularibus
1839 2531 1940 2580 In;
1993 2513 2293 2568 Graduum

645 2627 754 2674 xv;
787 2612 926 2663 sunt
953 2614 1147 2662 autem
1181 2606 1306 2660 sine
1341 2621 1595 2674 nomine,
1630 2603 1829 2674 quanti
1857 2602 2294 2672 superscriptio-

647 2715 748 2752 nes
781 2697 1016 2768 quidem
1072 2696 1313 2760 habent,
1346 2711 1457 2749 non
1492 2698 1685 2747 tamen
1739 2691 2073 2763 signiﬁcant.
2124 2692 2294 2761 cujus

645 2787 783 2858 sint,
815 2803 967 2851 xvn;
1003 2783 1177 2838 simul
1211 2801 1294 2838 CL.
1331 2783 1452 2838 Non
1507 2783 1587 2835 sic
1647 2780 1929 2851 suscipiat
1981 2779 2114 2851 quis
2155 2779 2294 2851 quia

644 2892 845 2930 omnes
877 2875 993 2930 sint
1025 2874 1194 2928 David
1227 2872 1458 2944 psalmi,
1494 2871 1593 2925 sed
1628 2876 1684 2924 et
1737 2869 1981 2923 aliorum
2043 2869 2290 2940 prophe-

591 2957 597 2964 ’
647 2969 840 3020 tarum
873 2963 942 3018 ad
966 2962 1330 3034 psallendum
1359 2958 1854 3032 prOphetantium,
1880 2963 2114 3029 propter
2134 2959 2288 3028 quod

644 3054 764 3108 haec
796 3053 984 3107 omnis
1017 3051 1314 3123 Scriptura
1344 3066 1469 3120 qum
1503 3049 1655 3120 apud
1712 3047 1976 3101 Hebraeos
2028 3045 2289 3101 Psalterii

646 3143 902 3211 nomine,
937 3159 1049 3196 non
1084 3139 1320 3212 ‘ipsius
1363 3138 1535 3193 David
1597 3154 1775 3208 supra
1833 3137 2130 3204 scribitur,
2188 3137 2283 3191 sed

643 3232 876 3287 invidue
909 3231 1053 3285 liber
1085 3228 1447 3284 Psalmorum
1483 3226 1836 3282 nominatur.

2411 643 2598 698 simus
2634 644 2895 714 quintus,
2932 642 3460 716 quinquagesimus
3502 650 3720 712 sextus,
3768 645 4058 718 quinqua-

2409 733 2670 803 gesimus
2702 733 3010 804 septimus,
3044 734 3572 805 quinquagesimus
3602 739 3859 803 octavus,
3893 737 4058 808 quin-

2411 821 2792 893 quagesimus
2850 839 3080 889 nonus;
3152 823 3571 895 sexagesimus,
3657 825 4055 898 sexagesimus

2409 909 2657 980 primus,
2692 911 3091 981 sexagesimus
3133 912 3445 978 secundus,
3493 913 3892 985 sexagesimus
3937 919 4053 970 ter-

2407 997 2546 1067 tius,
2569 999 2966 1070 sexagesimus
2987 1007 3254 1070 quartus,
3279 1002 3676 1074 sexagesimus
3701 1003 3719 1035 7
3742 1005 4050 1075 septimus,

2409 1088 2808 1157 sexagesimus
2841 1092 3099 1154 octavus,
3143 1089 3540 1161 sexagesimus
3580 1107 3808 1158 nonus;
3857 1097 4050 1148 cente-

2407 1176 2618 1241 simus,
2651 1177 3004 1232 centesimus
3027 1179 3342 1245 secundus,
3366 1180 3722 1236 centesimus
3744 1181 4048 1252 septimus,

2408 1265 2761 1320 centesimus
2780 1273 3039 1333 octavus,
3064 1269 3417 1323 centesimus
3443 1285 3672 1337 nonus;
3699 1271 4050 1326 centesimus

2407 1355 2720 1409 vicesimus
2753 1355 3000 1426 primus,
3046 1357 3400 1412 centesimus
3449 1358 3760 1414 vicesimus
3803 1360 4050 1427 tertius;

2405 1443 2762 1499 centesimus
2794 1445 3145 1512 tricesimus,
3189 1447 3542 1503 centesimus
3597 1447 3928 1524 tricesimps
3967 1467 4053 1505 se-

2405 1533 2654 1599 candus,
2691 1533 3047 1588 centesimus
3079 1533 3410 1590 tricesimus
3436 1537 3662 1601 tertius,
3694 1538 4053 1593 centesimus

2404 1620 2737 1675 tricesimus
2761 1627 3027 1692 quartus,
3053 1623 3406 1679 centesimus
3428 1625 3760 1680 tricesimus
3785 1626 4051 1697 quintus,

2406 1711 2764 1766 centesimus
2797 1711 3128 1767 tricesimus
3170 1718 3369 1768 sextus
3391 1713 3433 1782 ⁸,
3483 1715 3835 1771 centesimus
3883 1716 4052 1770 trice-

2405 1799 2594 1854 simus
2633 1799 2940 1871 septimus,
2995 1801 3348 1857 centesimus
3393 1803 3725 1859 tricesimus
3773 1809 4050 1870 octavus;

2406 1888 2762 1944 centesimus
2795 1888 3127 1944 tricesimus
3160 1908 3388 1946 nonus:
3419 1892 3775 1948 centesimus
3797 1893 4054 1964 quadra-

2409 1978 2689 2048 gesimus,
2722 1978 3076 2033 centesimus
3109 1980 3594 2052 quadragesimus
3638 1982 3884 2053 primus,
3917 1998 4054 2037 cen-

2411 2065 2654 2120 tesimus
2679 2067 3166 2138 quadragesimus
3192 2069 3508 2141 secundus,
3531 2071 3887 2126 centesimus
3908 2087 4053 2143 qua-

2410 2155 2779 2226 dragesimus
2836 2157 3062 2224 tertius,
3125 2159 3481 2214 centesimus
3563 2160 4053 2232 quadragesimus

2411 2249 2677 2313 quartus,
2710 2244 2885 2300 simul
2920 2263 3086 2300 Lxxn.
3121 2246 3243 2301 Non
3277 2265 3454 2319 supra
3484 2248 3683 2319 scripti
3717 2255 3875 2316 sunt,
3935 2250 4056 2321 pri-

2412 2351 2562 2399 mus,
2596 2335 2909 2398 secundus,
2939 2336 3274 2392 tricesimus
3305 2338 3620 2404 secundus,
3673 2339 4054 2410 quadragesi-

2410 2439 2542 2476 mus
2570 2424 2882 2491 secundus,
2917 2427 3409 2497 septuagesimus,
3465 2427 3878 2500 nonagesimus
3931 2428 4053 2501 pri-

2410 2528 2561 2580 mus,
2601 2513 3016 2583 nonagesimus
3039 2515 3356 2584 secundus,
3380 2515 3795 2587 nonagesimus
3819 2515 3992 2572 tertiu
4009 2534 4056 2581 s,

2407 2601 2826 2672 nonagesimus
2850 2607 3114 2672 quartus,
3140 2605 3558 2674 nonagesimus
3580 2605 3842 2676 quintus,
3871 2622 4048 2660 nona-

2405 2689 2667 2759 gesimus
2699 2696 2920 2758 sextus,
2955 2693 3373 2764 nonagesimus
3405 2694 3712 2765 septimus,
3747 2694 4051 2766 nonagesi-

2407 2795 2538 2832 mus
2570 2785 2806 2834 octavus
2833 2798 2845 2837 :
2869 2781 3224 2835 centesimus
3257 2784 3482 2848 tertius,
3516 2784 3869 2839 centesimus
3899 2784 4049 2838 deci-

2409 2885 2542 2922 mus
2573 2869 2836 2939 quintus,
2879 2869 3232 2924 centesimus
3280 2870 3610 2926 tricesimus
3659 2875 3874 2938 sextus,
3908 2886 4046 2926 cen-

2407 2962 2651 3011 teSimus
2685 2957 3170 3028 quadragesimus
3188 2959 3506 3030 septimus;
3533 2959 3707 3014 simul
3731 2978 3862 3014 xvu.
3893 2958 4043 3014 Filiis

2400 3049 2560 3115 Core,
2595 3045 3084 3116 quadragesimus
3117 3047 3362 3118 primus,
3397 3049 3879 3121 quadragesimus
3927 3053 4041 3103 ter-

2400 3134 2538 3200 tius,
2632 3136 3116 3207 quadragesimus
3203 3141 3471 3208 quartus,
3557 3137 4038 3210 quadragesimus

2400 3225 2660 3295 quintus,
2725 3225 3209 3296 quadragesimus
3267 3233 3485 3297 sextus,
3558 3227 4038 3300 quadragesimus

713 3321 875 3374 Sicut
904 3319 1131 3373 dicebat
1162 3317 1398 3388 quidam
1427 3318 1446 3348 ’⁵
1477 3316 1615 3386 quia
1646 3315 1980 3370 hexametro
2003 3313 2283 3386 scriptum
2321 3303 2362 3368 C
2401 3313 2708 3384 septimus,
2781 3313 3266 3385 quadragesimus
3320 3320 3592 3371 octavus:
3648 3316 4038 3388 octogesimus

641 3415 730 3466 est
760 3407 1050 3463 canticum
1089 3405 1536 3473 Deuteronomii,
1571 3403 1720 3474 apud
1746 3403 2016 3458 Hebraaos
2045 3420 2055 3456 ;
2091 3404 2287 3457 trime-

639 3504 729 3553 tro
761 3514 892 3552 vero
933 3502 988 3552 et
1038 3484 1376 3550 tetrametro
1405 3492 1606 3564 scripti
1659 3496 1798 3546 sunt
1843 3492 2050 3562 psalmi
2095 3509 2286 3546 versu.

640 3588 792 3658 Ergo
823 3586 924 3656 qui
955 3585 1108 3656 apud
1144 3584 1431 3650 Hebraeos,
1465 3582 1558 3636 alii
1592 3588 1728 3636 sunt
1759 3581 1856 3652 qui
1890 3581 2043 3653 apud
2077 3598 2202 3636 nus.

718 3675 830 3745 Ipsi
872 3673 1070 3739 David,
1133 3671 1360 3742 tertius,
1421 3675 1686 3742 quartus,
1745 3670 2010 3740 quintus,
2066 3675 2286 3736 sextus,

639 3764 955 3834 septimus,
1001 3766 1259 3830 octavus,
1311 3777 1522 3825 nonus,
1584 3759 1866 3825 decimus,
1917 3758 2286 3826 undecimus,

638 3851 1049 3915 duodecimus,
1111 3849 1373 3904 decimus
1427 3847 1653 3912 tertius,
1707 3847 1968 3901 decimus
2021 3853 2286 3918 quartus,

637 3941 905 3996 decimus
930 3936 1472 4011 quintus,decimus
1492 3934 1988 3998 sextus,decimus
2007 3937 2287 4006 octavus“,

636 4030 908 4086 decimus
942 4046 1149 4098 nonus,
1181 4026 1514 4093 vicesimus,
1568 4025 1881 4081 vicesimus
1922 4026 2168 4096 primus,
2206 4025 2286 4078 vi-

639 4120 899 4176 cesimus
947 4117 1261 4184 secundus,
1317 4115 1630 4170 vicesimus
1693 4115 1916 4180 tertius,
1976 4114 2289 4169 vicesimus

643 4212 912 4281 quartus,
947 4205 1259 4260 vicesimus
1281 4203 1543 4276 quintus,
1574 4203 1887 4258 vicesimus
1909 4208 2126 4266 sextus,
2144 4204 2290 4258 vice-

639 4298 832 4354 simus
864 4295 1170 4368 septimus,
1203 4293 1514 4348 vicesimus
1549 4297 1805 4357 octavus,
1837 4292 2150 4347 vicesimus
2182 4309 2286 4347 no-

641 4403 798 4453 nus;
853 4384 1205 4452 tricesimus,
1261 4382 1593 4437 tricesimus
1655 4381 1902 4452 primus,
1956 4380 2288 4436 tricesimus

636 4475 955 4540 secundus,
992 4473 1329 4528 tricesimus
1360 4471 1592 4536 tertius,
1628 4468 1965 4524 tricesimus
2017 4475 2285 4540 quartus,

637 4563 977 4618 tricesimus
1022 4563 1284 4634 quintus,
1319 4560 1652 4615 tricesimus
1686 4563 1904 4628 sextus,
1955 4559 2286 4613 tricesimus

639 4651 953 4722 septimus,
987 4652 1318 4706 tricesimus
1369 4654 1628 4714 octavus,
1679 4647 2010 4702 tricesimus
2058 4663 2284 4714 nonus;
2321 4672 2365 4736 Ι)

642 4739 1167 4813 quadragesimus;
1192 4736 1737 4811 quinquagesimus,
1760 4736 2288 4807 quinquagesimus

641 4827 895 4903 primus,
938 4826 1463 4898 quinquagesimus
1511 4825 1827 4889 secundus,
1875 4825 2286 4897 quinquagesi-

715 4974 729 5006 ¹
767 4971 954 5026 Codex
984 4968 1377 5034 Ambrosiam,
1413 4970 1470 5022 in
1501 4968 1691 5022 ordine
1722 4972 1780 5021 ut
1796 4969 2002 5038 jacere,
2037 4973 2144 5022 etc.

712 5044 733 5076 ²
763 5043 841 5097 Ex
869 5042 976 5097 hoc
1006 5042 1129 5096 loco
1163 5047 1219 5096 et
1262 5039 1392 5095 aliis
1438 5040 1933 5109 consequentibus
1987 5040 2290 5095 manifeste

640 5113 1008 5185 comprobari
1041 5118 1249 5184 potest,
1313 5109 1624 5185 Eusebium
1675 5111 2086 5185 Caesariensem
2140 5112 2288 5185 scri-

627 5181 864 5254 ptorem
901 5181 1078 5240 fuisse
1107 5186 1415 5238 verborum
1450 5183 1627 5253 hujus
1659 5181 1918 5254 prologi:
1953 5188 2090 5237 sunt
2131 5184 2286 5238 enim

681 5205 864 5241 torem
901 5205 1078 5240 1111856
1108 5205 1415 5238 νΘΓΟΟΓυῐΠ
1451 5205 1627 5253 HUJUS
1659 5205 1918 5254 ρΓυΙυξζΙζ
1953 5205 2090 5237 SUIII-
2131 5205 2286 5238 enim

638 5205 1217 5330 ﬁypothesesipsius
1241 5255 1298 5310 in
1332 5254 1630 5330 Psalterio,
1665 5271 1790 5324 quae
1837 5254 2030 5330 (ignee
2060 5260 2290 5330 exstant

640 5326 784 5386 to'm.
825 5345 878 5382 v1
929 5326 1412 5399 Polyglottorum,
1446 5326 1714 5399 Londin._
1739 5343 1794 5396 p.
1831 5326 1950 5399 137,
2004 5331 2060 5399 et
2094 5327 2290 5399 Latine

641 5401 794 5472 apud
829 5395 1105 5472 Thomas:
1140 5395 1813 5472 CarumprzetationibiIs
1836 5396 1892 5449 in
1917 5395 2285 5452 Psalterium.

639 5468 837 5544 Atqui
889 5470 1201 5544 Eusebium
1253 5469 1310 5524 in
1363 5469 1470 5544 hoc
1525 5468 1761 5544 prologo
1813 5484 1922 5544 per,
1965 5485 2186 5544 pan_nos
2227 5477 2290 5544 et

640 5539 944 5613 segmenta
1007 5542 1221 5613 Latinis
1279 5540 1481 5604 tradit,
1541 5539 1804 5594 ordinem
1887 5539 2287 5613 HypOLhesec‘uv

642 5611 978 5669 subvertere
1005 5612 1254 5678 studuit,
1280 5628 1350 5667 ne
1370 5613 2072 5681 turtumagnosceremus.
2100 5611 2286 5668 MART.

711 5684 1160 5810 “tEI'mlendamus
1189 5701 1255 5741 ex
1289 5681 1658 5739 Ambrosiam.
1689 5699 1799 5739 ms.
1841 5684 2023 5740 Antea
2048 5682 2107 5737 in
2135 5689 2290 5740 recto

711 5769 739 5810 a
838 5773 852 5810 ι
881 5773 944 5810 η.

640 5758 765 5820 erat
794 5758 944 5814 Filii.

2402 3402 2638 3466 tertius;
2661 3403 3052 3473 octogesimus
3083 3408 3348 3474 quartus,
3381 3404 3770 3476 octogesimus
3817 3411 4033 3466 sextus.

2401 3491 2792 3562 octogesimus
2833 3497 3090 3562 octavus,
3142 3492 3316 3546 simul
3347 3510 3422 3548 x1.
3477 3494 3611 3548 Sine
3658 3493 3889 3548 nomine
3937 3493 4039 3564 qui

2401 3586 2626 3635 tantum
2662 3581 3190 3652 superscriptiones
3221 3581 3459 3652 habent,
3485 3598 3597 3637 non
3631 3586 3823 3637 tamen
3855 3581 4037 3654 signi-

2402 3671 2577 3724 ﬁcant
2605 3671 2775 3739 cujus
2807 3669 2940 3734 sint,
2994 3671 3393 3741 sexagesimus
3443 3671 3704 3742 quintus,
3747 3670 4036 3742 sexagesi-

2400 3759 2588 3814 simus
2621 3763 2838 3827 sextus,
2874 3758 3288 3830 nonagesimus
3321 3760 3567 3832 primus,
3623 3758 4038 3832 nonagesimus

2400 3855 2658 3914 octavus,
2694 3848 3107 3917 nonagesimus
3148 3865 3376 3915 nonus;
3409 3850 3760 3904 centesimus
3790 3849 4035 3920 primus,

2399 3935 2753 3992 centesimus
2787 3935 3050 3989 decimus
3084 3954 3291 4006 nonus,
3327 3938 3680 3993 centesimus
3702 3937 4034 3999 vicesimus,

2399 4024 2754 4080 centesimus
2787 4024 3101 4080 vicesimus
3129 4026 3442 4092 secundus,
3493 4026 3842 4081 centesimus
3886 4026 4036 4079 vice-

2400 4115 2587 4169 simus
2618 4114 2848 4179 tertius,
2880 4115 3234 4170 centesimus
3265 4115 3577 4171 vicesimus
3606 4120 3866 4186 quartus,
3899 4129 4035 4168 cen-

2399 4203 2646 4259 tesimus
2675 4201 2988 4258 vicesimus
3019 4203 3287 4274 quintus,
3336 4205 3684 4260 centesimus
3729 4203 4037 4258 vicesimus

2399 4291 2704 4363 septimus,
2739 4293 3095 4348 centesimus
3122 4293 3438 4349 vicesimus
3484 4299 3739 4361 octavus,
3791 4293 4036 4348 centesi-

2399 4398 2531 4435 mus
2571 4380 2883 4436 vicesimus
2944 4399 3170 4448 nonus;
3226 4383 3578 4438 centesimus
3636 4382 3961 4438 tricesimus
3993 4383 4033 4452 9,

2398 4470 2755 4524 centesimus
2784 4469 3119 4526 tricesimus
3147 4472 3374 4542 tertius,
3401 4471 3577 4527 simul
3609 4489 3744 4525 xvu.
3773 4469 4037 4526 Alleluia-

2397 4558 2515 4628 tici,
2549 4559 2902 4614 centesimus
2933 4564 3201 4630 quartus,
3226 4560 3580 4616 centesimus
3610 4561 3868 4632 quintus,
3901 4575 4034 4614 cen-

2397 4649 2644 4703 tesimus
2675 4653 2895 4712 sextus,
2942 4651 3298 4704 centesimus
3344 4650 3627 4721 decimus,
3686 4649 4035 4704 centesimus

2404 4736 2771 4806 undecimus,
2820 4739 3174 4793 centesimus
3235 4739 3635 4808 duodecimus,
3689 4738 4036 4794 centesimus

2400 4825 2663 4880 decimus
2697 4826 2923 4891 tertius,
2957 4827 3312 4882 centesimus
3336 4826 3600 4883 decimus
3620 4830 3880 4897 quartus,
3905 4841 4034 4880 cen-

2470 4971 2490 5001 ⁴
2522 4967 2779 5040 Negandi
2813 4968 3161 5037 particulum
3195 4971 3321 5024 cod.
3351 4969 3769 5026 Ambrosianus
3791 4968 4032 5040 ignorat.

2470 5041 2490 5073 ⁵
2519 5039 2870 5121 Sclioliastes
2903 5042 2965 5122 in.
2992 5041 3140 5112 psal.
3189 5059 3384 5106 cxvm,
3431 5047 3551 5097 tom
3583 5041 3676 5106 VI,
3732 5039 4034 5166 Pogglott.

2470 5129 2516 5166 )c
2549 5119 2723 5166 etiam
2761 5113 3045 5166 Eusebius
3075 5129 3342 5166 expresse
3374 5113 3535 5166 dixit-
3585 5115 3758 5166 Prien.
3852 5129 3900 5165 υ.
3930 5110 4033 5166 lib.

2400 5116 2516 5167 Hoc
2549 5113 2723 5166 etiam
2761 5110 3045 5167 Eusebius
3075 5129 3342 5184 expresse
3374 5113 3536 5184 dixit,
3585 5115 3758 5184 Praep.
3810 5110 3900 5166 Eu.
3930 5110 4033 5167 lib.

2398 5201 2475 5249 xi,
2509 5200 2634 5249 cap.
2667 5186 2720 5238 5.
2749 5186 2930 5238 MART.

2468 5256 2489 5288 δ
2518 5255 2691 5309 Addit
2715 5255 2841 5312 cod.
2878 5256 3054 5320 idem,
3088 5261 3138 5310 et
3168 5255 3435 5310 decimum
3466 5258 3774 5326 septimum.

2469 5327 2485 5360 τ
2518 5331 2732 5380 lterum
2766 5327 2926 5381 addit
2957 5327 3107 5392 cod.,
3143 5327 3317 5397 idem,
3351 5333 3405 5382 et.
3445 5329 3845 5397 sexagesimum
3877 5329 4036 5396 quin-

2400 5408 2540 5463 lum,
2567 5402 2617 5451 et
2645 5400 3040 5467 sexagesimum
3068 5407 3305 5453 sextum.

2469 5471 2488 5501 ⁸
2521 5469 2856 5524 Econtrario
2889 5469 2981 5524 hic
3009 5470 3135 5524 cod.
3170 5471 3531 5525 centesimum
3553 5471 3899 5525 tricesimum
3929 5472 4037 5522 ter-

2401 5543 2559 5606 tium,
2595 5545 2872 5612 quartum,
2897 5543 3152 5612 quintum
3180 5546 3230 5597 et
3258 5550 3474 5598 sextum
3503 5540 3718 5597 reticet.

2471 5614 2491 5647 θ
2515 5612 2738 5697 Dicitur
2768 5615 2826 5668 in
2857 5614 3229 5670 Ambrosian.
3263 5615 3412 5684 cod.,
3459 5615 3780 5671 centesimus
3825 5613 4039 5669 tricesi-

2399 5701 2521 5741 mus
2546 5701 2782 5757 primus.
