4244 6610
242 497 391 558 1381

1416 488 1908 554 BREVIARIUM
1954 491 2031 551 IN
2077 488 2432 554 PSALMOS
2448 536 2461 550 .

3479 498 3634 560 1382

239 630 488 688 tesimus
545 627 807 685 decimus
872 624 1148 697 quintus,
1204 618 1559 680 centesimus
1618 624 1881 680 decimus
1909 625 1964 692 Α
1993 638 2179 695 genus
2233 622 2549 679 obtinebat.
2599 626 2897 697 Increpasti
2940 635 3144 698 gentes,
3189 631 3357 701 periit
3407 633 3627 704 impius.

243 726 461 787 sextus,
494 716 848 774 centesimus
879 714 1144 770 decimus
1189 713 1498 786 septimus,
1531 713 1882 768 centesimus

243 808 506 866 decimus
537 811 812 873 octavus;
845 803 1201 860 centesimus
1231 802 1566 859 tricesimus
1616 806 1881 874 quartus,

244 897 602 955 centesimus
650 894 981 950 tricesimus
1025 891 1307 963 quintus;
1355 891 1711 947 centesimus
1744 907 1885 963 qua-

244 986 613 1060 dragesimus
663 984 939 1058 quintus;
991 980 1344 1037 centesimus
1395 979 1886 1052 quadragesimus

245 1082 464 1146 sextus,
499 1074 857 1131 centesimus
887 1068 1373 1144 quadragesimus
1402 1074 1660 1136 octavus,
1694 1072 1883 1123 cente-

247 1166 435 1222 simus
488 1161 977 1236 quadragesimus
1007 1176 1197 1216 nonus
1226 1161 1269 1231 ',
1325 1159 1684 1214 centesimus
1715 1158 1888 1230 quin-

246 1252 647 1327 quagesimus,
675 1248 856 1306 simul
882 1266 1021 1305 XVII.
1055 1247 1243 1303 Ethan
1274 1263 1559 1314 LXXXVIII;
1593 1244 1891 1302 Salmonis

248 1359 395 1413 LXXI,
426 1356 610 1396 cxva.
641 1338 858 1410 Asapb,
892 1336 1377 1409 quadragesimus
1410 1351 1625 1403 nonus,
1657 1339 1890 1406 septua-

248 1430 509 1504 gesimus
540 1445 731 1485 nonus
752 1429 792 1496 ²,
817 1425 1286 1498 septuagesimus
1318 1425 1633 1493 secundus,
1663 1428 1893 1495 septua-

249 1519 511 1594 gesimus
560 1517 793 1583 tertius,
839 1513 1309 1588 septuagesimus
1358 1516 1623 1584 quartus,
1656 1519 1895 1584 septua-

250 1607 512 1681 gesimus
576 1605 847 1678 quintus,
918 1602 1387 1675 septuagesimus
1464 1606 1696 1669 sextus,
1764 1618 1896 1673 sep-

248 1697 617 1770 tuagesimus
696 1694 1011 1767 septimus,
1081 1691 1552 1770 septuagesimus
1627 1694 1893 1760 octavus,

253 1769 724 1860 septuagesimus
772 1798 1000 1849 nonus;
1048 1769 1459 1852 octogésimus,
1505 1780 1897 1852 octogesimus

254 1876 505 1949 primus,
536 1870 931 1945 octogesimus
980 1870 1297 1939 secundus,
1330 1868 1507 1925 simul
1557 1884 1655 1924 XII.
1692 1868 1898 1938 Moysi,

254 1963 648 2037 octogesimus
694 1977 902 2016 nonus.
938 1960 1111 2018 Fiunt
1159 1974 1363 2013 omnes
1415 1957 1623 2030 psalmi
1674 1974 1762 2013 CL.
1798 1959 1901 2013 Pro

253 2053 646 2110 torcularibus
695 2068 781 2122 III,
814 2055 873 2105 et
919 2048 1220 2105 Graduum
1269 2064 1359 2118 xv,
1407 2064 1509 2119 pro
1561 2046 1903 2103 nominibus

256 2142 429 2216 positi
462 2146 619 2197 sunt.
654 2141 823 2195 Extra
853 2156 921 2193 CL
952 2155 1066 2193 non
1100 2141 1260 2192 sunt.

329 2237 396 2286 In
428 2229 643 2302 quibus
673 2227 953 2301 psalmis3
984 2226 1041 2280 in
1075 2225 1668 2297 superscriptionibus
1701 2241 1903 2280 eorum

260 2320 473 2378 obuius
494 2321 516 2355 ‘
551 2320 711 2389 jacet
742 2324 757 2372 ξ
808 2316 927 2371 haec
962 2331 1138 2388 penes
1167 2314 1323 2370 solos
1351 2313 1729 2386 Septuaginta
1760 2314 1904 2369 infe-

261 2413 493 2466 runtur.
526 2408 722 2479 Neque
769 2422 904 2461 vero
958 2404 1110 2475 apud
1160 2407 1397 2459 caeteros
1428 2403 1777 2476 Interpretes
1818 2403 1906 2457 in-

261 2498 596 2556 veniuntur.
623 2498 851 2561 Quanta
881 2493 1209 2565 adjacentia
1231 2493 1251 2525 ⁵
1282 2493 1338 2546 ἰη
1366 2492 1644 2548 lIebraico
1666 2496 1721 2547 et
1751 2492 1904 2565 apud

265 2593 525 2656 caeteros,
555 2601 671 2641 non
719 2588 859 2639 sunt
910 2583 1146 2638 inventa
1195 2597 1374 2652 penes
1422 2582 1803 2653 Septuaginta
1854 2586 1911 2637 et

266 2675 746 2743 Theodotionem,
778 2671 1103 2743 adjecimus
1131 2686 1267 2726 cum
1298 2670 1594 2726 asteriscis
1624 2687 1637 2724 :
1691 2674 1912 2742 quanta

272 2782 407 2822 vero
452 2764 606 2837 apud
653 2764 1004 2819 memoratos
1035 2759 1171 2815 LXX
1200 2763 1301 2813 aut
1330 2759 1786 2814 Theodotionem
1818 2760 1911 2814 in-

271 2855 564 2911 venimus.
614 2852 812 2923 Neque
859 2855 1053 2905 autem
1106 2849 1165 2904 in
1218 2850 1471 2916 llebrzeo,
1522 2865 1709 2920 neque
1756 2849 1913 2920 apud

275 2949 531 3012 caeteros,
555 2941 719 2999 obelo
747 2939 1187 3013 supposuimus.
1211 2939 1292 2994 De
1321 2956 1500 3010 supra
1521 2939 1753 3011 scriptis
1780 2954 1914 2994 vero

275 3033 416 3106 quia
470 3032 794 3089 secundum
852 3030 1169 3102 quamdam
1227 3028 1722 3100 dispensationem
1780 3027 1917 3083 LXX

273 3122 634 3195 interpretati
683 3124 841 3189 sunt,
876 3123 953 3173 De
992 3126 1163 3173 morte
1215 3118 1341 3187 ﬁlii,
1377 3133 1478 3188 pro
1522 3118 1749 3172 occultis
1790 3117 1916 3187 ﬁlii.

279 3211 437 3266 Sicut
469 3225 604 3281 ergo
635 3207 835 3263 eduxit
868 3206 1028 3277 prius
1056 3210 1211 3260 terra
1241 3206 1645 3276 quadrupedis
1687 3210 1746 3261 et
1792 3224 1918 3277 qua;

1996 711 2289 767 Diabolus.
2325 713 2593 781 Quomodo
2638 717 2964 772 aununtiem
3014 718 3198 776 laudes
3239 727 3383 786 tuas,
3414 721 3472 774 in
3500 737 3633 792 por—

1994 802 2063 854 tis
2093 800 2235 868 ﬁlim
2264 800 2414 855 Sion.
2447 801 2691 859 Civitate
2721 804 2817 859 Dei
2862 806 3125 874 viventis,
3158 808 3375 864 caelesti
3404 813 3639 866 Jerusa-

1995 889 2132 960 lem,
2166 889 2285 945 filia
2332 890 2490 945 Sion.
2523 891 2928 965 Octogesimus
2982 913 3172 952 nonus
3207 914 3218 951 :
3270 899 3515 966 Domine,
3546 916 3635 955 re-

1993 978 2207 1049 fugium
2234 979 2414 1048 factus
2443 995 2497 1033 es
2526 980 2681 1035 nobis
2710 982 2774 1036 in
2801 984 3207 1052 generationem
3236 995 3287 1041 et
3325 991 3638 1057 generatio-

1996 1082 2142 1121 nem.
2160 1066 2469 1138 Refugium
2494 1070 2817 1125 secundum
2841 1074 3277 1143 generationem
3303 1076 3410 1131 fuit
3426 1077 3642 1149 Enoch,

1999 1154 2134 1209 inde
2161 1155 2473 1227 Abraham,
2507 1160 2563 1212 et
2611 1157 2854 1230 reliqua.
2889 1160 3069 1228 Terra,
3103 1161 3327 1219 habens
3374 1167 3528 1237 apud
3581 1183 3643 1222 se

1999 1243 2372 1300 absconditos
2404 1250 2652 1313 montes,
2686 1247 3000 1304 novissime
3032 1251 3051 1283 ⁷
3101 1250 3246 1305 sicut
3294 1268 3362 1307 ea
3404 1253 3647 1310 demon-

2000 1332 2209 1388 stravit
2260 1350 2409 1404 aqua
2458 1340 2584 1390 tum
2639 1338 2963 1392 secundum
3009 1342 3273 1411 tempora
3301 1344 3518 1398 terram
3551 1344 3649 1400 de-
3704 1368 3719 1379 ν

2006 1422 2266 1488 nudavit,
2299 1428 2356 1478 et
2412 1423 2791 1480 demonstrati
2850 1432 2990 1482 sunt
3040 1434 3290 1485 montes.
3326 1432 3389 1486 Et
3431 1431 3656 1499 dixisti,

2006 1511 2418 1576 Convertimini,
2449 1513 2557 1582 lilii
2587 1516 2891 1569 hominum.
2928 1520 3003 1571 De
3033 1517 3295 1589 gentium
3328 1520 3652 1577 vocatione.

2008 1601 2147 1668 Quia
2200 1601 2353 1655 mille
2409 1604 2563 1656 anni.
2621 1602 2753 1666 Quae
2813 1604 2948 1659 fecit
3004 1607 3183 1678 Moysi
3227 1624 3239 1662 :
3299 1609 3455 1663 Mane
3508 1611 3656 1666 sicut

2006 1688 2174 1744 herba
2202 1694 2462 1744 transeat.
2497 1690 2629 1753 Quae
2661 1693 2980 1749 secundum
3012 1694 3190 1750 David
3220 1696 3260 1764 ⁸,
3308 1701 3365 1752 et
3395 1698 3655 1755 Salomo-

2007 1794 2164 1846 nem,
2202 1780 2423 1847 Vespere
2463 1779 2697 1836 decidat.
2730 1781 2811 1837 De
2841 1785 3451 1842 consummationibus
3483 1787 3655 1842 deso-

2007 1866 2296 1922 lationum
2325 1867 2674 1935 Jerusalem,
2709 1869 2828 1925 haec
2875 1871 3099 1943 Moyses
3134 1873 3498 1945 prophetavit
3524 1876 3653 1949 Spi-

2011 1955 2128 2010 ritu
2160 1954 2258 2011 Dei
2311 1956 2485 2013 Israel
2516 1959 2555 2012 θ.

2082 2043 2441 2115 Principium
2456 2045 2816 2117 psalmorum
2827 2048 2994 2103 David
3010 2050 3335 2105 secundum
3350 2051 3656 2107 historiam

2012 2148 2138 2203 quae
2172 2132 2230 2187 in
2262 2132 2409 2188 libro
2440 2137 2771 2206 Regnorum
2802 2136 3132 2193 continetur
3162 2156 3175 2193 :
3227 2155 3419 2208 CXLIII,
3454 2140 3656 2196 Adver-

2011 2237 2104 2276 sus
2154 2220 2373 2277 Goliath
2429 2239 2553 2276 cum
2597 2225 2786 2288 stetit;
2836 2242 2988 2295 LVIII,
3041 2227 3173 2282 Cum
3224 2230 3375 2284 misit
3419 2230 3558 2284 Saul
3607 2239 3660 2286 et

2014 2310 2296 2366 custodiuit
2351 2311 2569 2367 domum
2625 2313 2764 2383 ejus,
2824 2322 2884 2369 ut
2938 2316 3266 2385 interﬁceret
3321 2334 3489 2386 eum;
3548 2336 3659 2386 LVI,

2019 2398 2152 2453 Cum
2193 2400 2343 2469 fugit
2388 2417 2428 2455 a
2471 2403 2617 2472 facie
2663 2402 2797 2457 Saul
2844 2404 2905 2457 in
2950 2406 3250 2475 spelunca;
3293 2424 3492 2473 XXXIII,
3526 2408 3661 2463 Cum

2016 2490 2165 2543 venit
2211 2488 2281 2543 ad
2323 2491 2634 2547 Abimelech
2662 2491 3013 2563 sacerdotem,
3046 2502 3100 2549 et
3147 2498 3502 2551 commutavit
3544 2497 3663 2552 vul-

2018 2582 2134 2632 tum
2177 2594 2335 2632 suum
2379 2594 2571 2634 coram
2602 2581 2907 2636 Abimelech
2950 2598 3075 2652 rege
3115 2593 3168 2638 et
3197 2585 3411 2640 dimisit
3434 2602 3583 2653 eum,
3614 2591 3668 2641 et

2019 2666 2195 2735 abiit,-
2226 2683 2370 2733 CXLI,
2406 2670 2543 2723 Cum
2575 2671 2722 2738 [ugit
2746 2670 2815 2725 de
2846 2669 2994 2740 Geth,
3025 2681 3077 2726 et
3107 2675 3256 2727 venit
3300 2675 3361 2727 in
3405 2676 3665 2745 spelunca

2019 2756 2303 2810 Modollam
2326 2775 2349 2822 ;
2390 2774 2460 2825 LI,
2511 2757 2646 2812 Cum
2704 2761 2847 2814 venit
2905 2760 3075 2815 Doech
3132 2761 3404 2819 Idumaeas
3459 2767 3512 2819 et
3565 2780 3667 2819 an-

2021 2846 2298 2900 nuntiavit
2343 2845 2495 2910 Saul,
2525 2856 2575 2901 et
2620 2847 2765 2902 dicit
2813 2849 2869 2903 ei
2896 2866 2915 2902 :
2970 2850 3119 2905 Venit
3149 2851 3320 2906 David
3350 2853 3410 2907 in
3437 2852 3660 2908 domum

2023 2934 2359 2990 Achimelech
2380 2952 2399 2994 ;
2431 2952 2598 3001 LXXII,
2628 2936 2760 2991 Cum
2787 2942 2922 2993 esset
2952 2940 3012 2993 in
3040 2939 3242 2996 deserto
3269 2941 3469 2997 Juda’az
3488 2959 3508 3003 ;
3542 2960 3661 3010 LIII,

2024 3027 2162 3081 Cum
2218 3035 2486 3079 venerunt
2535 3025 2774 3097 Zephsei,
2806 3034 2857 3082 et
2906 3027 3170 3083 dixerunt
3216 3027 3434 3085 Sauli:
3479 3032 3667 3089 Nonne

2027 3130 2147 3171 ecce
2179 3114 2347 3169 David
2393 3115 2739 3170 absconditus
2784 3124 2863 3171 est
2906 3133 3065 3188 penes
3109 3134 3249 3185 nos;
3304 3136 3389 3186 LV,
3441 3120 3667 3189 Quando

2026 3206 2318 3258 tenuerunt
2343 3218 2469 3258 eum
2495 3204 2769 3275 allophyli
2797 3206 2858 3259 in
2885 3205 3056 3267 Gelli;
3087 3224 3238 3273 XXVI,
3280 3210 3405 3264 Post
3443 3218 3671 3266 mortem

277 3317 344 3354 ex
389 3315 457 3354 ea
505 3300 779 3370 generata
826 3299 982 3362 sunt,
1017 3298 1073 3349 et
1122 3294 1275 3348 sicut
1320 3295 1573 3364 quodam
1620 3296 1919 3365 pascimus
1957 3363 1990 3370 _
2026 3291 2163 3348 Saul
2186 3293 2510 3363 priusquam
2538 3296 2835 3363 angeretur
2879 3296 2939 3348 in
2979 3311 3198 3366 regem;
3227 3313 3353 3364 xcv,
3389 3296 3522 3352 Cum
3567 3298 3672 3353 do-

278 3389 427 3443 Iacte
456 3363 735 3459 primum,
760 3383 843 3439 sic
869 3388 1001 3437 ante
1022 3363 1669 3437 Salvatorisadventum
1692 3382 1919 3455 dispen-
1949 3363 1991 3429 Ο
2030 3397 2151 3434 mus
2191 3380 2478 3450 mitiﬁcant
2522 3389 2601 3436 est
2642 3389 2761 3452 post
2787 3363 3175 3454 captivitatem,
3209 3394 3260 3441 et
3291 3402 3421 3442 area
3448 3387 3672 3443 Domini

279 3480 408 3533 sata
440 3478 528 3531 est
555 3471 956 3544 interpretatio
987 3470 1417 3541 Scripturarum
1468 3475 1704 3543 propter
1733 3473 1919 3529 Ptolo-

282 3580 492 3620 maeum
526 3580 539 3617 ε
595 3560 809 3617 etenim
841 3561 1230 3630 interpretata:
1262 3563 1400 3613 sunt
1429 3560 1536 3614 sub
1569 3561 1847 3630 apostolis
1877 3564 1918 3630 ⁸,

282 3651 561 3726 quoniam
592 3655 714 3706 erat
744 3646 1106 3720 impossibile
1141 3650 1374 3719 propter
1421 3648 1821 3705 infidelitatem
1856 3652 1925 3707 de

284 3742 515 3798 Christo
545 3756 643 3795 eas
674 3737 1025 3811 prophetari.

356 3830 588 3885 Nonum
623 3844 636 3882 :
685 3826 983 3897 Conﬁtebor
1012 3827 1115 3880 tibi
1151 3827 1212 3881 in
1241 3830 1347 3881 toto
1376 3825 1532 3882 corde
1561 3844 1697 3899 meo,
1732 3846 1832 3900 pro
1863 3845 1928 3884 eo

286 3919 466 3992 quod,
501 3918 707 3987 gratias
765 3933 883 3989 ago.
930 3917 1176 3971 Narrabo
1231 3918 1418 3971 omnia
1472 3918 1754 3973 mirabilia
1813 3928 1930 3976 tua-

290 4011 516 4080 Moyses
565 4023 677 4063 non
727 4006 924 4062 omnia
966 4010 1089 4060 erat
1118 4005 1413 4077 possibilis
1444 4023 1700 4073 narrare,
1733 4010 1831 4064 sed
1864 4026 1932 4065 ex

288 4101 451 4170 parte
481 4113 548 4151 ea
580 4095 869 4150 mirabilia
901 4111 1029 4165 quae
1063 4094 1119 4147 in
1151 4095 1412 4166 Egypto.
1441 4094 1704 4152 Christus
1734 4103 1930 4153 autem

288 4191 347 4242 et
374 4203 499 4257 quae
530 4201 707 4257 super
726 4183 997 4239 coelestia.
1022 4184 1081 4238 In
1113 4183 1400 4238 avertendo
1434 4185 1721 4240 inimicum
1752 4203 1936 4242 meum

286 4278 610 4330 retrorsum.
647 4273 921 4328 Diabolus
971 4276 1095 4327 erat
1145 4271 1440 4341 inimicus,
1474 4273 1573 4344 qui
1607 4272 1932 4330 humanum

366 4456 381 4490 ί
415 4451 528 4510 Iste
555 4454 881 4527 centesimus
924 4451 1375 4524 quadragesimus
1404 4468 1582 4508 nonus
1614 4452 1671 4509 in
1705 4455 1939 4527 Ambro;

292 4525 445 4582 sian.
479 4542 590 4581 ms.
627 4524 1011 4581 desideratur.

363 4597 385 4630 ³
414 4597 519 4652 Hic
549 4612 780 4669 quoque
808 4597 1233 4668 septuagesimus
1260 4610 1436 4650 nonus
1466 4596 1536 4651 ab
1567 4596 1934 4653 Ambrosian.

292 4685 406 4724 ms.
439 4669 621 4723 abest.

366 4739 387 4773 ³
418 4738 535 4795 Hoc
566 4739 743 4810 etiam
776 4740 847 4793 ab
879 4738 1126 4794 Eusebio
1157 4741 1461 4793 mutuatus
1502 4743 1591 4793 est
1634 4737 1940 4810 imperitus
1972 4736 2017 4800 D

292 4812 583 4882 interpres
611 4809 723 4865 iste
754 4810 1016 4882 Latinus.
1050 4811 1236 4865 MART.

367 4883 388 4963 ξ
417 4879 680 4963 Latellige
713 4881 951 4963 obelum,
980 4882 1086 4963 qui
1117 4880 1412 4963 superﬂua
1433 4879 1687 4963 jugulat.
1744 4953 1755 4963 _

367 4954 388 4988 ⁸
417 4954 458 5008 E
489 4952 752 5025 margine
780 4953 840 5008 in
863 4952 1577 5025 contextum’irrepserant
1596 4953 1710 5008 duo
1743 4953 1941 5009 isthzec

294 5025 491 5106 verba,
523 5024 791 5107 asteriscjs
814 5024 1026 5107 “oblitus
1043 5041 1064 5107 ί
1113 5024 1291 5107 quod.
1318 5027 1588 5079 ante'nos
1616 5025 1941 5107 observavit

294 5095 384 5153 vir
429 5096 695 5152 eruditus
722 5095 876 5151 J.-B.
911 5095 1231 5153 Cotelerius
1273 5095 1393 5166 jam
1435 5111 1616 5168 supra
1643 5095 1936 5154 laudatus.

2031 3469 2253 3525 reducta
2294 3474 2420 3525 est:
2465 3486 2663 3538 XXVIII,
2696 3475 2763 3527 In
2811 3476 3277 3529 consummatione
3305 3476 3668 3545 tabernaculi,

2033 3566 2092 3619 in
2120 3578 2224 3633 quo
2250 3577 2384 3616 arca
2421 3561 2596 3631 posita
2641 3565 2768 3615 est:
2816 3579 2968 3629 XXIX,
2998 3565 3061 3618 In
3101 3563 3437 3622 dedicatione
3482 3567 3674 3623 domus

2034 3638 2243 3717 David,-
2298 3667 2406 3715 LIx,
2455 3648 2588 3703 Cum
2640 3650 2773 3704 Joab
2828 3654 3182 3722 percussisset
3235 3654 3674 3727 Mesopotamiam

2036 3741 2237 3811 Syr-iw,
2270 3741 2319 3793 et
2358 3738 2579 3810 Syriam
2614 3738 2777 3806 Saba,
2809 3748 2862 3795 et
2908 3742 3105 3797 vallem
3150 3742 3490 3814 Salinarum,
3540 3746 3673 3804 duo-

2037 3830 2209 3884 decim
2236 3828 2443 3895 millia,
2474 3846 2522 3895 L,
2552 3829 2692 3883 Cum
2718 3831 2866 3885 venit
2894 3830 2964 3886 ad
2993 3848 3114 3886 eum
3134 3833 3367 3888 Nat/Ian
3394 3836 3679 3908 propheta,

2039 3928 2089 3975 et
2119 3919 2348 3973 intravit
2375 3916 2446 3971 ad
2475 3918 2775 3981 Bethsabe;
2808 3935 2892 3985 III,
2928 3918 3059 3974 Cum
3087 3922 3230 3990 fugit
3273 3939 3308 3975 a
3341 3925 3485 3992 facie
3512 3926 3681 3980 Absu-

2041 4008 2129 4062 lon
2161 4006 2272 4075 ﬁlii
2298 4006 2427 4072 sui;
2466 4021 2562 4070 VII,
2593 4007 2700 4060 Pro
2728 4007 2903 4062 verbis
2935 4006 3063 4063 Cusi
3088 4009 3199 4078 ﬁlii
3228 4008 3483 4073 Gemini;
3513 4030 3681 4082 CXLII,

2044 4096 2177 4149 Cum
2222 4110 2348 4149 cum
2391 4098 2808 4166 persequeretur
2834 4095 3128 4151 Abessalon
3154 4098 3309 4168 filius
3336 4116 3512 4162 suus;
3543 4117 3682 4172 XVII,

2042 4186 2105 4240 tn
2146 4183 2234 4239 die
2278 4199 2388 4254 qua
2424 4182 2677 4239 liberavit
2703 4199 2827 4238 eum
2855 4185 3117 4241 Dominus
3145 4187 3209 4242 de
3236 4205 3405 4244 manu
3434 4192 3687 4246 omnium

2042 4275 2403 4329 inimicorum
2431 4288 2675 4338 suorum,
2708 4277 2759 4329 et
2786 4272 2850 4329 de
2877 4291 3048 4330 manu
3074 4276 3229 4332 Saul.

2049 4453 2234 4509 MART.
2267 4485 2334 4494 ——
2363 4450 2539 4507 Addit
2572 4452 2665 4508 hic
2697 4450 3066 4510 Ambro'sian.
3114 4452 3264 4511 liber
3306 4458 3596 4512 asteriscus
3639 4463 3692 4512 et

2046 4526 2643 4671 abigililiiiperitissime~
2666 4595 2805 4651 dicit
2850 4595 2990 4651 LXX
3033 4595 3377 4671 interpretes
3410 4598 3522 4654 sub
3553 4615 3691 4671 apo-

2049 4666 2214 4723 stolis
2241 4666 2572 4739 Scripturas
2604 4666 2796 4723 Graece
2826 4666 3219 4739 transtulisse,
3251 4685 3384 4724 cum
3416 4666 3692 4727 trecentis

2047 4739 2180 4814 plus
2210 4738 2406 4814 minus
2437 4738 2606 4814 annis
2636 4743 2771 4795 ante
2790 4738 3090 4795 Christum
3123 4738 3527 4814 interpretatio
3549 4742 3692 4798 LXX

2049 4808 2299 4883 perfecta
2330 4808 2438 4883 sit._
2456 4812 2639 4883 MART.

2119 4882 2137 4916 ⁷
2172 4880 2471 4936 Interserit
2504 4881 2655 4936 idem
2687 4898 2798 4937 ms.
2834 4882 3173 4939 adverbium

2117 4953 2138 4987 ⁸
2172 4951 2426 5034 Rursum
2458 4969 2527 5008 ex
2554 4954 2758 5009 eodem
2789 4970 2900 5011 ms.
2932 4954 3027 5009 hic
3057 4955 3197 5011 Davi

2049 5040 2364 5081 scrmmus.

2118 5097 2139 5132 ο
2170 5095 2327 5152 Idem
2360 5110 2526 5166 mss.,
2556 5095 2896 5170 prophetavit
2919 5097 3121 5169 spiritu
3159 5094 3225 5153 de
3251 5096 3443 5153 Israel.

3240 4883 3448 4940 nando.

3268 4970 3480 5011 nomen
3511 4953 3689 5009 inter-
