4244 6586
287 499 440 568 1397

283 639 394 701 743.
416 636 644 701 Crateras
673 633 1027 701 ejusdemrvel
1057 646 1165 701 non
1195 635 1442 701 suscepit,
1475 634 1555 701 vel
1587 636 1832 699 quasdam
1865 652 1927 687 ex

282 699 370 750 his
399 699 642 763 mutavit.
661 697 815 763 ribid._
834 698 969 758 Quid
1020 699 1179 763 erasit
1223 699 1289 749 de
1337 697 1578 763 apostolo
1604 697 1786 757 ‘Paulo,
1821 704 1928 751 423.

282 763 516 814 Marcion
549 767 600 811 et
629 761 954 826 Manichacus
984 761 1113 826 quid
1142 763 1206 811 de
1237 761 1492 825 Apostolo
1523 764 1712 814 tollere
1743 765 1930 814 nolue-

283 829 429 882 runt,
463 827 570 874 473.
602 825 865 874 Nonnulla
911 839 1093 874 eorum
1131 827 1372 881 assertio.
1416 829 1523 876 474.
1559 827 1630 876 De
1664 827 1930 876 Marcione

283 889 499 1002 gggdam
529 901 756 949 errores,
792 891 901 938 357.
931 887 1387 938 Marcionistarum
1418 889 1483 938 de
1530 888 1736 938 Christo
1765 903 1928 948 error,

345 1015 568 1069 Marcus,
601 1013 741 1074 quis,
771 1014 816 1062 3.
851 1013 1190 1077 Evangelium
1214 1014 1424 1077 scripsit
1447 1013 1598 1077 juxta
1626 1013 1783 1064 ﬁdem
1816 1027 1925 1063 ma-

281 1076 363 1138 gis
391 1078 678 1135 gestorum.
713 1088 872 1137 quam
907 1075 1168 1133 ordinem,
1195 1074 1332 1124 ibid.’

347 1138 418 1186 De
449 1137 581 1185 Mari
613 1138 917 1188 exemplum
950 1142 1240 1188 sumntum.
1273 1141 1358 1188 611

347 1152 418 1186 ue
449 1152 581 1185 mari
613 1152 917 1247 exemplum
950 1152 1240 1200 sumptum.
1273 1152 1382 1188 6n.

345 1200 512 1250 Maria
542 1200 696 1260 Virgo
739 1214 766 1247 a
809 1201 956 1248 usive
1005 1200 1303 1262 appellatur
1331 1201 1532 1258 mulier,
1565 1201 1673 1249 504.
1706 1201 1927 1258 integri-

280 1263 377 1311 tati
408 1261 547 1310 illius
567 1275 678 1310 non
701 1265 876 1316 nocet.
909 1261 1050 1320 quod
1083 1276 1218 1311 uxor
1248 1267 1300 1312 et
1329 1263 1522 1312 mulier
1549 1267 1784 1319 vocetur,
1817 1265 1925 1312 449.

280 1324 503 1382 Quidam
528 1337 774 1386 perverse
796 1325 1136 1386 suspicantur
1165 1325 1218 1372 Β.
1244 1326 1458 1374 Mariam
1483 1325 1657 1386 plures
1673 1324 1925 1374 habuisse

281 1386 437 1450 ﬁlios,
456 1389 546 1450 414.
575 1387 753 1450 Marias
785 1386 1056 1450 humilitas
1088 1387 1140 1435 in
1172 1400 1329 1450 quam
1360 1388 1591 1449 respexit
1610 1388 1765 1443 Deus,
1786 1401 1922 1450 quas,

282 1400 434 1443 nuos,
469 1400 542 1434 ιι.
575 1400 753 1434 manas
787 1400 1056 1435 nummtas
1088 1401 1140 1435 in
1172 1400 1329 1497 (luam
1360 1400 1591 1449 respexit
1610 1400 1765 1443 ueus,
1786 1401 1922 1450 quas,

282 1451 388 1496 267.
423 1448 584 1498 Maria
642 1449 796 1511 Virgo
828 1449 1179 1510 prophetes,i
1216 1448 1286 1497 id.
1345 1450 1520 1499 Mariis
1563 1450 1926 1511 Virginitatem

281 1511 492 1560 diabolo
525 1511 758 1576 latuisse,
790 1515 978 1576 etcur,
1013 1515 1120 1561 258.
1153 1511 1369 1562 Mariam
1394 1513 1638 1575 nupsisse
1663 1516 1781 1574 post
1808 1526 1927 1576 par-

279 1576 394 1622 tum
427 1585 536 1621 non
569 1574 722 1635 possé
753 1574 987 1634 probari,
1017 1576 1124 1623 266.

344 1637 401 1682 ϐ.
435 1635 628 1684 Marius
658 1636 963 1684 Victorinus
1010 1637 1190 1684 Romae
1235 1635 1550 1686 rhetoricam
1587 1637 1786 1695 docuit,
1817 1637 1924 1685 369.

278 1697 457 1746 Edidit
486 1698 906 1746 Commentarios
936 1699 986 1746 in
1021 1697 1352 1757 Apostolum,
1382 1697 1508 1746 ibid.

346 1760 558 1823 Martyr,
589 1773 749 1808 verus
764 1761 900 1823 quis.
932 1763 1040 1823 747.
1063 1761 1288 1821 Sanguis
1316 1761 1371 1809 in
1401 1762 1654 1823 martyrio
1682 1775 1789 1810 non
1813 1761 1926 1809 sine

283 1820 468 1886 dolore
484 1820 550 1886 et
572 1820 808 1886 tremore
844 1822 1099 1880 funditur,
1123 1826 1230 1873 498.
1264 1824 1377 1872 Non
1397 1820 1580 1886 eadem
1612 1836 1771 1885 pmna
1788 1823 1928 1886 plec-

280 1884 412 1994 tittur
426 1884 530 1995 qqsni
559 1885 823 1934 Christum
855 1889 1013 1947 negat
1043 1886 1095 1934 in
1126 1886 1381 1949 martyrio
1410 1884 1923 1949 absque’torme'ntis,

280 1960 305 1994 e
331 1961 395 1995 c..
425 1979 436 1994 .
523 1983 532 1994 .

279 1950 395 2003 etc.,
425 1950 532 1995 381.

342 2008 576 2057 Massilia
606 2021 636 2056 a
667 2008 918 2062 Phocaeis.
949 2008 1178 2065 condita,
1215 2012 1319 2059 425.

345 2070 666 2120 Matrimonii
695 2071 780 2119 lex
812 2071 940 2133 quid
980 2071 1242 2134 concedit.
1293 2075 1344 2121 et
1372 2072 1498 2134 quid
1547 2071 1784 2131 damnat,
1817 2075 1925 2129 656,

282 2133 391 2198 657.
415 2135 528 2198 Non
553 2146 711 2198 omne
731 2133 1127 2198 matrimonium
1143 2133 1450 2198 conjugiu’m
1465 2135 1715 2198 appellari
1733 2140 1923 2198 potest,

279 2197 388 2258 654.
420 2195 666 2258 secunda
694 2195 1031 2244 matrimonia
1060 2210 1092 2258 a
1121 2195 1315 2258 quibus
1348 2195 1556 2258 rejects,
1590 2201 1698 2247 597.

340 2257 620 2322 Matthaeus
651 2257 815 2307 edidit
842 2257 1183 2322 Evangelium
1216 2257 1437 2322 Hebrteo
1466 2273 1727 2317 sermone,
1761 2274 1925 2322 quare

280 2321 326 2385 3.
358 2319 863 2385 Breceusenturtum
885 2321 1079 2385 Crteci,
1118 2324 1230 2369 tum
1263 2321 1429 2385 Latini
1460 2322 1549 2382 qui
1600 2319 1928 2385 scripserunt

276 2382 332 2446 in
364 2382 690 2437 Matthieum,
723 2382 861 2446 ibid,
882 2382 1160 2446 Matthaaus
1183 2386 1236 2432 et
1265 2384 1430 2432 Lucas
1451 2382 1721 2446 quomodo
1751 2385 1926 2434 conci-

277 2443 491 2502 liantur,
529 2447 633 2502 129,
667 2446 774 2508 235.
811 2444 952 2493 Idem
978 2448 1035 2508 _et
1061 2445 1293 2508 Joannes
1323 2459 1431 2494 non
1461 2443 1761 2508 discrepant
1789 2447 1927 2497 inter

281 2519 355 2563 se,
395 2508 505 2556 232.
539 2507 817 2556 Humilitas
847 2506 1098 2565 Matthasi,
1130 2510 1208 2555 57.
1240 2509 1298 2556 In
1329 2506 1648 2557 Matthmum
1668 2509 1844 2560 Hilarii
1875 2514 1927 2560 et

279 2569 534 2618 Victorini
565 2569 962 2626 commentaria,
995 2571 1104 2618 246.

341 2630 527 2691 Mauri,
561 2632 686 2680 vani
717 2631 984 2688 dicuntur,
1018 2634 1125 2681 416.

339 2693 398 2756 ln
430 2693 747 2756 Mauritania
774 2694 1015 2743 Christus
1066 2692 1410 2756 praedicatus,
1442 2696 1550 2744 262.

341 2754 662 2804 Medicorum
695 2769 812 2805 mos
831 2757 887 2805 in
909 2754 1184 2805 curatione
1212 2755 1510 2815 vulnerum,
1543 2759 1652 2808 268.
1689 2757 1926 2809 Medicus

277 2817 573 2878 imperitus,
600 2819 740 2878 quis,
771 2821 880 2868 539.

340 2879 691 2942 Melchisedec
720 2894 914 2942 panem
945 2883 998 2928 et
1024 2879 1209 2928 vinum
1239 2879 1451 2942 obtulit,
1482 2883 1589 2931 18l.

340 2941 645 3006 Menander,
678 2941 788 2999 647,
819 2946 928 2992 648.
957 2942 1216 3006 Trimeter
1245 2941 1502 2992 iambicus
1532 2943 1793 3006 ejusdem,
1814 2948 1922 2995 471.

275 3003 553 3069 Menandri
585 3005 870 3069 Comoedia,
898 3008 1008 3056 707.
1044 3004 1230 3053 Paulus
1258 3019 1320 3054 ex
1351 3019 1414 3054 ea
1451 3003 1675 3069 sumpsit
1714 3021 1923 3057 versum

274 3065 577 3123 iambicum,
611 3067 736 3115 ibid.

340 3128 578 3194 Membra
587 3129 914 3194 alterutrum
932 3143 1046 3194 non
1076 3133 1220 3188 sunt,
1242 3128 1344 3178 nisi
1365 3129 1548 3180 ﬁdeles
1566 3134 1794 3194 tantum,
1815 3133 1923 3183 627.

337 3189 599 3238 Mendacii
631 3194 830 3248 reatus,
861 3193 969 3240 592.

338 3251 596 3301 Mensium
628 3253 935 3302 Judreorum
963 3253 1190 3309 initium,
1223 3255 1331 3303 336.

301 3314 529 3425 tMeé12trs
560 3314 854 3364 obscuritas
884 3319 935 3364 et
963 3315 1169 3365 vanitas
1190 3328 1378 3364 sensus
1397 3313 1640 3364 bifariam
1661 3314 1830 3366 divisa
1849 3317 1920 3375 in,

324 3391 386 3425 c..
517 3411 528 3422 .

271 3380 386 3429 εἰς..
419 3380 528 3426 621.

338 3439 588 3488 Meretrix
625 3438 980 3498 Atheniensis,
1012 3441 1121 3489 545.

277 3500 652 3612 62igletaphora
667 3501 732 3550 ad
752 3501 974 3551 verbum
994 3501 1249 3551 translata
1263 3501 1518 3550 obscuros
1533 3515 1722 3551 sensus
1741 3501 1920 3561 habet,

335 3624 580 3688 Metellus
608 3625 796 3688 Cretici
828 3638 1025 3688 nomen
1057 3625 1269 3674 familiae
1305 3639 1415 3674 suae
1444 3627 1750 3688 reportavit,
1777 3629 1888 3677 747.

334 3687 959 3750 Metempsyrcosisrstulta
989 3689 1189 3750 opinio.
1219 3690 1300 3738 70.

332 3747 610 3808 Μετριότῖηξ
623 3748 894 3798 humilitas
918 3747 1076 3808 dicta,
1101 3752 1211 3800 270.

332 3811 580 3860 Michmas
609 3825 898 3872 percussus
927 3827 957 3861 a
985 3813 1218 3871 Sedecia,
1251 3814 1359 3861 270.

332 3873 554 3923 Michael
589 3875 840 3936 princeps
870 3874 1195 3931 Judseorum,
1228 3876 1338 3924 282.

330 3936 584 3998 Militares
615 3937 872 3986 stationes
901 3941 956 3987 et
982 3937 1191 3998 vigilite.
1225 3938 1331 3986 107.

331 3996 748 4046 Millenariorum
780 4011 928 4048 error
956 3996 1235 4057 refutatur,
1266 4001 1371 4048 151.

330 4059 625 4109 Minervale
657 4073 874 4118 munus,
909 4063 1018 4111 666.

330 4122 585 4171 Ministris
615 4122 891 4185 Evangelii
920 4123 1223 4172 necessaria
1253 4121 1576 4181 tribuantur,
1606 4124 1716 4182 738,
1747 4125 1855 4173 739.

329 4185 690 4233 Ministrorum
723 4185 1058 4235 diversitates
1086 4185 1141 4233 in
1172 4185 1369 4245 regnis,
1401 4186 1509 4233 567.

329 4247 534 4311 Minora
563 4260 778 4311 semper
805 4247 1004 4297 cedunt
1031 4247 1342 4311 majoribus.
1374 4248 1481 4311 454.

326 4308 694 4372 Misericordia
719 4309 774 4358 in
799 4324 905 4372 quo
924 4308 1211 4372 posita,'23.
1232 4309 1593 4372 Misericordia
1616 4308 1705 4372 Dei
1726 4323 1920 4371 quous-

267 4384 371 4433 que
401 4370 742 4444 extendatur,
773 4370 883 4421 270.
916 4371 1274 4422 Misericordia
1313 4371 1401 4421 Dei
1452 4371 1634 4420 omnia
1677 4370 1838 4422 fruita
1866 4372 1920 4422 in

266 4431 502 4482 adventu
531 4432 744 4482 Christi.
773 4434 883 4482 274.

327 4495 641 4545 Modestiam
672 4496 813 4545 inter
845 4499 896 4544 et
942 4495 1327 4546 continentiam
1364 4495 1494 4556 quid
1537 4495 1776 4555 interest,
1809 4499 1917 4547 513.

326 4557 664 4619 Monogamia
699 4558 1046 4619 postponitur
1075 4557 1340 4619 bigamim,
1371 4560 1481 4608 697.

325 4619 632 4677 Montanus,
664 4619 774 4669 737.
805 4621 981 4677 Error,
1009 4621 1116 4670 589.
1150 4621 1377 4668 Damnat
1400 4619 1636 4669 secunda
1650 4620 1918 4670 matrimo-

264 4681 373 4745 riis.
397 4685 506 4732 669.
530 4682 833 4745 Montanus,
859 4683 1035 4732 Prisca
1055 4686 1107 4731 et
1125 4682 1414 4731 Maximilia
1435 4687 1555 4745 post
1574 4683 1919 4732 Pentecosten

262 4743 469 4793 faciunt
499 4743 989 4807 Quadragesimam.
1023 4758 1207 4807 quare,
1239 4747 1317 4793 51.

328 4807 500 4855 Mores
529 4811 772 4868 regnant.
807 4821 915 4858 non
946 4811 1148 4867 (states,
1179 4809 1287 4856 147.

325 4868 511 4928 Moris,
545 4882 722 4928 mons,
753 4871 830 4918 62.

326 4931 450 4994 Post
479 4935 704 4981 mortem
737 4930 1038 4981 certamina
1065 4931 1244 4980 futura
1265 4931 1746 4994 contradiabolum
1767 4930 1920 4994 juxta

264 4992 543 5054 quosdam,
576 4994 686 5042 678.
717 4993 963 5043 lllicitum
1006 4997 1085 5042 est
1129 4996 1351 5042 mortem
1409 4993 1509 5042 sibi
1561 4992 1781 5052 inferre,
1808 4995 1915 5044 224.

260 5054 404 5104 Mors
436 5058 768 5118 sanctorum,
797 5069 1021 5106 somnus
1050 5055 1369 5118 appellatur,
1401 5059 1510 5105 203.

323 5116 662 5182 Mortiﬁcatio
692 5122 872 5182 portat,
897 5116 1144 5182 stigmata
1159 5118 1399 5182 Domini,
1431 5119 1540 5169 534.

323 5180 532 5242 Moyses
563 5193 674 5242 prie
699 5181 906 5230 caeteris
928 5179 1242 5242 patriarchis
1268 5179 1441 5230 dictus
1461 5185 1539 5230 est
1559 5179 1789 5230 famulus
1807 5181 1914 5240 Dei,

261 5243 370 5305 396.
405 5241 625 5304 Scripsit
651 5241 967 5305 spiritualia,
997 5245 1107 5305 473.
1139 5241 1336 5305 Moysis
1375 5247 1428 5292 et
1456 5243 1915 5293 confabulatorum

258 5303 745 5367 Deirprterogativas
776 5307 829 5354 et
855 5304 1092 5366 prasmia,
1116 5307 1226 5355 454.

323 5365 604 5416 Mulierum
635 5380 786 5416 amor
815 5365 993 5416 castus
1021 5367 1073 5415 in
1104 5367 1245 5416 viros
1273 5379 1417 5422 suos,
1437 5368 1548 5416 718.
1572 5367 1812 5417 Servitus
1832 5381 1916 5416 ea-

257 5441 375 5501 rum
392 5428 447 5477 in
469 5443 560 5477 eos
579 5428 647 5503 sit
662 5428 850 5503 libera,
855 5427 1165 5503 dilectionis
1178 5429 1358 5503 plena,
1389 5427 1518 5503 ibid:
1541 5430 1710 5503 Cujus
1727 5430 1916 5503 crimi-

257 5490 342 5555 nis
367 5495 709 5555 accusantur,
743 5492 785 5539 si
818 5491 920 5540 illis
938 5504 1049 5555 non
1069 5490 1600 5555 subjiciarnturLibid.
1624 5490 1914 5542 Mulierum

258 5553 664 5618 subjectio_._654.
685 5555 742 5602 In
761 5553 1340 5618 generationibusordo
1356 5553 1640 5602 mulierum
1661 5569 1768 5604 non
1787 5555 1914 5604 texi-

256 5615 371 5679 tur,
403 5619 478 5664 12.
513 5615 843 5679 lliulieres"et
860 5615 1070 5679 parvuli
1093 5615 1299 5679 indigni
1328 5629 1568 5675 numero,
1592 5619 1696 5665 106.
1717 5618 1773 5664 ln
1799 5631 1915 5666 mu-

257 5676 444 5741 lierum
475 5678 792 5741 corporibus
821 5676 993 5727 solent
1021 5676 1236 5741 sordere
1258 5679 1416 5741 ntevi,
1439 5681 1553 5735 etc.,
1571 5682 1679 5741 657.
1714 5679 1911 5728 llarum

259 5739 495 5788 studium
527 5739 594 5788 ne
626 5740 692 5789 ab
722 5739 805 5788 his
833 5741 1120 5797 foedentur,
1153 5739 1283 5789 ibid.
1317 5740 1496 5790 Multae
1535 5740 1660 5788 viris
1689 5742 1913 5790 mortuis

258 5803 603 5864 supervivere
632 5801 940 5860 noluerunt,
969 5805 1077 5852 656.
1112 5802 1454 5852 Consuetudo
1480 5802 1700 5852 Judaica
1730 5803 1781 5851 in
1815 5803 1911 5851 mi-

259 5863 576 5928 nistratione
606 5864 908 5928 mulierum,
939 5867 1048 5914 238.
1082 5865 1330 5914 Mulieres
1359 5867 1595 5921 comites,
1617 5878 1755 5928 quas,
1780 5863 1906 5928 ibid.

257 5927 448 6038 ἓυῦῐὲ
470 5930 597 5977 sunt
617 5940 736 5991 quas
766 5927 1048 5976 Dominum
1065 5930 1353 5986 unxerunt,
1386 5929 1495 5980 211.
1534 5927 1654 5979 Vide
1691 5927 1911 5978 Femina

451 6003 496 6038 r.

258 6001 307 6038 ει
339 6001 496 6039 UXOI‘.

324 6050 582 6103 Muliebre
605 6050 866 6118 jurgium,
893 6051 1004 6103 507.

1576 493 1820 558 INDEX
1866 492 2386 563 ANALYTICUS.

3527 503 3554 569 1
3567 501 3686 572 398

2100 630 2332 705 Mundus
2353 632 2643 705 .quomodq
2659 633 2856 705 duplex
2886 639 2984 705 est,
3007 637 3117 705 532.
3147 633 3681 705 Accipitur_mundus

2037 707 2133 756 pro
2164 694 2450 766 bisqui’ri‘n
2481 697 2680 766 mundo
2711 694 2852 757 sunt,
2884 703 2992 766 448.
3020 701 3134 766 Non
3156 694 3407 766 cognovit
3427 703 3594 753 Deum
3617 718 3682 754 ex

2037 759 2308 826 creaturis,
2344 761 2450 807 485.
2485 759 2598 808 Non
2631 761 2823 826 iterum
2850 763 3194 826 subjiciamur
3223 759 3443 823 mundo,
3475 767 3584 814 675.

2101 820 2378 883 Mysticum
2409 834 2522 870 esse
2553 823 2695 885 quod
2726 820 3109 883 diciturfunde
3140 820 3484 890 dignoscitur,
3508 832 3615 878 194.

2829 909 2886 972 Ν

2098 1009 2308 1073 Natales
2338 1009 2450 1058 dies
2480 1023 2511 1058 a
2541 1010 2737 1073 quibus
2766 1010 3048 1070 observati,
3083 1016 3187 1062 102.

2098 1072 2293 1136 Natura
2323 1086 2498 1136 rerum
2522 1072 2715 1136 saepius
2732 1073 3019 1136 incognita,
3038 1079 3148 1125 555.
3168 1076 3281 1124 Non
3299 1080 3489 1126 natura
3509 1076 3679 1126 homi-

2035 1145 2163 1181 num
2187 1135 2348 1191 varia,
2373 1134 2462 1183 sed
2486 1134 2754 1193 voluntas,
2777 1134 2882 1184 622'.
2913 1137 3150 1186 [heretici
3175 1143 3524 1198 agnoscentes
3545 1139 3680 1187 duas

2037 1200 2258 1245 naturas
2295 1198 2433 1245 inter
2455 1211 2510 1246 se
2541 1199 2850 1255 contrarias,
2883 1200 2958 1256 40,
2992 1200 3102 1258 390,
3132 1203 3242 1258 519,
3275 1203 3382 1249 573.
3414 1200 3680 1250 Refellun-

2036 1261 2141 1312 tur.
2173 1261 2248 1312 40,
2272 1261 2379 1326 390.
2402 1260 2515 1326 Quo
2547 1260 2848 1326 testimonio
2877 1261 3159 1326 Scriptura;
3195 1265 3448 1326 utuntur,
3481 1263 3568 1326 qui
3596 1263 3678 1326 di-

2038 1332 2219 1386 versas
2237 1325 2456 1370 naturas
2480 1322 2843 1380 introducunt,
2871 1325 2976 1372 113.
2995 1322 3242 1372 Nonnulli
3264 1322 3513 1374 asserunt
3527 1325 3679 1386 spiri-

2036 1382 2232 1448 tualem
2264 1388 2507 1432 naturam
2540 1398 2647 1448 non
2679 1399 2836 1445 posse
2867 1399 3100 1448 peccare,
3133 1398 3231 1435 nec
3274 1387 3476 1436 bonum
3509 1382 3678 1436 facere

2036 1447 2326 1508 terrenam,
2358 1447 2628 1508 quomodo
2657 1447 2881 1506 retrusi,
2898 1450 3006 1497 411.

2099 1507 2507 1573 Nazarrenornm
2538 1508 2756 1557 stultitia
2786 1513 3034 1573 quas.99.

2103 1571 2321 1634 Nemnis
2336 1570 2541 1634 gladius
2557 1570 2872 1634 sanguinem
2891 1572 3250 1622 Christianum
3267 1572 3547 1630 dedicavit,
3566 1575 3674 1622 761.

2100 1633 2382 1695 Nicopolis.
2417 1633 2557 1697 unde
2589 1647 2784 1683 nomen
2815 1635 3033 1697 accepit,
3059 1636 3170 1684 738.
3194 1636 3247 1683 In
3271 1635 3480 1684 Actiaco
3501 1635 3676 1697 littore

2037 1697 2138 1745 sita
2175 1701 2269 1748 est.
2302 1699 2410 1745 687.
2444 1696 2797 1746 Possessionie
2829 1696 2952 1746 erat
2971 1697 3141 1746 Paulae
3159 1701 3211 1746 et
3240 1697 3525 1752 Eustochii,
3547 1696 3676 1746 ibid.

2097 1758 2326 1822 Nomina
2355 1772 2473 1822 quas
2504 1772 2689 1822 causas
2718 1760 3030 1822 etrorigines
3061 1759 3346 1822 Gentilium
3378 1759 3677 1822 fabularum

2035 1821 2252 1875 habent,
2273 1823 2375 1869 418.
2397 1821 2648 1878 Quasdam
2670 1821 2794 1878 quid
2817 1822 3113 1878 signiﬁcent
3131 1821 3420 1870 secundum
3442 1821 3675 1875 Judaaos,

2035 1885 2143 1932 764.
2169 1883 2347 1947 Rebns
2367 1883 2519 1947 novis
2538 1896 2675 1947 nova
2691 1883 2939 1947 ﬁngenda
2954 1888 3078 1933 sunt
3093 1885 3330 1947 nomina.
3345 1887 3452 1933 519.
3472 1885 3675 1932 Novum

2037 1958 2232 2009 nomen
2252 1959 2283 1992 a
2299 1945 2458 1994 Paulo
2475 1945 2587 1994 solo
2607 1945 2938 2008 usurpatum,
2961 1949 3069 1997 675.
3087 1946 3308 2003 Quidam
3333 1947 3417 1995 Dei
3435 1947 3676 2009 jussione

2036 2008 2257 2057 nomina
2288 2010 2578 2062 mutarunt,
2610 2009 2718 2058 745.

2097 2069 2339 2118 Notionis
2373 2069 2630 2125 deﬁnitio,
2660 2072 2767 2118 563.

2097 2132 2285 2181 Novati
2316 2135 2603 2180 sectatores
2619 2131 2919 2194 rejicientes
2934 2132 3168 2180 secunda
3189 2131 3544 2191 matrimonia,
3567 2133 3675 2182 697.

2098 2194 2306 2243 Nubere
2341 2194 2482 2242 inter
2515 2198 2566 2242 et
2596 2207 2813 2242 uxorem
2845 2195 3040 2243 ducere
3071 2195 3370 2253 discrimen,
3408 2198 3512 2243 178.

2097 2256 2274 2330 Nubes
2294 2255 2570 2330 enquibus
2587 2255 2882 2330 fundantur
2899 2257 3235 2330 pluvite,_non
3253 2256 3494 2330 amplius,
3517 2269 3676 2319 quam

2035 2317 2246 2368 duobus
2276 2317 2508 2367 millibus
2536 2332 2787 2380 passuum
2824 2319 3021 2368 distant
3050 2333 3081 2367 a
3106 2323 3263 2375 terra,
3300 2317 3408 2368 676.

2098 2382 2358 2429 Numerus
2387 2393 2435 2428 iv
2464 2394 2564 2444 cur
2588 2395 2796 2444 semper
2824 2382 2878 2428 in
2908 2381 3063 2429 laude
3095 2383 3318 2444 positus,
3354 2383 3459 2431 119.

2096 2445 2362 2506 Numerus
2391 2455 2454 2490 xv
2477 2443 2617 2506 quid
2636 2443 2912 2506 signiﬁcet,
2938 2445 3054 2506 395.

2096 2505 2408 2563 Nuptiarum
2435 2504 2736 2566 praemium,
2770 2519 2796 2554 e
2827 2505 3035 2554 duabus
3073 2519 3232 2554 unam
3284 2518 3496 2554 carnem
3544 2504 3676 2560 ﬁeri,

2037 2569 2142 2616 145.
2176 2567 2318 2615 Finis
2347 2580 2564 2628 operum
2597 2568 2923 2626 nuptiarum.
2965 2570 3072 2617 506.
3104 2568 3257 2616 Fiant
3293 2568 3594 2616 verecunde
3624 2571 3678 2615 et

2035 2643 2154 2678 cum
2179 2629 2478 2684 honestate,
2508 2628 2635 2678 ibid.
2677 2629 2919 2680 Haeretici
2962 2629 3275 2680 damnantes
3305 2630 3537 2689 nuptias,
3566 2631 3674 2678 656.

2034 2691 2388 2750 Refelluntur,
2419 2690 2543 2739 ibid.

2096 2753 2355 2818 Nuptialis
2380 2753 2541 2803 vestis
2567 2767 2703 2817 quae,
2734 2757 2845 2804 174.

2829 2835 2882 2902 O

2097 2941 2412 2990 Obedientia
2443 2939 2638 3004 quibus
2665 2939 2906 2998 debetur,
2941 2945 2992 2990 et
3021 2941 3255 3004 quando,
3286 2945 3392 3004 77οί.

2094 3003 2406 3053 Obedientia
2451 3002 2680 3066 ﬁliorum
2737 3008 2789 3053 et
2834 3002 3128 3061 servorum,
3172 3006 3282 3053 668.
3330 3002 3672 3066 Obsequium,

2034 3066 2250 3128 dempta
2278 3067 2515 3122 veritate,
2548 3064 2780 3115 adulatio
2811 3070 2906 3120 est.
2939 3068 3047 3115 462.

2034 3128 2378 3241 “Occidente
2409 3129 2509 3191 (In)
2553 3140 2648 3176 cur
2687 3128 2903 3191 ingenia
2945 3128 3285 3189 reperiuntur
3332 3127 3676 3190 perspicacia,

2032 3251 2454 3364 ‘2gccidentales
2471 3253 2650 3316 popu'i
2667 3253 2720 3302 in
2736 3253 2966 3303 Orientis
2985 3252 3195 3316 plagam
3213 3251 3675 3314 transmigrarunt,

2094 3375 2291 3425 Oculus
2321 3376 2496 3425 carnis
2524 3380 2577 3426 et
2605 3377 2816 3430 mentis.
2853 3380 2962 3427 300.

2094 3438 2414 3502 Octavianus
2443 3440 2735 3502 Augustus,
2762 3442 2869 3489 530.

2094 3501 2284 3550 Oliveti
2315 3500 2546 3550 arbores
2563 3500 2852 3562 frugiferas,
2882 3503 2990 3550 161.

2093 3563 2276 3626 Omnis
2305 3563 2623 3626 prormajori
2653 3567 2803 3626 parte
2837 3563 3084 3618 sumitur,
3114 3566 3222 3612 568.

2093 3625 2373 3674 Onesimus
2401 3625 2729 3674 Colossensis
2759 3625 2875 3684 fuit,
2906 3627 3015 3675 748.
3045 3625 3276 3674 Onesimi
3305 3625 3540 3682 historia,
3567 3627 3678 3675 555.

2092 3687 2238 3736 Onus
2266 3687 2320 3735 in
2353 3687 2549 3736 bonam
2582 3691 2636 3736 et
2665 3688 2718 3736 in
2740 3688 2928 3737 malam
2952 3692 3155 3751 partem
3186 3691 3360 3751 potest
3380 3689 3539 3741 sumi.
3571 3691 3679 3739 490.

2093 3749 2316 3799 Ophites.
2349 3751 2458 3799 429.

2212 3762 2316 3802 nas.
2349 3762 2458 3799 429.

2093 3764 2316 3811 upnuas.
2349 3764 2458 3799 429.

2091 3812 2237 3874 Opus
2267 3812 2358 3861 Dei
2376 3811 2518 3860 aliud
2538 3815 2632 3868 est,
2654 3825 2816 3874 quam
2833 3825 2968 3874 opus
2986 3811 3284 3871 hominum,
3311 3814 3420 3861 847.
3436 3812 3574 3862 Cura
3590 3813 3682 3862 bo-

2031 3887 2478 3948 no_rum_operAum
2509 3874 2776 3947 habenda.
2796 3888 2893 3948 per
2909 3874 3334 3948 qumhasreditns
3361 3876 3452 3946 Dei
3475 3889 3680 3948 prerna-

2030 3941 2197 3994 ratnr,
2228 3939 2335 3986 733.
2369 3937 2558 3985 Omnia
2588 3937 2640 3984 in
2673 3937 2886 3986 nomine
2909 3937 3118 3985 Domini
3141 3941 3265 3986 sunt
3286 3937 3546 3998 facienda,
3569 3939 3677 3986 528.

2030 3999 2408 4061 Unusquisque
2425 3998 2578 4061 cujus
2601 4013 2764 4061 opera
2783 3999 2906 4056 agit,
2931 3997 3048 4060 ejus
3068 3998 3205 4047 ﬁlius
3223 3997 3534 4060 appellatur,
3567 4001 3678 4047 186.

2028 4061 2177 4109 Bona
2205 4060 2369 4122 opera
2407 4060 2521 4108 sine
2551 4060 2651 4109 (ide
2683 4064 2891 4123 mortua
2921 4062 3455 4123 computantur.r483.
3488 4062 3678 4110 Omnia

2028 4136 2193 4196 Opera
2223 4121 2306 4170 vel
2335 4123 2480 4171 carni
2504 4123 2586 4195 vel
2609 4123 2818 4184 spiritui
2847 4121 3192 4182 deputantur,
3216 4122 3391 4195 media
3425 4124 3678 4185 reperire,

2029 4183 2242 4248 difﬁcile
2272 4187 2369 4241 est,
2391 4188 2499 4234 501.
2520 4185 2584 4248 Si
2602 4185 2732 4233 ﬁant
2749 4199 2929 4234 amore
2951 4199 3102 4248 vanas
3123 4186 3325 4248 glorise,
3350 4199 3561 4248 poenam
3583 4185 3678 4233 ba-

2028 4246 2174 4305 bent,
2207 4247 2652 4310 nonrpraamium,
2674 4250 2782 4310 499.
2814 4248 3012 4310 Fervor
3041 4247 3097 4296 in
3131 4246 3302 4297 'bouis
3348 4246 3600 4309 operibus
3627 4251 3681 4296 et

2028 4309 2392 4382 tepqr,nunde,
2423 4312 2530 4360 464.
2555 4309 2767 4382 Majoris
2789 4313 2869 4382 est
2888 4309 3366 4382 detestationisﬁqui
3390 4311 3497 4373 agit
3517 4323 3680 4382 opera

2028 4370 2535 4444 in'ﬁdelium,.qua'rn
2566 4370 2911 4444 qu_i_gentiles
2931 4376 3073 4432 sunt,
3109 4374 3216 4422 141.
3248 4370 3390 4421 Bona
3405 4370 3568 4434 opera
3590 4373 3678 4420 Pa-

2029 4447 2291 4498 ganorum
2325 4435 2438 4483 sine
2469 4435 2595 4492 ﬁde,
2621 4437 2727 4485 391.

2091 4497 2773 4568 Oration‘is_efﬁcaci_a_._76_1.
2804 4495 2970 4558 Culpa
2992 4499 3182 4568 nostra
3227 4509 3334 4568 non
3370 4496 3675 4568 accipimus,

2028 4558 2171 4630 quod
2203 4557 2547 4630 pustulamus,
2575 4561 2659 4630 13.4
2709 4559 2861 4630 Saepe
2883 4557 3070 4630 contra
3090 4572 3189 4607 nos
3218 4557 3449 4621 petimus
3477 4559 3532 4606 in
3559 4572 3677 4630 ora-

2028 4620 2726 4694 tione,'605.__N.on_pr.odest
2754 4633 2885 4694 voce
2917 4621 3183 4694 inrocare.
3223 4620 3392 4682 quem
3424 4620 3677 4694 operibus

2028 4695 2305 4744 negamus,
2337 4684 2442 4732 205.
2476 4683 2626 4732 Multi
2668 4683 2788 4732 licet
2833 4683 3101 4745 genuﬁexi
3151 4696 3260 4731 non
3314 4686 3487 4739 orant,
3522 4684 3674 4732 multi

2028 4748 2246 4817 econtra
2274 4745 2442 4817 erecti.
2463 4745 2928 4817 preceAsAt'uridunt,
2959 4747 3067 4794 599.
3115 4743 3386 4817 Clausula.
3411 4745 3674 4817 additaju

2028 4807 2277 4856 Oratione
2296 4807 2585 4864 Dominica,
2605 4810 2712 4856 220.
2726 4808 2889 4866 Quem
2915 4821 3106 4869 panem
3124 4808 3354 4870 petimus
3373 4807 3429 4856 in
3451 4807 3674 4866 illa,726.

2026 4870 2204 4919 Oratio
2233 4870 2408 4932 qualis
2428 4883 2542 4926 esse
2573 4870 2778 4926 debeat,
2811 4872 2918 4918 248.

2089 4931 2268 4981 Oratio
2297 4945 2461 4981 manu
2493 4932 2724 4982 auctoris
2752 4931 2991 4981 limanda
3020 4935 3098 4994 est
3118 4935 3171 4994 et
3197 4931 3536 4994 perﬁcienda,
3563 4933 3672 4994 485.

2087 4995 2324 5057 Oratores
2353 4995 2500 5043 brevi
2531 5008 2777 5044 sermone
2815 4993 3281 5057 comprehendunt
3308 4993 3371 5057 in,
3396 4993 3499 5057 ﬁne
3530 4993 3673 5055 quod

2026 5056 2378 5131 priusﬂiusius
2406 5057 2767 5131 disputarunt,
2799 5056 3220 5131 556._.'Orator‘es.
3240 5056 3482 5131 ‘omi-ssins
3529 5071 3673 5119 saepe

2027 5119 2270 5229 negotiis,
2303 5119 2358 5167 in
2389 5121 2628 5182 proprias
2651 5119 2999 5169 contumelias
3043 5121 3342 5174 vertuntur,
3375 5120 3484 5167 408.

2034 5245 2046 5253 .
2059 5245 2115 5253 Δ-
2133 5181 2305 5253 rigante1
2316 5182 2418 5253 (in)
2430 5182 2745 5253 curngenia
2758 5180 3096 5253 stoliditatem
3113 5180 3392 5230 barbaram
3407 5179 3671 5252 redolent?

2027 5245 2133 5293 427.
2159 5241 2491 5355 Ηῗὺξὶᾳξίόνεε
2520 5243 2748 5293 Orientis
2778 5243 2831 5291 in
2852 5241 3132 5291 Occidente
3155 5243 3457 5292 consessuri
3488 5256 3674 5306 perve-

2027 5319 2198 5355 nerun
2228 5341 2241 5355 .
2272 5319 2289 5354 ι
2327 5321 2342 5353 ι
2387 5340 2399 5353 .

2026 5319 2241 5363 nerunt,
2272 5319 2399 5354 ima.

2088 5368 2458 5433 Origenis‘tria
2486 5367 2758 5433 volumina
2786 5365 3022 5433 injjlpist.
3054 5366 3121 5433 ad
3152 5366 3366 5433 Ephes.,
3383 5371 3489 5416 543.
3521 5367 3674 5416 Hunc

2025 5427 2263 5494 sequitur
2288 5431 2666 5494 Hieronymu_s.
2685 5427 3046 5494 ibid._l)iversa
3073 5427 3314 5490 ejusdem
3333 5430 3671 5494 commenta-

2024 5492 2221 5542 riorum
2243 5506 2452 5556 genera,
2476 5492 2584 5541 369.
2609 5492 2890 5556 Expositio,
2915 5493 3004 5556 494
3024 5504 3072 5556 et
3100 5506 3239 5556 seqq.
3271 5493 3516 5556 Decimus
3539 5492 3673 5540 liber

2027 5553 2368 5612 Stromatum,
2401 5557 2509 5610 494,
2540 5557 2648 5603 505.
2683 5553 2821 5612 Quot
2857 5553 3067 5614 scripsit
3113 5553 3388 5604 volumina
3431 5555 3486 5602 iu
3541 5556 3670 5602 Mat-

2024 5619 2242 5679 thmum,
2269 5620 2314 5667 3.
2347 5616 2582 5678 Hexapla
2611 5615 2867 5677 Origenis,
2904 5618 3013 5679 734.
3063 5616 3319 5679 Origenis
3349 5615 3523 5674 lectio,
3556 5618 3668 5667 513.

2024 5677 2258 5738 Errores,
2285 5683 2393 5737 748,
2425 5677 2533 5736 551⁷,
2564 5682 2674 5728 665.
2705 5677 2944 5741 Origenis
2967 5690 3115 5727 error
3143 5679 3207 5726 de
3238 5678 3517 5728 animabus
3550 5685 3669 5741 post

2021 5744 2484 5800 resurrectionem,
2515 5743 2624 5792 288.

2084 5805 2312 5861 Osanna,
2363 5817 2560 5853 nomen
2600 5802 2932 5855 Hebraicum,
2968 5802 3072 5849 160.
3123 5802 3247 5865 Ejus
3279 5803 3674 5865 interpretatio.

2021 5867 2149 5916 ibid.
2183 5868 2465 5916 Dicebatur
2494 5866 2698 5916 Sanctis
2723 5871 2772 5914 et
2801 5865 3078 5926 episcopis,
3114 5869 3220 5916 164.

2081 5931 2280 5993 Osrena
2309 5931 2474 5991 Regio
2505 5929 2688 5993 Syriae,
2721 5932 2800 5993 57.

2082 5992 2266 6055 Pacem
2295 5988 2456 6055 quam
2483 5988 2699 6055 miserit
2726 5991 2778 6040 in
2808 5993 3002 6055 terram
3039 5990 3311 6055 Dominus,
3364 5992 3418 6038 et
3446 5988 3668 6054 quando

2019 6052 2217 6116 tulerit,
2247 6052 2357 6107 280.
2387 6057 2447 6106 ln
2476 6053 2606 6106 Pace
2635 6055 2756 6118 quis
2777 6053 3052 6115 moriatur,
3086 6053 3198 6105 292.
