4004 6332
1349 488 2375 644 PRAEFATIO.
2437 695 2446 712 ⁷

232 832 309 893 Ad
355 851 510 899 eam
551 839 688 919 jam
733 839 1110 904 devenimus
1157 839 1456 904 editionis
1498 846 1737 903 nostras
1788 845 2073 919 partem,
2122 855 2256 919 qua
2303 835 2958 918 Hieronymianarum
3011 832 3444 915 Scriptionum

171 931 507 997 absolvitur
539 955 747 1019 genus
803 941 998 1016 illud,
1032 939 1203 1021 quod
1241 946 1339 1004 est
1376 939 1629 1019 quidem
1661 957 1778 1020 pro
1811 941 2176 1003 divinarum
2204 983 2222 1013 ,
2255 955 2419 1018 quas
2453 943 2727 1011 tractat,
2760 937 3150 998 Litterarum
3185 952 3445 999 summa

174 1028 452 1110 dignitate
483 1037 736 1100 caeteris
768 1040 1183 1118 praestantius
1213 1039 1513 1102 omnibus
1545 1061 1560 1100 :
1600 1058 1716 1120 pro
1749 1040 2048 1104 Auctoris
2079 1045 2292 1102 autem
2323 1037 2680 1101 incredibili
2709 1038 3070 1100 eruditione
3109 1039 3197 1099 ita
3231 1037 3448 1098 excel-

179 1131 263 1208 lit,
294 1134 443 1194 utsi
485 1141 638 1214 post
671 1138 793 1202 hoc
838 1139 1035 1201 ferme
1069 1141 1423 1213 biennium,
1454 1158 1532 1202 ex
1575 1159 1710 1219 quo
1736 1141 1875 1222 ejus
1907 1159 2007 1203 me
2055 1145 2262 1202 totum
2303 1139 2528 1204 devovi
2585 1139 2796 1202 studio
2821 1184 2837 1214 ,
2892 1141 3106 1220 palam
3157 1138 3448 1218 proﬁteri

179 1233 317 1310 quod
351 1235 573 1296 sentio
604 1236 792 1312 licet,
823 1245 935 1301 aut
965 1258 1067 1302 me
1096 1242 1378 1320 suscepti
1414 1243 1476 1303 in
1511 1243 1610 1304 his
1645 1243 2041 1308 exornandis
2078 1242 2575 1306 Commentariis
2610 1242 2846 1322 negotii
2883 1259 3064 1304 amor
3102 1242 3294 1314 fallit,
3331 1249 3453 1304 aut

180 1351 334 1394 nemo
383 1352 697 1414 umquam
750 1346 892 1416 post
939 1340 1238 1404 homines
1289 1349 1500 1418 natos,
1554 1361 1670 1405 nec
1716 1360 2053 1407 sacrarum
2083 1360 2325 1407 arcana
2354 1361 2574 1406 rerum
2611 1344 2804 1406 altius
2837 1343 3280 1423 investigavit,
3331 1361 3449 1404 nec

177 1435 578 1508 luculentius,
614 1457 695 1502 ex
729 1445 859 1503 tota
889 1442 1296 1520 antiquitatis
1327 1444 1666 1520 memoria,
1696 1451 1894 1523 atque
1920 1443 2096 1505 omni
2129 1441 2617 1521 disciplinarum
2645 1459 2884 1522 genere
2914 1441 3237 1518 exposuit.
3261 1440 3445 1516 Quod

177 1534 219 1595 si
245 1535 490 1597 Veteris
544 1537 999 1614 Instrumenti,
1053 1559 1198 1620 quae
1239 1542 1552 1604 hactenus
1602 1543 2049 1622 superioribus
2098 1542 2284 1604 tomis
2343 1541 2784 1604 recensuimus
2841 1541 3449 1620 interpretamenta,

183 1641 399 1699 tantam
447 1638 591 1718 ejus
628 1643 978 1722 provinciae
1027 1644 1298 1724 gloriam
1349 1645 1841 1706 sustinuerunt:
1875 1662 2021 1723 qua:
2053 1644 2212 1705 Novi
2252 1660 2425 1704 nunc
2458 1643 2882 1716 exhibemus,
2921 1642 3116 1704 nullis
3154 1659 3282 1703 non
3319 1659 3458 1703 uu-

183 1740 346 1801 meris
382 1741 684 1807 absoluta
707 1788 724 1818 ,
763 1752 994 1825 prater
1019 1764 1161 1809 eam
1194 1745 1487 1821 laudem,
1523 1747 1582 1806 id
1618 1746 1818 1808 ferme
1846 1748 2039 1810 etiam
2073 1746 2403 1826 peculiare
2429 1745 2699 1819 habent,
2733 1745 2904 1823 quod
2941 1746 3164 1824 paucis
3210 1763 3458 1806 unum-

192 1842 467 1920 quodque
503 1863 667 1924 opus
688 1890 704 1920 ,
735 1864 865 1909 non
888 1848 1023 1928 jam
1052 1848 1193 1910 dico
1227 1851 1586 1924 mensibus,
1615 1848 1722 1910 sed
1761 1848 1986 1910 diebus
2026 1846 2212 1909 fuerit
2240 1846 2644 1922 absolutum,
2667 1847 2900 1925 liicque
2930 1846 3176 1925 integer
3201 1851 3454 1926 tomus,

190 1943 230 2004 si
261 1944 566 2008 rationem
618 1964 748 2010 una
794 1949 1001 2024 ineas,
1039 1950 1146 2010 vix
1176 1957 1484 2029 quatuor,
1518 1954 1631 2011 aut
1660 1949 1950 2027 quinque
1987 1947 2307 2018 mensium
2351 1948 2568 2009 labore
2603 1945 2980 2008 constiterit.
3013 1945 3296 2006 Tantum
3338 1945 3447 2006 ille

189 2040 598 2106 doctrinarum
628 2047 915 2108 scatebat
943 2047 1198 2108 animus
1219 2091 1236 2120 ,
1269 2054 1328 2109 et
1363 2047 1518 2119 ψυχὴ
1560 2049 1770 2125 ὑπερφρι

1876 2067 1977 2102 υσα
2020 2046 2202 2120 λόγων.
2235 2044 2375 2119 Qua
2410 2044 2668 2123 quidem
2714 2044 2783 2104 in
2831 2061 2902 2105 re
2951 2045 3244 2106 miraculi
3297 2045 3457 2106 mihi

192 2147 364 2209 instar
397 2154 529 2222 est,
567 2148 828 2228 quando
860 2149 996 2227 ipse
1043 2150 1121 2210 de
1169 2166 1240 2211 se
1288 2148 1524 2211 fatetur
1573 2151 1637 2210 in
1677 2149 1948 2228 Prologo
1982 2148 2253 2210 alterius
2286 2145 2430 2208 libri
2481 2145 2546 2206 in
2593 2145 2944 2224 Epistolam
2987 2145 3064 2206 ad
3097 2145 3412 2224 Ephesios
3437 2192 3456 2223 ,

195 2246 481 2309 interdum
505 2264 620 2328 per
648 2248 936 2327 singulos
961 2248 1090 2311 dies
1117 2267 1312 2328 usque
1333 2247 1419 2310 ad
1451 2267 1776 2309 numerum
1811 2248 1980 2310 mille
2029 2264 2318 2309 versuum
2353 2247 2680 2326 pervenire
2717 2267 2737 2307 :
2773 2265 2918 2309 cum
2957 2252 3137 2310 tanta
3178 2247 3463 2310 dictandi

197 2346 537 2417 alacritate,
572 2347 676 2408 cui
712 2346 819 2407 vix
857 2364 1045 2426 pares
1076 2347 1413 2413 scribendo
1448 2347 1686 2410 fuerint
1715 2363 2184 2418 amanuenses,
2230 2351 2475 2408 tantam
2522 2352 2586 2410 et
2638 2345 3021 2409 elocutionis
3057 2348 3414 2410 castitatem
3441 2392 3460 2425 ,

198 2451 245 2507 et
268 2443 730 2507 sententiarum
763 2446 1014 2524 copiam
1045 2463 1229 2525 aeque
1256 2455 1452 2525 atque
1487 2447 1808 2509 delectum
1834 2446 2114 2526 jungere
2146 2446 2461 2526 potuisse.

259 2544 405 2623 Quae
456 2546 561 2607 hic
616 2547 838 2626 itaque
889 2553 1102 2610 tomus
1159 2549 1605 2630 complectitur
1654 2549 1855 2611 sancti
1891 2549 2098 2610 Patris
2135 2565 2334 2629 Opera
2358 2592 2375 2621 ,
2409 2549 2528 2610 etsi
2562 2567 2692 2612 non
2727 2567 2954 2614 omnes
2977 2597 2997 2630 ,
3029 2551 3468 2615 nobilissimas
3651 2552 3656 2560 ’
3829 2577 3956 2604 «ον

199 2654 382 2711 tamen
417 2649 581 2711 Novi
614 2648 1009 2712 Testamenti
1043 2655 1258 2728 partes
1287 2650 1698 2712 edisserunt:
1736 2649 2018 2712 Matthtei
2071 2649 2314 2711 scilicet
2341 2647 2803 2731 Evangelium;
2853 2657 2987 2713 tum
3020 2652 3256 2714 selecta
3284 2670 3470 2730 quaa-

198 2752 323 2814 dam
355 2752 544 2815 Lucae
579 2753 825 2831 capita,
865 2753 1126 2833 triginta
1171 2770 1400 2814 novem
1453 2752 1750 2813 Homiliis
1807 2769 1889 2812 ex
1937 2750 2234 2831 Origenis
2290 2749 2512 2813 Graeco
2564 2751 2788 2813 Latine
2843 2749 3137 2826 redditis;
3187 2760 3472 2830 quatuor

195 2851 448 2931 denique
473 2853 659 2914 Pauli
691 2853 1037 2930 Epistolas,
1061 2853 1142 2916 ad
1164 2852 1426 2916 Galatas
1455 2858 1520 2914 et
1547 2851 1883 2931 Ephesios,
1912 2853 2127 2914 Titum
2158 2858 2218 2912 et
2244 2852 2704 2914 Philemonem.
2729 2853 2936 2930 Atque
2970 2858 3038 2913 ut
3065 2853 3139 2914 de
3171 2855 3472 2932 singulis,

195 2973 322 3033 qua:
348 2955 715 3033 praeducere
739 2955 1046 3018 lectorem
1069 2957 1290 3030 decet,
1319 2973 1393 3016 ex
1406 2973 1666 3036 ponam.
1689 2960 1750 3017 et
1774 2955 2096 3034 prwcipue
2123 2954 2491 3032 scriptionis
2521 2961 2768 3031 tempus
2795 2973 2812 3012 :
2842 2954 3471 3016 Commentariorum

196 3029 252 3115 in
278 3029 683 3129 Mattheeum,
715 3059 825 3136 qui
859 3076 942 3119 ex
986 3029 1465 3136 Scripturaruni
1503 3057 1728 3118 ordine
1768 3029 2385 3135 primi'occurrunt,
2429 3029 2714 3132 quatuor
2751 3056 2945 3116 libros
2976 3055 3038 3116 S.
3076 3057 3281 3128 Pater,
3326 3029 3963 3128 cum

196 3157 391 3217 subito
421 3174 502 3218 ex
533 3155 799 3217 Oriente
829 3157 1098 3217 Romam
1129 3156 1557 3234 navigaturus
1583 3155 2039 3218 Cremonensis
2070 3155 2390 3217 Eusebius
2419 3154 2588 3216 hanc
2615 3155 2735 3216 sibi
2765 3157 2952 3234 quasi
2979 3156 3306 3218 sitarciam
3331 3156 3475 3219 dari

196 3257 500 3334 petiisset,
567 3256 680 3318 vix
729 3254 1096 3334 quindecim
1133 3255 1381 3315 dierum
1437 3255 1672 3331 spatio,
1717 3253 2090 3314 imminente
2135 3251 2266 3332 jam
2313 3253 2582 3330 Pascha,
2619 3251 2932 3331 profudit,
2985 3270 3133 3315 cum
3186 3271 3225 3317 a
3279 3256 3476 3317 trium

195 3357 494 3419 mensium
525 3358 946 3435 tegrotatione
1005 3354 1274 3416 vixdum
1330 3354 1791 3415 convalescere
1844 3353 2179 3432 inciperet.
2231 3352 2328 3414 Ex
2374 3353 2472 3414 his
2526 3353 2670 3415 facti
2729 3353 3258 3432 circumstantiis,
3309 3372 3475 3434 quas

198 3453 442 3530 ipsemet
493 3456 558 3515 in
619 3454 857 3532 prioris
891 3453 1160 3533 prologo
1195 3452 1343 3514 libri
1383 3457 1622 3513 Auctor
1653 3457 1865 3527 notat,
1919 3451 2260 3515 manifesto
2296 3453 2446 3516 licet
2473 3455 2779 3534 colligere
2801 3498 2820 3528 ,
2855 3455 2932 3518 ad
2969 3473 3163 3534 quem
3192 3474 3473 3532 annum,

198 3551 316 3614 sive
342 3553 494 3614 anni
530 3553 954 3632 perexiguam
988 3559 1234 3630 partem
1269 3551 1676 3613 elucubratio
1711 3553 1831 3614 ista
1862 3553 2208 3630 pertineat.
2237 3553 2330 3616 Ea
2375 3554 2612 3634 quippe
2655 3555 2848 3616 trium
2891 3557 3211 3618 mensium
3257 3575 3474 3638 aegro-

201 3653 371 3724 tatio,
403 3669 550 3731 quae
592 3653 715 3713 sub
745 3651 1269 3733 Quadragesimaa
1298 3652 1524 3714 diebus
1556 3652 1738 3713 illum
1777 3655 2129 3731 utcumque
2169 3654 2492 3732 respirare
2535 3657 2862 3733 permisit,
2897 3657 3090 3736 plane
3125 3657 3349 3720 eadem
3382 3669 3480 3722 est

199 3761 377 3832 atque
413 3756 520 3816 illa
543 3799 560 3826 ,
593 3770 788 3832 quam
821 3755 886 3814 in
922 3754 1196 3832 epistola
1234 3755 1299 3814 in
1333 3760 1553 3815 nostra
1585 3753 1965 3816 recensione
1997 3754 2101 3827 71,
2132 3753 2210 3818 ad
2238 3755 2576 3818 Lucinium
2607 3762 2786 3820 notat
2814 3777 2831 3818 :
2867 3757 3015 3838 Ego
3050 3759 3237 3839 longo
3267 3769 3479 3822 tentus

200 3853 598 3929 incommodo,
630 3855 745 3917 vix
768 3854 837 3914 in
867 3853 1083 3916 diebus
1111 3854 1612 3933 Quadragesimee
1641 3855 1954 3936 respirare
1980 3857 2135 3936 coepi
2156 3877 2177 3917 :
2205 3863 2267 3919 et
2293 3857 2493 3919 multo
2525 3858 2915 3922 luculentius
2948 3860 3011 3920 in
3033 3860 3134 3935 73,
3160 3860 3237 3924 ad
3265 3861 3479 3923 Evan-

205 3956 401 4034 gelum
434 3975 449 4015 :
497 3956 654 4016 Post
700 3956 952 4035 longam
1006 3957 1478 4035 eegrotationem
1501 4001 1518 4032 ,
1550 3956 1663 4018 via:
1694 3958 1762 4018 in
1799 3958 2303 4038 Quadragesimw
2329 3958 2540 4022 diebus
2563 3959 2725 4041 febri
2758 3976 2968 4022 carere
2987 3962 3210 4040 potui,
3244 3970 3298 4022 et
3337 3981 3477 4024 cum

198 4056 369 4118 alteri
397 4075 487 4118 me
521 4055 702 4137 operi
727 4073 1180 4137 praepararem,
1199 4075 1439 4136 paucos
1470 4058 1623 4133 dies,
1651 4059 1764 4140 qui
1781 4070 2154 4142 supererant
2180 4106 2197 4137 ,
2229 4061 2294 4123 in
2320 4062 2607 4124 Matthwi
2635 4063 3064 4142 Expositione
3099 4066 3480 4146 consumpsi.

200 4157 384 4220 Certis
427 4163 644 4220 autem
677 4158 1079 4235 argumentis
1113 4176 1193 4219 ex
1225 4158 1886 4239 Hieronymianarum
1931 4160 2218 4223 maxime
2255 4178 2471 4222 rerum
2513 4162 2678 4223 serie
2718 4161 3111 4224 ostendimus
3149 4164 3214 4226 in
3269 4165 3483 4229 Chro-

206 4259 493 4339 nologicis
523 4258 705 4320 Notis
743 4259 820 4320 ad
853 4275 961 4322 eas
990 4259 1298 4338 epistolas
1323 4307 1341 4339 ,
1378 4268 1506 4322 tres
1535 4261 1682 4324 illos
1715 4279 1966 4324 menses
1999 4265 2082 4326 ab
2131 4265 2283 4325 anni
2339 4264 2769 4326 trecentesimi
2820 4267 3221 4346 nonagesimi
3271 4270 3482 4332 octavi

207 4359 521 4440 primis,ut
549 4361 636 4426 ita
658 4359 891 4433 dicam,
925 4361 1236 4439 calendis,
1270 4362 1394 4424 nisi
1427 4363 1479 4424 si
1512 4365 1713 4426 mavis
1741 4380 1779 4426 a
1813 4365 2167 4444 superioris
2206 4365 2566 4444 Decembri,
2594 4385 2735 4429 esse
2765 4368 3208 4448 supputandos
3239 4391 3254 4430 :
3291 4377 3360 4431 ut
3395 4373 3478 4433 sit

207 4461 354 4524 adeo
380 4463 515 4544 ejus
545 4463 700 4526 anni
727 4463 962 4526 Martio
995 4463 1203 4526 mensi
1238 4463 1621 4527 ascribenda
1672 4466 1980 4545 temporis
2012 4465 2290 4545 epocha,
2340 4483 2486 4528 cum
2523 4473 2586 4528 et
2634 4475 2963 4530 recreatus
3013 4468 3342 4550 pauliSper
3377 4479 3478 4532 est

211 4557 268 4619 S.
310 4563 488 4625 Pater
531 4564 615 4625 ab
663 4579 834 4644 tegra
887 4562 1280 4637 valetudine,
1321 4570 1380 4624 et
1403 4563 1642 4627 omissa
1669 4564 1883 4628 studia
1924 4564 2100 4626 hisce
2143 4564 2456 4627 dictandis
2489 4564 2552 4625 in
2581 4565 2954 4628 Matthaaum
2983 4565 3478 4630 Commentariis

215 4658 393 4722 nimia
425 4662 729 4725 aviditate
764 4661 1085 4740 repetivit.
1123 4660 1368 4722 Pascha
1392 4705 1408 4735 ,
1465 4661 1634 4738 quod
1685 4660 1820 4742 jam
1871 4661 2206 4724 imminere
2241 4662 2359 4724 sibi
2389 4662 2581 4739 dixit,
2637 4681 2715 4726 eo
2765 4681 2940 4724 anno
2966 4665 3204 4742 Aprilis
3232 4667 3479 4730 decima

216 4770 416 4826 octava
448 4763 548 4826 die
579 4764 872 4842 contigit.
909 4764 973 4824 ld
1024 4779 1218 4844 porro
1263 4762 1474 4840 ipsum
1513 4780 1594 4822 ex
1627 4761 1884 4823 Eusebii
1917 4763 1982 4822 in
2017 4762 2266 4823 Italiam
2295 4761 2574 4825 adventu
2607 4765 3002 4824 constituas:
3042 4783 3228 4842 quem
3262 4765 3481 4828 Roma:

219 4859 396 4925 fuisse
429 4864 549 4926 hoc
579 4865 718 4943 ipso
750 4881 926 4924 anno
965 4871 1107 4940 post
1137 4862 1416 4923 medium
1440 4907 1458 4940 ,
1495 4867 1773 4922 testatur
1801 4862 2234 4942 Hieronymus
2263 4863 2537 4941 epistola
2583 4864 2646 4923 in
2700 4870 2917 4925 nostra
2951 4869 3326 4928 recensione
3357 4867 3440 4928 Ἷίι
3462 4915 3480 4946 ,

218 4963 289 5023 ad
308 4963 622 5036 Ruﬁnum,
650 4981 778 5025 non
806 4965 990 5024 illum
1018 4963 1526 5041 Aquileiensem,
1557 4963 1665 5024 sed
1694 4963 1804 5039 qui
1834 4962 2162 5024 Romanus
2194 4964 2523 5041 presbyter
2548 4964 2740 5042 vulgo
2764 4963 2983 5028 audit:
3018 4965 3163 5037 ubi,
3190 4966 3439 5028 Gaudeo
3462 5017 3481 5045 ,

219 5060 439 5142 inquit,
485 5081 675 5145 super
717 5063 1067 5125 testimonio
1100 5064 1248 5141 erga
1279 5081 1368 5122 me
1397 5061 1758 5124 sanctitatis
1812 5069 1969 5138 tuae,
2019 5071 2076 5123 et
2129 5079 2337 5122 amore
2370 5061 2577 5122 sancti
2611 5061 2973 5140 Presbyteri
3029 5065 3290 5129 Eusebii
3321 5089 3340 5127 :
3373 5087 3484 5130 nec

218 5162 415 5228 dubito
444 5169 596 5249 quin
624 5185 714 5227 me
738 5163 984 5245 publice
1009 5163 1386 5244 praedicetis.
1420 5162 1536 5224 Sed
1573 5170 1633 5223 et
1672 5162 1917 5242 liquido
1966 5163 2286 5225 constabit
2322 5181 2404 5225 ex
2452 5163 2787 5242 ipsiusmet
2840 5163 3269 5240 Aquileiensis
3323 5186 3482 5245 pro-

220 5263 371 5331 fectu
404 5270 710 5332 Romam:
753 5267 918 5327 libro
963 5267 1132 5328 enim
1184 5264 1371 5326 tertio
1417 5263 1746 5343 Apologia
1787 5269 2014 5325 contra
2048 5263 2343 5324 eumdem
2395 5280 2570 5324 num.
2615 5259 2732 5337 2h,
2788 5268 2929 5340 post
2957 5280 3198 5324 annum
3236 5283 3318 5326 ex
3349 5285 3480 5342 quo

221 5365 468 5430 Ruﬁnus
516 5368 730 5430 isthuc
781 5371 1196 5445 pervenerat,
1253 5361 1591 5424 advenisse
1645 5361 1961 5423 Eusebius
2013 5362 2369 5423 asseritur:
2405 5361 2833 5424 Paulinianus
2886 5365 2943 5418 et
2985 5360 3295 5424 Eusebius
3334 5373 3484 5441 post

221 5487 433 5533 annum
463 5481 685 5534 vestra:
711 5467 1139 5546 navigationis
1165 5466 1439 5546 profecti
1477 5470 1648 5524 sunt.
1689 5463 1990 5526 Ruﬁnum
2021 5481 2177 5528 vero
2207 5463 2336 5548 jam
2363 5479 2401 5526 a
2437 5463 2770 5545 superiore
2821 5481 2994 5526 anno
3035 5463 3155 5524 397
3192 5469 3329 5543 post
3370 5483 3482 5525 re-

218 5571 406 5634 ditum
430 5593 462 5636 e
489 5573 831 5636 Palaestina
857 5617 872 5643 ,
905 5573 1027 5631 sub
1055 5570 1280 5630 Siricio
1313 5575 1631 5630 moratum
1660 5569 1879 5631 Romus
1911 5585 2086 5645 esse,
2141 5567 2302 5628 nihil
2352 5573 2450 5630 est
2496 5567 2789 5645 dubium,
2837 5574 3099 5644 totaque
3153 5573 3484 5645 gestorum

225 5673 356 5750 ejus
385 5674 646 5737 historia
684 5670 1042 5751 persuadet.
1072 5673 1208 5733 Non
1239 5677 1335 5733 est
1363 5670 1521 5733 adeo
1550 5689 1666 5731 cur
1693 5671 1978 5749 aliquem
2010 5674 2260 5731 moveat
2290 5669 2470 5731 locus
2501 5670 2606 5730 ille
2632 5670 2696 5731 in
2724 5677 2915 5748 caput
2945 5687 2994 5729 ιι
3024 5668 3302 5730 Μειὶὶὴωί
3323 5713 3338 5740 ,
3371 5672 3484 5730 ubi

225 5791 294 5838 se
323 5778 408 5842 ait
433 5777 492 5839 S.
522 5778 710 5839 Pater
737 5773 965 5838 Oseam
997 5773 1373 5853 prophetam
1396 5791 1474 5836 ex
1503 5771 1770 5835 Hebrteo
1799 5787 2002 5852 nuper
2023 5769 2294 5834 edidisse
2313 5815 2331 5851 ,
2358 5787 2503 5833 cum
2535 5778 2684 5834 ante
2716 5771 2911 5834 ferme
2938 5787 3053 5832 sex
3083 5787 3288 5832 annos
3324 5787 3488 5849 Opus

639 5880 916 5940 Ρλτιιοι.
966 5874 1202 5938 XXVI.

2971 5869 3000 5934 1

1617 715 1934 736 ﬂ
