4004 6332
510 246 573 306 tt
1962 248 2348 309 PMFATIO.
3734 254 3800 310 12

515 363 677 428 illud
700 364 1071 429 absolutum
1099 364 1232 446 jam
1265 368 1514 439 constet
1545 366 1800 445 ratione
1844 366 1966 429 hac
2010 374 2264 441 nostra,
2294 384 2491 446 quam
2525 384 2607 429 ex
2636 367 2972 448 ipsiusmet
3003 368 3465 433 testimonioin
3492 369 3800 451 Catalogo

512 467 778 531 inimus.
808 469 954 531 Vox
984 470 1155 532 enim
1188 476 1285 534 est
1327 472 1475 560 illa,
1516 488 1746 552 nuper,
1800 476 1927 533 tam
1954 472 2124 552 apud
2150 472 2646 553 Hieronymum,
2677 475 2971 555 aliosque
3007 476 3144 556 ejus
3175 476 3379 540 aetatis
3408 476 3799 557 Scriptores,

509 569 828 632 indeﬁniti
854 615 870 645 ,
909 572 1189 652 vagique
1221 572 1559 656 temporis,
1595 576 1663 634 ut
1694 576 1941 635 certum
1978 574 2240 650 aliquod
2272 593 2354 636 ex
2390 592 2463 636 ea
2495 576 2798 652 spatium,
2828 581 3325 656 respectumque
3362 578 3570 651 illum,
3606 593 3801 656 quem

509 674 750 765 Auctor
801 639 866 733 in
918 639 1258 735 scrib-endo
1289 639 1559 747 habuit
1602 674 1950 737 decernere
2000 639 2268 735 omnino
2316 693 2445 736 non
2492 639 2707 738 liceat.
2743 639 3080 757 Ambigua
3125 639 3264 756 eju's
3303 639 3800 757 signiﬁcationis

510 773 881 853 exemplum
910 790 992 835 ex
1021 773 1329 837 hiscemet
1356 773 1424 834 in
1456 772 2370 851 Matthmumﬁommentariis,
2398 773 2659 837 lectoris
2688 791 2845 837 sane
2872 774 3139 854 dignum
3161 776 3612 839 observatione
3648 790 3804 855 pro-

506 894 771 960 ponam.
801 878 896 941 Ad
926 878 1152 958 capitis
1186 894 1280 940 xtl
1309 877 1698 941 versiculum
1731 875 2055 943 decimum
2085 876 2371 950 tertium,
2401 890 2470 939 se
2516 876 2610 939 ait
2649 876 2714 938 Β.
2770 876 3027 949 Doctor,
3054 877 3479 956 Evangelium
3508 876 3801 939 Nazare-

502 994 764 1052 norum,
789 976 1011 1055 Nuper
1040 976 1110 1039 iis
1142 975 1425 1040 Graecum
1451 974 1526 1039 de
1554 974 1821 1041 Hebraa
1851 992 2135 1043 sermone
2166 974 2590 1045 transtulisse.
2636 976 2715 1041 Ut
2760 977 3096 1043 minimum
3127 977 3235 1039 hic
3270 983 3454 1056 putes
3475 1024 3493 1053 ,
3542 984 3800 1039 sextum

503 1083 589 1147 ab
637 1080 761 1143 boc
807 1096 1055 1143 annum
1101 1080 1429 1158 designari
1480 1092 1747 1143 necesse
1799 1079 1930 1143 sit:
1976 1077 2295 1155 siquidem
2337 1095 2483 1140 eam
2516 1078 2722 1157 ipsum
2768 1078 3367 1158 interpretationem
3409 1096 3491 1139 ex
3523 1078 3798 1141 Hebraeo

502 1179 1596 1245 memoratioVirorumlilustrium
1612 1179 1921 1257 Cutalogo
1950 1195 2004 1240 c.
2037 1177 2104 1252 2,
2129 1196 2323 1257 quem
2355 1194 2530 1240 anno
2560 1180 2977 1258 nonagesimo
3005 1179 3290 1242 secundo
3318 1190 3513 1259 supra
3542 1186 3797 1242 trecen-

502 1285 829 1358 tesimum,
869 1282 1125 1344 nemine
1159 1281 1491 1353 dilﬁtente.
1531 1281 1894 1347 adornavit.
1936 1281 2178 1343 Verum
2230 1281 2416 1360 quid,
2470 1300 2617 1345 cum
2662 1282 2855 1344 etiam
2913 1283 3023 1344 illo
3076 1282 3366 1363 Catalogi
3416 1285 3625 1364 capite
3676 1285 3798 1348 hoc

504 1391 728 1470 Nuper
762 1388 1073 1452 adverbio
1107 1394 1329 1451 utatur
1381 1387 1461 1450 ad
1506 1389 1923 1463 sutetempus
1974 1383 2417 1447 translationis
2470 1383 3011 1463 signiﬁcandum?
3052 1386 3492 1466 Euangelium,
3541 1387 3792 1466 inquit,

497 1490 667 1571 quod
699 1490 1058 1569 appellatur
1090 1485 1432 1550 secundum
1448 1483 1766 1557 Hebraeos,
1794 1504 1834 1545 α
1861 1502 1953 1545 me
1971 1498 2173 1563 nuper.
2206 1484 2274 1545 in
2301 1481 2586 1546 Greecum
2612 1484 3029 1565 Latinumque
3053 1502 3391 1548 sermonem
3419 1488 3797 1549 translatum

497 1599 611 1652 est.
648 1590 1201 1665 Quemadmodum
1229 1604 1466 1666 supra,
1514 1585 1621 1647 hic
1659 1596 1925 1664 quoque
1962 1584 2018 1647 si
2050 1600 2259 1647 unus
2288 1583 2583 1648 denotari
2625 1585 2786 1649 velis
2809 1626 2826 1659 ,
2876 1584 3011 1664 jam
3051 1603 3181 1648 non
3216 1604 3330 1650 sex
3383 1604 3630 1665 annos,
3684 1587 3795 1650 sed

499 1688 837 1752 duodecim
871 1689 1073 1767 priori
1107 1690 1248 1750 loco
1274 1685 1703 1765 supputabis:
1744 1690 1938 1764 atque
1972 1684 2137 1747 adeo
2164 1700 2578 1763 quocumque
2623 1689 2685 1747 te
2731 1687 2922 1749 modo
2951 1692 3281 1766 torqueas,
3333 1704 3687 1768 numquam
3716 1707 3795 1753 eo

493 1790 823 1868 devenies,
858 1796 928 1852 ut
956 1795 1199 1853 certam
1232 1788 1314 1850 ab
1344 1804 1422 1850 ea
1458 1792 1615 1852 nuta
1652 1785 1960 1864 temporis
2018 1785 2185 1850 inire
2232 1785 2550 1848 rationem
2601 1788 2832 1865 possis.
2892 1788 3007 1851 His
3067 1789 3266 1870 igitur
3318 1792 3792 1869 pratermissis,

494 1906 640 1971 qua:
672 1892 861 1971 plane
890 1891 1216 1953 immerito
1246 1890 1328 1951 cl.
1360 1887 1843 1951 Tillemontium
1870 1903 2174 1950 movere:
2210 1903 2384 1948 nunc
2411 1887 2620 1951 obiter
2648 1894 2929 1967 prestat,
2957 1896 3293 1952 auctorem
3313 1890 3795 1954 Dissertatianic

495 1996 569 2057 de
601 1994 1057 2056 Fundameutis
1085 1992 1463 2055 Christiana
1493 1988 1849 2069 Religionis
1873 1988 2204 2062 refellere,
2231 1991 2345 2068 qui
2375 1989 2851 2071 Hieronymum
2880 1993 3234 2055 arbitratus
3263 2002 3359 2055 est
3389 1994 3454 2055 in
3484 2013 3562 2059 ea
3592 1994 3793 2061 fuisse

494 2099 837 2170 sententia,
901 2102 972 2158 ut
1018 2097 1319 2173 doceret,
1354 2112 1437 2156 ex
1473 2092 1848 2174 apocrypho
1895 2091 2189 2155 Ieremia)
2237 2093 2426 2165 libro,
2473 2109 2665 2171 quem
2718 2093 2811 2154 illi
2860 2094 3215 2158 Nazarente
3264 2103 3454 2160 sectae
3483 2097 3792 2162 Hebrteus

492 2202 769 2279 obtulit,
796 2198 1079 2263 Mattbai
1107 2215 1249 2277 cap.
1278 2200 1470 2260 x'xm
1500 2211 1761 2259 versum
1788 2210 2031 2253 nonum
2061 2191 2143 2255 de
2172 2193 2435 2271 triginta
2463 2194 2825 2275 argenteis,
2875 2196 3047 2274 quod
3084 2198 3360 2277 pretium
3404 2198 3519 2260 fuit
3554 2214 3797 2279 appre-

494 2305 666 2381 tiati,
694 2292 968 2364 laudari.
995 2300 1219 2379 Neque
1240 2300 1415 2361 enim
1435 2314 1512 2359 ea
1535 2302 1714 2357 mens
1742 2293 2124 2372 Hieronymi
2160 2292 2301 2362 fuit,
2337 2292 2451 2371 qui
2482 2304 2551 2355 se
2585 2292 2785 2355 tradit
2821 2294 3054 2359 vidisse
3083 2294 3341 2375 quidem
3371 2315 3521 2359 eum
3556 2294 3796 2363 librum

499 2404 798 2466 Jeremiae
829 2401 987 2463 falso
1016 2400 1391 2479 ascriptum,
1424 2398 1497 2459 in
1516 2413 1653 2476 quo
1681 2396 1878 2458 verba
1928 2410 2075 2473 quae
2121 2392 2463 2456 Malthmus
2504 2395 2763 2469 laudat,
2799 2395 2881 2458 ad
2926 2396 3203 2460 litteram
3249 2399 3792 2483 inveniebantur;

495 2504 609 2569 sed
637 2506 715 2570 ad
750 2504 889 2583 ejus
923 2501 1311 2564 sententiam
1359 2497 1536 2576 quod
1565 2495 1827 2566 attinet,
1871 2499 2123 2556 tantum
2158 2494 2374 2569 abest,
2404 2497 2474 2556 ut
2512 2495 2594 2555 ab
2625 2494 2743 2555 illo
2776 2495 3019 2574 putarit
3048 2497 3437 2576 Apocrypbo
3482 2505 3783 2581 accepta,

491 2613 563 2668 ut
594 2605 797 2684 magis
825 2610 861 2666 a
899 2602 1214 2684 prophetat
1246 2598 1559 2661 lactantia
1588 2595 1840 2658 deserni
1870 2593 2241 2655 contendat.
2270 2594 2426 2674 Legi
2450 2640 2466 2667 ,
2506 2595 2715 2674 inquit
2743 2638 2763 2673 ,
2812 2613 3014 2676 super
3055 2597 3127 2660 iis
3165 2596 3437 2679 quedam
3468 2596 3790 2667 Hebraioo

490 2708 829 2785 uolumine,
865 2706 1035 2787 quod
1063 2704 1126 2767 Ν
1131 2721 1411 2766 exurente
1438 2712 1617 2766 sectae
1640 2702 1794 2764 mihi
1829 2702 1894 2763 Η
1900 2700 2135 2763 ebrreus
2167 2702 2434 2781 obtulit,
2459 2702 2745 2765 Ieremia:
2775 2720 3228 2777 APOCRYPHUII,
3258 2707 3328 2769 in
3351 2720 3475 2787 quo
3504 2707 3631 2771 hac
3674 2704 3796 2791 (Et

494 2816 883 2889 acceperunt
919 2806 1183 2885 triginta
1214 2809 1582 2885 argenteos,
1614 2805 1889 2882 pretium
1920 2801 2304 2882 appretiati,
2338 2818 2534 2880 quem
2563 2803 3098 2884 appretiaverunt
3125 2820 3163 2867 a
3194 2802 3343 2868 tilils
3372 2806 3606 2882 Israel,
3639 2810 3790 2889 etc.)

488 2910 572 2972 ad
598 2908 851 2972 uerbum
882 2908 1124 2986 scriptu
1144 2906 1374 2986 reperi.
1407 2904 1533 2968 Sed
1563 2912 1766 2966 tamen
1794 2902 1949 2966 mihi
1978 2903 2233 2966 videtur
2273 2904 2470 2985 magis
2504 2905 2579 2966 de
2608 2905 2926 2968 Zacharia
2971 2916 3289 2988 sumptum
3321 2909 3746 2974 testimonium
3767 2930 3793 2971 :

486 3007 1049 3087 Esangelistar'um
1079 3013 1141 3066 et
1174 3005 1622 3084 Apostolorum
1662 3020 1834 3065 more
1852 3001 2139 3082 uulgato,
2168 3004 2278 3084 qui
2311 3003 2645 3066 uerborum
2668 3005 2891 3068 ordine
2918 3009 3366 3088 prtetcrmisso,
3393 3027 3606 3074 sensus
3633 3021 3795 3075 tan-

489 3123 623 3175 tum
648 3112 724 3174 de
758 3110 964 3173 Veteri
1006 3111 1394 3171 Testamento
1440 3108 1777 3189 proferunt
1810 3108 1880 3171 in
1914 3107 2282 3187 exemplum.
2321 3103 2415 3169 Ita
2446 3107 2639 3186 plane
2667 3115 2731 3171 et
2759 3109 3075 3190 Origenes
3122 3112 3327 3173 sensit
3360 3130 3376 3173 :
3428 3130 3544 3176 nec
3590 3110 3791 3181 ferme

489 3216 749 3293 dubito,
781 3215 938 3293 quin
966 3216 1051 3276 ab
1083 3212 1222 3291 illo,
1268 3216 1341 3275 ut
1375 3211 1687 3290 pleraque
1709 3211 1838 3275 alia
1869 3209 2061 3289 hujus
2095 3210 2555 3273 Gommentarii
2576 3253 2607 3284 ,ρ
2634 3209 2697 3272 S.
2740 3212 2929 3273 Pater
2954 3210 3274 3274 delibarit.
3297 3212 3608 3292 Equidem
3640 3234 3791 3279 cum

493 3320 683 3382 illum
717 3320 1366 3398 recognoscere-mus,
1418 3327 1553 3376 non
1607 3315 1821 3376 minus
1872 3314 2140 3376 multam
2170 3315 2236 3376 in
2268 3313 2669 3378 emendando
2698 3317 3122 3398 ornandoque
3149 3319 3532 3401 Hieronymi
3560 3326 3741 3385 textu
3767 3369 3789 3401 ,

486 3438 686 3502 quam
744 3421 809 3481 in
864 3418 1277 3499 Origenianls
1340 3412 1628 3494 laciniis,
1686 3424 1848 3495 quas
1878 3414 1988 3477 ille
2022 3416 2093 3476 in
2124 3428 2247 3495 sua
2283 3416 2651 3492 transtulit,
2702 3416 3217 3481 internoscendls
3270 3418 3790 3499 exhibendisque

482 3522 875 3589 industriam
912 3522 1274 3601 posuimus.

565 3623 1029 3706 Subjungimus
1057 3620 1145 3685 ad
1168 3622 1650 3703 Scripturarum
1684 3620 1919 3681 seriem
1946 3618 2256 3684 Homiiias
2284 3621 2551 3703 triginta
2580 3640 2809 3688 novem
2842 3625 2904 3688 in
2943 3626 3208 3705 Lucam,
3254 3644 3417 3707 quas
3445 3628 3523 3692 de
3555 3630 3790 3693 Graeco

482 3727 726 3789 dudum
752 3725 997 3788 laudati
1020 3716 1320 3801 Origenis
1351 3724 1413 3782 in
1444 3722 1744 3782 Latinum
1781 3719 2222 3799 Hieronymus
2264 3721 2652 3802 esplicavit,
2705 3742 2953 3804 nosque
2999 3724 3140 3807 ejus
3196 3744 3465 3807 operum
3511 3729 3793 3791 absolu-

485 3831 749 3894 tissima)
786 3820 1165 3891 Collectionl
1195 3838 1369 3886 nunc
1396 3824 1670 3905 primum
1697 3821 2058 3902 junximus,
2088 3838 2170 3881 ex
2199 3821 2598 3884 Genebrardi
2629 3824 2905 3887 editione
2937 3825 3061 3888 huc
3086 3828 3346 3905 ascitas,
3389 3833 3452 3889 et
3497 3827 3792 3907 plurium

481 3950 640 3995 sane
674 3932 969 3993 locorum
998 3927 1476 3989 instauratione
1507 3925 1916 3985 illustriores.
1948 3922 2045 3984 Ad
2065 3920 2361 3985 Gracum
2392 3932 2618 3988 earnm
2656 3926 2993 4006 exemplar
3018 3927 3191 4008 quod
3222 3929 3492 4004 attinet,
3532 3930 3791 4009 jamdiu

478 4037 635 4097 olim
662 4033 900 4113 injuria
929 4031 1288 4110 temporum
1316 4026 1720 4089 intercidisse
1747 4060 1765 4103 ,
1794 4026 2107 4088 creditum
2132 4035 2228 4090 est
2250 4075 2267 4103 ,
2297 4048 2443 4091 cum
2475 4046 2701 4092 recens
2736 4029 2891 4091 illud
2921 4038 3249 4111 repertum
3282 4050 3518 4114 magna
3550 4030 3793 4100 saltem

482 4154 567 4199 ex
617 4138 796 4216 parte
847 4150 881 4195 a
932 4146 1183 4211 nupera
1236 4128 1781 4209 Origenlanorum
1818 4126 2102 4205 Operam
2139 4129 2386 4192 editore
2421 4132 2813 4193 inaudimus.
2854 4130 3148 4197 Homiliaa
3183 4140 3398 4197 autem
3435 4135 3592 4212 illae,
3633 4150 3795 4218 quas

479 4249 536 4300 et
586 4235 803 4298 diebus
844 4231 1189 4294 Dominicis
1228 4229 1411 4291 dicta
1446 4233 1912 4310 praenotantur,
1944 4233 2005 4290 et
2037 4228 2216 4290 lusus
2255 4228 2567 4308 juvenilis
2603 4232 2808 4292 (etatis
2857 4246 2893 4294 a
2945 4240 3165 4293 nostro
3204 4233 3524 4295 habentur
3558 4233 3796 4298 Inter—

480 4340 682 4417 prete,
733 4333 987 4396 tametsi
1032 4331 1224 4391 unius
1259 4328 1662 4399 Adamantii,
1716 4340 1844 4387 non
1901 4329 2094 4389 unius
2147 4334 2362 4389 tamen
2414 4334 2565 4389 sunt
2613 4330 3026 4410 ejusdemque
3081 4332 3326 4395 feturae.
3379 4332 3793 4403 Posteriores

482 4456 715 4514 nempe
752 4450 893 4505 sex,
921 4438 1068 4510 quae
1092 4433 1360 4507 ereptam
1392 4428 1581 4489 Luca
1613 4427 2087 4503 expositionem
2116 4442 2248 4487 non
2282 4428 2697 4501 continuant,
2739 4442 2856 4491 nec
2883 4430 3207 4507 prioribus
3241 4432 3504 4514 triginta
3539 4430 3788 4516 tribus,

485 4555 632 4616 quae
661 4539 904 4597 rectum
935 4530 1225 4592 Ordinem
1258 4532 1510 4602 tenent,
1540 4533 1712 4587 recta
1747 4525 2137 4598 succedunt,
2177 4544 2258 4586 ex
2286 4527 2413 4588 alia
2435 4527 2866 4590 Homiliarum
2898 4537 3076 4592 strue
3102 4530 3403 4597 videntur
3429 4542 3789 4615 etccrptaa.

486 4635 580 4700 Cl.
621 4649 882 4712 quoque
910 4618 1188 4691 Huciius
1220 4626 1420 4687 multo
1452 4624 1830 4703 ampliorem
1867 4626 2100 4686 harum
2131 4626 2452 4687 exstitisse
2490 4630 2856 4709 congeriem
2887 4642 2968 4693 ex
3000 4649 3078 4694 eo
3110 4632 3369 4710 probat,
3397 4636 3569 4715 quod
3603 4640 3795 4705 temo

480 4737 670 4813 XIII,
694 4738 756 4797 in
783 4735 1096 4795 Joannem
1119 4731 1359 4792 Auctor
1393 4727 1715 4798 declarat,
1744 4730 1811 4785 τά
1840 4731 1961 4805 περὶ
1984 4735 2061 4783 τῶ·

2214 4731 2286 4787 τὸν
2311 4731 2584 4806 προϐάτων
2608 4730 2752 4804 ἔχειν
2779 4734 2850 4796 εἰς
2878 4736 2972 4797 τὰς
2996 4734 3132 4793 κατά
3156 4743 3356 4794 Λουκᾶς
3382 4738 3577 4811 ὁμιλίας
3601 4759 3614 4798 :
3637 4756 3795 4821 qua

478 4837 560 4899 ad
596 4845 838 4898 centum
873 4834 1084 4894 ovium
1126 4828 1494 4911 parabolam
1539 4838 1857 4909 spectant,
1914 4848 1975 4891 se
2017 4831 2087 4892 in
2123 4830 2421 4895 Homiliis
2451 4833 2519 4894 in
2554 4832 2786 4895 Lucam
2820 4837 3236 4903 edisseruisse.
3280 4842 3439 4906 Cum
3484 4843 3652 4905 enim
3706 4846 3792 4909 in

480 4940 740 5018 triginta
776 4952 1009 4997 novem
1041 4932 1175 5005 his,
1212 4947 1359 5009 quae
1390 4939 1749 5009 supersunt
1778 4932 2004 5009 unice,
2036 4932 2199 4994 nihil
2237 4934 2361 4996 tale
2388 4935 2709 5014 invenias,
2730 4953 2852 5017 par
2878 4941 3144 5004 omnino
3172 4948 3266 5004 est
3296 4944 3555 5007 credere
3581 4947 3789 5025 alias,

484 5057 629 5119 quae
666 5042 916 5100 aetatem
948 5053 1077 5097 non
1108 5034 1417 5109 tulerint,
1455 5032 1611 5096 etin
1651 5031 1886 5111 quibus
1920 5034 2101 5096 locus
2149 5034 2259 5096 ille
2301 5035 2731 5115 Evangelicus
2770 5039 3234 5120 eXpliearetur,
3276 5044 3474 5108 fuisse
3501 5047 3655 5110 olim
3690 5053 3793 5114 ab

485 5141 766 5204 Auctore
798 5138 1221 5216 conscriptas.
1250 5137 1433 5213 Quod
1465 5154 1658 5218 porro
1689 5137 1766 5198 ad
1803 5153 2026 5197 earum
2063 5137 2475 5214 interpretem
2512 5137 2808 5200 Latinum
2838 5147 3114 5218 spectat,
3142 5143 3413 5223 ejusque
3443 5146 3796 5226 interpre-

478 5244 741 5306 tationis
772 5244 1110 5312 rationem,
1147 5234 1315 5301 haud
1372 5241 1505 5301 scio
1551 5257 1704 5300 num
1739 5238 2135 5301 calumniose
2163 5239 2432 5302 Rufinus
2463 5259 2544 5301 an
2582 5258 2729 5305 vere
2758 5241 2820 5304 S.
2854 5245 3146 5308 Doctoris
3179 5246 3362 5308 tidem
3398 5250 3459 5309 in
3498 5250 3572 5311 iis
3600 5268 3796 5315 con-

477 5342 805 5405 vertendis
835 5341 1150 5418 requirat,
1182 5337 1575 5416 objiciatque
1608 5338 1805 5398 multa
1842 5339 1924 5398 ab
1955 5356 2030 5398 eo
2063 5340 2158 5402 vel
2192 5338 2403 5403 addita
2436 5341 2633 5404 fuisse
2662 5362 2777 5426 pro
2803 5343 3011 5406 lubitu
3033 5393 3047 5415 ,
3091 5349 3188 5410 vel
3216 5351 3565 5413 subtracta.
3607 5350 3792 5433 Ejus

476 5446 614 5508 haec
638 5444 832 5506 verba
862 5444 1015 5502 sunt
1043 5440 1518 5501 lnvectivarum
1554 5438 1718 5499 libro
1752 5434 2125 5499 secundon.
2162 5439 2241 5499 26
2270 5460 2284 5497 :
2324 5440 2591 5501 Secutus
2620 5461 2754 5502 sum
2783 5445 2952 5525 quod
2980 5454 3037 5505 te
3065 5445 3339 5507 uideram
3366 5447 3435 5508 in
3465 5449 3795 5517 Homiliis

476 5545 815 5607 secundum
851 5542 1037 5603 Lucae
1070 5540 1483 5618 Evangelia":
1520 5539 1759 5617 fecisse,
1783 5547 1853 5598 ut
1880 5537 1991 5599 ubi
2019 5538 2091 5598 de
2119 5539 2284 5600 Filio
2314 5540 2424 5600 Dei
2446 5541 2514 5602 in
2544 5540 2754 5603 Greece
2786 5561 2915 5603 non
2941 5555 3102 5606 recte
3132 5546 3476 5617 inceneras,
3500 5558 3799 5627 praeter—

476 5642 648 5713 ieris,
683 5643 751 5703 in
777 5641 887 5703 illo
931 5640 1068 5701 loco
1115 5636 1221 5699 ubi
1252 5637 1405 5699 dicit
1431 5655 1450 5695 .·
1478 5634 1847 5715 Maguiﬁcat
1883 5638 2100 5700 anima
2136 5656 2274 5699 mea
2305 5638 2645 5701 Dominum
2678 5663 2693 5703 :
2729 5645 2791 5703 et
2821 5646 3169 5708 exsultavit
3203 5648 3468 5727 spiritus
3494 5668 3675 5713 meus
3705 5652 3794 5721 in

474 5744 610 5813 Deo
645 5741 919 5806 salutari
948 5758 1113 5803 meo.
1149 5738 1210 5805 Ν
1217 5739 1343 5801 esti
1357 5736 1503 5822 quia
1532 5735 1604 5797 de
1628 5736 1837 5796 anima
1861 5785 1878 5816 ,
1906 5734 2107 5800 sicubi
2131 5736 2247 5800 illa
2270 5783 2288 5816 ,
2327 5754 2460 5818 quae
2492 5739 2695 5805 solent
2739 5741 2870 5805 dici
2886 5785 2900 5812 ,
2932 5761 3064 5804 non
3082 5748 3469 5825 praeterieris
3496 5769 3518 5813 :
3550 5749 3656 5816 Sed
3702 5769 3801 5825 ca
