4004 6332
1174 315 1207 325 ,ρ-

208 327 266 389 15
1677 333 1789 391 PR:

1937 333 2070 392 T10.
3449 337 3514 394 Μ

212 439 434 520 adhuc,
468 448 675 508 etiam
706 466 789 509 ea:
817 455 876 510 te
901 446 1153 522 additis,
1187 446 1552 529 quibusdam
1583 447 2059 523 assertionibus,
2088 447 2366 511 lucidius
2393 450 2747 530 scripseris,
2777 459 2849 515 ut
2876 451 2949 515 in.
2984 450 3098 516 illo
3146 452 3282 515 loco
3312 474 3329 514 :
3358 453 3520 514 Ecce

215 546 277 603 ut
301 542 472 607 facta
501 555 610 615 est
640 568 772 610 vox
802 549 1203 613 salutationis
1239 555 1364 612 ture
1395 550 1456 610 in
1492 549 1755 610 auribus
1791 551 1977 625 meis,
2016 551 2364 611 exsultavit
2392 550 2601 611 infans
2633 552 2695 612 in
2728 559 2914 615 utero
2944 571 3087 614 meo
3118 574 3132 615 :
3170 551 3301 630 ubi,
3332 552 3521 630 dicis,

219 644 374 727 quod
406 665 554 735 non
584 660 723 709 erat
748 650 867 715 hoc
894 652 1281 733 principium
1308 650 1670 712 substantiw
1700 652 1854 730 ejus,
1885 651 1959 711 de
1987 659 2094 712 tuo
2127 652 2459 726 addidisti,
2488 662 2688 731 atque
2718 659 2987 719 naturae.
3012 654 3090 714 Et
3119 656 3312 733 paulo
3336 662 3477 734 post
3499 673 3523 720 ι

224 743 303 805 De
328 744 452 828 ﬁde
486 756 730 824 autem,
764 748 832 813 id
864 759 975 831 est,
1006 750 1078 812 de
1108 751 1421 815 Trinitate
1452 769 1586 811 cum
1612 751 1677 811 in
1700 749 2044 829 aliquantis
2074 751 2229 812 locis
2265 751 2451 814 aliter
2482 751 2845 825 invenisses.
2877 771 3012 833 qua
3040 751 3153 815 tibi
3182 754 3317 816 visa
3345 762 3519 825 sunt,

226 851 713 930 prmtcrmisisli.
751 854 1064 932 Equidem
1102 850 1328 929 nobis,
1379 852 1547 931 quod
1595 851 1856 914 Graecus
1907 852 2071 913 desit
2119 852 2539 932 archetypus,
2593 852 2764 917 haud
2813 861 2908 916 est
2963 854 3332 931 expeditum
3386 869 3525 915 rem

234 951 506 1034 penitius
539 970 904 1033 agnoscere
936 963 1273 1037 recteque,
1305 959 1369 1017 et
1399 953 1624 1016 ordine
1648 953 1980 1032 judicare:
2023 954 2303 1015 maxime
2339 971 2489 1014 vero
2516 972 2662 1016 cum
2703 954 2888 1030 nihil,
2925 955 3097 1033 quod
3131 954 3525 1034 peculiarem

236 1052 394 1115 hanc
422 1054 862 1135 objectionem
896 1063 1172 1137 spectat,
1209 1065 1474 1121 sanctus
1515 1060 1650 1139 ipse
1692 1060 1882 1121 Pater
1916 1059 2152 1120 remulo
2184 1059 2571 1122 obtrectanli
2621 1062 3003 1137 reposuerit.
3054 1058 3266 1119 Nihilo
3317 1058 3526 1121 secius

237 1152 396 1232 quod
424 1154 560 1232 ait,
595 1158 1017 1237 supposuisse
1046 1157 1512 1238 Hieronymum
1545 1159 1855 1218 nonnulla
1884 1200 1900 1231 ,
1945 1159 2050 1218 ubi
2111 1156 2187 1217 de
2239 1157 2505 1219 Joannis
2554 1159 2618 1219 in
2678 1159 2901 1220 Matris
2949 1162 3136 1219 utero
3167 1157 3529 1221 exsilientis

238 1252 447 1315 anima
478 1271 701 1317 sermo
731 1255 886 1335 fuit,
919 1256 1092 1337 quod
1120 1274 1250 1318 non
1297 1266 1427 1317 erat
1478 1256 1594 1318 hoc
1639 1256 2036 1335 principium
2060 1254 2429 1318 substantia:
2459 1259 2588 1337 ejus
2612 1305 2630 1335 ,
2657 1262 2720 1319 et
2747 1256 2825 1319 de
2851 1276 2969 1319 suo
2996 1258 3314 1323 addidisse
3344 1267 3533 1338 atque

238 1359 516 1431 natura,
569 1363 687 1416 aut
740 1354 875 1417 haec
924 1355 1199 1417 hominis
1238 1355 1581 1436 plusquam
1614 1356 1964 1419 Vatiniana
2000 1357 2364 1419 exercentis
2408 1358 2588 1431 odia,
2642 1359 2967 1422 calumnia
3018 1366 3151 1432 est,
3200 1366 3314 1422 aut
3357 1357 3534 1438 quod

239 1454 555 1534 suspicari
582 1456 838 1530 malim,
864 1458 947 1518 ab
968 1456 1477 1536 Hieronymiauo
1504 1458 1860 1539 exemplari
1891 1458 2144 1519 sublata
2171 1466 2322 1519 sunt
2352 1459 2757 1536 postmodum
2783 1465 2980 1525 verba
3000 1462 3110 1524 illa
3132 1508 3150 1538 ,
3174 1478 3292 1524 seu
3318 1462 3532 1538 potius

241 1563 366 1623 iota
396 1558 705 1639 pericopa
737 1581 755 1621 ι
790 1558 971 1622 nulla
999 1560 1167 1621 enim
1198 1563 1296 1622 est
1320 1559 1458 1639 ejus
1490 1561 1578 1622 rei
1612 1561 1755 1625 vola
1787 1568 1898 1622 aut
1930 1562 2267 1640 vestigium
2298 1563 2363 1624 in
2394 1563 2541 1624 totis
2567 1565 2856 1643 quinque
2885 1562 3163 1624 homiliis
3194 1578 3233 1625 a
3258 1562 3535 1640 septima

240 1660 317 1724 ad
360 1661 844 1734 duodecimam,
883 1661 949 1721 in
985 1662 1222 1740 quibus
1255 1668 1369 1725 aut
1402 1679 1486 1722 ex
1520 1662 1851 1740 preposito
1889 1661 2221 1741 Evangelii
2252 1668 2428 1729 textu
2473 1669 2758 1742 poterat,
2785 1666 2898 1725 aut
2931 1674 3047 1741 pro
3078 1680 3148 1724 re
3178 1668 3330 1725 nata
3354 1660 3538 1742 ejus-

238 1763 405 1827 modi
437 1781 659 1827 sermo
690 1762 1017 1826 incidisse.
1048 1763 1127 1823 Et
1155 1768 1367 1824 tamen
1402 1765 1487 1826 ita
1518 1764 1636 1824 sibi
1669 1765 1970 1826 universa
2008 1765 2319 1825 orationis
2350 1765 2551 1825 series
2582 1765 2893 1838 cohaeret,
2927 1771 2995 1825 ut
3026 1766 3161 1842 ipse
3193 1762 3536 1843 Origenes,

238 1866 473 1931 nedum
510 1864 649 1945 ejus
678 1868 999 1943 interpres
1028 1866 1111 1927 ab
1143 1880 1220 1927 ea
1250 1882 1319 1935 se
1371 1864 1807 1944 disputatione
1845 1865 2212 1928 cohibuisse
2245 1865 2556 1926 videatur.
2588 1865 2707 1931 Sed
2740 1883 2952 1943 neque
2994 1864 3056 1925 in
3103 1864 3350 1926 caeteris
3374 1906 3393 1939 ,
3424 1865 3538 1926 ubi

240 1968 600 2049 peregrinis
630 1967 695 2028 in
727 1967 884 2029 locis
916 1968 1344 2031 Prascursoris
1382 1967 1490 2028 ille
1518 1967 1722 2029 saltus
1753 1968 2083 2046 laudatur,
2114 1970 2409 2031 invenire
2436 1978 2529 2031 est
2556 1984 2697 2031 eam
2729 1971 3153 2034 sententiam:
3181 1976 3252 2031 ut
3280 1971 3538 2033 tandem

241 2070 687 2141 subdubitarit
715 2067 1195 2143 Tillemontius,
1226 2085 1379 2128 num
1413 2066 1512 2128 has
1546 2067 1701 2145 ipsae
1738 2069 1899 2138 siut,
1942 2086 2106 2143 quas
2139 2069 2577 2149 Hieronymus
2608 2069 2838 2144 vertit,
2872 2069 3144 2130 Ruﬁnus
3194 2070 3494 2149 suggillet
3520 2117 3540 2147 ,

238 2171 538 2235 Humilia
586 2169 887 2248 Origenis
939 2168 1005 2230 in
1054 2169 1321 2229 Lucam.
1356 2167 1595 2229 Verum
1635 2167 1815 2228 nulla
1850 2166 1990 2246 ejus
2041 2168 2462 2231 dubitationis
2497 2172 2594 2229 est
2638 2168 2834 2243 ratio,
2881 2164 3436 2231 consentientibus
3471 2170 3538 2231 in

236 2275 377 2356 ejus
422 2271 980 2351 interpretationis
1026 2268 1519 2350 germanitatem
1567 2268 1834 2347 reliquis
1881 2269 2179 2329 omnibus
2229 2286 2376 2331 cum
2423 2269 2569 2330 facti
2631 2268 2950 2349 adjunctis
2979 2312 2997 2346 ,
3053 2276 3186 2330 tum
3233 2270 3541 2331 Veterum

241 2372 662 2438 monimentis
691 2388 769 2433 ac
802 2369 1206 2433 testimoniis.
1237 2369 1379 2431 Jam
1407 2386 1563 2431 vero
1598 2376 1873 2446 tempus,
1909 2386 2039 2447 quo
2069 2369 2429 2431 versionem
2456 2370 2625 2431 hanc
2654 2387 2840 2433 suam
2862 2370 3201 2435 adornavit
3226 2370 3291 2431 Β.
3330 2371 3539 2444 Pater,

244 2476 306 2539 in
332 2492 584 2537 annum
622 2472 1092 2551 octogesimum
1140 2487 1382 2531 nonum
1432 2485 1633 2547 supra
1683 2468 2244 2545 trecentesimum,
2292 2469 2507 2529 verius
2543 2478 2739 2546 quam
2788 2477 2860 2530 ut
2908 2470 3104 2549 vulgo
3146 2471 3425 2545 obtinet,
3472 2471 3541 2531 in

243 2579 679 2656 superiorem,
706 2573 1114 2654 conjecerim.
1145 2572 1334 2633 Hunc
1365 2587 1592 2651 nempe
1622 2570 1874 2632 videtur
1907 2572 2040 2648 ipse
2070 2570 2355 2632 indicare
2382 2570 2445 2630 in
2469 2570 2801 2651 Catalogo,
2836 2572 2944 2632 ubi
2975 2573 3191 2633 statim
3219 2589 3258 2634 a
3291 2573 3538 2653 Didymi

248 2678 417 2742 libro
448 2675 528 2737 de
554 2675 799 2756 Spiritu
834 2681 1095 2750 sancto,
1131 2690 1322 2752 quem
1359 2672 1597 2749 pariter
1633 2671 1861 2732 Latine
1890 2670 2240 2733 reddidisse
2278 2669 2397 2730 hoc
2426 2687 2624 2744 anno,
2656 2670 3136 2747 constituimus,
3175 2672 3540 2733 versionem

244 2779 412 2850 hanc
446 2778 884 2841 Homiliarum
917 2780 1254 2839 memorat.
1286 2773 1355 2836 1d
1396 2775 1605 2854 ipsum
1651 2773 1863 2834 innuit
1889 2779 1949 2832 et
1983 2771 2478 2852 precedeutium
2533 2772 2829 2850 proxime
2875 2771 3161 2851 Operam
3210 2774 3442 2847 series,
3478 2777 3545 2835 et

243 2881 571 2962 pt‘wcipue
607 2880 684 2941 de
713 2861 926 2952 Locis,
957 2882 1021 2939 et
1054 2876 1130 2938 de
1155 2874 1493 2939 Hebraicis
1522 2874 1901 2935 Nominibus
1932 2874 2112 2948 libri,
2149 2888 2312 2951 quos
2343 2874 2419 2935 ad
2455 2873 2854 2951 superiorem
2881 2872 3003 2935 388
3025 2872 3311 2936 diximus
3340 2879 3546 2954 perli-

246 3000 421 3047 nere.
457 2984 733 3045 Domum
766 2980 938 3059 quod
965 2980 1232 3058 ipsemet
1260 2977 1324 3039 in
1349 2977 1619 3058 prologo
1649 2974 1919 3054 hujusce
1952 2975 2510 3051 interpretationis
2540 2980 2837 3047 testatur,
2868 2976 3347 3037 Prcetermisisse
3373 2994 3547 3056 pou-

246 3084 445 3151 hilum
472 3084 941 3151 Hebraicarum
969 3081 1396 3156 Qumtionum
1423 3075 1642 3150 libros,
1669 3085 1739 3137 ut
1766 3075 1848 3136 ad
1876 3072 2215 3137 arbitrium
2243 3074 2458 3136 Paula:
2487 3083 2545 3134 et
2589 3074 2927 3137 Eustachii
2972 3075 3308 3139 lucrativis
3339 3077 3547 3157 operis

244 3183 393 3260 hac,
425 3183 1105 3265 qualiacumquesunt,
1140 3194 1271 3241 non
1297 3194 1436 3248 sua,
1487 3174 1594 3238 sed
1644 3174 1847 3238 aliena
1892 3174 2185 3238 dictaret.
2237 3174 2380 3249 Quo
2429 3174 2691 3252 quidem
2743 3175 2807 3235 in
2864 3177 3005 3239 loco
3051 3176 3297 3239 fallitur
3344 3178 3548 3240 Tllle‘

250 3285 540 3349 montius
568 3281 927 3361 splendide.
959 3294 1107 3341 eum
1142 3278 1264 3339 hac
1292 3275 1433 3355 ipsa
1462 3275 1539 3336 de
1564 3290 1761 3335 causa
1795 3272 2208 3351 indiligentiae
2235 3272 2300 3333 in
2334 3272 2467 3333 suis
2504 3273 2913 3335 recensendis
2957 3272 3036 3335 ad
3061 3277 3267 3337 astatis
3297 3292 3550 3355 praero-

254 3384 532 3463 gativam
558 3381 815 3460 scriptis
835 3425 853 3456 ,
882 3379 1349 3457 Hieronymum
1371 3380 1635 3436 accusat
1655 3417 1672 3445 ,
1697 3373 1869 3451 quod
1902 3373 2196 3451 pluribus
2229 3371 2580 3451 interjcctis
2610 3380 2751 3453 post
2776 3374 3175 3448 Qumstiones
3197 3377 3548 3443 Hebraicas

252 3486 316 3547 in
348 3483 636 3549 Genesin
670 3482 880 3556 libris,
913 3481 1106 3543 hasce
1133 3480 1386 3540 demum
1415 3476 1731 3536 Homilias
1764 3492 1894 3535 non
1932 3492 2053 3536 suo
2084 3476 2224 3535 loco
2257 3481 2583 3554 sapputet.
2620 3477 2701 3536 At
2747 3494 2892 3539 cum
2939 3477 3030 3541 ait
3070 3477 3543 3561 Hieronymus,

250 3585 654 3661 Qumstiones
711 3578 1065 3643 Hebraicas
1121 3598 1189 3641 se
1243 3577 1581 3658 paululum
1639 3574 2094 3645 intermisisse,
2149 3580 2217 3636 ut
2276 3575 2451 3641 hisce
2489 3577 2984 3655 interpretandis
3037 3598 3121 3642 ex
3167 3581 3546 3647 Adamantio

255 3691 561 3750 vacaret:
602 3682 736 3764 jam
773 3701 924 3755 non,
965 3688 1033 3743 ut
1066 3680 1227 3743 falso
1278 3679 1727 3740 Tillemontius
1781 3682 1997 3756 putat,
2041 3676 2442 3750 Quzestiones
2493 3677 2848 3741 Hebraicas
2895 3683 2958 3740 in
3011 3681 3290 3745 Genesin
3346 3685 3548 3763 dixit,

255 3798 415 3865 quas
464 3782 711 3864 pridem
765 3776 1179 3860 vulgaverat,
1218 3776 1330 3840 sed
1378 3778 1587 3853 ἁπλῶς,
1631 3774 2062 3852 Quaestionum
2107 3772 2567 3837 llcbraicarum
2601 3776 2840 3851 libros,
2894 3788 3048 3858 puta
3108 3784 3174 3843 in
3230 3786 3548 3863 reliquam

254 3889 685 3968 Scriptorum,
722 3884 893 3964 quod
921 3900 1084 3961 Opus
1110 3882 1220 3943 diu
1254 3899 1384 3960 prie
1412 3868 1710 3940 manibus
1749 3878 2009 3952 habuit,
2063 3883 2126 3938 et
2176 3878 2382 3956 longa)
2434 3896 2631 3942 morte
2660 3882 2844 3944 ttedio
2892 3883 3166 3948 fortasse
3200 3888 3393 3949 etiam
3442 3908 3550 3953 re-

253 3993 447 4070 spuit.
482 3989 622 4051 Hoc
656 4004 812 4049 vero
838 3972 1368 4046 Animadvertisse
1395 3978 1881 4041 Tillemontium
1912 3992 2183 4055 necesse,
2206 3986 2365 4051 erat,
2402 3994 2481 4042 ne
2511 3981 2681 4058 quod
2717 3981 2926 4046 facere
2952 3990 3149 4060 amat,
3182 3987 3551 4069 diligentis-

254 4094 484 4155 simum
513 4092 894 4169 scriptorem
933 4088 1250 4148 immerito
1278 4084 1700 4162 redargueret
1734 4082 2024 4143 incurias.
2814 4128 2819 4129 ,

332 4195 621 4258 Gradum
651 4192 801 4252 hinc
832 4190 1099 4252 iacimus
1132 4185 1208 4249 ad
1239 4181 1745 4247 Commentarios
1783 4181 1845 4239 in
1875 4187 2156 4260 quatuor
2185 4180 2362 4242 Pauli
2391 4179 2710 4259 Epistolas
2734 4228 2750 4258 ,
2784 4181 2850 4243 in
2881 4200 3042 4261 quas
3074 4185 3333 4264 scripsit
3363 4191 3555 4254 unice

258 4297 315 4359 S.
344 4300 561 4373 Pater,
593 4289 1171 4372 recognoscendas.
1204 4286 1612 4349 Aberrabant
1636 4280 1878 4344 scilicet
1903 4280 1953 4344 a'
1978 4298 2127 4349 vero
2161 4280 2572 4361 longissime,
2602 4284 2714 4360 qui
2754 4290 2953 4345 totum
2999 4286 3197 4351 fuisse
3240 4292 3353 4352 abs
3383 4293 3554 4356 Hie-

254 4416 526 4479 ronymo
553 4393 936 4473 Apostoium
966 4385 1455 4451 Commentariis
1490 4384 1904 4444 illustratum.
1933 4379 2066 4459 jam
2116 4381 2260 4442 inde
2296 4397 2333 4441 a
2369 4380 2754 4443 Cassiodorii
2791 4389 2973 4447 astate
3021 4388 3314 4451 arbitrati
3351 4400 3499 4453 sunt
3534 4418 3550 4458 :

255 4501 420 4563 unde
457 4498 565 4559 hic
595 4495 703 4559 diu
736 4492 1142 4569 multumque
1169 4488 1234 4548 in
1262 4484 1530 4564 reliquis
1582 4481 2026 4561 perquirendis
2076 4481 2315 4543 frustra
2358 4481 2714 4544 desudavit.
2753 4484 3087 4560 lmpOSllii,
3120 4488 3376 4566 Opinor,
3410 4497 3551 4554 stu-

256 4584 448 4663 diosis
491 4597 644 4658 viris
675 4596 855 4657 locus
888 4592 994 4653 ille
1032 4588 1283 4669 prologi
1314 4584 1577 4647 alterius
1612 4580 1847 4643 libri-in
1879 4578 2078 4661 Epist.
2119 4578 2194 4642 ad
2231 4579 2564 4657 Ephesios,
2605 4581 2711 4641 ubi
2751 4583 3046 4643 absolute
3080 4585 3166 4645 ait
3197 4586 3257 4646 S.
3292 4584 3550 4666 Doctor,

256 4702 448 4766 Pauli
476 4696 814 4779 Epistolas
839 4708 1139 4754 conamur
1165 4703 1473 4766 exponere
1505 4704 1524 4744 :
1555 4700 1630 4745 ac
1658 4682 1732 4743 de
1754 4682 2073 4744 universis
2107 4681 2342 4742 dictum
2370 4687 2781 4757 acceperunt,
2811 4682 2979 4759 quod
3010 4683 3113 4744 ille
3139 4685 3214 4746 de
3240 4686 3338 4749 his
3365 4692 3552 4752 modo

258 4822 415 4883 quas
450 4777 731 4863 habebat
783 4813 915 4874 prie
960 4792 1292 4859 manibus,
1321 4785 1505 4847 dixit.
1540 4782 1896 4844 Accesserit
1927 4781 2013 4883 ad
2040 4779 2326 4883 fraudem
2363 4777 2717 4883 faciendam
2764 4778 3018 4883 falsoin
3051 4786 3331 4862 antiquis
3372 4788 3551 4852 libris

258 4880 654 4982 Hieronymo
673 4898 989 4975 ascriptus
1009 4886 1421 4956 Commentari
1429 4904 1498 4946 us
1511 4886 1579 4947 in
1601 4898 1805 4944 omnes
1827 4881 2015 4943 Pauli
2035 4880 2388 4960 Epistolas,
2407 4880 2519 4943 illa
2538 4899 2681 4958 quae
2704 4881 2890 4943 estad
2916 4882 3217 4946 Hebraeos
3234 4898 3499 4967 excepta
3528 4916 3543 4953 :

255 5010 425 5090 quod
454 5014 672 5069 tamen
702 5002 881 5079 Opus
912 5002 1156 5059 tantum
1186 4993 1367 5056 abest
1406 4996 1472 5051 ut
1507 4986 2094 5090 Hieronymi,quin
2133 4986 2325 5044 immo
2354 4986 2438 5090 sit
2462 4984 2873 5090 iniensissimi
2912 4987 3052 5066 ejus
3081 4988 3280 5051 hostis
3312 4992 3551 5072 Pelagii

258 5087 483 5176 nefarii
516 5101 989 5173 haeresiarchas,
1014 5096 1195 5176 cujus
1225 5094 1301 5154 ad
1334 5091 1777 5154 declinandam
1812 5087 2114 5151 invidiam
2148 5088 3049 5169 nominis,Hieronymianum
3080 5094 3554 5158 substituerunt

258 5212 530 5286 librarii,
560 5222 842 5288 quorum
880 5209 942 5263 et
972 5196 1451 5262 vendibiliorem
1502 5208 1642 5253 esse
1674 5206 1952 5257 mercem
2005 5188 2332 5250 intererat.
2367 5187 2485 5248 Sed
2513 5188 2889 5267 jamdudum
2927 5190 3149 5252 fraude
3180 5194 3447 5265 detecta,
3488 5199 3553 5259 in

257 5323 652 5399 postremum
687 5313 929 5367 tomum
960 5302 1127 5362 inter
1156 5295 1565 5374 supposititia
1594 5289 2007 5355 amandatum
2044 5292 2163 5366 est,
2192 5308 2436 5368 nosque
2474 5290 2555 5350 ibi
2590 5308 2708 5349 suo
2737 5294 3215 5357 recensebimus
3249 5296 3417 5359 loco.
3441 5299 3554 5362 His

256 5390 452 5499 igitur
496 5417 783 5491 quatuor
814 5406 1130 5466 duntaxat
1176 5396 1572 5476 explicandis
1610 5392 1991 5459 industriam
2032 5391 2541 5499 s‘uam.pr-ob.avit
2584 5390 3039 5499 Hieronymus.
3076 5396 3172 5455 Ab
3214 5414 3290 5457 ea
3333 5407 3551 5462 antem

258 5491 401 5598 q-um
431 5513 669 5579 ultimo
700 5509 847 5570 loco
875 5508 1013 5565 erat
1044 5501 1119 5563 ad
1156 5498 1619 5568 Philemonem,
1652 5494 1905 5554 initium
1943 5491 2259 5554 scribendi
2303 5491 2466 5555 fecit.
2498 5494 2568 5550 ut
2596 5510 2833 5553 morem
2867 5494 3079 5557 Paulze
3107 5502 3163 5556 et
3196 5496 3549 5564 Eustochio

260 5594 510 5705 gereret
538 5637 555 5676 :
587 5630 763 5694 qum,
795 5614 863 5671 ut
892 5607 1028 5689 ipse
1053 5604 1244 5666 tradit
1276 5599 1494 5680 primis
1527 5598 1982 5661 Commentarii
2026 5594 2260 5669 verbis,
2295 5598 2696 5655 recusantem
2724 5613 2793 5657 se
2823 5596 3061 5657 obnixe
3088 5598 3149 5657 in
3182 5600 3360 5662 Pauli
3399 5605 3553 5683 Ερὶο

258 5697 456 5788 italus
481 5718 796 5786 scribere,
826 5710 1040 5774 saltem
1066 5724 1352 5790 parcam,
1374 5711 1431 5768 et
1459 5722 1592 5784 qua:
1616 5710 1684 5762 ut
1713 5704 1969 5763 numero
2000 5714 2307 5774 versuum,
2344 5697 2435 5758 ita
2454 5715 2637 5759 sensu
2662 5717 2904 5779 quoque
2938 5708 2997 5760 et
3023 5702 3244 5764 ordine
3265 5705 3548 5774 uidebas

260 5810 367 5895 iur
391 5829 705 5896 extrema,
730 5821 803 5881 ut
827 5808 1176 5891 dissereret,
1204 5812 1557 5890 coegerunt.
1584 5805 1854 5887 Brevem
1878 5800 2175 5899 libellum
2207 5816 2363 5881 una,
2395 5806 2469 5877 ut
2499 5814 2613 5882 par
2647 5805 2745 5867 est
2771 5803 3058 5897 credere,
3088 5802 3547 5883 lucubratiun-
