4004 6332
451 337 518 398 l5
1702 347 1760 402 S.
1801 343 2070 403 EUSEBII
2113 341 2496 401 HlERONYMl
3671 342 3739 404 16

447 458 594 519 eula
625 455 904 520 absolvit
933 476 948 519 :
983 458 1329 538 statimque
1361 459 1441 522 ad
1475 475 1614 522 eam
1650 461 1902 522 transiit
1931 461 2401 541 exponendam,
2437 476 2579 538 quas
2608 456 2855 523 Galatls
2885 457 3194 542 inscripta
3229 466 3324 525 est
3356 482 3370 523 :
3406 462 3606 524 Pauci
3634 461 3748 524 ad-

444 559 719 637 modum,
749 560 839 623 ait
868 560 1004 640 ipse
1040 561 1105 622 in
1139 561 1435 642 prologo,
1467 560 1598 622 dies
1631 569 1801 636 sunt,
1830 581 1909 622 ea:
1939 580 2057 642 quo
2095 561 2455 640 Epistulam
2483 561 2672 623 Pauli
2701 563 2784 623 ad
2824 562 3235 624 Philemonem
3265 563 3748 642 interpretatus,

442 659 527 724 ad
557 659 816 723 Galatas
846 661 1370 724 transcenderant.
1402 663 1637 724 Tribus
1662 681 1824 742 opus
1855 662 2018 724 istud
2059 662 2238 723 libris
2269 662 2772 741 comprehendit,
2805 663 2871 723 in
2905 662 3138 741 quibus
3169 670 3242 724 ut
3272 664 3397 724 sint
3426 680 3583 725 sane
3612 682 3750 724 om-

445 761 554 824 nia
584 778 729 841 quas
756 767 983 824 auctor
1007 761 1324 833 edisserit,
1356 762 1543 824 utilia
1570 779 1714 824 cum
1745 761 1970 841 primis
2005 766 2201 840 atque
2233 761 2534 832 illustria,
2571 762 2840 841 insignis
2878 762 2986 822 ille
3022 762 3617 841 prmmonstrandus
3649 768 3751 825 est

443 864 654 940 locus,
681 863 791 924 ubi
834 861 911 923 ad
943 877 1084 942 cap.
1118 879 1174 936 ι,
1203 879 1372 925 vers.
1401 861 1474 937 lt,
1509 863 1587 925 de
1611 845 1726 927 ubi:
1760 863 1940 925 varia
1967 861 2437 942 signiﬁcatione
2479 868 2541 924 et
2571 864 2895 944 scriptura
2939 865 3225 943 disputat
3257 885 3270 924 :
3320 882 3452 942 quo
3489 883 3619 925 uno
3665 865 3750 927 ab

444 965 691 1028 enormi
727 964 1061 1026 luxatioue
1093 981 1268 1026 nunc
1297 965 1573 1044 primum
1608 981 1646 1027 a
1677 963 1859 1025 nobis
1892 964 2212 1039 restituto,
2244 980 2437 1025 verus
2470 963 2754 1039 tandem,
2783 965 2967 1044 isque
2994 966 3511 1045 elegantissimus
3539 965 3750 1026 elucet

443 1068 508 1129 S.
545 1066 835 1128 Doctoris
868 1084 1125 1140 sensus,
1155 1065 1425 1145 ejusque
1454 1084 1707 1130 summa
1733 1068 2152 1130 Hebraaarum
2179 1066 2539 1128 litterarum
2572 1068 2800 1148 peritia
2831 1073 3055 1130 contra
3085 1070 3472 1132 aemulorum
3505 1068 3750 1131 calum-

449 1167 618 1241 nias,
648 1183 793 1245 qum
822 1166 1090 1245 integris
1118 1174 1416 1228 constant
1443 1167 1647 1241 libris,
1679 1169 2012 1229 asseritur.
2053 1167 2301 1227 Rursus
2327 1175 2472 1245 post
2497 1184 2735 1245 paucos
2769 1166 2897 1230 dies
2933 1169 3016 1230 ab
3049 1185 3126 1228 eo
3154 1167 3634 1230 Commentario
3668 1167 3749 1230 ad

447 1266 829 1346 inscriptam
855 1265 1154 1346 Ephesiis
1193 1266 1544 1344 Epistulam
1580 1266 2038 1341 eruat-randum,
2075 1265 2614 1342 quemadmodum
2647 1267 2710 1326 in
2741 1265 3112 1346 praefatione
3148 1273 3446 1341 testatur,
3476 1283 3543 1326 se
3579 1283 3748 1327 con-

443 1369 614 1429 tulit.
644 1366 782 1428 Hoc
816 1369 1032 1428 autem
1064 1366 1128 1426 in
1156 1382 1353 1444 opere
1382 1365 1472 1428 ita
1507 1365 1625 1426 sibi
1665 1365 1912 1425 videtur
1940 1365 2404 1443 perplacuisse,
2443 1369 2514 1423 ut
2545 1382 2624 1424 ex
2659 1381 2736 1424 eo
2766 1364 3044 1424 voluerit
3072 1364 3422 1441 aliquando
3452 1382 3634 1424 suam
3667 1362 3752 1424 ti-

443 1465 613 1539 dem,
652 1482 797 1543 quw
828 1464 1065 1528 favoris
1102 1465 1166 1525 in
1200 1463 1545 1544 Origenem
1583 1465 1927 1525 notabatur
1955 1465 2035 1523 ab
2071 1463 2346 1534 aemulis,
2379 1462 2704 1525 mstimari.
2748 1463 3039 1542 Denique
3073 1464 3150 1526 ad
3187 1464 3400 1523 Titum
3437 1480 3582 1541 qua:
3634 1464 3747 1526 in-

441 1565 775 1642 scribitur,
807 1565 1002 1645 paulo
1044 1568 1187 1643 post
1223 1563 1400 1626 brevi
1429 1563 1907 1626 Commentario
1941 1561 2264 1639 exposuit.
2303 1561 2581 1639 Tempus
2637 1562 2770 1642 ipse
2805 1560 3102 1641 designat
3149 1559 3230 1621 ad
3277 1561 3504 1638 capitis
3550 1561 3740 1639 primi

439 1681 700 1728 versum
732 1663 1166 1736 undecimum,
1202 1661 1315 1724 ubi
1353 1679 1422 1724 se
1454 1661 1546 1724 ait
1576 1681 1591 1720 :
1621 1661 1786 1724 Ante
1807 1679 2047 1742 paucos
2081 1678 2312 1721 menses
2355 1659 2481 1720 tria
2526 1659 2851 1722 volumina
2898 1659 2969 1720 in
3015 1660 3328 1740 Epistolas
3355 1659 3437 1720 ad
3484 1659 3750 1722 Galatas

437 1761 884 1843 explanatione
916 1761 1204 1825 dictasse.
1227 1761 1370 1822 Jam
1403 1777 1558 1822 vero
1587 1779 1668 1821 ex
1702 1766 1831 1822 tota
1865 1759 2362 1838 Expositionum
2400 1758 2666 1820 istarum
2698 1760 2864 1821 serie
2892 1759 3251 1838 colligimus
3281 1807 3298 1839 ,
3335 1757 3415 1820 ad
3446 1759 3748 1823 eumdem

449 1879 673 1924 omnes
706 1878 951 1924 annum
979 1861 1330 1941 pertinere,
1371 1860 1556 1940 cujus
1592 1865 1654 1923 et
1689 1877 1931 1940 paucos
1971 1876 2221 1920 menses
2257 1860 2626 1938 explevisse
2653 1905 2670 1935 ,
2703 1861 3020 1924 subducta
3071 1861 3586 1942 uniuscujusque
3635 1879 3751 1926 ra-

441 1948 651 2035 tione,
681 1966 1080 2040 compertum
1111 1966 1232 2024 est.
1261 1961 1387 2036 Qui
1418 1967 1636 2023 autem
1686 1960 1782 2022 his
1817 1960 2078 2040 proprie
2117 1958 2335 2033 fuerit,
2367 1977 2448 2020 ex
2488 1976 2565 2020 eo
2594 1977 2785 2038 quem
2814 1960 2879 2021 in
2917 1960 3227 2038 Catalogo
3258 1961 3552 2022 obtinent
3580 1961 3749 2036 loco,

447 2063 554 2126 ubi
583 2062 1060 2138 Quatstionibus
1093 2062 1160 2124 in
1193 2062 1494 2126 Genesim
1530 2062 1824 2141 proxime
1870 2067 2360 2141 praaponuntur,
2406 2060 2591 2122 facile
2620 2062 2962 2140 intelligas.
2997 2063 3220 2140 quue
3267 2063 3472 2143 magis
3504 2064 3752 2126 contir-

446 2182 582 2227 mes
619 2163 988 2227 testimonio
1022 2162 1196 2243 quod
1244 2163 1440 2225 habes
1474 2163 1542 2224 in
1571 2180 1715 2241 cap.
1751 2179 1783 2222 ν
1813 2161 2014 2242 Epist.
2047 2161 2125 2222 ad
2170 2159 2510 2239 Ephesios,
2543 2161 2652 2220 ubi
2686 2178 2763 2221 eo
2795 2161 2933 2239 ipso
2967 2166 3255 2240 tempore
3300 2161 3747 2235 Quaestionum

438 2262 911 2325 Hebraicarum
947 2278 1108 2340 opus
1141 2261 1351 2321 moliri
1381 2278 1451 2323 se
1478 2261 1694 2322 animo
1725 2259 2085 2339 proﬁtetur.
2118 2258 2179 2320 Si
2221 2266 2396 2322 recte
2422 2259 2618 2339 igitur
2653 2261 3101 2322 constituimus
3147 2279 3264 2322 suo
3298 2262 3464 2336 loco,
3496 2262 3572 2322 ad
3620 2283 3750 2326 an-

446 2384 603 2427 num
631 2363 752 2427 388
782 2363 1183 2438 Quiestiones
1220 2362 1571 2425 Hebraicas
1620 2363 1685 2423 in
1724 2361 2027 2424 Genesim
2063 2360 2384 2440 pertinere
2435 2361 2590 2422 istas
2635 2361 2956 2440 superiori
3010 2363 3304 2441 proxime
3347 2366 3747 2443 octogesimo

445 2467 717 2548 septimo
746 2483 946 2545 supra
981 2464 1504 2527 trecentesimum
1533 2462 1935 2538 tribuendas,
1963 2462 2126 2524 nihil
2161 2464 2280 2525 erit
2309 2462 2600 2525 dubium.

519 2569 791 2630 Tomum
826 2565 1046 2645 explet
1075 2563 1436 2645 Appendix,
1464 2581 1611 2645 quas
1635 2563 2040 2627 Breviarium
2075 2565 2140 2626 in
2170 2563 2553 2627 Psalterium
2586 2564 2700 2643 (a),
2734 2564 3024 2643 aliosque
3049 2564 3113 2625 in
3141 2565 3426 2628 Psalmos
3463 2567 3745 2631 Tracta-

441 2674 546 2732 tus
574 2668 738 2731 falso
769 2669 1085 2746 ascriptus
1118 2666 1516 2746 Hieronymo
1544 2664 1857 2740 continet,
1886 2663 1963 2725 de
1995 2665 2232 2742 quibus
2264 2663 2328 2724 in
2361 2664 2672 2742 peculiari
2703 2664 2780 2725 iis
2813 2663 3074 2741 praeﬁxa
3106 2664 3550 2728 Admonitione
3580 2667 3741 2730 satis

437 2771 826 2848 abundeque
849 2769 1156 2832 diximus.
1195 2768 1544 2844 Reliquum
1581 2767 1769 2829 modo
1801 2771 1896 2829 est
1927 2785 2150 2840 unum,
2186 2772 2256 2828 ut
2285 2767 2548 2846 quando
2576 2784 2703 2827 non
2735 2765 2962 2828 ultima
2996 2766 3482 2848 Hieronymiani
3516 2770 3745 2832 nomi-

436 2873 538 2933 nis
566 2872 708 2933 laus
739 2875 878 2932 est:
914 2868 1323 2948 Principibus
1343 2867 1656 2946 placuisse
1693 2869 1851 2930 viris
1871 2889 1892 2938 ;
1924 2868 2094 2932 hanc
2127 2869 2292 2932 scias
2325 2869 2670 2931 editionem
2700 2876 2986 2930 nostram
3015 2870 3247 2931 debere
3280 2871 3629 2948 plurimum
3665 2875 3745 2933 it-

435 2968 826 3032 lustrissimo
852 2973 1090 3029 nostris
1127 2967 1319 3046 hujus
1354 2967 1662 3029 Ecclesiae
1693 2967 1978 3045 pontifici
2011 2969 2111 3029 Jo.
2145 2969 2564 3041 anesoeno,
2597 2969 2709 3048 qui
2736 2985 2878 3029 eam
2909 2973 2971 3028 et
3006 2985 3256 3032 summa
3303 2971 3544 3047 pridem
3591 2990 3744 3035 cum

433 3067 831 3146 benignitate
861 3064 1136 3144 excepit,
1168 3072 1230 3127 et
1264 3066 1564 3145 praesidio
1614 3066 2035 3128 humanitatis
2084 3085 2220 3129 suae
2262 3067 2416 3128 fovit
2464 3066 2791 3146 :denique
2837 3073 2900 3128 et
2952 3067 3013 3127 in
3068 3069 3314 3146 praamii
3364 3070 3509 3133 fecit
3556 3089 3741 3150 spem

437 3168 624 3248 erigi.
653 3165 838 3242 Quod
871 3184 993 3247 ego
1023 3185 1150 3228 non
1185 3173 1310 3227 tam
1345 3183 1421 3226 eo
1458 3164 1600 3226 dico
1636 3166 1881 3238 animo,
1912 3173 1984 3228 ut
2008 3165 2337 3244 publicum
2384 3165 2620 3228 favoris
2667 3164 2806 3244 ejus
2843 3165 3307 3228 monimentum
3337 3184 3464 3231 mre
3491 3189 3744 3250 peren-

435 3266 584 3327 nius
611 3270 867 3326 exstare
901 3264 1114 3337 velim,
1147 3281 1345 3341 quam
1385 3270 1453 3322 ut
1493 3263 1807 3326 litteratus
1853 3264 2027 3325 orbis
2073 3264 2212 3342 ejus
2259 3264 2711 3342 prolixissimte
2746 3263 2824 3323 in
2873 3264 3122 3326 litteras
3155 3266 3475 3330 voluntati
3530 3270 3747 3338 fausta

432 3363 654 3424 omnia
678 3367 998 3440 precetur,
1025 3366 1088 3422 et
1119 3360 1366 3438 majora
1400 3362 1466 3420 in
1498 3360 1629 3422 dies
1659 3371 1872 3440 speret
1898 3363 2184 3425 scientias
2209 3380 2284 3425 ac
2312 3363 2567 3443 pietatis
2597 3363 3016 3425 incrementa.

501 3511 580 3584 (α)
622 3509 912 3585 lit-nostrai
940 3506 1196 3564 editionis
1224 3507 1525 3585 appendice
1553 3509 1758 3585 primas
1787 3509 2001 3585 obtinet
2021 3507 2458 3585 Commentarios
2480 3512 2532 3566 itt
2560 3509 2780 3580 Jobum,
2807 3526 2968 3582 quem
2998 3526 3066 3568 eo
3092 3511 3219 3581 loci,
3251 3522 3476 3585 propter
3503 3516 3746 3577 rationes

435 3584 495 3641 in
511 3577 750 3640 exordio
780 3580 950 3650 ipsius
977 3577 1362 3636 commentarii
1390 3577 1685 3649 expositas,
1721 3581 2122 3636 transtulimus.
2157 3583 2308 3637 EDIT.

600 3730 619 3737 -,
672 3736 677 3737 ,
730 3732 1105 3738 μηηημην
1156 3731 3111 3743 υ,ψΜ-Ἢ-,ἸἭ-,μήο-ηημὝή
3276 3739 3327 3744 ᾔ
3438 3740 3597 3745 __.

3430 3767 3663 3777 -Ὗ

1037 3881 1186 3995 8.
1262 3879 1986 3996 EUSEBII
2060 3881 3072 3998 HIERONYM

1534 4076 2104 4140 STRIDONENSIS
2146 4079 2644 4142 PRESBYTERI

1166 4215 1349 4345 ες

443 4455 691 4615 ΙΝ
796 4433 2391 4613 EVANGELIUM
2523 4452 3744 4618 ΜΑΤΤΗᾸΕΙ

1593 4707 1771 4794 AD
1845 4711 2588 4799 EUSEBIUM

1755 4870 1972 4934 LIBRI
2014 4871 2455 4954 annuos,

3629 4817 3721 4844 «4

1759 5108 2404 5284 protegas.

516 5445 1051 5527 1-2Pluresluisse,
1067 5443 1159 5516 qui
1175 5441 1469 5515 Evangelia
1484 5440 1844 5513 scripserunt,
1863 5442 2032 5500 etLu-
2144 5445 2314 5500 conati
2346 5453 2469 5503 sunt
2496 5446 2742 5505 ordinare
2762 5449 3116 5506 narrationem
3143 5465 3337 5519 rerum,
3369 5467 3485 5521 quw
3512 5449 3564 5504 in
3589 5450 3745 5506 nobis

434 5544 870 5615 caseVangelista
890 5538 1366 5607 testatur,dicens:
1390 5537 1648 5602 Quoniam
1663 5537 2045 5607 quidemmulti
2152 5541 2420 5609 completa!
2446 5550 2598 5611 sunt,
2631 5544 2762 5597 sicut
2790 5544 3118 5599 tradiderunt
3146 5545 3292 5598 nobis
3317 5587 3330 5610 ,
3370 5545 3458 5614 qui
3489 5544 3551 5598 ab
3581 5545 3740 5599 initio

515 5688 542 5716 ι
573 5678 681 5732 Sex
732 5691 863 5730 mss.
907 5672 1124 5727 codices
1154 5669 1305 5742 huic
1328 5672 1769 5742 recognoscendo
1817 5671 1869 5726 in
1909 5672 2045 5727 Mat-
2152 5672 2340 5728 Crueis
2363 5673 2414 5727 in
2444 5673 2742 5729 Jerusalem
2773 5675 2841 5729 (le
2865 5675 3029 5732 Urbe.
3057 5674 3190 5732 Tres
3216 5675 3740 5742 Vaticano-Palatini

441 5749 645 5807 tbmum
673 5744 1056 5816 Commentario
1096 5741 1373 5812 suppetias
1407 5741 1680 5816 tulerunt._
1718 5742 1871 5816 Unus
1900 5760 2037 5816 prap-
2147 5744 2383 5816 muneris
2409 5744 2532 5811 176,
2558 5746 2658 5800 177
2687 5759 2741 5801 et
2774 5747 2870 5801 181
2906 5748 3212 5814 prmuotati,
3242 5765 3270 5802 c
3301 5750 3498 5816 quibus
3523 5741 3738 5814 prim-eg

435 5820 626 5898 grandi
657 5818 862 5886 forma,
888 5815 1074 5890 probae
1101 5823 1279 5871 autem
1313 5823 1478 5882 noue,
1509 5828 1575 5870 ex
1602 5813 1940 5872 Bibliotheca
1967 5815 2027 5872 S.
2140 5815 2246 5872 duo
2272 5824 2543 5872 vetustate
2566 5825 2730 5893 atque
2749 5818 3128 5876 emendatione
3154 5813 3410 5892 insignes.
3437 5813 3568 5875 ltcm
3591 5823 3736 5885 alius
