4004 6332
446 351 515 410 l9
1690 349 1750 407 S.
1796 346 2067 408 EUSEBII
2108 348 2489 408 HIERONYMI
3086 340 3093 345 “
3661 346 3736 406 20

447 464 826 521 haereticorum
855 465 1063 520 semina
1096 464 1449 535 pullularent,
1478 463 1748 530 Cerinthi,
1781 463 2027 525 Ebionis,
2059 466 2112 525 Α
2136 464 2368 521 vitreum
2408 471 2464 520 et
2493 470 2730 533 quatuor
2759 462 3012 518 animalia
3041 462 3205 533 plena
3233 456 3411 518 oculis
3438 460 3458 534 (
3486 460 3652 533 Apoc.
3681 477 3737 517 tv

447 566 502 613 et
529 565 854 614 crrterorum
884 557 973 626 qui
1007 566 1206 627 negant
1234 556 1510 612 Christum
1542 557 1596 611 in
1627 571 1794 611 carne
1818 557 2036 611 venisse

452 650 628 718 (quos
672 655 729 703 et
778 650 890 718 ipse
936 648 989 702 in
1038 647 1269 717 epistola
1326 662 1421 701 sua
1477 647 1826 701 antichristus
1880 658 2038 703 vocat

453 738 987 813 ||Joann.n,18],
1040 750 1095 793 ct
1146 739 1423 809 apostolus
1479 738 1677 793 Paulus
1727 741 2038 807 frequenter

447 833 683 899 percutit
714 830 892 905 [Itone
929 847 1011 894 ut;
1046 830 1091 885 ll
1122 830 1240 886 Cor.
1275 830 1375 903 v]),
1405 839 1625 885 coactus
1653 839 1736 885 est
1760 831 1827 884 ab
1863 830 2039 884 omni-

450 924 550 979 bus
573 939 709 994 pene
740 935 873 978 tunc
913 925 1063 979 Asiae
1101 924 1395 995 episcopis,
1433 932 1489 978 et
1523 923 1816 978 multarum
1848 922 2037 979 Eccle-

448 1017 652 1070 siaruni
695 1016 1077 1085 legationibus,
1116 1015 1184 1071 de
1220 1015 1504 1070 divinitate
1541 1015 1839 1070 Salvatoris
1880 1015 2042 1068 altius

450 1109 717 1176 scribere,
739 1117 794 1163 et
814 1108 881 1162 ad
907 1109 1080 1178 ipsum
1105 1109 1187 1179 (ut
1209 1109 1277 1162 ita
1302 1107 1509 1174 dicam)
1533 1108 1626 1162 Dei
1650 1108 1904 1173 Verbum,
1935 1122 2040 1160 non

451 1212 560 1259 tam
589 1202 804 1270 audaci,
832 1216 994 1273 quam
1030 1201 1169 1257 leliei
1197 1202 1505 1256 temeritate
1533 1215 1905 1270 prorumpere.
1932 1208 1956 1236 ἰ
1979 1200 2042 1254 Et

452 1294 835 1351 Ecclesiastica
887 1304 1070 1350 narrat
1099 1294 1346 1358 historia,
1381 1309 1502 1348 cum
1534 1309 1564 1349 a
1596 1293 1852 1348 fratribus
1883 1309 2044 1364 coge-

454 1397 607 1443 retur
635 1398 696 1442 ut
736 1389 1032 1451 scriberet,
1079 1387 1153 1441 ita
1185 1386 1448 1442 facturum
1482 1400 1541 1440 se
1571 1386 1923 1455 respondisse
1944 1427 1957 1450 ,
1998 1386 2042 1439 si

455 1479 659 1535 indicto
684 1481 894 1548 jejunio
934 1479 989 1533 in
1015 1493 1302 1535 commune
1330 1492 1520 1555 omnes
1553 1479 1718 1532 Deum
1752 1492 2043 1548 precaren-

454 1582 545 1628 tur
579 1571 694 1645 [ΑΙ.
728 1569 1186 1644 deprecarentur]
1216 1589 1229 1625 :
1262 1586 1370 1641 quo
1416 1571 1634 1640 expleto
1662 1611 1679 1637 ,
1712 1570 2046 1625 revelatione

454 1675 757 1729 saturatos,
782 1666 837 1719 in
852 1664 984 1720 illud
1002 1664 1325 1733 procemium
1344 1665 1486 1720 ocelo
1503 1664 1725 1719 veniens
1740 1665 2045 1718 eructavit:

454 1758 526 1812 hs
555 1759 810 1828 principio
834 1766 945 1812 erat
971 1755 1212 1817 Verbum,
1241 1764 1291 1811 et
1321 1755 1539 1809 Verbum
1561 1764 1669 1809 erat
1693 1755 1836 1825 apud
1856 1752 2045 1816 Deum,

2141 566 2187 610 et
2213 573 2241 607 ν
2264 556 2303 627 ),
2339 557 2526 610 dicens
2552 573 2566 611 ε
2603 555 2814 610 Animal
2835 556 3057 627 primum
3086 554 3255 609 simile
3281 553 3440 621 leoni,
3467 564 3516 610 et
3544 572 3739 610 secun-

2142 648 2264 701 dum
2287 648 2454 701 simile
2485 648 2662 713 ritulo,
2692 656 2737 700 et
2760 649 2969 701 tertium
2995 647 3165 700 simile
3185 648 3401 713 homini,
3417 656 3464 701 et
3495 660 3741 715 quartum

2142 740 2306 793 simile
2328 738 2519 810 aquin
2543 740 2760 794 volanti.
2798 739 2861 793 Et
2885 747 3008 809 post
3029 738 3301 807 paululum
3329 753 3349 793 :
3380 736 3546 793 Plena
3569 721 3740 806 erant:

2144 829 2347 897 inquit,
2384 829 2548 884 oculis
2566 871 2578 891 ,
2613 840 2659 883 et
2687 830 2915 899 requiem
2945 846 3046 883 non
3072 829 3326 883 habebant
3353 830 3437 883 die
3464 846 3525 884 ac
3552 839 3702 885 nocte
3722 871 3740 903 ,

2146 924 2371 977 dicentia
2400 939 2417 976 :
2459 922 2685 979 Sanctus
2710 968 2724 983 ,
2756 923 2982 977 Sanctus
3002 964 3017 988 ,
3062 923 3287 979 Sanctus
3320 922 3575 979 Dominus
3603 923 3745 980 Deus

2147 1016 2495 1082 amnipotens.
2536 1017 2624 1084 qui
2650 1022 2759 1069 erat
2779 1058 2793 1080 ,
2837 1022 2883 1068 et
2910 1016 3000 1077 qui
3030 1025 3102 1070 est
3127 1057 3141 1080 ,
3192 1026 3239 1069 et
3269 1016 3357 1085 qui
3384 1025 3628 1070 venturus
3669 1024 3746 1071 est

2148 1112 2343 1184 (Apoc.
2377 1129 2456 1181 tv,
2487 1115 2537 1177 7,
2566 1112 2657 1182 8).
2712 1113 2921 1181 Quibus
2948 1114 3159 1167 cunctis
3185 1115 3473 1184 perSpicue
3504 1110 3747 1170 ostendi.

2151 1214 2260 1273 tur,
2305 1222 2533 1279 quatuor
2564 1218 2772 1263 tantum
2810 1208 3100 1278 Evangelia
3143 1209 3346 1269 debere
3395 1208 3633 1279 suscipi,
3692 1218 3748 1266 et

2149 1300 2178 1341 ι)
2197 1317 2386 1357 omnes
2405 1302 2834 1373 apocryphorum
2860 1303 3060 1357 nmnias
3084 1303 3313 1358 mortuis
3344 1304 3512 1374 magis
3531 1304 3750 1360 haereti-

2154 1396 2233 1449 cis
2262 1436 2275 1460 ,
2318 1408 2479 1465 quam
2515 1394 2909 1449 Ecclesiasticis
2948 1395 3091 1448 vivis
3139 1394 3433 1450 canendas.
3492 1395 3749 1467 Satisque

2152 1490 2353 1551 miror,
2386 1499 2408 1527 ο
2430 1484 2639 1543 Eusebi
2668 1487 3041 1557 dilectissime,
3069 1503 3165 1543 cur
3193 1486 3418 1543 Romam
3448 1489 3627 1545 subito
3654 1504 3753 1545 na-

2153 1581 2430 1647 vigaturus
2451 1623 2464 1641 ,
2504 1582 2641 1635 lianc
2679 1579 2774 1634 tibi
2805 1597 2831 1633 a
2865 1597 2951 1634 me
2976 1582 3129 1650 quasi
3154 1578 3181 1617 ει
3211 1579 3486 1641 sitarciam
3509 1580 3626 1638 dari
3652 1596 3753 1637 vo-

2152 1672 2343 1739 lueris,
2373 1682 2428 1726 ut
2451 1672 2756 1726 Mattiirenm
2786 1673 3028 1727 breviter
3048 1688 3350 1743 exponens,
3381 1675 3565 1729 verbis
3586 1674 3755 1731 strin-

2154 1777 2364 1832 gerent,
2391 1762 2644 1817 sensibus
2666 1762 2970 1817 dilatarem.
2998 1764 3052 1817 Si
3077 1764 3418 1819 meminisses
3439 1765 3753 1834 responsio-

459 1861 508 1907 et
533 1851 675 1908 Deus
697 1860 809 1906 erat
828 1851 1055 1905 Verbum
1078 1867 1096 1903 :
1125 1852 1221 1904 hoc
1243 1861 1350 1903 erat
1370 1854 1423 1903 in
1445 1851 1697 1922 principio
1719 1851 1863 1920 apud
1884 1848 2050 1903 Deum
2083 1854 2127 1913 Β
2158 1857 2239 1912 nis
2270 1871 2403 1911 mea:
2430 1901 2443 1922 ,
2476 1872 2771 1926 numquam
2806 1860 2856 1911 in
2889 1857 3073 1923 paucis
3113 1856 3307 1913 diebus
3337 1872 3451 1912 rem
3484 1873 3753 1921 annorum

462 1945 645 2019 (Joon.
671 1949 746 2014 ι).
784 1944 911 2001 "asc
937 1945 1101 2014 igitur
1128 1954 1361 2012 quatuor
1401 1943 1690 2013 Evangelia
1722 1944 1894 1997 multo
1925 1952 2050 1995 ante

458 2039 739 2111 praedicta,
778 2037 1079 2093 Ezechielis
1105 2052 1320 2106 quoque
1346 2036 1594 2090 volumen
1622 2035 1832 2104 probat,
1861 2033 1914 2087 ia
1943 2048 2051 2104 quo

459 2132 632 2201 prima
664 2131 799 2185 visio
840 2131 912 2184 ita
944 2129 1290 2184 contexitur:
1328 2126 1395 2181 Et
1423 2129 1478 2181 in
1508 2127 1677 2180 medio
1705 2129 1834 2179 sicut
1863 2125 2053 2179 simili—-

460 2224 588 2277 tudo
602 2234 821 2293 quatuor
836 2222 1139 2276 animalium
1160 2237 1178 2275 :
1195 2232 1242 2274 et
1254 2220 1423 2274 vultus
1442 2237 1616 2275 eorum
1631 2220 1786 2289 facies
1804 2218 2049 2281 hominis,

460 2328 510 2374 et
537 2320 695 2390 facies
717 2321 899 2383 leonis,
924 2326 972 2372 et
996 2319 1152 2388 {acies
1177 2318 1346 2385 vituli,
1378 2327 1423 2371 et
1447 2319 1603 2388 facies
1624 2317 1815 2387 aquilm
1836 2314 2050 2383 (Ezech.

462 2415 557 2479 1,5
578 2422 627 2466 et
657 2414 773 2471 101.
798 2413 977 2467 Prima
1001 2411 1235 2465 hominis
1257 2409 1423 2464 facies
1436 2410 1746 2464 Matthaeum
1766 2407 2052 2478 signitieat,

462 2506 552 2572 qui
575 2504 728 2573 quasi
750 2503 817 2557 de
843 2501 1065 2557 homine
1110 2516 1335 2559 exorsus
1362 2513 1447 2555 est
1473 2502 1713 2556 scribere
1744 2518 1759 2555 :
1792 2500 1944 2553 Liber
1964 2516 2054 2569 ge—

465 2596 747 2649 nerationis
785 2593 914 2648 Jesu
958 2592 1189 2658 Christi,
1232 2594 1342 2670 ﬁlii
1390 2592 1595 2660 David,
1656 2593 1754 2663 ﬁlii
1794 2591 2056 2646 Abraham

468 2688 694 2758 (Matth.
722 2690 797 2757 ι).
831 2688 1081 2743 Secunda
1111 2688 1347 2742 Marcum
1374 2732 1389 2756 ,
1423 2688 1476 2742 in
1508 2702 1614 2753 quo
1644 2685 1749 2759 [ΑΙ.
1781 2684 1923 2758 qua]
1951 2700 2056 2741 vox

463 2781 641 2836 leonis
669 2782 720 2835 in
752 2794 938 2836 eremo
969 2777 1234 2849 rugientis
1260 2779 1477 2833 auditur
1507 2796 1520 2832 :
1565 2777 1677 2832 νοω
1704 2778 1976 2831 clamantis
2002 2778 2059 2830 in

465 2873 668 2927 deserto
688 2871 796 2944 [AL
826 2871 1041 2944 eremo],
1076 2881 1255 2941 parate
1282 2876 1418 2925 viam
1451 2869 1683 2935 Domini,
1713 2880 1880 2925 rectas
1906 2870 2060 2940 facile

463 2965 670 3020 semitas
700 2969 809 3034 eius
833 2963 1030 3031 (Marc.
1060 2979 1108 3032 ι,
1140 2964 1221 3032 5).
1258 2961 1441 3023 Tertia
1467 2963 1647 3029 vituli,
1676 2979 1797 3039 qua:
1827 2978 2058 3035 evange-

465 3054 646 3121 listam
668 3054 870 3115 Lucam
892 3071 921 3113 a
942 3055 1204 3111 Zacharia
1226 3054 1512 3119 sacerdote
1528 3054 1828 3124 sumpsisse
1848 3055 2056 3115 iuitiutn

466 3137 795 3219 pratigurat.
838 3149 1041 3219 Quarta
1067 3148 1334 3203 Joannem
1364 3149 1753 3218 evangelistam
1783 3189 1796 3213 ,
1846 3150 1937 3218 qni
1967 3162 2056 3202 as-

2155 1958 2389 2021 pctercs.
2421 1949 2662 2005 Primum
2693 1952 2839 2005 enim
2872 1950 3095 2007 difficile
3121 1962 3206 2006 est
3234 1968 3424 2008 omnes
3449 1951 3633 2024 legere
3657 1952 3753 2021 qui

2156 2043 2207 2096 in
2243 2041 2531 2111 Evangelia
2555 2042 2691 2114 7-8
2714 2043 3071 2111 scripserunt.
3124 2042 3331 2098 Deinde
3358 2045 3529 2103 multo
3548 2044 3751 2102 diffici-

2155 2131 2292 2199 lius,
2355 2132 2598 2187 adhiblto
2625 2133 2869 2204 judicio,
2912 2148 3032 2203 quae
3062 2135 3271 2202 optima
3307 2143 3432 2189 sunt
3485 2135 3752 2206 recipere.

2159 2234 2185 2263 ε
2200 2224 2419 2292 Legisse
2447 2241 2531 2279 me
2554 2223 2726 2280 fateor
2747 2233 2871 2281 ante
2900 2238 3070 2281 annos
3092 2226 3354 2297 plurimos
3376 2226 3428 2281 in
3443 2227 3756 2284 blatthzeum

2156 2319 2404 2389 Origenis
2429 2320 2617 2389 viginti
2646 2318 2887 2389 quinque
2919 2321 3187 2375 volumina
3211 2361 3225 2382 .
3262 2328 3319 2375 et
3363 2318 3587 2375 totidem
3636 2319 3757 2391 ejus

2158 2413 2440 2471 llumilias.
2470 2413 2964 2481 eommaticnmque
2988 2414 3451 2480 interpretationis
3472 2427 3673 2483 genus:
3700 2420 3759 2470 et

2157 2503 2441 2573 Tlieopltifi
2460 2502 2818 2558 Antiochenm
2838 2502 2987 2557 urbis
3008 2505 3246 2573 episcopi
3268 2502 3707 2561 Commentarios
3739 2522 3753 2560 :

2160 2598 2435 2667 llippotyti
2465 2608 2680 2667 quoque
2708 2596 2985 2668 martyris,
3015 2604 3071 2651 et
3094 2596 3366 2651 Theodori
3395 2594 3756 2663 lleraeleotaé,

2158 2689 2597 2759 Apollinarisque
2624 2686 2939 2753 Laudiceni,
2964 2704 3026 2743 ac
3048 2688 3259 2760 Didymi
3282 2687 3635 2743 Alexandrini
3661 2704 3676 2753 ;
3701 2698 3760 2745 et

2158 2782 2495 2845 Latinorum,
2534 2780 2748 2845 llilarii,
2788 2781 3070 2845 Victorini,
3098 2776 3118 2821 ί
3150 2779 3524 2836 Fortunatiani
3579 2778 3763 2851 Opus-

2160 2874 2303 2936 cuia,
2336 2890 2365 2928 e
2397 2874 2592 2944 quibus
2629 2873 2843 2929 etiamsi
2874 2888 3035 2941 parva
3068 2887 3377 2949 carperem,
3402 2872 3627 2942 dignum
3658 2870 3763 2928 all-

2161 2966 2290 3035 quid
2320 2966 2577 3019 memoria
2606 2963 2954 3019 scriberetur.
2984 2962 3190 3021 Attuin
3217 2961 3426 3029 duabus
3454 2962 3758 3025 hebdoma-

2167 3062 2350 3124 dibus,
2381 3060 2703 3114 imminente
2721 3058 2833 3127 jatn
2861 3056 3087 3120 Pascha,
3119 3066 3178 3112 et
3199 3056 3532 3125 Spirsntihns
3553 3056 3757 3123 ventis,

2165 3152 2369 3208 dictare
2387 3168 2471 3205 me
2489 3152 2636 3220 cogis
2659 3172 2673 3207 :
2698 3149 2984 3220 utquando
3005 3149 3200 3204 notarii
3219 3149 3513 3221 excipiant,
3539 3149 3761 3219 quando

465 3242 696 3312 sumptis
738 3244 931 3311 pennis
976 3241 1213 3319 aquilae,
1255 3249 1310 3296 et
1336 3240 1403 3295 ad
1433 3240 1623 3296 altiora
1654 3240 1955 3321 festinans,
1988 3241 2058 3297 de
2086 3227 2131 3289 C
2164 3248 2471 3311 scribantur
2488 3245 2788 3312 schedulze,
2814 3244 3030 3315 quando
3051 3243 3433 3307 emendentur,
3457 3260 3565 3313 quo
3586 3241 3767 3311 Spatia

466 3332 650 3389 Verbo
680 3332 773 3389 Dei
804 3332 1066 3403 disputat.
1105 3332 1313 3391 Caetera
1345 3350 1464 3399 quae
1495 3344 1797 3403 sequuntur
1823 3334 1876 3389 in
1907 3350 2061 3391 eum-

468 3424 592 3480 dem
623 3439 843 3482 sensum
873 3426 1181 3495 protieiuut.
1219 3426 1390 3481 Crura
1427 3441 1615 3481 eorum
1645 3437 1813 3493 recta,
1848 3437 1903 3481 et
1930 3443 2064 3498 pen-

468 3519 581 3573 nati
612 3519 780 3588 pedes
804 3561 819 3589 ,
858 3528 915 3577 et
942 3534 1286 3590 quocumque
1330 3520 1447 3574 ibat
1475 3521 1727 3591 spiritus,
1776 3522 1953 3587 ibant,
2009 3530 2063 3577 et

467 3625 575 3663 non
620 3594 1076 3671 revertebantur:
1126 3619 1181 3667 et
1222 3608 1383 3673 dorsa
1435 3627 1621 3669 eorum
1654 3613 1812 3683 plena
1852 3613 2059 3677 oculis,

469 3711 526 3756 et
554 3703 807 3761 scintillte
846 3717 909 3757 ac
945 3702 1222 3773 lampades
1251 3703 1303 3759 in
1349 3703 1529 3759 medio
1559 3704 1965 3773 discurrentes,
2008 3714 2063 3760 et

472 3803 589 3850 rota
639 3795 697 3850 in
726 3802 863 3862 rota,
896 3803 953 3849 et
996 3796 1046 3849 in
1091 3795 1318 3866 singulis
1346 3803 1578 3865 quatuor
1604 3796 1790 3852 facies.
1825 3796 1976 3851 Unde
2008 3808 2063 3852 et

471 3887 831 3969 Apocalypsis
861 3886 1109 3959 Joannis,
1146 3897 1268 3969 post.
1296 3889 1688 3959 expositionem
1713 3890 1902 3961 viginti
1928 3907 2059 3962 qua-

474 3990 599 4038 tuor
628 3984 906 4045 seniorum
924 3984 1015 4053 qui
1046 3990 1298 4041 tenentes
1323 3982 1563 4038 citharas
1590 3994 1644 4037 et
1675 3984 1904 4052 phialas,
1930 3983 2063 4039 ado—

470 4074 665 4129 rabant
697 4074 815 4146 [Αι.
834 4073 1098 4146 adorant]
1122 4075 1331 4145 Agnum
1355 4073 1472 4135 Dei.
1503 4074 1799 4129 introducit
1823 4075 2059 4149 fulgura,

471 4178 529 4224 et
555 4170 815 4249 tonitrua,
846 4176 903 4223 et
926 4178 1135 4240 septem
1156 4164 1381 4240 spiritus
1402 4168 1795 4238 discurrentes,
1825 4180 1882 4228 et
1910 4186 2060 4231 mare

542 4367 571 4397 ει
600 4356 745 4413 Editi
770 4356 987 4425 legunt:
1017 4353 1167 4408 Unde
1182 4362 1229 4407 et
1257 4351 1621 4407 Ecclesiastica
1637 4364 1837 4417 narrat,
1854 4363 1964 4409 etc.
1988 4353 2048 4409 In

468 4429 674 4511 aliquot
696 4425 1128 4511 m'ss..eo.tticibus
1154 4432 1275 4487 post
1286 4438 1479 4511 vocem
1501 4440 1853 4511 prprumpere,
1875 4428 2049 4511 sequi:

466 4494 599 4554 tur':
633 4510 689 4553 ut
722 4496 1082 4551 Ecclesiastica
1121 4501 1300 4548 narrat
1324 4536 1340 4562 ,
1370 4504 1475 4549 etc.
1508 4494 1610 4548 Alii
1642 4494 1875 4549 retinent
1904 4495 2048 4563 quod

465 4570 754 4630 edidimus.
787 4565 1369 4623 Mum—Continenti
1400 4565 1547 4619 serie
1573 4566 1680 4619 duo
1708 4567 1930 4619 Palatini
1953 4582 2048 4619 ve-

470 4644 727 4697 tustiores
758 4654 887 4694 mss.
922 4641 1106 4706 legunt
1133 4678 1145 4699 ,
1179 4651 1508 4705 prorumpere
1534 4677 1547 4697 ,
1593 4644 1650 4688 ut
1684 4636 2052 4689 Ecclesiastica

469 4712 651 4766 narrat
675 4711 910 4765 historia.
934 4710 1039 4765 Alii
1060 4723 1183 4763 cum
1205 4708 1413 4776 pridem
1441 4706 1675 4778 vulgatis
1697 4708 1870 4775 libris,
1903 4706 2053 4763 Unde

467 4792 516 4837 et
548 4780 931 4848 Eectesiastico,
958 4791 1065 4838 etc.
1212 4786 1215 4789 '

538 4853 571 4895 ⁸
599 4853 748 4915 Unus
772 4853 833 4908 S.
862 4846 1049 4907 Crueis
1075 4863 1229 4914 mss.,
1259 4856 1304 4902 et
1335 4846 1509 4902 omnia
1530 4849 1948 4919 apocryphorum
1973 4865 2055 4902 ve-

468 4941 605 4991 neno
630 4925 869 4992 mortuis,
915 4934 1021 4979 etc.
1055 4920 1322 4977 Eusebius
1351 4934 1515 4987 porro
1539 4960 1554 4985 ,
1579 4935 1738 4989 quem
1764 4923 1820 4973 ai.
1855 4919 2056 4974 Doctor

467 4996 780 5063 compellat,
809 4994 1201 5050 celeberrimus
1230 4992 1322 5044 ille
1349 4993 1733 5063 Cremonensis
1755 4999 1857 5056 est,
1889 4994 1972 5044 cui
2001 4999 2058 5045 et

468 5068 524 5121 in
538 5061 826 5122 Jererniam
842 5063 1280 5121 Commentarios
1298 5061 1596 5131 inscripsit,
1612 5070 1667 5117 et
1681 5076 1839 5132 quem
1855 5063 2055 5131 passim

470 5132 601 5193 alibi
623 5136 823 5191 laudat.
1730 5142 1733 5145 λ

547 5219 571 5247 ο
603 5207 871 5263 Eusebius
901 5207 1002 5262 iste
1028 5205 1412 5262 Cremonensis
1443 5213 1545 5267 est,
1574 5204 1658 5258 cui
1690 5203 1854 5257 etiam
1884 5202 1940 5256 in
1967 5202 2060 5258 Je-

471 5283 696 5335 remiam
724 5277 1161 5334 Commentarios
1182 5275 1451 5330 dedicavit
1474 5275 1853 5347 Hieronymus.
1888 5275 2061 5347 Porro

467 5367 576 5406 non
599 5349 700 5423 fuit
722 5350 1053 5423 Hieronymo
1073 5348 1285 5416 longior
1300 5351 1402 5423 vita
1427 5348 1493 5401 ad
1511 5345 1875 5415 perliciendOs
1897 5345 2058 5400 Com-

467 5418 843 5477 mentarios'in
873 5418 1205 5483 Mattbaenm,
1237 5418 1313 5473 uti
1338 5433 1397 5473 se
1421 5423 1683 5473 laetorum
1706 5428 2054 5483 speraverat,

471 5507 644 5562 neque
673 5494 891 5558 scripsit
921 5493 973 5546 in
999 5492 1278 5547 Canticum
1306 5488 1644 5545 canticorum
1665 5532 1680 5554 ,
1723 5488 1846 5557 quia
1877 5488 1942 5542 ab
1973 5487 2056 5543 bis

465 5564 722 5631 operibus
750 5564 1102 5633 aegrotatione
1123 5562 1382 5617 diuturna
1400 5575 1464 5615 ae
1490 5562 1705 5615 tandem
1733 5571 1909 5614 morte
1937 5562 2055 5628 ipsa

466 5636 719 5689 exvlusm
749 5651 851 5689 est.
894 5637 1073 5689 MART.

536 5702 564 5743 ά
589 5705 765 5759 Nostri
799 5722 929 5760 mss.
965 5706 1141 5759 minus
1167 5716 1310 5760 recta
1325 5703 1616 5767 scriptura,
1642 5718 1761 5769 quae
1795 5712 1971 5755 tamen
2001 5702 2054 5756 in

465 5778 736 5831 veteribus
754 5776 905 5830 libi-ts
937 5778 1095 5830 ninia
1122 5785 1226 5844 est,
1250 5776 1595 5834 sistat-citium,
1624 5781 1718 5828 aut
1746 5775 2054 5829 sistarciam.

459 5849 646 5902 (ἔπορε
673 5852 914 5924 σιταρκία
931 5849 1147 5915 dicitur,
1168 5856 1432 5916 sonatque
1444 5855 1781 5900 commeatum
1806 5862 1822 5900 :
1842 5848 1895 5902 in
1915 5845 2061 5903 Lati-

2165 3341 2481 3411 digerantnr
2504 3339 2571 3394 sd
2595 3353 2809 3407 purum,
2835 3346 2859 3384 Β
2881 3337 3114 3391 maxime
3140 3350 3265 3390 cum
3296 3340 3439 3391 scias
3462 3349 3548 3391 me
3567 3336 3638 3390 ita
3666 3335 3766 3391 tri~

2168 3435 2267 3486 bus
2291 3430 2568 3485 mensibus
2590 3429 2881 3498 languisste,
2906 3428 3059 3481 ulvis
3088 3440 3227 3481 nunc
3248 3428 3457 3497 ingredi
3479 3427 3760 3499 incipiam;

2170 3543 2271 3587 nec
2295 3527 2494 3595 possim
2524 3525 2723 3581 laboris
2752 3521 3177 3597 magnitudinem
3204 3520 3471 3583 brevitate
3496 3519 3765 3592 temporis

2168 3633 2541 3688 compensare.
2590 3618 2794 3687 Igitur,
2845 3614 3046 3670 omissa
3098 3613 3421 3673 auctoritate
3456 3613 3761 3681 Veterum,

2170 3726 2307 3781 quos
2354 3725 2454 3766 nec
2484 3710 2698 3780 legendi
2725 3750 2740 3775 ,
2790 3723 2892 3764 nec
2922 3707 3183 3775 sequendi
3216 3706 3351 3773 mihi
3376 3706 3608 3761 facultas
3635 3696 3766 3763 data

2168 3812 2272 3866 est,
2305 3801 2613 3857 historicam
2645 3800 3169 3870 interpretationem,
3193 3812 3350 3869 quam
3372 3797 3641 3869 praecipue
3661 3813 3765 3870 po-

2168 3894 2403 3959 stulasti,
2428 3893 2627 3963 digessi
2653 3892 2891 3960 breviter
2920 3909 2934 3949 :
2962 3899 3019 3947 et
3050 3889 3321 3951 interdum
3344 3878 3643 3960 spiritualis
3672 3892 3764 3951 in-

2167 3985 2483 4054 telligentiae
2510 3982 2674 4050 liores
2702 3982 2893 4037 miscui
2920 4026 2934 4049 ,
2964 3981 3269 4052 perfectum
3308 3994 3445 4059 epos
3475 3967 3763 4039 reservans

2165 4080 2218 4137 in
2247 4089 2546 4151 posterum.
2569 4078 2626 4136 Si
2647 4086 2828 4133 autem
2858 4074 3035 4133 mihil1
3064 4078 3172 4133 vita
3202 4077 3416 4149 longior
3438 4075 3632 4145 fuerit,
3666 4086 3763 4147 aut

2164 4183 2223 4231 tu
2251 4172 2304 4228 in
2336 4172 2615 4233 redeundo
2639 4181 2727 4231 tua
2754 4171 3022 4241 promissa
3044 4157 3429 4240 compleveris,
3458 4177 3589 4231 tunc
3615 4169 3762 4227 nitar

2156 4368 2227 4409 no
2241 4353 2435 4420 smpius
2451 4366 2548 4420 pro
2560 4351 2798 4407 canistro
2810 4351 3056 4415 sumitur,
3074 4363 3181 4419 quo
3194 4347 3368 4413 edulia
3386 4349 3753 4404 continentur.

2231 4434 2255 4462 °
2285 4426 2400 4478 Duo
2427 4439 2588 4488 mss.,
2608 4422 2756 4496 Legi,
2781 4422 2966 4491 fateor;
2984 4430 3039 4475 et
3065 4436 3209 4496 mox,
3241 4420 3542 4474 Adamantii
3559 4434 3758 4476 nomen

2156 4510 2257 4566 pro
2286 4496 2562 4568 Origenis;
2588 4493 2828 4568 demum,
2860 4493 3222 4547 commaticum
3251 4506 3453 4564 quoque
3484 4506 3583 4562 pro
3616 4507 3760 4546 com-

2159 4564 2505 4636 ntaticuntque
2532 4564 2849 4636 prwferunt.

2234 4637 2255 4676 τ
2292 4638 2345 4691 in
2376 4622 2497 4691 aliis
2523 4622 2650 4691 mss.
2693 4631 3016 4689 Fortunatus
3042 4634 3369 4706 appellatur,
3401 4633 3471 4690 de
3498 4648 3605 4703 quo
3629 4622 3757 4706 Lib.

2158 4708 2233 4763 de
2257 4709 2401 4763 Viris
2424 4708 2727 4763 lllustribus
2749 4721 2869 4771 cap.
2902 4707 2994 4760 97.
3024 4705 3144 4759 Mox
3174 4721 3271 4772 pro
3299 4721 3582 4773 carperem,
3612 4705 3761 4777 quod

2084 4770 2131 4827 D
2159 4783 2328 4834 nostri
2361 4795 2491 4835 mss.
2521 4770 2876 4839 suhStituuut,
2913 4777 3108 4831 lectum
3138 4770 3297 4831 antea
3320 4770 3577 4844 raperem.

2234 4861 2258 4899 ις
2289 4852 2431 4905 Satis
2453 4850 2738 4906 commoda
2761 4848 2867 4902 duo
2886 4848 3115 4902 Palatini
3140 4862 3269 4901 mss.
3298 4848 3521 4910 addunt,
3549 4845 3762 4900 minime

2159 4924 2411 4977 attendas.
2469 4925 2735 4977 Cmternm
2776 4921 2879 4973 bne
2910 4926 3039 4972 sunt
3060 4919 3284 4973 omnino
3308 4916 3611 4988 referenda,
3636 4931 3762 4988 quae

2160 4995 2228 5048 de
2268 5009 2408 5067 atgra
2435 4993 2765 5067 valetudine,
2799 4992 2975 5067 deque
2995 4991 3121 5067 ipso
3150 4986 3759 5067 MatthxiConunenta-

2159 5069 2241 5118 rio
2270 5059 2414 5131 paria
2440 5065 2522 5119 bis
2546 5067 2660 5133 ipse
2690 5059 2952 5121 memorat
2990 5062 3347 5133 Hieronymus
3371 5061 3425 5113 in
3450 5059 3557 5113 fine
3583 5061 3759 5133 Epist.

2160 5135 2230 5190 73
2257 5137 2322 5189 ad
2355 5131 2680 5205 Evangelum
2709 5152 2724 5187 :
2783 5134 2915 5204 Ego,
2944 5131 3438 5205 εἱινροεῌρηθαηι
3463 5132 3761 5205 aegrotatio-

2162 5223 2278 5259 nent
2306 5208 2391 5260 vix
2426 5209 2478 5260 in
2509 5202 2923 5275 Duadragesima
2969 5204 3151 5257 diebus
3197 5202 3325 5271 febri
3363 5215 3538 5275 carere
3565 5202 3712 5275 potiti
3737 5215 3760 5256 .'

2162 5285 2212 5331 et
2235 5294 2349 5329 cum
2380 5278 2526 5330 alteri
2552 5294 2630 5361 ine
2652 5272 2796 5359 operi
2825 5290 3194 5361 prosperarent,
3222 5272 3541 5355 paucosflies
3559 5273 3647 5342 qui
3668 5286 3761 5324 su-

2165 5360 2425 5416 pererant,
2458 5352 2510 5401 in
2543 5347 2776 5401 Μαιηιωί
2802 5344 3119 5414 expositione
3140 5344 3435 5413 consumpsi
3460 5358 3479 5398 :
3511 5351 3759 5416 tantaque

2162 5414 2412 5475 aviditate
2432 5422 2607 5475 studia
2635 5421 2823 5473 omissa
2854 5419 3060 5480 repetiri
3079 5459 3094 5482 ,
3146 5423 3201 5469 ut
3236 5422 3373 5485 quod
3403 5414 3763 5469 exercitationi

2163 5491 2356 5561 lingtue
2380 5494 2592 5560 profuit,
2624 5490 2851 5542 nocuerit
2878 5490 3108 5561 corporis
3128 5486 3427 5561 valetudini.

2238 5557 2264 5600 li
2296 5557 2481 5615 Penes
2504 5561 2794 5616 Victoriam
2822 5603 2837 5625 ,
2878 5560 2995 5612 Vim
3034 5560 3246 5630 largior,
3278 5557 3329 5611 id
3357 5564 3461 5616 cst.
3491 5569 3611 5630 qnte
3646 5567 3783 5612 non‘

2165 5650 2306 5703 :Pgra
2332 5636 2555 5686 subinde
2578 5636 2787 5685 laboret
2808 5628 3147 5703 valetudine:
3171 5630 3456 5703 placetque
3483 5628 3620 5703 atleo
3644 5640 3761 5703 ma-

2164 5697 2246 5773 gis
2299 5706 2413 5758 lta-c
2467 5706 2647 5757 lectio.
2698 5702 2956 5757 Nimirum
3010 5699 3583 5773 llieronymusviginti
3623 5697 3760 5773 plus

2168 5769 2343 5830 minus
2365 5790 2535 5829 annos
2559 5776 2626 5829 ab
2658 5775 2756 5827 hac
2776 5773 3183 5827 elucubratione
3208 5769 3260 5824 in
3285 5770 3423 5824 vivis
3450 5769 3753 5840 superfuit:

2166 5850 2407 5918 satisque
2429 5847 2677 5917 imperite
2708 5853 2949 5901 notatum
2980 5852 3065 5899 est
3092 5843 3428 5911 Martiautco,
3455 5839 3560 5900 non
3584 5839 3756 5897 fuisse
