4004 6332
487 321 562 383 25
1615 343 1618 346 ’
1736 322 1795 382 5.
1839 319 2112 382 EUSEBH
2150 323 2531 385 HIERONYMI
3701 328 3776 390 24

492 441 645 496 simae
665 441 903 509 Iezabel,
925 441 1129 498 idcirco
1156 455 1327 513 usque
1345 440 1412 495 ad
1436 440 1649 496 tertiam
1669 418 2080 511 generationem
2107 443 2164 505 Α
2257 442 2451 498 Christi
2486 453 2656 500 autem
2697 447 2973 518 generatio
3003 448 3079 504 sic
3119 457 3250 504 erat.
3298 447 3515 519 Quaerat
3543 448 3779 519 diligens

490 537 609 602 ejus
637 536 899 590 memoria
930 534 1156 604 tollitur,
1188 549 1259 591 ne
1288 535 1343 590 in
1377 539 1582 589 sanctae
1607 532 1904 589 nativitatis
1933 531 2082 590 ordi-

490 644 564 685 ne
593 639 910 698 poneretur.
1543 612 1569 636 “

569 720 749 792 (Vers.
777 721 845 777 12
866 718 1047 792 seqq.)
1078 720 1144 775 Et
1173 726 1289 790 post
1312 717 1823 789 transmigrationem
1851 716 2085 789 Babylo-

490 815 594 883 nis,
617 813 900 870 Jechonias
923 814 1098 887 genuit
1127 811 1407 869 Salathiel.
1433 811 1692 868 Salathiel
1712 821 1881 866 autem
1903 811 2084 884 genuit

492 905 796 963 Zorobabel.
816 904 1103 960 Zorobabel
1122 915 1291 958 autem
1313 903 1487 974 genuit
1507 903 1698 958 Abiud.
1725 904 1893 958 Abiud
1914 911 2084 958 autem

491 1000 672 1072 genuit
693 999 944 1052 Eliacim.
964 997 1187 1052 Eliacim
1202 1006 1372 1051 autent
1395 996 1570 1068 genuit
1590 995 1743 1049 Azor.
1757 995 1894 1051 Aser
1909 1004 2085 1050 autem

499 1091 597 1160 ιι
628 1089 804 1160 genuit
835 1087 1028 1144 Sadoc.
1062 1086 1236 1144 Sadoc
1266 1095 1438 1141 autem
1463 1088 1640 1159 genuit
1668 1086 1872 1141 Achim.
1900 1084 2086 1140 Achim

489 1190 663 1235 autent
714 1180 889 1252 genuit
916 1178 1100 1234 Eliud.
1154 1178 1316 1234 Elind
1371 1188 1543 1233 autem
1608 1180 1780 1250 genuit
1838 1177 2082 1232 Eleazar.

491 1268 717 1326 Eleazar
737 1280 910 1325 autem
938 1270 1112 1343 genuit
1140 1269 1401 1324 Matthan.
1437 1267 1681 1324 Mattltan
1709 1279 1883 1323 autem
1912 1268 2088 1340 genuit

489 1359 678 1418 Iacob.
697 1360 752 1418 Si
775 1360 1117 1416 voluerimus
1143 1360 1458 1416 Jeclioniam
1489 1360 1544 1416 in
1567 1359 1677 1416 ﬁne
1694 1359 1886 1432 primat
1913 1367 2087 1416 tessa-

490 1453 870 1511 rescedecadis
891 1451 999 1526 [Αι.
1027 1450 1477 1525 tesseradecadis]
1509 1466 1734 1523 ponere,
1756 1452 1809 1507 in
1836 1451 2087 1522 sequenti

490 1561 601 1602 non
649 1555 810 1602 erunt
861 1544 1304 1616 quatuordeeim,
1345 1544 1442 1601 sed
1492 1543 1784 1602 tredecim.
1836 1543 2088 1602 Sciamus

492 1639 676 1711 igitur,
700 1639 1016 1696 Iechoniam
1041 1639 1276 1709 priorem
1301 1638 1475 1709 ipsum
1497 1652 1621 1694 esse
1647 1652 1807 1708 quem
1835 1649 1891 1693 et
1913 1647 1940 1675 ι
1961 1637 2090 1694 Joa-

492 1735 601 1790 cim
627 1752 639 1789 :
668 1735 968 1791 secundum
999 1742 1204 1796 autem,
1228 1730 1422 1798 lilium,
1446 1747 1555 1788 non
1586 1740 1830 1803 patrem:
1853 1746 2086 1804 quorum

2188 534 2356 592 lcetor
2396 547 2451 593 ct
2500 538 2678 594 dicat:
2712 541 2846 596 Cum
2889 540 3090 612 Ioseph
3131 558 3238 596 non
3276 542 3348 596 sit
3377 552 3532 612 pater
3560 541 3776 597 Domini

2187 628 2481 685 Salvatoris
2503 673 2517 698 ,
2549 635 2650 704 12
2686 634 2814 704 quid
2847 635 3083 703 pertinet
3122 634 3192 690 ad
3232 634 3521 692 Dominum
3552 652 3782 707 genera-

2190 723 2354 780 tionis
2390 725 2523 780 ordo
2551 727 2813 783 deductus
2843 744 3011 800 usque
3039 728 3110 784 ad
3137 727 3386 797 Ioseph?
3416 728 3515 784 Cui
3547 745 3778 800 respon-

2188 814 2436 871 debimus
2483 819 2750 886 primttm,
2785 836 2890 877 non
2925 835 3051 878 esse
3078 818 3486 878 consuetudinis
3531 820 3781 892 Scriptu-

2189 921 2390 973 rarum,
2423 917 2482 962 ut
2507 909 2796 967 mulierum
2827 912 2880 968 in
2911 915 3354 984 generationibus
3379 918 3516 973 ordo
3538 925 3776 973 texatur.

2192 1001 2396 1058 Deinde
2420 1017 2486 1058 ex
2519 1019 2626 1059 una
2667 1005 2809 1061 tribu
2838 1005 3004 1064 fuisse
3027 1009 3229 1082 Ioseph
3265 1021 3322 1068 et
3345 1011 3604 1068 Mariam:
3635 1012 3782 1070 unde

2189 1109 2258 1151 ex
2285 1094 2430 1165 Lege
2456 1110 2578 1153 eam
2605 1099 2855 1170 accipere
2882 1102 3179 1173 cogebatur
3208 1113 3265 1159 ut
3293 1106 3652 1177 propinquam
3674 1146 3692 1172 ,
3725 1113 3783 1162 et

2189 1184 2331 1254 quod
2354 1187 2514 1243 simul
2538 1202 2797 1248 censetur
2815 1191 2868 1248 iu
2893 1192 3196 1262 Bethleem,
3224 1206 3284 1252 ut
3309 1196 3379 1253 de
3404 1211 3507 1253 una
3525 1195 3783 1255 videlicet

2189 1279 2361 1350 Stirpe
2383 1283 2653 1352 generati.

2261 1369 2394 1426 Cum
2437 1381 2567 1428 esset
2606 1375 2918 1446 desponsata
2959 1388 3124 1434 mater
3153 1383 3267 1452 ejus
3297 1378 3472 1436 Maria
3502 1390 3526 1422 ο
3556 1380 3780 1452 Ioseph.

2190 1461 2369 1530 Quare
2407 1479 2514 1520 non
2551 1466 2622 1522 de
2658 1467 2890 1539 simplici
2924 1468 3144 1539 Virgine
3169 1514 3184 1540 ,
3218 1471 3314 1528 sed
3353 1472 3421 1530 de
3447 1472 3779 1542 desponsata

2191 1557 2534 1627 concipitur?
2563 1557 2823 1625 Primum,
2853 1572 2911 1617 ut
2942 1577 3038 1631 per
3066 1565 3477 1634 generationem
3501 1607 3517 1631 ,
3548 1565 3781 1636 Ioseph,

2191 1647 2344 1717 origo
2371 1647 2552 1704 Maria:
2579 1659 2997 1707 monstraretur.
3026 1655 3313 1719 Secundo,
3355 1673 3423 1712 ne
3450 1656 3786 1728 lapidaretur

2192 1754 2220 1791 a
2245 1738 2449 1795 Iudaeis
2472 1751 2529 1795 ut
2554 1740 2824 1799 adultera.
2841 1743 3046 1813 Tertio,
3072 1756 3131 1800 ut
3162 1746 3214 1801 in
3241 1745 3536 1819 Egyptum
3571 1747 3786 1821 fugiens

494 1827 646 1897 Ρτίοτ
674 1842 772 1899 Per
804 1844 839 1881 υ
878 1836 931 1882 ει
987 1843 1073 1893 ms
1107 1839 1342 1896 sequens
1386 1839 1482 1894 ρει·
1522 1824 1586 1878 εῘι
1623 1832 1680 1879 ει
1723 1840 1757 1877 η
1790 1823 2084 1879 scribitur:
2117 1837 2164 1898 Β
2195 1830 2423 1886 haberet
2471 1833 2723 1888 solatium
2765 1831 2793 1870 ά
2841 1837 3040 1891 mariti.
3090 1837 3292 1910 Martyr
3334 1838 3572 1910 lgnatius
3618 1842 3784 1895 etiam

492 1923 638 1994 quod
679 1921 1006 1992 scriptorum
1050 1920 1215 1988 vitio,
1258 1929 1314 1975 et
1353 1918 1693 1988 longitudine
1735 1924 2043 1989 temporum
2067 1956 2084 1983 ,

494 2016 637 2088 apud
663 2016 886 2072 Crmcos
916 2014 1249 2082 Latinosque
1274 2011 1564 2069 confusum
1593 2021 1700 2068 est.

567 2106 752 2180 (Vet‘s.
790 2106 905 2178 16.)
928 2103 1095 2160 Iacob
1123 2112 1297 2159 autem
1329 2102 1504 2175 genuit
1527 2101 1746 2173 Ioseph.
1775 2101 1889 2158 Hoc
1909 2099 1937 2140 δ
1966 2101 2088 2157 loco

496 2199 699 2269 objecit
727 2199 881 2255 nobis
907 2198 1160 2252 Iulianus
1181 2197 1458 2268 Augustus
1486 2195 1878 2251 dissonantiam
1913 2193 2089 2249 Evan-

497 2293 836 2364 gelistarum,
860 2307 959 2346 cur
979 2288 1306 2360 evangelista
1331 2287 1831 2357 Matthazusloseph
1849 2286 2089 2343 dixerint

497 2385 666 2441 lilium
697 2385 904 2442 Iacob:
948 2393 1002 2441 et
1028 2383 1203 2440 Lucas
1230 2399 1354 2440 eum
1386 2383 1556 2438 lilium
1586 2382 1879 2454 appellarit
1925 2381 2086 2448 Heli;

499 2494 606 2534 non
639 2477 944 2549 intelligens
987 2476 1442 2533 consuetudinem
1471 2473 1908 2545 Scripturarum,
1941 2474 2087 2545 quod

497 2573 638 2630 alter
661 2571 962 2629 secundum
1004 2579 1275 2636 naturam,
1303 2571 1442 2626 alter
1480 2568 1781 2624 secundum
1813 2568 2008 2638 Legem
2038 2570 2088 2624 ei

498 2679 654 2740 pater
680 2668 770 2723 sit.
796 2665 1014 2723 Scimus
1039 2666 1186 2722 enim
1215 2665 1320 2721 hoc
1356 2679 1452 2734 per
1480 2663 1702 2736 Moysen
1737 2662 1847 2717 Deo
1867 2662 2091 2733 jubente

498 2769 855 2833 praeceptum,
881 2771 940 2816 ut
967 2763 1012 2816 si
1045 2760 1212 2815 frater
1240 2768 1334 2814 aut
1361 2759 1695 2828 propinquus
1725 2758 1928 2828 absque
1958 2757 2092 2813 Iibe-

500 2856 578 2911 ris
628 2865 876 2910 mortuus
919 2854 1107 2920 fuerit,
1156 2853 1293 2908 alius
1319 2853 1439 2921 ejus
1482 2851 1718 2921 accipiat
1748 2865 1981 2906 uxorem
2019 2849 2089 2906 ad

499 2948 870 3004 suseitandum
915 2961 1099 3005 semen
1139 2945 1325 3002 fratris
1349 2945 1436 3001 vel
1468 2947 1756 3015 propinqui
1788 2945 1870 2998 sui
1906 2943 2086 3016 (Deut.

497 3042 578 3112 ιι).
627 3041 802 3111 Super
843 3040 946 3097 hoc
985 3048 1042 3098 et
1092 3039 1378 3095 Africanus
1423 3047 1726 3105 temporum
1769 3038 2006 3108 scriptor
2037 3045 2095 3093 et

503 3136 772 3192 Eusebius
816 3134 1166 3191 Caesariensis
1192 3133 1247 3191 in
1277 3131 1431 3189 libris
1471 3131 1747 3206 διαφωνίας
1786 3132 2090 3206 εὐαγγελίων

504 3229 717 3301 plenius
741 3228 1106 3297 diSputarunt.

575 3318 736 3388 (Vers
771 3318 883 3388 17.)
925 3317 1108 3373 Virum
1138 3316 1356 3382 Mariae,
1393 3317 1456 3370 de
1489 3332 1588 3386 qua
1629 3324 1783 3370 natus
1811 3323 1887 3372 est
1911 3315 2087 3385 Iesus,

502 3412 591 3481 qui
619 3419 833 3465 vocatur
862 3409 1124 3464 Christus.
1167 3407 1300 3464 Cum
1329 3409 1504 3464 virum
1544 3408 1811 3472 audieris,
1853 3407 2093 3478 suspicio

500 3503 600 3556 tibi
631 3517 740 3555 non
770 3501 962 3557 subeat
990 3501 1332 3569 nuptiarum;
1361 3499 1459 3556 sed
1496 3499 1785 3556 recordare
1803 3511 2094 3557 consuetu-

501 3593 643 3648 diuis
673 3593 1097 3663 Scripturarum,
1123 3592 1265 3664 quod
1287 3594 1475 3664 sponsi
1507 3593 1631 3666 viri,
1665 3603 1720 3650 et
1746 3609 1965 3668 sponsae
1992 3609 2090 3651 vo-

500 3698 696 3742 centur
727 3702 945 3742 UXOI‘CS.

499 3809 514 3844 λ
572 3780 752 3851 (Vers.
783 3779 898 3850 18.)
946 3778 1014 3835 Et
1055 3797 1088 3834 a
1127 3779 1582 3851 transmigratione
1615 3779 1898 3854 Babylonis
1935 3799 2094 3855 usque

503 3875 574 3929 ad
616 3874 909 3943 Christum,
958 3875 1310 3946 generationes
1347 3875 1752 3946 quatuor-decim.
1789 3875 2026 3932 Numera
2061 3893 2090 3932 a

503 3967 763 4022 Jechonia
796 3981 970 4035 usque
1005 3966 1073 4022 ad
1099 3965 1302 4036 Ioseph
1324 4007 1338 4033 ,
1362 3975 1420 4023 et
1448 3967 1691 4022 invenies
1713 3968 2094 4039 generationes

505 4059 788 4114 tredecim.
827 4058 1028 4124 Quarta
1074 4058 1286 4116 decima
1331 4073 1462 4131 ergo
1507 4061 1786 4132 generatio
1822 4061 1875 4118 in
1913 4061 2090 4134 ipsum

500 4147 776 4205 Christum
805 4149 1166 4221 reputabitur.

575 4346 599 4374 η
623 4337 739 4392 Duo
768 4336 995 4391 Palatin.
1031 4350 1187 4402 mss.,
1220 4335 1520 4393 Secundum
1561 4345 1734 4394 autem
1761 4336 1987 4392 Ioachin
2019 4338 2084 4407 ﬁ-

499 4411 632 4466 lium
658 4424 760 4463 non
783 4418 1000 4477 patrem,
1033 4416 1138 4463 etc.
1169 4409 1387 4475 Recole,
1419 4408 1560 4478 quod
1591 4420 1645 4464 et
1671 4418 1915 4464 notatum
1945 4407 2084 4462 Mar-

502 4484 701 4538 tianteo
731 4489 835 4540 est,
868 4482 1042 4548 ipsum
1080 4478 1464 4548 Ilieronymum
1499 4479 1656 4534 latius
1689 4481 1789 4534 hac
1818 4481 1886 4534 de
1914 4493 1973 4548 re
2003 4478 2085 4532 di-

502 4559 810 4619 sputantem
840 4547 898 4603 in'
919 4547 1322 4605 Commentario
1353 4550 1404 4604 in
1437 4551 1642 4604 Daniel.
1677 4565 1798 4619 cap.
1830 4566 1881 4604 ιε
1917 4547 2086 4604 Nemo

501 4623 691 4689 inquit.
713 4631 856 4691 putet
878 4623 1110 4675 eumdem
1128 4621 1183 4674 in
1201 4622 1430 4674 Danielis
1451 4621 1706 4691 principio
1727 4637 1836 4676 esse
1855 4619 2082 4684 Ioacim,

503 4696 593 4768 qui
620 4695 672 4746 in
701 4689 990 4768 Ezechielis
1027 4691 1242 4768 exordio
1268 4689 1812 4768 I_oachin__s_cribitur_:_
1827 4692 1924 4768 iste
1953 4692 2087 4768 enim

505 4761 779 4820 extremam
813 4763 1070 4830 syllabam
1109 4764 1234 4818 chin
1281 4763 1459 4826 habet,
1493 4763 1581 4815 ille
1607 4764 1733 4816 cim.
1764 4761 1832 4816 Et
1860 4763 1922 4816 ob
1953 4762 2085 4815 hanc

505 4852 713 4890 causam
742 4837 796 4888 in
819 4822 1104 4906 Evangelio
1126 4835 1405 4889 secundum
1430 4822 1735 4906 Matthteum
1761 4851 1864 4906 una
1884 4833 2088 4906 uidetur

507 4909 678 4988 deesse
724 4904 1043 4988 genre-ration,
1073 4905 1471 4988 qu'iaOsecnnda
1516 4904 2087 4988 ξτες-σαρακαιδέκαςλη

505 4974 925 5045 Δοθοίηῐάεβηὶι
968 4974 1302 5041 βίὶοἸοεὶω.
1337 4986 1381 5032 et
1413 4974 1770 5046 tertiaincipit
1797 4992 1829 5027 a
1850 4974 2087 5046 Ioachin

504 5049 616 5118 ﬁlio
651 5044 878 5118 Igaciin.
923 5047 1072 5113 Quod
1115 5049 1359 5117 ignorans
1411 5044 1732 5118 Porphyrius
1774 5045 2088 5118 calumniam

502 5117 657 5174 struit
682 5117 944 5188 Ecclesiae,
971 5134 1115 5172 suam
1137 5118 1407 5172 ostendens
1437 5117 1768 5188 imperitiam,
1791 5117 1915 5170 dum
1934 5133 2090 5188 evan-

504 5191 699 5261 gelista:
751 5187 984 5243 Μαιηιωὶ
1026 5204 1243 5259 arguere
1291 5191 1470 5242 nititur
1514 5188 1819 5314 “deitatem.
1859 5187 1991 5242 Vide
2034 5199 2090 5242 et

504 5277 626 5314 aute
655 5261 708 5314 in
736 5259 877 5313 hunc
907 5261 1086 5314 locum
1115 5261 1484 5314 observamus.
1568 5274 1632 5312 os
1663 5259 1827 5314 iidem
1860 5258 2089 5313 Palatini

504 5258 626 5331 quae
655 5261 708 5315 in
736 5259 877 5313 hunc
907 5258 1097 5315 locum
1115 5261 1484 5331 observamus.
1514 5258 1632 5314 Mox
1663 5259 1827 5314 iidem
1858 5258 2089 5331 Balatini

507 5327 639 5403 mss.
671 5335 872 5402 tegunt,
903 5332 1045 5403 prior
1082 5346 1172 5403 per
1203 5329 1251 5385 K
1282 5340 1329 5384 et
1357 5329 1410 5383 Μ
1444 5376 1456 5399 ,
1489 5344 1704 5401 sequens
1730 5345 1822 5402 per
1847 5328 1899 5385 Χ
1930 5337 1978 5384 et
2009 5327 2085 5395 N,

506 5402 709 5459 Grmcis
743 5402 957 5457 litteris.

580 5472 607 5511 ι’
638 5474 856 5529 [lectius
903 5487 1069 5544 penes
1104 5471 1444 5544 Rabbanum.
1491 5472 1645 5527 llunc
1681 5473 1858 5527 locum
1888 5471 2090 5544 objecit

507 5543 926 5599 noliisJulinnus
960 5547 1228 5613 Augustus
1253 5543 1320 5596 de
1353 5544 1693 5599 Dissonantia
1723 5543 2093 5614 Evangelista-

508 5631 650 5669 rum.
684 5617 918 5671 Africani
954 5619 1116 5670 verba
1143 5617 1415 5669 subnectit
1439 5615 1732 5669 Rabhanus
1755 5629 1822 5669 ex
1850 5615 2092 5686 Epismla

506 5686 573 5740 ad
614 5686 900 5740 Aristidem
939 5687 1006 5741 de
1039 5687 1460 5756 Evangeliorum
1495 5687 1828 5741 dissonantia
1861 5703 1874 5738 :
1923 5686 2088 5740 Nobis

507 5773 627 5826 ergo
681 5759 929 5812 imminet.
960 5798 972 5810 .
1007 5800 1017 5811 .
1054 5800 1070 5821 ,
1133 5759 1417 5812 secundum
1467 5759 1731 5812 veritatem
1783 5766 1929 5828 gesta
1991 5775 2086 5812 sua

505 5827 826 5888 tradiderunt
866 5846 883 5883 .-
935 5845 1054 5901 quae
1100 5829 1393 5906 plurimum
1437 5831 1648 5886 variant
1693 5830 1763 5887 ab
1788 5827 2082 5901 Eusebio,

2191 1935 2440 1994 quartam
2463 1926 2670 1982 addidit
2692 1942 2936 1993 causam,
2959 1945 3055 1987 cur
3079 1945 3111 1986 a
3134 1931 3464 2002 desponsata
3486 1941 3787 2003 conceptus

2190 2016 2298 2070 sit:
2347 2025 2406 2070 ut
2451 2028 2676 2087 partus,
2727 2019 3016 2090 inquiens,
3062 2022 3179 2091 ejus
3226 2023 3504 2079 eelaretur
3531 2024 3783 2096 diabolo,

2191 2104 2318 2162 dum
2345 2123 2469 2164 eum
2499 2118 2654 2180 putat
2679 2126 2788 2169 uon
2819 2111 2888 2170 de
2910 2112 3166 2186 Virgine,
3197 2115 3294 2173 sed
3323 2116 3392 2174 de
3415 2131 3588 2174 uxore
3611 2131 3784 2190 gene-

2190 2209 2394 2255 ratum.

2261 2292 2548 2364 Antequam
2575 2297 2937 2365 convenirent,
2966 2298 3169 2354 inventa
3197 2309 3274 2355 est
3311 2301 3367 2355 in
3395 2309 3542 2356 utero
3585 2301 3788 2360 habens

2192 2386 2256 2439 de
2269 2385 2473 2458 Spiritu
2489 2398 2687 2444 sancto.
2706 2389 2820 2444 Non
2841 2391 3031 2448 abalio
3049 2393 3267 2449 inventa
3283 2402 3367 2450 est
3387 2395 3485 2451 nisi
3507 2410 3538 2450 a
3554 2395 3785 2465 Ioseph,

2190 2479 2284 2548 qui
2313 2495 2450 2550 pene
2492 2482 2711 2539 licentia
2743 2484 2976 2541 maritali
3018 2484 3211 2542 futurae
3255 2489 3446 2544 uxoris
3472 2488 3656 2544 omnia
3685 2504 3789 2545 no-

2193 2581 2366 2625 verat.
2395 2572 2552 2638 Quod
2593 2586 2774 2630 autem
2823 2576 3052 2645 dicitur,
3097 2579 3382 2651 Antequam
3413 2582 3791 2639 convenirent:

2194 2676 2300 2717 non
2331 2666 2602 2734 sequitur,
2635 2679 2696 2722 ut
2727 2677 2915 2740 postea
2943 2673 3338 2740 convenerint;
3381 2673 3478 2731 sed
3507 2674 3791 2747 Scriptura

2193 2761 2335 2831 quod
2363 2760 2563 2816 factum
2595 2777 2701 2819 non
2733 2764 2824 2830 sit,
2855 2764 3117 2821 05tendit.

2265 2854 2448 2926 (Vers.
2474 2853 2590 2925 19.)
2619 2855 2818 2926 Ioseph
2845 2869 3016 2914 autem
3047 2861 3124 2914 vir
3151 2863 3264 2934 ejus
3292 2877 3412 2914 cum
3435 2871 3562 2918 esset
3582 2866 3787 2936 justus,

2194 2957 2240 3002 et
2271 2949 2431 3003 nollet
2471 2967 2582 3004 eam
2609 2952 2879 3006 traducere
2901 2992 2917 3018 ,
2951 2953 3112 3007 uoluit
3140 2955 3338 3009 occulte
3367 2957 3625 3011 dimittere
3651 2973 3787 3011 eam.

2194 3039 2325 3095 Haec
2352 3052 2524 3096 autem
2551 3058 2611 3096 eo
2637 3045 2918 3115 cogitante,
2937 3060 3053 3101 ecce
3067 3046 3282 3118 angelus
3306 3043 3518 3102 Domini
3545 3049 3792 3118 apparuit

2193 3132 2248 3185 in
2275 3133 2466 3186 somnis
2493 3132 2723 3204 Ioseph,
2759 3136 2952 3191 dicens.
2985 3135 3044 3193 Si
3073 3138 3196 3208 quis
3221 3136 3527 3194 liii-uicaria:
3557 3139 3792 3209 conjun-

2113 3218 2159 3282 C
2193 3223 2355 3293 gitur,
2379 3240 2543 3279 unum
2568 3240 2766 3296 corpus
2787 3226 3020 3284 el'ticitur
3044 3227 3091 3302 (l
3110 3228 3229 3285 Cor.
3250 3245 3327 3297 vr,
3344 3230 3457 3300 l6).
3483 3231 3546 3287 Et
3566 3232 3620 3287 in
3646 3231 3795 3302 Lege

2193 3326 2528 3387 przcceptum
2552 3329 2658 3388 est,
2685 3336 2791 3376 non
2819 3322 2993 3377 solum
3025 3337 3170 3389 reos,
3202 3323 3298 3379 sed
3329 3334 3384 3380 et
3408 3326 3662 3382 conscios
3681 3325 3794 3381 cri-

2192 3408 2397 3464 minam
2429 3410 2694 3466 obnoxios
2733 3426 2858 3468 esse
2887 3415 3092 3482 peccati
3123 3414 3143 3487 (
3170 3413 3334 3469 Levii.
3365 3417 3469 3485 v):
3514 3417 3792 3486 quomodo

2193 3499 2396 3571 Ioseph
2424 3515 2545 3558 cum
2575 3502 2782 3558 crimen
2809 3505 2954 3560 celet
2984 3503 3091 3577 [Αἰ.
3115 3504 3340 3579 celaret]
3367 3505 3578 3574 uxoris,
3605 3507 3792 3578 justus

2193 3591 2488 3648 scribitur:
2533 3594 2641 3650 Sed
2683 3595 2786 3652 hoc
2834 3597 3208 3653 testimonium
3254 3599 3438 3654 Mariae
3477 3609 3596 3669 est,
3642 3601 3792 3670 quod

2193 3683 2395 3756 Ioseph
2435 3687 2612 3743 sciens
2657 3688 2808 3743 illius
2848 3693 3190 3759 castitatem,
3241 3703 3293 3746 et
3325 3690 3605 3747 admirans
3643 3693 3792 3764 quod

2203 3787 2480 3845 evenerat,
2505 3778 2650 3834 celat
2679 3780 2919 3850 silentio,
2945 3781 3102 3851 cujus
3131 3785 3452 3854 mysterium
3483 3785 3790 3840 nesciebat.

2271 3869 2453 3938 (Vera.
2481 3872 2598 3943 ‘20.)
2623 3871 2820 3944 Ioseph
2848 3873 2927 3944 ﬁli
2955 3873 3124 3928 David
3144 3919 3158 3943 ,
3194 3876 3304 3929 noli
3351 3875 3527 3930 timere
3555 3877 3796 3945 accipere

2201 3960 2426 4016 Mariam
2450 3973 2473 4000 ε
2496 3968 2767 4036 conjugem
2789 3973 2953 4019 tuam.
2974 3965 3127 4032 Quod
3147 3966 3284 4020 enim
3311 3967 3366 4020 in
3395 3967 3493 4040 13
3518 3984 3579 4022 ea
3607 3978 3792 4022 natum

2195 4068 2290 4124 est,
2315 4058 2378 4112 de
2405 4057 2606 4130 Spiritu
2636 4068 2818 4113 sancto
2843 4066 2938 4114 est.
2969 4058 3148 4115 Pariet
3176 4071 3347 4115 autem
3373 4060 3567 4130 ﬁlium.
3590 4059 3708 4117 Iam
3736 4071 3795 4117 et

2196 4165 2363 4223 supra
2382 4151 2619 4208 diximus
2638 4166 2867 4223 sponsas
2888 4166 3097 4209 uxores
3114 4153 3394 4223 appellari,
3409 4153 3550 4223 quod
3568 4153 3788 4225 plenius

2190 4337 2280 4408 qui
2327 4335 2432 4392 hoc
2475 4336 2650 4404 ipsum
2702 4336 3068 4408 testimonium
3114 4334 3352 4393 Africani
3386 4336 3480 4394 lib.
3521 4336 3785 4394 illistor.

2189 4423 2308 4534 (ἕρ.
2352 4411 2405 4471 7,
2444 4408 2660 4462 recitat.
2686 4407 2884 4465 Confer
2921 4408 3284 4480 Nicephorum
3323 4409 3419 4463 lib.
3452 4423 3500 4475 t,
3534 4423 3656 4480 cap.
3691 4409 3779 4465 11.

2245 4495 2370 4533 Αιιτ.

2245 4495 2370 4533 ART.

2270 4562 2289 4588 ε
2312 4551 2414 4603 Pro
2429 4549 2626 4618 Ioseph
2648 4551 2868 4606 nomine
2891 4550 3033 4620 quod
3059 4566 3187 4604 mss.
3209 4564 3401 4604 omnes
3422 4559 3621 4617 tacent,
3643 4565 3790 4608 unus

2190 4621 2542 4692 Cisterciens.
2578 4624 2889 4684 substituit,
2927 4621 3191 4689 Quaeritur
3218 4637 3398 4692 quare,
3430 4631 3536 4678 etc.

2266 4689 2294 4730 ά
2325 4693 2520 4746 Vocem
2545 4694 2718 4747 mariti
2750 4693 2995 4761 plerique
3023 4689 3374 4760 vulgati—libri
3403 4703 3601 4749 tacent.
3632 4692 3790 4750 Unus

2197 4779 2301 4820 ms.
2332 4763 2616 4818 Sorbouic.
2642 4764 2957 4820 Martianaeo
2989 4772 3152 4827 teste,
3184 4765 3344 4817 habet
3375 4761 3635 4830 maritale,
3663 4779 3790 4830 qu:e

2196 4845 2250 4889 et
2303 4835 2415 4903 ipsa
2459 4835 2669 4889 videtur
2717 4835 3020 4890 abundare.
3059 4834 3632 4905 Pseudo-TheOphilus
3674 4834 3796 4891 An-

2195 4905 2523 4960 thioelienus
2562 4907 2657 4960 lib.
2705 4921 2723 4961 ι
2768 4905 3298 4960 Commentariorum
3361 4907 3412 4959 in
3465 4905 3788 4976 Evangelia,

2195 4991 2316 5032 eum
2350 4976 2493 5032 hunc
2519 4992 2585 5033 ex
2619 4976 2946 5048 Hieronymo
2982 4977 3158 5030 locum
3205 4975 3429 5048 totidem
3463 4975 3793 5046 exscripsis-

2196 5057 2281 5102 set
2307 5051 2486 5103 verbis
2511 5090 2524 5108 .
2555 5049 2650 5102 viri
2679 5055 2858 5103 tamen
2893 5062 2992 5116 pro
3021 5048 3194 5118 mariti
3228 5047 3378 5114 legit.
3414 5049 3634 5103 Demnm
3666 5065 3795 5118 qua:

2198 5134 2263 5174 ex
2281 5119 2340 5174 S.
2367 5118 2567 5186 lgnatio
2593 5130 2830 5243 tuan-lyre
2851 5129 3045 5188 quarta
3070 5117 3283 5172 additur
3296 5134 3484 5182 causa,
3503 5121 3602 5174 sub
3625 5117 3792 5177 linem

2198 5191 2314 5243 eius
2366 5191 2629 5243 Epistula:
2684 5206 2710 5243 a
2802 5189 3067 5243 Ephesios
3125 5201 3417 5243 utcumnue
3470 5192 3790 5243 iunotescit.

2197 5191 2314 5256 ejus
2366 5191 2629 5260 Epistula:
2684 5189 2750 5243 ad
2802 5189 3067 5259 Ephesios
3125 5201 3417 5259 utcumque
3470 5192 3790 5246 iuuotescit.

2199 5261 2346 5332 llauc
2386 5277 2453 5318 ex
2484 5261 2814 5332 Hieronymo
2849 5262 3155 5332 pericopem
3187 5261 3344 5315 allert
3374 5269 3526 5317 vetus
3560 5276 3660 5316 ms.
3694 5278 3798 5318 eo-

2197 5331 2299 5386 dex
2341 5332 2562 5402 capituli
2601 5331 2972 5396 Veronensis,
2999 5333 3306 5403 continens
3345 5331 3599 5386 Alchuini
3640 5332 3794 5403 Opu-

2197 5404 2347 5458 scula
2379 5421 2392 5457 :
2427 5404 2479 5458 in
2508 5419 2616 5473 quo
2656 5418 2855 5458 nomen
2897 5405 2952 5457 S.
2990 5402 3176 5472 lgnatii
3209 5404 3460 5470 Martyris
3501 5402 3790 5473 reticet’ur,

2197 5473 2504 5546 legiturque
2526 5474 2899 5529 tantummodo
2931 5473 3127 5540 Quarto
3149 5483 3423 5599 ull-partus,
3456 5484 3563 5530 etc.
3584 5473 3793 5532 Verum

2200 5547 2259 5599 S.
2284 5546 2641 5599 llieronvmus
2664 5546 2840 5599 notius
2858 5560 2923 5598 ex
2937 5545 3172 5599 Origene
3244 5545 3392 5599 omil.
3412 5562 3462 5599 Vl
3485 5546 3538 5599 in
3560 5547 3789 5599 Lucam.

2200 5547 2259 5602 S.
2284 5545 2641 5615 llieronymus
2664 5546 2840 5614 potius
2858 5560 2923 5598 ex
2937 5545 3172 5614 Origene
3193 5545 3392 5599 Homil.
3412 5562 3462 5599 Vl
3485 5546 3538 5599 in
3560 5547 3789 5615 Lucam,

2197 5633 2357 5688 quam
2389 5633 2452 5672 ex
2483 5616 2687 5682 lgnatiu
2721 5619 2838 5686 ipso
2865 5617 3129 5670 recitarit.

2270 5699 2293 5726 ο
2321 5689 2454 5744 Tres
2483 5688 2712 5742 Palatin.
2739 5702 2895 5751 tuss.,
2921 5702 3152 5751 uxorem,
3181 5702 3344 5755 quam
3371 5697 3426 5744 et
3455 5687 3510 5743 in
3537 5687 3795 5753 subnexa

2193 5761 2529 5832 expositione
2561 5774 2749 5817 vocem
2780 5757 3005 5816 Hieron.
3040 5759 3261 5830 probat.
