4004 6332
224 387 290 448 95
801 379 1450 448 COMMENTARIORUM
1490 379 1557 438 IN
1598 374 2051 438 EVANGELIUM
2091 371 2429 433 ΜΑΤΤΗΕΙ
2465 370 2598 430 LIB.
2636 369 2682 429 l.
2726 369 2880 430 CAP.
2923 367 2992 426 ll.
3469 361 3545 424 ‘26

238 508 366 566 liber
414 505 705 562 adversus
749 505 1062 562 Helvidium
1095 501 1288 556 docet:
1326 508 1381 554 et
1411 496 1737 554 blandientis
1766 494 1846 549 af-
1874 496 1925 557 Α
1952 490 2094 561 Lege
2157 485 2526 558 supradictum
2590 482 2840 542 libellum
2892 480 3161 538 adversus
3210 478 3546 536 Helvidium.

252 604 382 658 lectu
410 601 464 655 ei
498 614 600 670 per
635 598 917 654 somnium
948 593 1185 667 Angelus
1213 591 1476 662 loquitur,
1500 598 1557 647 ut
1581 589 1847 660 justitiam

251 693 447 752 silentii
498 692 922 764 comprobaret.
977 687 1257 756 Simulque
1309 683 1602 740 notandum
1634 725 1650 752 ,
1703 680 1848 754 quod

251 786 444 857 loseph
470 783 618 840 filius
651 799 782 840 esse
808 783 1018 838 dicatur
1037 777 1145 853 [ΑΙ.
1174 776 1395 850 dicitur]
1423 776 1615 843 David,
1646 783 1706 832 ut
1733 774 1848 830 Ma-

252 885 322 941 ria
346 895 569 954 quoque
598 879 670 936 de
697 879 874 950 stirpe
907 873 1073 930 David
1100 880 1521 929 monStraretur.

319 975 502 1048 (Vers.
525 974 590 1029 2|
606 974 648 1044 .)
675 972 746 1027 Et
773 971 973 1027 vocabis
993 985 1178 1025 nomen
1200 971 1313 1045 ejus
1342 965 1542 1021 Iesum.
1572 964 1695 1038 Ipse
1712 965 1850 1020 enim

253 1067 448 1124 salsum
482 1067 643 1137 faciet
677 1065 939 1138 populum
963 1079 1116 1116 suum
1154 1079 1187 1116 a
1216 1059 1439 1132 peccatis
1467 1075 1664 1114 eorum.
1690 1058 1852 1114 .lssus

249 1160 521 1218 ﬂebraico
541 1172 808 1214 sermone
829 1156 1073 1213 Salvator
1090 1153 1312 1210 dicitur.
1337 1151 1728 1225 Etymologiam
1761 1165 1850 1204 er-

249 1269 316 1326 go
342 1250 594 1308 nominis
624 1251 747 1320 ejus
778 1246 1113 1319 evangelista
1141 1247 1394 1317 signavit,
1418 1245 1608 1302 dicens
1641 1261 1656 1297 :
1690 1243 1853 1298 Voca-

249 1345 322 1400 bis
344 1359 538 1400 nomen
575 1346 691 1417 ejus
720 1342 751 1373 ⁸
778 1341 956 1399 Jesum
972 1357 994 1408 ;
1013 1339 1142 1412 quia
1170 1341 1288 1411 ipse
1315 1339 1526 1396 salvum
1569 1338 1728 1394 faciet
1757 1351 1854 1408 po-

246 1438 433 1511 pulum
455 1451 644 1493 suum.

314 1527 503 1600 (Vers.
529 1525 603 1581 22
632 1525 824 1600 seqq.)
853 1525 971 1581 Hoc
999 1533 1174 1580 autem
1216 1531 1379 1578 totum
1424 1523 1623 1594 factum
1672 1529 1771 1586 est,
1796 1529 1851 1573 ut

244 1619 623 1693 adimpleretur
649 1619 791 1690 quod
837 1619 1034 1673 dictant
1081 1625 1154 1672 est
1185 1633 1216 1670 a
1249 1615 1473 1671 Domino
1503 1631 1593 1686 per
1622 1611 1852 1684 prophe-

245 1724 348 1770 tam
373 1713 636 1768 dicentem
666 1728 686 1767 :
710 1710 851 1766 Ecce
895 1709 1055 1781 Virgo
1080 1710 1133 1763 in
1162 1719 1309 1764 utero
1349 1707 1572 1773 habebit,
1597 1717 1644 1762 et
1683 1706 1850 1777 pariet

245 1809 435 1879 ﬁlium,
464 1815 517 1862 et
561 1804 838 1861 vocabitur
877 1819 1060 1858 nomen
1105 1804 1216 1873 ejus
1251 1800 1580 1867 Emmanuel,
1611 1800 1749 1868 quod
1779 1807 1852 1852 est

2028 583 2184 654 (Cap.
2206 580 2269 636 ll.
2298 609 2372 623 —
2393 578 2546 634 Vers.
2567 577 2606 632 2
2644 578 2829 648 seqq.)
2864 571 3108 630 Vidimus
3151 572 3293 628 enim
3341 571 3548 627 stellam

1973 678 2065 749 ejus
2092 677 2147 730 in
2177 675 2407 736 Oriente,
2438 681 2486 727 et
2515 672 2742 727 venimus
2770 670 2992 724 adorare
3035 682 3172 724 sum.
3197 666 3424 723 Audiens
3455 681 3555 718 au-

1955 779 2053 825 tem
2086 769 2317 825 Herodes
2343 783 2456 836 rex,
2481 767 2716 822 turbatus
2763 773 2859 833 est,
2892 773 2943 820 et
2973 763 3142 819 omnis
3187 760 3554 832 Hierosolyma

1953 877 2071 915 cum
2100 859 2212 916 illo.
2239 860 2304 914 Et
2322 873 2642 930 congregans
2669 872 2842 912 omnes
2860 855 3120 925 principes
3149 853 3480 908 sacerdotum
3501 860 3552 907 et

1953 954 2146 1009 scribas
2174 951 2378 1024 populi,
2405 949 2766 1006 sciscitabatur
2794 947 2859 1002 ab
2885 949 2959 1002 eis
3001 945 3088 1002 ubi
3109 944 3348 1002 Christus
3373 959 3554 1000 nasce-

1953 1054 2115 1100 retur.
2166 1042 2250 1100 Ad
2291 1040 2664 1098 confusionem
2715 1038 3052 1107 Judaorum,
3095 1046 3155 1092 ut
3212 1035 3558 1092 nativitatem

1951 1138 2156 1195 Christi
2179 1153 2208 1193 a
2237 1136 2498 1208 gentibus
2518 1134 2818 1198 discerent,
2849 1131 3028 1188 oritur
3053 1129 3108 1185 in
3131 1129 3353 1185 Oriente
3375 1128 3556 1197 stella,

1952 1247 2115 1303 quam
2149 1232 2388 1285 futuram
2435 1227 2654 1283 Balaam
2687 1237 2734 1293 ο,
2767 1225 2921 1294 cujus
2962 1236 3306 1280 successores
3355 1228 3537 1289 erant,

1875 1343 1878 1346 '
1952 1323 2213 1380 vaticinio
2257 1329 2544 1378 noverant.
2570 1321 2716 1390 Lege
2760 1316 3123 1373 Numerorum
3171 1313 3368 1370 librum
3391 1312 3550 1387 (Cap.

1953 1417 2127 1490 ntv).
2153 1416 2480 1472 Deferuntur
2506 1422 2691 1470 autem
2737 1411 2877 1482 magi
2910 1410 3084 1466 stellte
3125 1407 3330 1464 indicio
3363 1407 3417 1462 in
3447 1405 3549 1462 .Iu-

1952 1514 2150 1577 datam,
2189 1509 2580 1566 utsacerdotes
2609 1523 2639 1562 a
2669 1506 2844 1576 magis
2873 1502 3219 1574 interrogati,
3249 1499 3348 1556 ubi
3366 1499 3557 1557 Chriso

1955 1615 2042 1663 tus
2065 1616 2404 1668 nasceretur,
2422 1598 2824 1658 inexcusabiles
2848 1596 3042 1652 ﬁerent
3068 1594 3135 1650 de
3154 1594 3392 1649 adventu
3411 1593 3552 1660 ejus.

2023 1698 2206 1772 (Vers.
2241 1696 2321 1767 5.)
2350 1698 2416 1750 At
2448 1695 2527 1750 illi
2547 1693 2792 1748 dixerunt
2818 1691 2867 1745 ei
2900 1706 2919 1745 :
2947 1690 3000 1745 in
3026 1685 3294 1743 Bethleem
3317 1682 3546 1739 ludicre.

1956 1789 2046 1845 Sic
2068 1790 2204 1843 enim
2225 1788 2478 1856 scriptum
2502 1793 2578 1840 est
2602 1800 2690 1852 per
2713 1780 3015 1854 prophetam
3041 1794 3060 1833 :
3087 1776 3158 1832 Et
3179 1787 3256 1845 tu,
3291 1775 3556 1832 Bethleem

244 1865 673 1970 interpretatum,
711 1896 997 1953 Nobiscum
1020 1865 1200 1950 Deus.
1231 1893 1528 1968 Exsurgens
1553 1865 1724 1946 autem
1749 1890 1847 1944 Jo-
1881 1881 1929 1942 B
1957 1891 2093 1938 terra
2112 1879 2279 1946 Iuda,
2305 1893 2628 1970 nequaquam
2649 1875 2862 1930 minima
2891 1889 2942 1928 es
2963 1873 3016 1925 in
3039 1865 3554 1970 principibus-Iuda.

244 1995 366 2064 seph
406 2011 440 2048 a
469 2009 676 2059 somno,
706 1990 826 2062 fecit
854 1991 984 2045 sicut
1014 1988 1258 2061 praecepit
1297 1988 1343 2042 ei
1369 1984 1583 2060 angelus
1618 1983 1848 2038 Domini.

247 2089 352 2144 Pro
379 2102 448 2143 eo
468 2085 618 2157 quod
645 2082 987 2154 evangelista
1018 2079 1298 2136 Mattbzeus
1329 2079 1484 2142 dicit,
1507 2079 1563 2133 in
1589 2086 1734 2132 utero
1756 2075 1851 2130 ha-

247 2179 396 2247 bebit,
429 2181 485 2235 in
540 2176 810 2249 propheta
851 2177 1120 2247 scriptum
1174 2185 1280 2241 est,
1315 2175 1369 2228 in
1415 2181 1565 2227 utero
1608 2171 1846 2240 accipiet.

248 2273 354 2330 Sed
403 2270 701 2344 propheta,
732 2270 858 2342 quia
907 2269 1096 2324 futura
1129 2268 1395 2338 prtedicit,
1426 2264 1695 2338 signiﬁcat
1721 2262 1850 2334 quid

249 2367 486 2422 futurum
510 2365 607 2431 sit,
640 2374 694 2418 et
733 2361 949 2428 scribit,
980 2361 1200 2432 accipiet
1225 2377 1244 2416 :
1271 2359 1612 2430 evangelista
1643 2367 1848 2424 autem,

252 2461 370 2532 quia
413 2475 524 2514 noti
560 2458 630 2513 de
678 2456 885 2522 futuro,
919 2455 1016 2512 sed
1043 2455 1112 2512 de
1145 2455 1427 2526 prteterito
1459 2459 1647 2508 narrat
1675 2451 1846 2505 histo-

255 2554 412 2616 riam,
447 2549 680 2608 mutavit
727 2549 966 2618 accipiet,
995 2557 1049 2605 et
1093 2548 1269 2618 posuit
1315 2547 1537 2602 habebit.
1570 2546 1670 2613 Qui
1705 2544 1850 2599 enim

256 2643 436 2710 habet,
477 2657 825 2715 nequaquam
855 2650 1186 2711 accepturus
1217 2650 1321 2697 est.
1353 2640 1484 2695 Tale
1522 2639 1653 2709 quid
1699 2647 1756 2694 et
1796 2639 1851 2693 in

256 2735 488 2791 Psalmis
535 2734 767 2805 legimus
796 2751 813 2794 :
838 2733 1131 2790 Ascendens
1166 2734 1220 2788 in
1264 2734 1544 2798 excelsum,
1593 2733 1852 2801 caplivam

259 2825 400 2881 duxit
448 2826 802 2895 captivitatem
832 2825 1073 2893 :accepit
1112 2823 1248 2878 dona
1298 2824 1353 2877 in
1399 2823 1689 2877 hominibus
1731 2821 1850 2896 (Ps.

259 2935 420 2988 mu,
454 2918 550 2990 19)
600 2916 714 2973 lloc
743 2916 1111 2973 testimonium
1142 2916 1428 2988 apostolus
1474 2931 1707 2985 ponens,
1743 2930 1851 2971 non

261 3013 413 3078 dixit,
444 3012 670 3080 accepit,
714 3010 809 3067 sed
836 3010 976 3064 dedit
1003 3026 1023 3065 :
1047 3010 1174 3081 quia
1220 3009 1293 3065 ibi
1335 3009 1404 3066 de
1436 3009 1619 3065 futuro
1646 3009 1855 3081 signifi-

262 3116 439 3165 catum
470 3115 578 3174 est,
603 3105 747 3176 quod
789 3114 1110 3176 accepturus
1134 3114 1279 3160 esset
1310 3122 1324 3159 :
1356 3103 1445 3160 hic
1474 3103 1542 3160 de
1573 3119 1641 3160 eo
1667 3112 1856 3160 narrat

260 3199 290 3243 ι
315 3199 568 3262 historia,
602 3200 694 3271 qui
720 3199 837 3270 jam
861 3199 1086 3256 dederat
1110 3198 1253 3270 quod
1282 3208 1591 3268 acceperat.

1957 1971 2040 2028 Ex
2062 1981 2109 2026 te
2125 1972 2262 2026 enim
2288 1971 2423 2025 exiet
2447 1969 2577 2033 dum,
2611 1968 2697 2039 qui
2725 1973 2870 2038 regat
2893 1964 3146 2036 populum
3168 1977 3338 2016 meum
3359 1958 3554 2015 Israel.

1955 2064 2328 2120 Lihrariorum
2358 2062 2446 2118 hic
2475 2075 2633 2116 error
2659 2067 2769 2116 est.
2803 2057 3067 2114 Putamus
3092 2054 3240 2111 enim
3280 2052 3350 2108 ab
3379 2066 3554 2108 evan-

1954 2158 2148 2229 gelista
2179 2157 2413 2228 primum
2444 2154 2678 2219 editum,
2711 2151 2855 2206 sicut
2884 2149 2938 2205 in
2981 2149 3101 2218 ipso
3128 2145 3157 2185 ἀ
3189 2145 3458 2203 Hebraico
3479 2141 3562 2199 le-

1952 2253 2152 2322 gimus,
2181 2248 2374 2319 Iudae,
2407 2263 2514 2303 non
2559 2243 2786 2300 Iudaeae.
2825 2242 2961 2312 Quae
3001 2248 3086 2297 est
3127 2239 3270 2296 enim
3327 2237 3557 2292 aliarum

1951 2344 2199 2416 gentium
2231 2341 2536 2406 Bethleem,
2571 2347 2628 2392 ut
2655 2337 2726 2392 ad
2750 2331 3162 2390 distinctionem
3193 2329 3314 2400 ejus
3345 2328 3436 2384 hic
3461 2323 3560 2382 Ju-

1955 2438 2084 2494 daaa:
2123 2435 2457 2508 poneretur?
2487 2432 2642 2490 Juda:
2671 2443 2855 2486 autem
2888 2427 3093 2484 idcirco
3124 2424 3406 2488 scribitur,
3429 2422 3559 2493 quia

1955 2543 2038 2590 est
2076 2543 2135 2588 et
2177 2532 2278 2586 alia
2311 2528 2594 2584 Bethleem
2624 2525 2678 2579 in
2725 2521 2973 2579 Galilzra.
3005 2520 3149 2590 Lege
3191 2517 3396 2572 librum
3428 2513 3560 2571 lesu

1956 2627 2054 2684 lilii
2083 2625 2234 2681 Nave
2264 2620 2403 2695 (Jos.
2441 2619 2552 2684 19).
2592 2617 2830 2687 Denique
2860 2624 2916 2669 et
2946 2612 3000 2667 in
3045 2613 3164 2682 ipso
3195 2609 3552 2685 teetimonio,

1956 2719 2099 2789 quod
2130 2717 2198 2772 de
2226 2715 2468 2772 Michaere
2502 2709 2788 2782 prophetia
2832 2715 3109 2778 sumptum
3137 2713 3244 2771 est,
3275 2705 3347 2760 ita
3379 2703 3553 2762 habe-

1956 2820 2047 2869 tur
2075 2828 2089 2868 :
2116 2809 2182 2863 Et
2208 2818 2285 2876 tu,
2315 2803 2580 2861 Bethleem
2603 2813 2740 2857 terra
2767 2797 2911 2855 Iuda
2941 2796 3133 2872 (Mich.
3165 2811 3221 2862 v,
3248 2794 3332 2866 2).

2029 2902 2216 2976 (Vers.
2251 2898 2367 2972 ll.)
2392 2897 2455 2952 Et
2487 2896 2682 2966 apertis
2713 2891 2968 2948 thesauris
3003 2890 3142 2958 suis,
3171 2889 3466 2944 obtulerunt
3510 2887 3560 2943 ei

1957 3012 2195 3061 munera,
2223 3009 2432 3056 aurum,
2463 2991 2601 3056 thus,
2626 2998 2675 3042 et
2703 2986 2992 3058 myrrham.
3023 2983 3398 3039 l’ulcherrime
3434 2997 3560 3038 mu-

1956 3104 2148 3146 nerum
2170 3092 2510 3142 sacramenta
2533 3079 2808 3138 Iuvencus
2833 3077 3122 3150 presbyter
3139 3089 3248 3132 uno
3272 3073 3548 3132 versiculo

1955 3175 2372 3249 comprehcndit
2403 3192 2419 3229 :

336 3293 522 3366 (Vers.
553 3264 675 3362 25-.)
703 3264 774 3347 Et
812 3292 1009 3361 accepit
1054 3264 1324 3364 conjugem
1355 3264 1526 3358 suam,
1555 3297 1602 3345 et
1631 3306 1734 3344 non
1769 3306 1859 3344 co-
1882 3264 1928 3327 Ο
2020 3300 2381 3373 ᾝΙιιιε,ξιιιι·ιιφ,
2403 3294 2662 3360 myrrham,
2686 3291 2919 3356 regique,
2943 3286 3476 3352 hominique,Deoque

263 3388 427 3458 gnari!
452 3401 592 3455 eam,
623 3385 784 3441 donec
815 3385 1011 3455 peperit
1037 3385 1206 3455 filium
1227 3401 1379 3439 suum
1409 3385 1859 3456 primogenitum;

263 3489 307 3537 et
335 3482 533 3537 siccavit
562 3496 748 3535 nomen
768 3483 882 3553 ejus
896 3476 1097 3534 Jesum.
1123 3477 1200 3534 Ex
1226 3478 1327 3534 hoc
1353 3478 1476 3534 loco
1495 3478 1712 3548 quidam
1738 3494 1860 3548 per-

264 3574 576 3631 versissime
605 3572 984 3644 suspicantur,
1017 3581 1074 3628 et
1101 3571 1240 3626 alios
1272 3569 1411 3627 ﬁlios
1458 3571 1713 3628 habuisse
1741 3571 1857 3627 Ma-

262 3669 420 3738 riam,
449 3667 702 3724 dicentes
728 3667 1154 3738 primogenitum
1181 3680 1289 3720 non
1320 3665 1451 3731 dici,
1482 3666 1588 3720 nisi
1635 3665 1723 3735 qui
1755 3665 1856 3720 ha-

264 3761 386 3817 beat
416 3771 473 3816 et
491 3763 690 3817 fratres
719 3776 732 3814 :
764 3775 890 3816 cum
921 3758 1011 3815 hic
1033 3775 1150 3815 mos
1171 3759 1244 3815 sit
1271 3758 1577 3814 divinarum
1604 3757 1852 3829 Scriptu-

264 3866 442 3908 rarum
469 3895 484 3921 ,
539 3861 598 3908 ut
639 3852 1060 3924 primogenitum
1094 3868 1202 3908 non
1247 3869 1372 3910 eum
1424 3863 1641 3916 vocent.
1692 3870 1852 3925 quem

270 3943 371 4018 ιι
389 3944 588 4002 fratres
609 3955 936 4017 sequuntur,
963 3945 1057 4002 sed
1081 3961 1203 4002 eum
1229 3946 1321 4018 qui
1350 3945 1555 4018 primus
1583 3955 1741 4003 natus
1762 3949 1853 4003 sit.

333 4118 359 4146 ⁸
384 4109 441 4164 ιιι
494 4109 708 4178 aliquot
732 4124 866 4164 mss.
895 4108 1323 4178 exemplaribus,
1351 4108 1613 4162 vocabitur
1669 4125 1855 4162 nomen

269 4183 376 4253 ejus
403 4180 690 4253 Salvator;
723 4179 829 4248 vel,
861 4181 1066 4253 vocabis
1119 4195 1308 4253 nomen
1356 4183 1475 4253 ejus
1511 4180 1853 4234 Salvatorem.

269 4252 520 4323 blun—
549 4251 718 4306 Iidem
750 4267 882 4306 mss.
915 4252 1103 4307 addito
1130 4251 1505 4323 Cisterciensi,
1530 4267 1712 4323 nomen
1743 4255 1858 4323 ejus

271 4322 618 4394 Salutarem,
649 4323 772 4394 quia
811 4324 921 4394 ipse
972 4325 1173 4378 salvum
1223 4322 1397 4392 faciet,
1431 4335 1536 4376 etc.
1598 4321 1858 4377 Eamdem

271 4393 561 4450 lectionem
592 4393 1222 4465 in’aliisexemplarihus
1254 4394 1504 4448 Martian.
1539 4396 1766 4460 reperit.

337 4464 363 4503 δ
395 4465 452 4520 ιιι
475 4467 602 4521 aliis
631 4480 761 4520 mss.
793 4465 856 4520 de
881 4482 940 4521 eo
967 4464 1233 4532 narratur,
1265 4465 1356 4535 qui
1377 4468 1512 4537 jam,
1537 4475 1651 4537 etc.

2023 3364 2160 3415 Dona
2182 3360 2362 3410 ferunt.

2034 3482 2101 3538 Et
2128 3496 2376 3552 responso
2396 3487 2605 3547 accepto
2649 3477 2705 3529 in
2745 3473 2962 3543 somnis,
2983 3487 3048 3527 ne
3095 3470 3327 3525 redirent
3350 3468 3419 3522 ad
3447 3465 3558 3522 lle-

1955 3579 2156 3644 rodem,
2187 3592 2280 3650 per
2308 3574 2471 3629 aliam
2492 3573 2626 3626 viam
2655 3571 2850 3624 rerersi
2871 3576 2991 3622 sunt
3012 3567 3064 3621 in
3091 3566 3354 3637 regionem
3383 3579 3555 3632 suam,

1960 3684 2066 3730 etc.
2092 3669 2196 3739 Qui
2240 3681 2466 3724 munera
2515 3663 2828 3720 obtulerant
2874 3660 3129 3724 Domino,
3160 3663 3560 3726 consequenter

1962 3777 2281 3836 responsum
2312 3764 2970 3834 accipiuntJlesponsum
3001 3767 3184 3813 autem
3210 3753 3378 3828 (quod
3406 3751 3563 3809 Gras-

1961 3873 2026 3916 ce
2077 3859 2278 3915 dicitur
2333 3853 2800 3936 χρηματισθέντες)
2853 3866 2965 3908 ιιοιι
3013 3863 3111 3920 per
3149 3843 3402 3936 angelum
3455 3841 3556 3909 fit,

1962 3950 2058 4007 sed
2089 3961 2187 4022 per
2221 3933 2398 4022 ipsum
2444 3958 2468 3988 ο
2513 3947 2828 4013 Dominum,
2873 3950 2936 3998 ut
2982 3937 3306 3996 meritorum
3355 3933 3563 4003 Joseph

1959 4109 2182 4180 quidem
2229 4124 2327 4180 per
2355 4103 2795 4180 insomnium,_S.
2829 4114 2961 4180 vero
2999 4095 3300 4180 Josepbnm
3335 4107 3565 4177 respon-

1961 4165 2080 4235 s'um
2108 4165 2402 4250 accepisse
2433 4195 2532 4251 per
2569 4165 2848 4251 angelum.
2877 4171 3082 4251 Nempe
3112 4177 3178 4251 ut_
3213 4181 3398 4222 secum
3443 4165 3565 4251 ipse
3633 4192 3637 4196 α

1965 4251 2024 4308 S.
2055 4237 2414 4322 llieron'ymus
2433 4237 2673 4310 constet",
2698 4247 2803 4322 qui
2821 4248 2958 4298 hanc
2984 4237 3219 4322 visiohnis.
3243 4237 3566 4322 prterogati-

1961 4307 2082 4377 vam
2124 4338 2234 4392 prae
2257 4307 2381 4388 illa,
2407 4337 2539 4392 qua;
2575 4307 2743 4392 magis
2777 4317 2921 4392 laeta
2961 4321 3074 4392 est,
3107 4311 3167 4365 S.
3191 4307 3568 4392 losephotri-

1964 4393 2098 4458 buit,
2127 4378 2189 4448 'et
2216 4378 2495 4462 praedicat,
2529 4391 2630 4445 hac
2661 4378 2913 4444 nimirum
2943 4384 3012 4440 de
3041 4389 3309 4462 causa._ut
3333 4378 3549 4434 merito-

1963 4451 2310 4534 rum'Joseph
2355 4451 2684 4536 privilegium
2729 4462 3192 4536 demonstraretur.
3225 4451 3358 4536 N'am
3391 4463 3562 4534 secus

340 4548 362 4576 ε
396 4537 744 4593 lnterseruut
794 4537 904 4592 duo
946 4537 1179 4593 Palatin.
1219 4521 1399 4592 mss."
1435 4521 1660 4591 verbum
1721 4550 1859 4608 prte-
1885 4557 1941 4618 D
1967 4521 2403 4618 longehaliere't,
2434 4535 2481 4590 si
2513 4521 2699 4603 magos
2720 4529 2872 4618 Idixit
2900 4543 2994 4618 per
3024 4527 3194 4607 ipsum
3225 4521 3553 4618 ‘Dominum,

271 4607 490 4661 dixerat.

339 4677 368 4717 ιι
395 4679 582 4734 Facile
614 4679 1030 4735 Nazartenorum
1061 4679 1335 4740 codicem,
1366 4693 1525 4747 quem
1572 4693 1718 4746 saepe
1748 4678 1863 4731 latt-

269 4749 382 4818 dat,
413 4752 641 4820 ipseque
670 4767 734 4806 ex
757 4751 948 4806 Graeco
971 4753 1365 4820 interpretatus
1389 4761 1492 4815 est,
1524 4749 1610 4804 hic
1633 4750 1732 4804 sub
1759 4750 1864 4804 lle-

268 4821 436 4892 braici
463 4823 835 4892 appellatione
871 4832 1040 4877 notat.
1069 4821 1178 4876 Nec
1206 4821 1336 4876 illud
1378 4837 1546 4890 usque
1573 4821 1709 4892 adeo
1741 4835 1865 4880 uro-

271 4891 446 4953 batur,
493 4893 637 4959 quod
681 4894 1052 4948 Librariorum
1107 4896 1279 4947 errori
1322 4892 1530 4957 tribuit,
1565 4903 1620 4945 ut
1663 4891 1866 4944 Juritea:

274 4979 370 5030 pro
415 4963 579 5017 Juda:
622 4966 880 5032 scriptum
914 4967 1022 5017 sit:
1057 4964 1326 5032 siquidem
1373 4973 1427 5018 et
1476 4961 1859 5026 τὴνίονδαίαν,

272 5031 535 5100 Indicam,
564 5047 764 5089 vocant
789 5034 928 5090 LXX
947 5031 1144 5089 terram
1174 5038 1343 5089 tribus
1370 5034 1586 5098 ludam,
1615 5049 1712 5087 nec
1741 5033 1865 5086 uni-

271 5121 486 5161 versam
537 5107 892 5161 llebrteorum
939 5106 1162 5162 ditionis
1217 5118 1442 5167 terram,
1477 5110 1593 5160 sive
1629 5105 1868 5160 Palaesti-

278 5192 434 5249 nam,_
457 5176 556 5249 sed
588 5177 920 5249 peculiarem
963 5177 1251 5249 designant
1271 5178 1550 5246 regionem
1578 5192 1701 5245 qua:
1729 5175 1869 5244 regi-

274 5246 374 5303 bus
409 5247 552 5304 Juda
585 5263 662 5321 ex,
707 5248 872 5303 David
920 5246 1107 5318 stirpe'
1141 5249 1370 5321 parebat
1401 5267 1414 5302 :
1443 5261 1522 5321 et,
1544 5249 1714 5321 probe
1759 5263 1867 5299 non

275 5322 447 5374 solum
479 5321 549 5374 ab
577 5320 702 5375 aliis
730 5321 1009 5390 gentibus,
1035 5319 1210 5375 sedet
1233 5337 1261 5372 a
1293 5320 1615 5389 regionibus
1637 5319 1863 5390 aliarum

276 5390 512 5446 tribuunt
544 5389 761 5446 Israelis
787 5406 854 5446 eo
883 5393 1103 5446 nomine
1133 5390 1580 5459 distingueretur.
1612 5389 1701 5446 Sic
1724 5389 1868 5454 quod

277 5460 478 5518 Jerem.
511 5478 622 5524 XIV,
653 5464 711 5527 2,
738 5472 795 5517 et
841 5462 982 5519 Joel.
1005 5478 1085 5529 ιιι,
1114 5462 1207 5528 ΞΟ,
1236 5462 1501 5517 Hebraice
1542 5472 1626 5518 est
1665 5467 1821 5519 min?
1851 5501 1866 5525 ,

275 5530 462 5604 Graece
485 5531 718 5589 Ἰουδαία
742 5534 943 5589 dicitur
969 5552 980 5588 :
1011 5543 1066 5588 et
1091 5536 1160 5588 ab
1191 5533 1310 5601 ipso
1339 5531 1571 5604 Vulgato
1603 5532 1874 5604 Interpre-

277 5614 329 5658 te
364 5602 521 5676 Judre
561 5604 892 5660 transfertur
934 5604 956 5660 l
990 5605 1125 5676 Reg.
1155 5621 1284 5675 xvu,
1319 5607 1371 5673 1,
1398 5601 1544 5676 quod
1589 5604 1644 5658 in
1678 5601 1873 5660 Graeco

278 5685 360 5730 est
377 5674 655 5738 Ἰουδαίας.

281 5816 295 5828 .
336 5756 376 5828 γε
402 5746 600 5828 Fertne
628 5761 950 5828 persuasum
979 5746 1079 5828 fuit
1105 5747 1261 5828 olim“
1276 5747 1429 5828 mihi,
1461 5746 1663 5803 cubare
1681 5745 1874 5828 locum

280 5816 437 5889 istum
467 5819 520 5872 in
553 5814 780 5887 mendo,
809 5827 864 5874 et
885 5835 981 5889 pro
1010 5822 1184 5886 ipsum
1213 5814 1496 5873 Dominun
1523 5817 1753 5873 rescribi
1777 5817 1875 5873 de-

283 5887 410 5954 bere
447 5904 559 5949 uno
606 5889 782 5949 verbo
824 5887 1164 5983 inspmnium,
1195 5897 1258 5948 ut
1293 5905 1488 5950 sensus
1529 5890 1635 5962 sit,
1685 5901 1876 5964 magos

1963 4593 2258 4676 Jrisejihutn
2286 4593 2420 4661 vero
2448 4620 2544 4674 per
2574 4593 2828 4673 angelum
2854 4593 3192 4676 atltnoiiitum
3224 4593 3412 4676 fuisse,
3437 4605 3561 4645 cum

1965 4679 2061 4734 Dei
2093 4669 2433 4734 admonentis
2452 4669 2682 4745 sequior
2712 4682 2870 4745 esset,
2888 4669 3150 4732 conditio,
3183 4673 3372 4745 contra
3396 4677 3559 4745 quam

1963 4733 2440 4812 veritasﬁclainat,
2470 4733 2634 4803 et'S.
2677 4746 2792 4814 ipse
2850 4742 3008 4814 Pater
3055 4735 3337 4814 conceptis
3379 4733 3561 4814 verbis

1966 4821 2266 4876 contemlit.
2314 4805 2921 4886 Qua'tnobrem'errore
2973 4811 3174 4886 factum
3226 4805 3564 4886 antiquario-

1965 4909 2084 4948 rum
2117 4877 2361 4946 vitleatur
2391 4891 2462 4945 ob
2500 4889 2738 4955 aliquam
2790 4885 2934 4955 inter
2964 4897 3026 4955 se
3050 4881 3343 4936 verborum
3386 4877 3560 4955 ipsum

1969 4946 2253 5017 Dominum
2295 4972 2344 5016 et
2379 4946 2693 5015 insomnium
2738 4953 3177 5018 similitudinem,
3229 4965 3350 5021 quae
3404 4946 3565 5002 facile

1969 5035 2205 5100 potuerit
2233 5035 2452 5087 criticus
2483 5047 2589 5084 non
2635 5043 2796 5084 nemo
2840 5025 3058 5100 divisim
3105 5021 3260 5093 quasi
3299 5019 3410 5075 duo
3437 5032 3564 5072 ver-

1969 5097 2035 5160 ba
2075 5105 2344 5173 accipere,
2372 5112 2500 5172 puta
2529 5103 2582 5155 in
2610 5117 2743 5173 sont,
2776 5107 2822 5152 et
2851 5097 3159 5173 nium_,_qu5e
3186 5108 3313 5173 cum
3365 5103 3463 5173 per
3481 5101 3562 5172 .se

1971 5177 2104 5230 nihil
2131 5160 2462 5246 signiﬁcent,
2493 5160 2834 5246 emendanda
2856 5160 3154 5246 crediderit
3179 5165 3359 5246 insom‘
3395 5162 3448 5216 itt
3473 5160 3560 5230 ip-

1967 5265 2102 5311 sum,
2131 5237 2377 5300 etvnium
2407 5244 2462 5299 in
2515 5237 3265 5311 Dominunt.7Caatera‘enim
3309 5241 3366 5311 et
3411 5245 3569 5311 sacer

1971 5303 2152 5374 textus
2182 5317 2402 5373 lectioni
2439 5316 2756 5370 insomnium
2784 5310 2941 5365 [idem
2970 5308 3121 5374 facit,
3151 5315 3207 5362 et
3239 5303 3562 5374 suffragatur

1971 5391 2051 5446 rei
2085 5393 2311 5455 veritas,
2345 5388 2579 5454 denique
2605 5387 2723 5453 ipsa
2756 5381 2965 5455 Latinae
2990 5380 3141 5455 vocis
3165 5375 3474 5455 prOprietas
3500 5384 3566 5427 ac

1972 5462 2082 5526 vis,
2109 5475 2214 5530 qua
2261 5446 2577 5514 insomnium
2601 5446 2800 5512 dicitur
2827 5453 2969 5509 visio
2999 5451 3052 5507 id
3078 5446 3224 5520 quad
3259 5453 3447 5517 postea
3476 5457 3571 5500 ac-

1971 5531 2105 5589 cidit
2133 5531 2531 5600 portendens,
2604 5599 2623 5600 ί
2807 5596 2819 5600 _
2987 5593 2997 5600 _
3285 5587 3296 5598 .
3518 5585 3530 5598 ι
3605 5532 3611 5538 ·

2045 5585 2154 5659 Sed
2184 5602 2231 5656 si
2253 5611 2488 5656 mentem
2512 5599 2573 5656 S.
2603 5596 2856 5653 Doctoris
2883 5593 3052 5662 probe
3083 5587 3448 5662 assequimur,
3477 5585 3562 5662 ni-

1977 5657 2207 5730 lnil—esse
2250 5672 2392 5744 quod
2436 5671 2525 5726 hic
2576 5671 2679 5744 loci
2707 5657 3088 5744 emendemus,
3115 5657 3368 5744 reipaqu
3398 5657 3577 5715 altius,

1974 5759 2212 5816 expensa
2254 5733 2549 5816 constabit.
2577 5741 2861 5816 Sentiehat
2906 5735 3110 5816 quippe
3157 5733 3269 5791 ille.
3305 5742 3566 5816 responsa

1975 5801 2099 5884 qua:
2121 5817 2172 5871 in
2194 5815 2408 5882 somnis,
2438 5815 2554 5871 κατ’
2570 5808 2720 5887 Αὸναρ,
2753 5801 3115 5887 lutberenttir,
3140 5818 3261 5887 qua!
3289 5801 3568 5887 χρηςμιοιιξς

1977 5870 2164 5964 Graeci
2181 5870 2408 5964 vocant,
2433 5901 2535 5966 per
2561 5870 2734 5963 ipsum
2764 5879 2934 5940 Deum
2963 5877 3108 5948 ﬁeri,
3129 5870 3196 5950 et,
3217 5870 3461 5955 χρἠτμὸέυ
3482 5870 3571 5942 (ιι.
