4004 6332
446 333 518 394 97
1280 336 1286 342 ’
1694 342 1754 400 S.
1795 343 2066 401 EUSEBII
2102 344 2483 408 HIERONYMI
3664 361 3742 424 ’Β

458 455 562 528 15
591 456 930 525 privilegium
958 456 1446 517 demonstraretur.
1471 458 1836 517 Revertnntur
1866 471 2047 518 autem
2078 463 2127 523 A
2154 479 2287 536 ergo
2315 470 2591 537 quomodo
2616 469 2821 531 Rachel
2846 473 2990 531 ﬁlios
3012 473 3191 544 Judm,
3220 476 3276 534 id
3301 487 3406 545 est,
3436 478 3744 554 Bethleem,

451 562 549 618 per
576 548 735 605 aliam
766 553 939 617 viam,
962 553 1090 626 quia
1120 553 1421 615 inﬁdelitati
1452 552 1712 609 miscendi
1741 571 1851 610 non
1884 565 2043 611 erant

453 650 507 696 et
539 639 877 699 Jndteorum.

528 733 709 805 (Vere.
742 738 829 803 15,
866 736 980 808 Η.)
1009 737 1145 797 Ecce
1192 739 1421 814 Angelus
1470 742 1681 803 Domini
1724 746 1966 817 apparuit
1994 745 2050 799 in

451 827 645 883 somnis
694 826 915 900 Ioseph,
950 829 1124 887 dicens
1154 847 1174 886 :
1205 832 1374 904 Surge
1427 844 1475 889 et
1515 838 1693 905 accipe
1742 854 1958 906 puerum
2003 848 2049 893 et

455 930 673 980 matrem
697 921 834 989 ejus,
862 928 909 977 et
942 924 1064 993 fuge
1093 923 1145 977 in
1197 923 1488 999 /Egyptum
1519 944 1538 983 :
1560 937 1609 983 et
1637 940 1746 985 esto
1776 930 1848 984 ibi
1889 944 2051 1002 usque

455 1011 582 1069 dum
611 1012 780 1067 dicam
804 1012 913 1067 tibi.
948 1011 1213 1073 Futurum
1239 1027 1315 1072 est
1346 1020 1483 1072 enim
1507 1030 1562 1074 ut
1591 1019 1829 1076 Herodes
1856 1032 2051 1091 quierat

453 1121 668 1178 puerum
718 1105 789 1159 ad
829 1107 1148 1174 perdendum
1186 1125 1324 1164 eum.
1364 1112 1467 1178 Qui
1497 1129 1832 1187 consurgens,
1857 1116 2053 1187 accepit

452 1213 668 1266 puerum
700 1211 747 1252 et
770 1208 986 1255 matrem
1015 1202 1133 1273 ejus
1162 1214 1346 1257 nocte:
1370 1215 1415 1257 et
1444 1208 1646 1260 secessit
1670 1207 2051 1282 ituEgyptum;

451 1300 501 1347 et
530 1304 637 1347 crat
686 1294 761 1350 ibi
807 1311 969 1366 usque
1011 1296 1083 1349 ad
1122 1296 1320 1352 obitum
1360 1297 1609 1357 Herodis.
1632 1301 1865 1369 Quando
1913 1303 2052 1357 tollit

460 1384 570 1459 [ΑΙ.
604 1386 749 1460 tulit]
775 1402 1002 1459 puerun.
1042 1399 1100 1445 et
1149 1399 1375 1447 matrem
1406 1392 1549 1462 ejus,
1573 1404 1632 1448 ut
1675 1394 1727 1447 in
1756 1392 2050 1466 Egyptum

461 1488 726 1549 transeat,
762 1490 922 1538 nocte
952 1482 1092 1538 tollit
1139 1491 1196 1539 et
1226 1485 1467 1540 tenebris
1499 1501 1514 1542 :
1542 1486 1760 1556 quando
1793 1502 1925 1542 vero
1964 1502 2053 1542 re-

455 1570 689 1627 Vertitnr
712 1572 767 1627 in
791 1572 1060 1643 Judaeum,
1086 1589 1187 1631 nec
1218 1590 1356 1644 nos,
1381 1592 1484 1633 nec
1506 1578 1746 1635 tenehrm
1779 1590 2053 1650 ponuntur

457 1665 512 1719 in
547 1666 867 1735 Evangelia.

534 1757 719 1830 (Vera.
755 1758 842 1825 15,
877 1757 990 1829 16.)
1026 1758 1093 1813 Ut
1121 1760 1500 1830 adjmpleretur
1527 1762 1668 1832 quod
1691 1762 1889 1817 dictum
1918 1773 1991 1818 est
2021 1781 2053 1819 a

2152 562 2305 627 quasi
2327 575 2456 615 suos
2488 565 2697 633 ploret?
2718 566 3196 637 Respondebimus
3219 570 3487 640 breviter,
3513 573 3639 645 quia
3660 591 3752 632 se+

2154 652 2300 720 pulta
2329 656 2401 711 sit
2419 655 2572 725 juxta
2603 657 2887 716 Bethleem
2917 660 2972 716 in
3001 661 3261 732 Ephrata,
3294 673 3351 720 et
3380 679 3452 720 ex
3480 662 3509 706 δ
3542 678 3751 723 mater‘

2152 762 2224 802 no
2252 752 2561 818 corpusculi
2593 751 2834 823 hospitio
2864 755 3056 815 matris
3083 771 3282 812 nomen
3306 759 3605 830 acceperit.
3618 758 3750 818 Sive

2150 842 2408 909 quoniam
2441 842 2601 907 Juda,
2627 854 2682 899 et
2706 845 2988 917 Benjamlu
3008 848 3127 904 duze
3151 850 3547 919 tribusjunctas
3563 861 3747 920 erant,

2152 941 2207 987 et
2245 931 2489 991 Herodes
2520 950 2862 1007 praeceperat
2895 955 3003 996 non
3050 941 3228 996 solum
3260 942 3314 997 in
3349 942 3624 999 Bethleem
3659 946 3747 1001 in-

2153 1025 2322 1082 terlici
2353 1042 2572 1096 pueros,
2614 1029 2714 1086 sed
2742 1040 2799 1095 et
2829 1032 2881 1087 in
2931 1034 3183 1090 omnibus
3225 1035 3423 1095 linibus
3475 1037 3613 1108 ejus.
3640 1037 3751 1096 Per

2153 1120 2483 1176 occisionem
2511 1120 2622 1194 [Αι.
2655 1124 3029 1199 occasionem]
3059 1126 3342 1183 Bethleem
3393 1129 3751 1202 intelligimus

2153 1210 2353 1266 multos
2380 1211 2543 1269 etiam
2570 1212 2640 1270 de
2683 1214 2966 1287 Benjamin
2996 1215 3167 1273 fuisse
3205 1233 3398 1275 casas.
3428 1218 3616 1277 Plorat
3651 1236 3755 1278 att-.-

2156 1313 2262 1358 lem
2318 1304 2458 1361 ﬁlios
2495 1321 2647 1374 suos,
2672 1318 2728 1364 et
2773 1323 2881 1364 non
2931 1309 3124 1381 recipit
3174 1312 3629 1382 consolationem,
3660 1328 3756 1371 seu

2152 1395 2390 1450 cundum
2434 1396 2708 1468 duplicem
2754 1398 3195 1471 intelligentiam.
3224 1400 3353 1458 Sive
3392 1403 3542 1474 quod
3567 1418 3664 1461 eos
3693 1407 3753 1469 in

2152 1496 2417 1547 reternum
2448 1499 2695 1547 mortuos
2722 1491 3047 1559 aestimaret,
3069 1493 3189 1550 sive
3216 1493 3362 1564 quod
3383 1496 3663 1551 consolari
3692 1511 3754 1554 se

2154 1581 2324 1636 nollet
2351 1582 2421 1637 de
2452 1582 2536 1641 his
2563 1598 2703 1650 quos
2733 1585 2906 1641 sciret
2932 1600 3057 1642 esse
3088 1587 3357 1645 victuros.
3389 1588 3544 1656 Quod
3568 1598 3752 1653 autem

2153 1670 2353 1727 dicitur
2397 1674 2451 1727 in
2507 1673 2696 1736 Ilama.
2726 1689 2834 1729 non
2882 1686 3139 1745 putemus
3192 1676 3297 1733 loci
3353 1691 3550 1735 nomen
3604 1693 3754 1747 esse,

2157 1774 2181 1805 ο
2206 1766 2359 1835 juxta
2388 1766 2592 1831 Gabaa,
2623 1766 2718 1823 sed
2747 1782 2895 1822 roma
2926 1766 3185 1824 excelsum
3209 1766 3388 1839 (nm)
3427 1771 3759 1841 interpreta-

459 1851 688 1907 Damlno
714 1870 804 1922 per
823 1854 1150 1927 prophetam,
1175 1856 1431 1912 dicentem
1462 1873 1482 1912 :
1506 1856 1592 1912 Ea:
1624 1857 1697 1912 1E
1700 1869 1858 1932 gypto
1879 1862 2054 1915 uocaui
2083 1851 2133 1913 B
2162 1870 2268 1925 tur,
2296 1870 2354 1916 ut
2383 1861 2453 1917 sit
2479 1874 2679 1917 sensus
2707 1877 2721 1915 τ
2760 1859 2871 1917 Vos:
2896 1861 2952 1917 in
2976 1860 3175 1919 excelso
3202 1861 3386 1921 audita
3414 1871 3513 1933 est,
3541 1862 3594 1921 id
3643 1871 3758 1933 est,

461 1949 627 2017 [illum
658 1966 846 2005 inicum.
878 1950 1027 2006 Tunc
1075 1951 1314 2009 Herodes
1359 1953 1536 2009 uidens
1574 1955 1820 2025 quoniam
1865 1952 2056 2009 illusus

461 2050 593 2096 esset
622 2059 655 2096 a
684 2044 872 2114 magis,
902 2043 1068 2099 iratus
1093 2054 1169 2099 est
1196 2044 1448 2112 valde;et
1470 2047 1700 2112 mittens,
1730 2049 1920 2103 occidit
1943 2066 2056 2103 oms

460 2148 552 2188 nes
583 2148 767 2202 pueros
793 2137 885 2206 qui
932 2145 1077 2190 erant
1114 2136 1171 2190 in
1199 2136 1480 2200 Bethlem.
1510 2152 1560 2192 et
1586 2139 1640 2193 in
1672 2140 1909 2196 omnibus
1936 2141 2060 2212 ﬁni-

461 2229 553 2281 bus
576 2228 711 2298 ejus,
735 2244 767 2282 a
791 2226 984 2283 bimam
1009 2238 1059 2284 et
1078 2230 1241 2302 infra,
1271 2232 1559 2285 secundum
1586 2241 1784 2305 tempus
1810 2235 1947 2306 quod
1966 2251 2061 2289 ea:-

464 2320 715 2392 quisierat
743 2336 775 2375 tl
803 2322 987 2395 magis.
1021 2320 1411 2392 Responderunt
1452 2327 1543 2397 qui
1576 2326 1930 2382 llebraorum
1963 2343 2060 2384 vos

467 2412 734 2469 luminum
763 2413 1037 2485 denegant
1065 2417 1377 2486 veritatem,
1401 2419 1490 2474 ubi
1523 2419 1629 2475 hoc
1660 2420 1714 2475 in
1738 2419 1883 2477 LXX
1916 2422 2061 2493 lega-

466 2514 557 2562 tur
589 2509 997 2576 interpretibus.
1023 2509 1176 2578 Quod
1199 2520 1322 2565 cuin
1356 2528 1463 2568 non
1494 2513 1824 2582 invenerint,
1854 2530 1954 2570 nus
1979 2516 2059 2570 eis

462 2598 707 2654 dicemus
738 2600 793 2654 in
824 2600 965 2658 Osee
994 2602 1254 2672 prepheta
1301 2606 1563 2674 scriptum
1594 2604 1751 2676 (Cap.
1780 2606 1894 2676 ll),
1921 2607 2061 2661 sicut

465 2702 520 2748 et
548 2694 879 2762 exemplaria
915 2694 1148 2763 probare
1172 2706 1404 2765 possunt
1424 2712 1545 2766 quae
1569 2692 1745 2767 nuper
1765 2698 2056 2753 edidimus.

465 2784 764 2847 Possumus
803 2795 985 2842 autem
1012 2786 1193 2841 locum
1243 2789 1413 2843 istum
1441 2798 1498 2844 et
1518 2789 1681 2845 aliter
1709 2799 1735 2827 ει
1764 2792 2060 2847 conciliare

466 2877 577 2952 [ΑΙ.
621 2879 920 2952 consolari]
952 2890 1177 2950 propter
1215 2884 1616 2948 contentiosos.
1665 2899 1895 2954 quorum
1926 2900 2060 2940 eon-

468 2972 818 3028 snetudinem
850 2971 1051 3027 Paulus
1080 2976 1362 3042 apostolus
1391 2975 1596 3032 habere
1623 2990 1686 3033 se
1713 2976 1972 3048 denegat,
2006 2989 2061 3034 et

473 3063 774 3119 Ecclesium
803 3063 1006 3120 Christi
1030 3065 1071 3139 (Ι
1106 3064 1227 3121 Cor.
1264 3068 1453 3139 ll):et
1473 3070 1841 3126 testimonium
1877 3072 2062 3140 proie-

472 3157 645 3211 rimus
672 3173 740 3212 ex
768 3158 1039 3223 Numeris,
1075 3160 1294 3217 dicente
1326 3161 1544 3217 Balaam
1575 3179 1588 3217 :
1626 3162 1765 3218 Deus
1794 3180 1857 3219 ea:
1891 3164 2065 3237 [Ερυ-

2159 1953 2318 2021 louge
2352 1953 2568 2023 lateque
2595 1953 2860 2023 dispersa.

2233 2043 2418 2116 (Vers.
2442 2044 2562 2115 ΩΟ.)
2585 2042 2833 2116 Defuncti
2866 2054 2988 2101 sunt
3024 2047 3161 2107 enim
3185 2047 3274 2121 qui
3300 2046 3596 2119 sumebant
3635 2048 3762 2105 auio,

2157 2151 2295 2191 mam
2320 2134 2489 2207 pueri.
2514 2134 2596 2193 Ex
2626 2135 2732 2195 hoc
2772 2135 2895 2191 loco
2922 2135 3277 2207 intelligimus
3303 2152 3414 2199 non
3444 2138 3623 2197 solum
3652 2139 3765 2197 He-

2156 2229 2373 2295 rodem,
2398 2228 2496 2284 sed
2526 2236 2584 2284 et
2606 2227 2920 2293 sacerdotes
2945 2238 3004 2291 et
3038 2229 3250 2291 scribas
3282 2230 3478 2295 eodem
3509 2240 3765 2303 tempore

2158 2337 2346 2379 necem
2379 2321 2595 2378 Domini
2622 2320 2793 2378 fuisse
2817 2319 3129 2383 meditatos.

2233 2416 2417 2490 (Vers.
2447 2414 2568 2488 Si.)
2599 2416 2702 2481 Qui
2727 2432 2947 2488 surgens
2986 2415 3183 2489 accepit
3219 2431 3435 2490 puerum
3461 2426 3513 2473 et
3544 2426 3765 2475 matrem

2158 2512 2296 2582 ejus,
2327 2507 2354 2547 ά
2383 2519 2432 2566 et
2459 2510 2593 2571 venit
2621 2510 2675 2569 ia
2718 2517 2910 2569 terram
2957 2508 3150 2569 Israel.
3196 2508 3311 2569 Non
3357 2508 3520 2581 dixit,
3550 2510 3767 2580 accepit

2162 2601 2330 2659 ﬁliuni
2379 2616 2560 2669 suum,
2588 2609 2644 2656 et
2672 2615 2898 2661 uxorem
2927 2616 3106 2665 suam,
3134 2600 3230 2663 sed
3257 2615 3511 2671 puerum,
3545 2610 3603 2659 et
3637 2616 3767 2661 asa-

2162 2703 2300 2751 trem
2330 2696 2468 2764 ejus.
2494 2696 2646 2766 quasi
2673 2697 2953 2765 nutritius,
2983 2712 3094 2755 non
3120 2697 3373 2758 maritus.

2237 2791 2420 2862 (Vers.
2448 2792 2571 2862 29..)
2597 2793 2826 2847 Audiens
2870 2801 3046 2847 autent
3073 2792 3215 2862 quod
3253 2790 3542 2849 Archelaus
3567 2807 3769 2865 regno

2162 2897 2237 2941 rel
2263 2887 2316 2939 in
2342 2883 2555 2953 Iudaea,
2588 2900 2681 2954 pro
2702 2883 2915 2940 Herode
2936 2893 3084 2952 patre
3106 2900 3199 2939 suo
3216 2925 3233 2949 ,
3260 2884 3433 2939 timuit
3456 2884 3551 2940 illo
3573 2884 3651 2940 ire
3673 2900 3695 2940 :
3719 2893 3770 2945 at

2163 2978 2456 3035 admonitus
2478 2978 2535 3032 in
2559 2978 2776 3041 somnis,
2808 2977 3015 3033 secessit
3035 2977 3090 3030 in
3114 2987 3288 3045 partes
3318 2974 3578 3033 Galil“.
3605 2977 3770 3035 Multi

2164 3070 2427 3127 labuntur
2464 3082 2653 3124 errore
2700 3077 2923 3137 propter
2971 3068 3336 3138 ignorantiam
3371 3068 3643 3136 historia,
3666 3085 3775 3140 pus

2170 3170 2344 3217 tantes
2392 3161 2644 3217 enimdem
2690 3175 2814 3217 esse
2859 3160 3155 3227 Herodem,
3185 3176 3217 3216 a
3247 3176 3358 3233 quo
3403 3162 3457 3217 in
3509 3163 3772 3233 passione

471 3260 559 3318 pta
614 3251 810 3316 vocavit
857 3267 972 3308 eum
1001 3268 1022 3306 :
1052 3250 1221 3326 gloria
1270 3255 1383 3326 ejus
1425 3254 1558 3310 sicut
1587 3258 1846 3319 unicornis
1874 3231 2062 3330 (Nam.
2094 3231 2141 3294 ο
2173 3268 2269 3309 sua
2302 3253 2562 3313 Dominus
2590 3253 2874 3321 irridetur,
2892 3262 2950 3309 et
2978 3253 3070 3324 qui
3094 3269 3237 3309 nunc
3265 3266 3514 3311 mortuus
3535 3268 3659 3313 esse
3679 3272 3745 3315 re

470 3358 621 3405 χχιιι.
650 3342 771 3415 22).

543 3437 726 3505 (Vere.
760 3438 827 3492 l7
855 3438 1041 3509 seqq.)
1069 3438 1217 3498 Tunc
1246 3441 1587 3512 adimpletum
1614 3452 1687 3499 est
1709 3445 1848 3512 quod
1872 3446 2066 3499 dictum

464 3539 540 3585 est
562 3546 652 3602 per
678 3528 959 3589 Ieremiam
979 3531 1307 3604 prophetam,
1332 3534 1586 3590 dicentem
1624 3552 1643 3591 :
1676 3535 1788 3595 Vos:
1812 3539 1864 3592 in
1896 3539 2066 3593 llama

466 3624 652 3681 audita
673 3634 772 3692 est,
800 3626 1038 3698 ploratus
1060 3626 1355 3685 elululatus
1376 3629 1597 3697 multus,
1624 3628 1825 3684 Rachel
1850 3630 2066 3699 plorans

468 3717 608 3786 ﬁlios
637 3734 783 3784 suos,
806 3726 853 3783 et
903 3718 1071 3777 ualuit
1097 3718 1379 3787 consolari,
1403 3720 1525 3791 quia
1554 3736 1659 3775 non
1687 3729 1808 3774 sunt
1846 3719 2061 3791 (Jercm.

470 3827 621 3874 xui,
656 3811 767 3875 15).
801 3809 1063 3880 Defuncto
1088 3822 1265 3891 autem
1298 3810 1526 3883 Herode,
1558 3828 1673 3870 ecce
1697 3813 1912 3885 angelus
1958 3812 2065 3868 Do-

470 3904 602 3959 mini
639 3906 885 3975 apparuit
915 3903 967 3963 in
1013 3905 1213 3965 somnis
1238 3903 1436 3977 Ioseph
1459 3905 1517 3960 iu
1547 3905 1805 3979 lEggpto,
1838 3908 2015 3963 dicens
2047 3928 2064 3964 :

466 3998 658 4072 Surge,
685 4008 731 4054 et
750 4001 921 4071 accipe
935 4016 1155 4067 puerum
1182 4010 1233 4054 et
1254 4011 1469 4054 matrem
1493 4003 1628 4070 ejus,
1665 4003 1767 4075 ιθ
1782 4013 1826 4055 et
1851 4004 1979 4057 vade
2008 4005 2062 4058 in

472 4099 669 4146 terram
699 4090 884 4150 Israel.
920 4093 997 4149 De
1025 4092 1226 4148 Rachel
1259 4101 1425 4148 natus
1451 4101 1535 4149 est
1564 4094 1869 4162 Benjamin.
1892 4096 1945 4150 in
1969 4111 2065 4151 eu-

469 4180 558 4259 jus
586 4172 729 4247 tribu
760 4200 866 4243 non
903 4192 986 4241 est
1016 4184 1294 4243 Bethleem
1330 4178 1539 4259 (Cenes.
1570 4183 1765 4258 xxxv).
1793 4186 2066 4255 Quaeritur

477 4360 548 4436 ei,
598 4362 813 4436 quoties
863 4362 1005 4418 Dens
1054 4378 1153 4432 per
1198 4365 1437 4435 seipsnm
1485 4366 1797 4436 respondet.
1854 4367 2059 4422 Passim

481 4432 621 4505 hanc
647 4433 767 4505 ejus
802 4435 1128 4490 sententiam
1153 4432 1478 4505 dignoscere
1506 4432 1596 4492 est
1624 4441 1674 4495 in
1720 4437 2067 4494 Commi-nta-

482 4504 581 4580 riis
610 4504 1030 4580 _iu_P'r0pheta_s,
1060 4516 1222 4575 atque
1248 4509 1374 4561 alibi
1407 4525 1421 4562 :
1455 4525 1579 4564 nam
1609 4518 1663 4563 et
1688 4509 1756 4563 de
1787 4509 2059 4580 llierony-

480 4576 554 4629 mi
609 4576 777 4633 iusius
829 4578 1071 4639 nomine.
1128 4588 1314 4645 utpote
1360 4580 1742 4634 reconilitioris
1793 4576 2062 4635 doctrinae

483 4645 737 4713 placitum
775 4648 844 4721 ab
874 4648 1006 4718 ipsis
1054 4648 1263 4721 Graecis
1310 4650 1709 4721 lexicngranhis
1758 4651 1823 4705 ad
1872 4667 2060 4707 vocem

562 4721 730 4791 ησμὸς
758 4720 1016 4775 refertur.
1062 4719 1227 4775 Sacer
1281 4722 1466 4791 itaque
1494 4719 1692 4777 textus
1726 4722 1817 4777 hic
1859 4723 1949 4776 nhi
1996 4724 2063 4776 de

539 4804 652 4851 agis
683 4804 904 4877 ‘sermo_
927 4793 1225 4877 esu-verbo
1263 4793 1432 4876 utitur
1477 4792 1827 4877 xpnapapdéw,
1859 4794 2000 4863 quod
2031 4810 2061 4848 a

486 4863 732 4985 ngnepac
761 4863 984 4917 nomine
1013 4863 1338 4926 derivatum.
1367 4863 1795 4935 ejusiliem'pluiie
1832 4875 1915 4919 cst
1940 4881 2061 4919 etim

485 4936 498 4985 i
530 4942 579 4985 to
604 4932 1047 5000 signiﬁcationis;
1077 4933 1253 5004 deque
1288 4936 1425 4991 adeo
1469 4936 1561 4990 illa
1607 4937 1664 4990 S.
1702 4936 1873 4989 Putris
1913 4936 2065 4992 ϐιηνό

483 5004 781 5067 eorumque
825 5004 1070 5076 doctrina
1117 5004 1316 5061 factum
1365 5008 1696 5076 intelligetur
1742 5022 2061 5076 re-p0nsnm

488 5088 587 5139 per
611 5076 783 5151 ipsum
830 5074 1140 5151 Dominum;
1168 5077 1293 5132 etsi
1340 5094 1430 5151 per
1458 5074 1698 5148 angelum
1729 5074 1886 5133 sacer
1916 5079 2061 5132 idem

487 5155 571 5201 tos
583 5153 668 5200 tus
691 5144 893 5201 factum
917 5147 1158 5217 Iosepho
1180 5144 1498 5217 responsum
1522 5144 1693 5214 notat,
1715 5164 1836 5202 cum
1859 5159 2067 5204 utrum-

488 5232 597 5284 que
625 5225 815 5296 tamen
839 5218 952 5296 μετ’
973 5215 1096 5296 ξνᾲρ
1118 5219 1231 5273 sive
1252 5215 1311 5273 in
1344 5222 1537 5275 somnis
1566 5230 1671 5296 tam
1707 5222 1807 5296 ipsi
1840 5220 2063 5287 factum,

490 5302 650 5358 quam
682 5286 851 5361 “agis
876 5286 1139 5357 declaret,
1171 5302 1458 5361 utrumque
1484 5306 1615 5346 sane
1642 5286 1922 5360 divinitus,
1950 5286 2066 5347 sive

488 5375 588 5428 per
615 5358 792 5429 ipsum
816 5358 1100 5419 Dominum
1144 5363 1339 5416 factum
1372 5358 1656 5420 testatur:
1690 5366 1740 5417 in
1786 5378 1856 5417 eo
1884 5358 2064 5418 autem

490 5431 612 5505 plus
641 5433 844 5505 haltere
894 5431 1118 5486 honoris
1150 5448 1213 5487 ac
1254 5433 1429 5488 laudis
1468 5435 1613 5489 istud
1652 5434 1898 5504 Jnsephi,
1922 5434 2066 5505 quod

487 5504 555 5575 ub
598 5502 992 5575 lpSt')_DOII‘IlItt)
1036 5513 1301 5569 praeterea
1346 5506 1571 5575 angelus
1602 5502 1835 5560 mittitur
1870 5502 2067 5561 :nl'ile—

489 5572 863 5638 nnntinndum,
918 5583 974 5648 ut
1024 5576 1319 5630 meritorum
1361 5572 1554 5647 .lo'sepli
1600 5576 1923 5648 privilegium
1976 5577 2068 5631 de-

487 5652 887 5699 monstraretur.
935 5647 1091 5705 Salvn
1142 5648 1432 5716 sententia,
1464 5649 1607 5702 salva
1659 5664 1746 5702 res
1798 5660 1879 5702 est
1918 5664 1930 5701 ι
1968 5664 2067 5702 nec

489 5715 736 5784 profecto
766 5730 970 5771 tumeru
1010 5718 1316 5787 injiciendae
1344 5727 1470 5772 sunt
1502 5735 1691 5773 manus
1723 5721 1775 5773 in
1806 5720 1861 5773 S.
1890 5719 2066 5775 Patris

485 5795 714 5847 textum,
747 5802 908 5856 quem
942 5789 1061 5841 libri
1108 5807 1321 5852 ontttes,
1354 5805 1487 5847 mss.
1531 5808 1683 5860 irque
1714 5802 1877 5860 atque
1911 5793 2063 5853 editi.

477 5868 613 5927 quot
654 5866 802 5926 attrit,
835 5866 1076 5929 quotque
1127 5862 1304 5935 luere,
1359 5862 1474 5933 pari
1503 5876 1799 5930 consensu,
1830 5862 1961 5933 quin
2010 5873 2066 5917 et

2172 3350 2362 3404 fertur.
2395 3348 2538 3419 Ergo
2588 3347 2836 3411 Herodes
2882 3348 2975 3404 ille
3022 3346 3115 3417 qui
3162 3362 3289 3404 cum
3344 3347 3523 3404 Pilato
3570 3354 3773 3417 postea

2171 3444 2442 3499 amicitias
2472 3442 2618 3509 fecit,
2655 3441 2815 3510 hujus
2864 3440 3098 3497 Herodis
3140 3441 3282 3501 illius
3319 3450 3426 3507 est,
3459 3439 3628 3497 frater
3656 3439 3771 3500 Ᾱττ

2172 3536 2386 3602 chelai;
2414 3552 2573 3606 quem
2614 3544 2670 3592 et
2705 3536 2805 3608 ι¹1
2836 3535 3014 3605 ipsum
3061 3533 3311 3591 Tiberius
3352 3533 3541 3591 Caesar
3572 3543 3596 3572 ο
3626 3532 3775 3604 Lug-

2173 3629 2399 3694 dunum,
2422 3644 2543 3698 qure
2563 3628 2859 3683 Galliarum
2880 3634 2966 3682 est
2984 3625 3495 3696 civitas,relegavit,
3513 3624 3775 3685 fratrem.

2171 3738 2277 3791 que
2301 3721 2416 3791 ejus
2440 3720 2710 3777 Herodem
2743 3732 3116 3777 successorem
3146 3717 3300 3788 regni
3333 3715 3485 3779 fecit.
3510 3716 3654 3789 Lege
3675 3715 3778 3775 Jo-

2170 3814 2324 3884 seplti
2350 3813 2659 3873 historiam.

2243 3908 2424 3978 (Vers.
2445 3906 2567 3973 25.)
2604 3903 2668 3958 Ει
2702 3904 2907 3961 ueniens
2933 3901 3181 3957 habitauit
3210 3902 3265 3957 in
3289 3901 3513 3967 civitate,
3541 3916 3659 3972 qua
3682 3917 3779 3961 oa-

2170 4008 2318 4054 catur
2346 3998 2631 4063 Nazaretlt,
2663 4006 2719 4050 ut
2749 3994 3123 4067 adimplerelur
3153 3994 3291 4063 quod
3328 3994 3524 4047 dictum
3566 4001 3641 4047 est
3678 4011 3779 4062 per

2172 4092 2468 4166 prophetas,
2497 4092 2744 4160 quoniam
2768 4087 3059 4145 Nasarteus
3085 4086 3372 4140 vocabitur.
3400 4084 3458 4141 8i
3485 4089 3656 4140 lixum
3703 4086 3778 4143 de

2170 4186 2475 4257 Scripturis
2507 4182 2779 4256 posuisset
2822 4180 3166 4252 exemplum,
3203 4190 3499 4250 numquam
3540 4176 3775 4247 diceret,

2172 4365 2409 4437 liturgici
2455 4364 2557 4435 ipsi
2606 4362 3017 4433 scriptoresque
3052 4373 3244 4416 omnes
3292 4367 3516 4415 tuentur
3541 4372 3608 4415 ao
3637 4373 3777 4429 pro-

2172 4441 2319 4493 bunt.

2088 4512 2141 4575 D
2239 4518 2265 4547 ι
2294 4507 2698 4571 Imperitissima
2733 4505 2820 4559 hic
2846 4504 3011 4560 leetio
3040 4514 3128 4561 est
3164 4507 3219 4562 in
3258 4504 3412 4560 libris
3441 4501 3624 4564 editis,
3651 4502 3772 4575 sci-

2167 4581 2314 4644 licet,
2341 4578 2630 4632 Possumus
2651 4586 2825 4631 autem
2844 4575 3025 4649 locum
3043 4578 3204 4649 istum
3231 4587 3281 4631 et
3308 4575 3463 4631 aliter
3483 4572 3765 4649 consolari

2165 4642 2789 4728 propter-contentiosa.
2841 4646 3154 4728 Legi-ndum
3205 4649 3425 4728 itaque,
3478 4642 3777 4728 Possumus

2164 4716 2341 4775 autem
2389 4721 2557 4777 locum
2596 4721 2754 4774 istum
2803 4728 2850 4772 et
2889 4719 3044 4773 aliter
3073 4716 3378 4781 conciliare,
3407 4716 3493 4774 vel
3524 4725 3574 4770 et
3613 4716 3779 4770 aliter

2166 4793 2547 4863 conﬁrmare...
2580 4800 2629 4863 et
2658 4790 3006 4863 testimonium
3046 4790 3365 4863 proferimus
3395 4804 3462 4843 ea:
3496 4784 3773 4863 Numeria,

2165 4856 2297 4929 etei;
2322 4865 2519 4932 ubique
2542 4861 2686 4917 enim
2711 4861 2956 4931 legimus,
2985 4856 3353 4932 in'singuluri,
3372 4858 3554 4932 pacari
3569 4856 3771 4932 (ilium,

2167 4927 2293 4990 s‘we
2318 4927 2488 4989 voca-vi
2530 4948 2666 4995 eunt,
2700 4927 2894 4987 et'non
2947 4941 3002 4985 ut
3032 4927 3240 4988 habent
3266 4929 3414 4988 LXX
3443 4930 3497 4985 in
3542 4927 3773 5000 plurali,

2166 5007 2343 5061 vocavi
2371 5005 2511 5076 filios
2540 5003 2909 5076 tli£D8s_MABTs

2243 5079 2270 5118 ιι
2300 5070 2423 5131 Ms}.
2458 5075 2655 5135 nostri.
2688 5074 2906 5145 duoque
2926 5089 2957 5129 a
2987 5072 3306 5130 Martinam
3333 5070 3563 5140 laudati,
3594 5086 3660 5126 ea:
3690 5071 3781 5128 in-

2170 5158 2314 5229 terno
2339 5146 2628 5229 corpusculi
2658 5145 2915 5229 hospitio:
3456 5215 3468 5227 ,
3566 5222 3579 5229 _
3626 5216 3640 5229 ,

2241 5222 2265 5253 °
2301 5220 2355 5274 In
2398 5217 2567 5274 Palat.
2596 5217 2781 5283 codd.,
2814 5218 2915 5273 loci
2960 5233 3148 5274 nomen
3201 5231 3334 5283 esse,
3378 5217 3469 5283 qui
3503 5222 3580 5269 est
3605 5217 3779 5284 just.

2169 5289 2369 5345 Gabaa.

2240 5359 2266 5401 ά
2295 5361 2457 5417 Iidem
2491 5375 2625 5416 mss.
2653 5376 2754 5430 pro
2784 5359 2991 5427 verbis,
3013 5368 3063 5416 et
3086 5359 3229 5415 venit
3267 5359 3323 5415 iu
3353 5368 3546 5414 terrent
3574 5354 3775 5427 Israel,

2172 5443 2381 5491 tantum
2422 5433 2628 5487 addunt
2656 5441 2826 5486 nocte.

2245 5515 2269 5543 ε
2296 5506 2546 5560 Attamen
2577 5504 2709 5567 ipse.
2741 5503 2899 5572 cujus
2929 5502 3169 5558 historia!
3200 5501 3364 5558 fidem
3385 5500 3651 5572 appellat,
3676 5498 3778 5556 ια-

2170 5575 2379 5653 sepltus
2406 5578 2498 5630 lih.
2534 5590 2663 5638 xvn,
2693 5570 2821 5653 cap.
2843 5575 2931 5653 l5,
2960 5589 3066 5628 non
3102 5570 3580 5653 Lttgduntsm’tsed
3607 5570 3782 5627 Vien-

2173 5666 2293 5700 nam
2350 5649 2691 5705 tlnnortnttlm
2743 5646 3009 5700 llerodem
3062 5647 3229 5700 tradit
3292 5644 3499 5703 Tiberii
3552 5644 3712 5712 jussu
3761 5659 3780 5699 :

2171 5717 2311 5792 δρὺιςΔ
2347 5723 2635 5792 οἷκητήριοη
2687 5719 2847 5792 esse.
2886 5721 3095 5787 Βίςνναμ
3146 5717 3295 5775 πόλιν
3344 5725 3440 5779 τῆς
3496 5715 3781 5779 Γαλατίας.

2170 5790 2374 5846 Colitur
2395 5803 2450 5845 et
2483 5790 2678 5845 Euseb.
2710 5790 2764 5845 in
2791 5790 3089 5844 Chronico.
