4004 6332
212 339 275 398 ω
726 335 1376 417 ΟΟῌΜΕΝΤΑΒΙΟΒΠΜ
1416 332 1485 393 IN
1522 324 1763 393 ενιιιιοξ

1879 330 1976 393 Ubi
2017 328 2350 392 HATTILEI
2390 333 2521 391 LIB.
2561 331 2800 391 l.‘CAP.
2842 330 2932 389 111.
3417 329 3490 389 80

210 455 533 528 quoddietttm
554 453 1059 527 estperpropltetas;
1080 452 1174 507 sed
1188 450 1527 521 simpliciter.
1548 449 1689 521 quod
1705 450 1783 505 di-
1810 449 1866 510 Α
1956 449 2137 521 (Vera.
2181 448 2270 515 10,
2302 448 2418 513 ll.)
2450 458 2473 489 ο
2508 445 2630 503 lam
2659 448 2792 502 enim
2827 448 3021 501 securis
3051 446 3121 501 ad
3149 447 3378 502 radicem
3403 464 3493 501 ar-

208 562 337 605 cium
365 555 445 603 est
466 560 565 616 per
580 545 907 617 prophetam
935 561 950 599 :
979 559 1124 599 nunc
1144 552 1327 599 autem
1354 542 1633 613 pluraliter
1657 556 1780 610 pro-

207 641 375 711 phetas
402 650 630 700 vocans.
666 637 908 693 ostendit
935 652 995 692 se
1027 650 1136 692 non
1181 636 1349 693 verba
1378 634 1447 691 de
1484 633 1782 702 Scriptnris

205 730 506 802 sumpsisse,
535 729 635 785 sed
668 743 912 784 sensum.
939 727 1246 793 Nazarwus,
1280 735 1487 781 sanctus
1516 727 1784 795 interpre—

205 835 347 880 tatur.
398 822 666 878 Sanctum
715 832 903 877 autem
947 822 1242 877 Dominum
1285 820 1554 888 laturum,
1606 819 1784 874 omnis

204 914 460 983 Scriptura
490 923 921 969 commemorat.
956 912 1261 969 Possumus
1304 924 1357 969 et
1386 913 1549 968 aliter
1574 911 1779 975 dicere,

204 1007 327 1076 quod
356 1007 521 1062 etiam
552 1005 766 1063 eisdem
799 1007 1002 1072 verbis,
1043 1006 1201 1075 iuxta
1234 1005 1554 1061 llebrairam
1588 1005 1781 1061 verita-

204 1112 297 1159 tem
324 1103 372 1158 in
396 1101 531 1157 Isaia
557 1102 834 1172 scriptum
863 1102 936 1157 sit
957 1120 971 1155 :
994 1100 1150 1156 Eaiet
1173 1101 1320 1171 uirga
1339 1100 1402 1155 de
1421 1100 1593 1155 radice
1614 1098 1778 1166 Iesse,

201 1207 241 1251 et
268 1194 541 1250 Nouimus
568 1196 637 1251 de
662 1196 840 1251 radice
870 1195 979 1266 ejus
1000 1195 1304 1250 conscendet
1334 1194 1490 1267 (lsai.
1522 1208 1597 1262 ιι,
1631 1193 1707 1260 l).

261 1284 402 1359 (Cap.
433 1285 526 1341 ΙΙΙ.
562 1314 638 1330 σ-
660 1286 823 1342 Vers.
857 1286 936 1357 1.)
968 1284 1332 1341 Paenitentiam
1359 1288 1493 1358 agite
1534 1301 1552 1339 :
1594 1301 1784 1357 appro-

201 1382 441 1454 pittqubit
458 1381 603 1437 enim
614 1396 832 1453 regnum
849 1379 1115 1436 culorum.
1133 1379 1347 1435 Primus
1365 1380 1602 1451 Baptista
1616 1379 1714 1435 Joa
1723 1396 1783 1432 n-

201 1487 280 1528 ues
342 1486 569 1543 regnum
635 1474 907 1532 calorum
979 1472 1279 1543 przedicat,
1357 1482 1416 1529 ut
1475 1487 1781 1544 praecursor

201 1567 383 1649 Domini
406 1568 509 1621 hoc
538 1567 838 1647 privilegio
869 1566 1190 1622 honoretur.

256 1658 422 1732 (Vt-rs.
452 1658 539 1737 ᾗ.)
573 1657 680 1713 Hic
705 1668 780 1714 est
807 1658 939 1714 enim
978 1659 1069 1731 qui
1111 1660 1278 1713 dictus
1321 1668 1396 1714 est
1446 1674 1537 1727 per
1581 1656 1778 1712 Isaiam

199 1752 491 1823 prophetam,
517 1744 778 1827 dicentem
800 1767 820 1805 :
856 1750 967 1806 νοω
988 1750 1259 1806 clamantis
1280 1753 1332 1805 in
1357 1750 1573 1817 deserto,
1599 1756 1779 1821 parate

1887 543 2071 598 borum
2091 545 2259 617 posita
2303 553 2397 599 est.
2451 543 2631 597 Omnis
2677 558 2799 615 ergo
2851 541 3007 595 arbor
3057 555 3175 614 qua
3219 558 3319 596 non
3366 543 3493 614 facit

1861 635 2110 706 fructum
2141 635 2349 701 bonum,
2394 635 2660 690 excidetur
2707 642 2755 688 et
2786 634 2840 687 in
2881 634 3051 703 ignem
3091 634 3340 689 mittetur.
3376 633 3491 708 Ego

1885 726 2089 798 quidem
2118 728 2319 794 baptiso
2345 744 2431 783 uos
2460 728 2513 782 in
2548 744 2705 798 aqua,
2749 728 2802 781 in
2832 728 3186 795 paenitentiam
3215 743 3235 783 :
3262 729 3352 797 qui
3388 745 3491 784 au-

1888 822 1983 872 tem
2009 828 2123 889 post
2153 836 2232 873 me
2257 831 2499 874 uenturus
2545 829 2638 883 est,
2684 820 2872 891 fortior
2910 836 2992 874 me
3037 828 3134 875 est.
3166 819 3492 878 Prtedicatio

1888 914 2160 969 sermonis
2208 912 2542 981 Evangelia,
2582 913 2671 983 ιιιιί
2715 927 2779 967 ex
2833 920 3062 984 utraque
3090 919 3244 984 parte
3296 923 3492 970 acutus

1888 1016 1972 1059 est
2021 1003 2256 1073 gladius,
2315 1005 2525 1060 securis
2579 1004 2920 1075 appellatur,
2974 1005 3135 1075 juxta
3190 1006 3487 1063 Jercmiam

1888 1097 2234 1167 prophetam,
2311 1098 2404 1168 qui
2458 1097 2683 1152 verbum
2734 1096 2946 1154 Domini
2977 1100 3155 1155 securi
3205 1108 3490 1172 comparat

1886 1191 2114 1245 credenti
2141 1199 2347 1261 petram
2378 1191 2609 1261 (Jerem.
2636 1192 2805 1257 XLVI).

1959 1282 2121 1354 Cujus
2150 1300 2254 1338 non
2276 1300 2392 1339 sum
2420 1283 2612 1354 dignus
2639 1284 2976 1338 calciamenta
3011 1292 3243 1356 portare.
3279 1283 3340 1342 ln
3378 1285 3489 1343 alio

1886 1377 2183 1445 Evangelio
2218 1394 2229 1431 :
2261 1375 2444 1448 Cujus,
2477 1378 2575 1441 ait,
2603 1393 2707 1432 non
2731 1393 2845 1432 sum
2884 1376 3073 1446 dignus
3106 1377 3301 1434 solvere
3323 1381 3489 1434 corri-

1883 1471 2021 1542 giam
2051 1469 2377 1525 calciamenti
2408 1486 2427 1526 :
2458 1469 2547 1526 hic
2579 1470 2858 1526 humilitas
2878 1510 2894 1532 .
2928 1470 3002 1525 ibi
3032 1472 3355 1543 mysterium
3385 1472 3482 1529 de-

1884 1569 2241 1627 monstratur,
2281 1561 2425 1630 quod
2466 1559 2717 1615 Christus
2764 1573 3000 1630 sponsus
3029 1560 3132 1629 sit,
3165 1571 3221 1619 et
3241 1562 3481 1621 Joannes

1883 1669 1990 1710 non
2019 1666 2292 1709 mereatur
2321 1654 2505 1724 sponsi
2548 1654 2840 1723 corrigiam
2878 1655 3114 1722 solvere,
3150 1670 3221 1711 ne
3259 1666 3489 1717 vocetur

1883 1747 2078 1801 domus
2106 1746 2223 1815 eius
2256 1746 2408 1814 juxta
2437 1746 2610 1815 legem
2644 1747 2818 1813 Mosi,
2853 1758 2905 1803 et
2955 1749 3265 1818 exemplum
3310 1747 3477 1820 Ruth,

199 1845 310 1897 siam
338 1840 566 1912 Donilai,
596 1850 769 1919 rectas
800 1843 953 1913 facile
980 1847 1188 1898 semitas
1215 1847 1345 1916 ejus.
1383 1840 1604 1898 Animas
1643 1852 1765 1897 cre-
1796 1838 1849 1900 Β
1872 1836 2066 1893 domus
2087 1837 2380 1894 discalciati
2413 1836 2591 1907 (Deut.
2623 1853 2761 1904 xxv,
2784 1852 2835 1893 et
2867 1839 3030 1895 Ruth.
3055 1839 3153 1911 tv).

198 1935 404 1991 dentium
455 1937 844 2009 preparahat,
888 1937 940 1992 in
996 1937 1196 2015 quibus
1238 1936 1618 1994 ambulaturus
1656 1944 1775 1992 erat

198 2026 448 2092 Dominus,
484 2037 543 2082 ut
576 2038 753 2098 purus
783 2029 839 2083 in
864 2027 970 2084 viis
997 2024 1303 2099 purissimis
1334 2022 1659 2095 ambularet,
1690 2028 1773 2082 di-

197 2130 303 2175 cens
335 2137 348 2174 :
381 2118 652 2174 Dubitabit
682 2122 736 2175 in
780 2116 853 2176 eis
873 2162 888 2186 ,
937 2131 988 2176 et
1033 2118 1362 2177 inambulatio
1387 2137 1406 2175 :
1441 2130 1490 2176 et
1512 2130 1601 2175 ero
1629 2116 1773 2175 Deus

195 2210 415 2279 ipsorum,
444 2220 494 2265 et
524 2211 634 2283 ipsi
664 2216 815 2291 erunt
843 2210 966 2266 milii
995 2210 1218 2285 populus
1247 2210 1434 2291 (Leuit.
1466 2222 1623 2277 nrt,
1656 2212 1768 2283 12).

196 2300 493 2375 Porphyrius
516 2304 692 2359 istum
725 2288 906 2359 lucum
935 2302 1101 2360 Marci
1126 2288 1477 2375 evangelista:
1502 2304 1772 2376 principio

195 2405 461 2464 conparat.
507 2396 565 2451 in
617 2406 731 2466 quo
761 2394 1020 2467 scriptum
1069 2405 1153 2452 est
1194 2412 1210 2452 :
1250 2396 1469 2452 Initium
1502 2394 1773 2470 Evangelii

195 2483 296 2540 Iesu
320 2484 528 2552 Christi,
563 2487 703 2542 Filii
746 2488 861 2556 Dei,
916 2489 1048 2543 sicut
1087 2489 1338 2557 scriptum
1369 2501 1443 2544 est
1491 2491 1545 2545 in
1572 2499 1597 2528 ι
1626 2490 1771 2545 isaia

193 2578 411 2646 propheta
439 2595 459 2632 :
490 2577 642 2633 Ecce
686 2580 835 2633 mitto
880 2580 1136 2649 Angelum
1189 2597 1359 2634 meum
1412 2591 1535 2636 ante
1583 2582 1770 2653 faciem

192 2675 324 2734 tum,
352 2670 795 2742 quiprttparabit
837 2671 973 2726 viain
1021 2683 1184 2726 tuam.
1244 2656 1360 2727 Vox
1393 2674 1666 2728 clamantis
1714 2676 1768 2729 in

193 2762 379 2829 deserto,
414 2766 612 2829 parate
640 2765 776 2819 tium
805 2764 1037 2830 Domini,
1065 2772 1229 2820 rectas
1252 2769 1404 2839 facile
1424 2772 1635 2825 semitas
1655 2774 1768 2843 ejus

192 2850 322 2924 (luti.
352 2858 551 2927 st..3).
601 2855 740 2913 Cum
783 2858 928 2914 enim
964 2858 1337 2915 testimonium
1385 2861 1455 2917 de
1503 2860 1765 2917 Malacliia

192 2947 317 3017 (Cap.
347 2949 436 3022 Ill)
462 2951 730 3022 lsaiaque
756 2961 1074 3008 contextum
1105 2953 1200 3021 sit,
1234 2956 1449 3024 quaerit,
1494 2956 1767 3026 quomodo

191 3044 314 3099 velut
338 3032 540 3100 ah'unn
579 3043 715 3101 lsaia
756 3048 1068 3116 exentplum
1102 3057 1358 3117 putemus
1401 3056 1763 3120 assumptum.

189 3134 266 3190 Cui
290 3136 661 3194 Ecclesiastici
700 3138 802 3194 viri
843 3138 1161 3207 plenissime
1194 3140 1615 3210 responderunt.
1656 3143 1766 3198 Nos

1946 1927 2134 1999 (Vers.
2166 1930 2283 1996 1‘2.)
2311 1927 2434 2005 Ipse
2463 1945 2553 1983 vos
2578 1930 2856 2002 baptisabit
2880 1933 2935 1986 in
2963 1931 3172 2001 Spiritu
3214 1940 3397 1987 uncta
3434 1942 3487 1989 et

1873 2022 2013 2093 igne.
2048 2020 2215 2095 Cujus
2246 2022 2587 2076 ventilabrunt
2614 2024 2667 2077 in
2697 2040 2857 2078 manu
2888 2042 3003 2090 sua,
3041 2035 3090 2080 et
3119 2028 3483 2096 permundabil

1874 2126 2046 2167 aream
2061 2130 2211 2167 suam
2236 2130 2254 2169 :
2276 2122 2325 2168 et
2344 2116 2676 2187 congregant
2696 2118 2926 2172 triticum
2948 2119 3001 2172 in
3020 2119 3266 2175 horreum
3286 2126 3436 2176 suain
3459 2138 3483 2179 :

1876 2205 2053 2275 paleas
2081 2215 2249 2260 autem
2283 2206 2547 2261 comburat
2586 2208 2696 2279 igni
2729 2209 3163 2281 inexstinguibili.
3192 2213 3319 2269 Sive
3353 2214 3481 2284 quia

1873 2296 2012 2368 ignis
2027 2309 2109 2352 est
2122 2297 2356 2368 Spiritus
2375 2308 2617 2366 sanctus,
2635 2308 2693 2355 ut
2705 2303 2836 2355 Acta
2853 2298 3241 2369 Apostolorum
3254 2304 3476 2374 docent,

1873 2402 1981 2459 quo
1998 2392 2384 2460 descendente,
2406 2392 2572 2459 sedit,
2594 2396 2744 2465 quasi
2765 2395 2904 2465 ignis
2918 2410 3088 2463 super
3098 2397 3343 2469 singulos
3361 2398 3471 2472 [ΑΙ.

1873 2482 2105 2554 linguas]
2121 2484 2460 2540 credentium
2479 2485 2615 2554 (Act.
2635 2486 2719 2556 tt);
2743 2498 2795 2541 et
2808 2487 3065 2557 lulpletus
3078 2489 3360 2547 estsermo
3375 2490 3483 2547 Do-

1875 2578 2004 2631 mini
2019 2576 2253 2632 dieentls
2277 2574 2617 2648 :‘Ignemueni
2640 2579 2845 2635 mittere
2856 2592 3011 2652 super
3022 2588 3212 2640 terram
3229 2598 3249 2637 :
3264 2593 3313 2644 et
3323 2598 3477 2655 quem

1874 2671 1979 2746 [ΑΙ.
2029 2671 2210 2745 quam]
2237 2673 2356 2727 uolo
2392 2680 2449 2727 ut
2495 2672 2673 2725 ardeat
2704 2671 2856 2744 (an.
2886 2688 2985 2739 an,
3016 2673 3133 2746 49).
3175 2675 3310 2732 Slve
3348 2676 3475 2748 quia

1875 2767 1929 2821 in
1959 2766 2232 2836 prrcSenti,
2281 2764 2474 2834 spiritu
2506 2764 2869 2834 baptizamur,
2903 2776 2959 2819 et
2996 2765 3048 2821 in
3085 2765 3290 2834 futuro,
3325 2769 3471 2839 igne.

1873 2859 2140 2926 Apostolo
2184 2873 2402 2929 quoque
2435 2859 2559 2913 huic
2604 2859 2792 2914 sensui
2826 2872 3161 2930 congruente
3208 2879 3222 2916 :
3277 2862 3476 2919 Unius-

1871 2950 2124 3020 cujnsque
2172 2950 2276 3022 19
2322 2967 2451 3021 opus
2492 2951 2644 3022 quale
2697 2951 2785 3019 sit,
2835 2952 2973 3023 ignis
3013 2953 3247 3025 probabit
3286 2954 3329 3028 (l
3346 2955 3471 3012 (lor.

1871 3058 1951 3110 nt.
1989 3044 2097 3115 t3).

1943 3135 2131 3207 (Vers.
2162 3136 2250 3201 l3,
2281 3134 2394 3209 M.)
2428 3135 2576 3192 Tunc
2603 3137 2739 3192 venit
2766 3136 2921 3193 Iesus
2947 3155 2980 3193 a
3010 3138 3233 3195 Galilaa
3262 3142 3317 3195 in
3347 3140 3479 3197 ,νον-ν

190 3237 340 3284 autem
365 3229 468 3302 [AL
504 3227 635 3303 aut]
666 3245 862 3286 nomen
893 3229 1050 3287 Isaia;
1084 3242 1340 3302 putamus
1365 3235 1609 3290 additum
1634 3238 1770 3292 seri-
1794 3220 1841 3282 C
1871 3228 2058 3283 donem
2080 3229 2149 3282 ad
2174 3226 2433 3282 Joannem
2462 3240 2518 3283 ut
2546 3230 2897 3302 baptizaretur
2922 3230 2987 3284 ab
3010 3247 3090 3285 eo.
3113 3229 3347 3287 Joannes
3376 3251 3475 3288 au-

191 3328 372 3389 ptorum
395 3324 563 3391 vitio,
590 3323 737 3395 quod
777 3328 829 3379 et
859 3325 911 3380 in
942 3325 1065 3380 aliis
1114 3324 1253 3383 locis
1299 3328 1535 3397 probare
1576 3343 1767 3399 possu-

192 3426 307 3477 mus,
331 3418 419 3470 aut
443 3428 609 3471 certe
634 3416 703 3471 de
727 3414 966 3472 diversis
996 3416 1309 3474 testimonls
1360 3419 1766 3491 Scriplm'arum

191 3514 327 3562 unum
379 3520 595 3578 corpus
639 3507 914 3565 (illectum.
974 3508 1119 3580 Lege
1149 3509 1177 3550 δ
1228 3512 1447 3569 tertium
1494 3515 1766 3574 decimum

192 3595 454 3664 Psaltrtum,
477 3610 543 3654 et
578 3600 682 3657 hoc
709 3600 855 3656 idem
877 3605 1139 3679 reperies.

246 3688 405 3760 (vers.
435 3692 524 3764 ὃ.)
556 3689 684 3764 Ipse
709 3696 883 3747 autem
906 3690 1139 3749 Joannes
1162 3693 1383 3752 habebat
1413 3699 1767 3756 vestimentum

195 3780 362 3854 18d:
394 3785 522 3855 pilis
586 3774 921 3852 camelorum,
974 3793 1024 3841 et
1072 3803 1257 3842 zonam
1309 3790 1581 3862 pelliceam
1628 3794 1766 3849 circa

190 3871 358 3927 iambos
384 3884 536 3930 suos.
574 3870 651 3930 De
681 3876 828 3945 pilis,
860 3875 1055 3947 inquit,
1090 3878 1351 3949 habebat,
1384 3895 1490 3936 non
1524 3883 1591 3938 de
1621 3882 1763 3939 lana.

191 3960 328 4018 Aliud
354 3950 599 4021 austerae
644 3968 815 4023 vestis
870 3969 1131 4024 indicium
1181 3976 1284 4040 est,
1339 3972 1485 4028 aliud
1539 3974 1765 4033 luxuria:

191 4057 446 4114 mollioris.
477 4059 635 4115 Zona
666 4069 848 4116 autem
892 4063 1120 4131 pellicea
1152 4079 1259 4134 qua
1292 4068 1567 4124 accinctus
1591 4069 1765 4126 l'nitct

192 4146 312 4203 ﬁlias
333 4193 347 4217 ,
376 4151 830 4208 tmn'tillcatlouis
859 4154 1115 4210 indicium
1157 4156 1265 4229 [Αἰ.
1312 4161 1642 4236 symbolum]
1681 4173 1768 4220 est

192 4240 265 4308 (Ν
291 4242 411 4318 Reg.
444 4246 515 4317 ι’).
545 4246 722 4301 Porro
748 4248 892 4316 quod
913 4250 1161 4319 sequitur
1187 4270 1202 4305 :

247 4337 369 4394 Esca
396 4351 581 4396 autem
600 4342 720 4413 ejus
740 4350 854 4398 erat
880 4343 1094 4398 locusta:
1114 4354 1162 4399 et
1189 4347 1293 4401 me!
1318 4348 1563 4405 siluestre.
1594 4349 1762 4407 Habi-

190 4433 323 4486 ιιιιηί
366 4432 691 4489 solitudinis
745 4448 1049 4506 congruum
1094 4447 1178 4493 est
1221 4454 1334 4494 non
1359 4441 1585 4499 delicias
1610 4446 1762 4502 cibo-

188 4539 309 4592 rstn,
336 4528 433 4584 sed
456 4529 845 4585 necessitatem
880 4531 1130 4586 humana
1158 4533 1342 4588 carnis
1367 4536 1612 4606 explere.

1873 3330 1970 3374 tem
2000 3319 2304 3390 prohibebat
2355 3337 2493 3388 cum,
2544 3322 2724 3376 dicens
2757 3337 2773 3373 :
2806 3320 2919 3392 Ego
2967 3339 3000 3378 a
3040 3332 3088 3377 te
3118 3324 3276 3379 debeo
3303 3323 3470 3396 bapti-

1868 3414 2003 3476 zari,
2025 3422 2072 3467 et
2100 3423 2153 3467 tu
2179 3416 2318 3468 uenis
2348 3412 2418 3467 ad
2446 3415 2567 3469 me?
2592 3413 2927 3482 Respondeas
2955 3425 3129 3470 autem
3144 3417 3321 3481 Iesus,
3339 3419 3476 3475 dixit

1868 3508 1937 3562 ei.
1962 3504 2257 3574 Triplicem
2288 3508 2360 3559 ob
2400 3519 2620 3560 causam
2660 3507 2914 3561 Salvator
2954 3520 2984 3562 ι
3027 3508 3240 3564 Joanne
3262 3512 3474 3580 accepit

1868 3600 2215 3670 baptismum.
2249 3599 2512 3665 Primum,
2548 3609 2603 3654 nt
2633 3600 2761 3671 quia
2788 3599 2955 3655 homo
2987 3610 3149 3655 natus
3178 3608 3316 3667 erat,
3351 3618 3475 3658 om-

1870 3710 1993 3751 nem
2012 3695 2276 3765 justitiam
2305 3704 2357 3750 et
2389 3676 2750 3750 humilitatem
2773 3694 2930 3766 chis
2953 3695 3229 3765 impleret.
3258 3697 3462 3753 Secuno

1868 3789 1961 3857 do,
1999 3794 2057 3844 ut
2085 3787 2407 3858 baptismate
2448 3802 2544 3842 suo
2569 3786 2797 3841 Joannis
2844 3786 3111 3858 baptisma
3142 3788 3468 3859 comproba-

1868 3892 1973 3937 ret.
2007 3882 2215 3946 Tertio,
2249 3880 2307 3935 ut
2346 3879 2602 3936 Jordanis
2631 3892 2801 3947 aquas
2828 3876 3210 3946 sanctiﬁcans,
3243 3895 3343 3949 per
3363 3881 3466 3936 de-

1867 3972 2213 4029 scensionem
2244 3971 2533 4033 columhm,
2566 3969 2800 4040 Spiritus
2819 3972 2994 4025 sancti
3020 3970 3073 4026 in
3099 3970 3322 4027 lavacro
3346 3984 3468 4029 cre-

1867 4068 2110 4123 dentium
2145 4074 2474 4122 moustrarst
2503 4063 2818 4119 adventum.

1942 4159 2125 4231 (Vers.
2154 4156 2270 4230 15.)
2297 4158 2424 4214 Sine
2444 4156 2622 4211 modo.
2651 4156 2884 4212 Pulchre
2912 4157 3070 4225 dixit,
3095 4152 3124 4195 ἀ
3147 4158 3258 4212 sine
3283 4159 3461 4226 modo,

1867 4262 1925 4309 ut
1950 4254 2263 4310 ostenderet
2290 4252 2567 4308 Christum
2598 4251 2655 4307 ln
2684 4268 2852 4324 aqua,
2889 4251 3155 4309 Joannem
3183 4270 3212 4307 τι
3243 4253 3466 4311 Christo

1866 4348 1921 4403 itt
1951 4348 2144 4418 spiritu
2176 4346 2587 4417 baptizandum.
2621 4344 2752 4403 Sive
2785 4347 2947 4401 aliter
2968 4389 2983 4412 ,
3016 4346 3126 4401 sine
3150 4347 3307 4401 modo
3344 4362 3366 4403 :
3403 4357 3469 4404 ut

1866 4442 1956 4512 qui
1982 4441 2129 4496 servi
2162 4440 2389 4495 formam
2412 4438 2703 4510 assumpsi,
2729 4439 2979 4508 expleant
3009 4448 3063 4494 et
3100 4438 3462 4498 humilitatem

1866 4536 2004 4607 ejus.
2036 4533 2291 4604 Alioquin
2324 4534 2480 4598 scito,
2515 4541 2564 4587 te
2592 4532 2645 4587 in
2676 4528 2766 4587 die
2801 4531 2990 4602 iudicii
3029 4547 3152 4587 meo
3198 4546 3319 4588 esse
3364 4533 3459 4589 ha-

243 4618 410 4691 (Vers.
440 4621 529 4691 9.)
561 4619 755 4683 Potens
779 4633 853 4681 est
883 4622 1023 4681 Deus
1058 4625 1123 4680 do
1163 4626 1425 4694 lapidibus
1442 4604 1562 4687 istis
1591 4634 1756 4687 susci-
1783 4604 1838 4663 D
1866 4604 2122 4701 ptismatc
2179 4628 2581 4698 baptizandum.
2642 4626 2770 4682 Sine
2811 4626 2985 4693 modo,
3018 4626 3145 4681 dicit
3195 4626 3461 4684 Dominus

184 4719 275 4766 tare
297 4714 428 4783 ﬁlios
459 4715 705 4770 Abralne.
749 4716 982 4786 Lapides
1026 4718 1277 4783 ethnicos
1316 4733 1503 4791 meat,
1535 4736 1755 4796 propter

182 4807 341 4871 cordis
361 4809 646 4867 duritiam.
668 4809 815 4881 Lege
836 4810 1182 4877 Ezechielem
1212 4831 1226 4868 :
1260 4815 1528 4886 deferam,
1557 4819 1752 4888 inquit,

181 4899 352 4961 orabis
391 4918 482 4959 cor
519 4890 809 4975 lapideum,
847 4912 894 4965 et
935 4904 1070 4963 dabo
1112 4922 1204 4960 cor
1244 4903 1488 4963 corneum
1521 4909 1747 4982 (Ezeclt.

179 5007 343 5065 xxxvi,
366 4994 485 5077 ﬁli).
512 4995 571 5050 In
601 4995 781 5065 lapide
807 4995 1030 5064 duritia,
1060 4997 1111 5053 in
1137 5013 1302 5057 carne
1327 5002 1608 5057 mollitudo
1638 5004 1743 5077 [ΑΙ.

182 5073 793 5167 ιιιοΙΙιιίηῘιηοηειηιιιιι.
849 5093 977 5149 Sive
1029 5094 1355 5166 simpliciter
1408 5073 1747 5165 llttllCttl'Del

178 5185 472 5251 potentiam,
503 5182 648 5255 quod
677 5184 769 5253 qui
796 5178 864 5239 de
889 5184 1063 5240 nihilo
1092 5196 1289 5242 cuncta
1323 5188 1540 5258 iecerit,
1574 5196 1747 5269 possit

176 5278 219 5324 et
241 5273 301 5329 de
323 5276 469 5333 saxis
492 5276 803 5333 durissimis
824 5277 1082 5348 populum
1115 5282 1433 5349 procreare.

232 5481 531 5569 ‘yleraqtio
572 5492 753 5569 tamen
796 5484 999 5569 Graeca.
1025 5485 1187 5565 hujus
1215 5486 1498 5569 Eyangelii
1527 5507 1736 5569 exem-

170 5548 325 5683 gssint
343 5557 392 5635 gs
411 5548 521 5620 at;
546 5561 833 5638 Προφήταις
857 5559 959 5612 hic
989 5548 1115 5612 to'co'
1137 5556 1234 5629 pro
1258 5548 1398 5633 έντῷ
1414 5563 1575 5642 ’ῐσαΐᾳ
1599 5548 1736 5637 pric-

185 5640 211 5675 ε
238 5641 299 5678 lilt
331 5666 341 5678 .

227 5691 251 5731 ε’
279 5692 406 5757 Cum
436 5699 541 5752 isti!
585 5694 781 5754 tertius
823 5696 1065 5755 decimus
1111 5699 1358 5757 PSulmus
1400 5706 1623 5760 minime
1666 5724 1731 5764 ex

169 5762 389 5851 pluribus
414 5770 744 5851 testimoniis
764 5778 1052 5851 contextus
1075 5772 1346 5851 uideatur,
1374 5778 1593 5851 conjicit
1616 5762 1734 5837 Cie;

166 5840 313 5905 ricus,
334 5840 399 5895 ab
415 5841 741 5911 Hieronymi
760 5850 909 5899 textu
935 5842 1143 5914 aliquid
1165 5840 1459 5917 excidisse,
1474 5840 1732 5922 “supplet-

1861 4724 2039 4791 Jesu‘s,
2071 4721 2246 4778 habeo
2262 4720 2475 4777 etuliutl
2498 4720 2762 4790 baptisma
2795 4734 2902 4789 quo
2924 4718 3282 4807 baptizandus
3310 4732 3457 4777 sum.

1862 4816 1939 4872 Tu
1970 4831 2056 4870 me
2086 4815 2329 4884 baptizus
2352 4814 2403 4867 in
2445 4827 2608 4884 aqua,
2636 4822 2699 4866 ut
2737 4826 2837 4882 ego
2863 4820 2919 4866 te
2941 4810 3211 4881 baptizettt
3242 4824 3343 4882 pro
3370 4824 3457 4868 me

1861 4910 1912 4965 in
1945 4908 2208 4979 sanguine
2239 4916 2352 4961 tuo.

1928 5001 2107 5073 (Vcrs.
2145 5000 2259 5071 i6.)
2290 4999 2383 5053 Sic
2408 4999 2541 5054 enim
2577 4998 2719 5051 decet
2757 5010 2850 5052 nos
2880 4996 3096 5070 implere
3134 5010 3333 5052 omnem
3369 4998 3457 5078 fu-

1854 5095 2069 5149 slitiam.
2113 5092 2257 5146 Tunc
2300 5092 2497 5146 dimisit
2542 5104 2676 5144 cum.
2728 5087 3039 5157 Baptizatus
3088 5099 3258 5143 autem
3303 5088 3457 5144 Iesus

1853 5188 2126 5257 confestim
2149 5186 2382 5241 ascendit
2412 5187 2475 5238 de
2521 5200 2677 5254 aqua.
2730 5182 2848 5237 Non
2902 5182 3137 5247 addidit,
3183 5181 3456 5253 justitiam

1853 5287 2030 5359 Legis,
2062 5284 2177 5340 sive
2199 5290 2429 5348 natur-.e,
2461 5287 2520 5335 ut
2548 5296 2646 5335 nos
2690 5287 2983 5350 utrumque
3027 5278 3399 5349 intelligamus
3433 5295 3447 5333 :

1838 5512 1945 5567 que
1976 5497 2044 5549 ita
2078 5495 2251 5549 locum
2280 5512 2292 5548 :
2326 5492 2463 5562 Lege
2497 5491 2789 5567 Epistoimtt
2811 5491 2880 5567 ad
2915 5493 3194 5567 Romanos,
3222 5499 3271 5553 et
3299 5492 3440 5547 deci-

1838 5564 1977 5631 mum
2009 5569 2215 5641 tertium
2239 5568 2509 5635 psalmum.
2543 5564 2617 5641 lu_
2646 5564 2733 5641 illa
2782 5565 2926 5621 enim
2956 5564 3128 5641 Epist.
3182 5576 3307 5635 cap.
3337 5580 3430 5635 III,

1772 5668 1779 5675 ι
1842 5642 2081 5709 psaltmts
2112 5640 2212 5692 istc
2242 5656 2349 5690 non
2393 5639 2561 5690 svn‘nsl
2606 5636 2873 5690 laudatur.

1913 5724 1933 5748 ε
1966 5710 2147 5765 Nostri
2168 5724 2361 5763 omnes
2378 5724 2508 5761 mss.
2530 5717 2583 5762 et
2600 5717 2829 5777 quatuor
2852 5720 3017 5777 pcncs
3039 5705 3435 5778 Martianmum,

1838 5780 1974 5837 Ecce.
2001 5783 2213 5837 securis.

1907 5851 1935 5891 ἀ
1971 5853 2228 5909 Vuculam
2258 5852 2387 5918 sine,
2420 5849 2505 5905 hic
2538 5848 2709 5903 nostri
2740 5862 2869 5904 mss.
2902 5859 3192 5921 respuunt.
