4004 6332
461 286 529 346 3|
1710 290 1768 350 S.
1810 291 2091 352 EUSEBII
2131 290 2510 352 HIEBONYMI
3691 302 3764 360 3!

463 409 526 458 ut
567 402 611 458 si
646 402 788 460 Deus
841 400 910 458 ab
955 401 1174 461 homine
1226 402 1438 474 accepit
1484 403 1771 475 baptisma,
1805 406 1986 463 nullus
2023 422 2054 464 a
2084 407 2139 468 Α
2163 404 2416 460 scribitur
2445 406 2564 461 loco
2596 425 2608 461 :
2636 409 2884 465 Abierant
2913 412 2965 467 in
2987 426 3222 473 sanetam
3244 419 3515 489 civitatem,
3550 428 3607 479 et
3624 421 3766 477 ntul-

464 509 735 551 conservo
765 494 1094 566 dedignetur
1123 497 1394 565 accipere.

540 587 721 659 (Vers.
756 586 869 660 l7.)
903 587 974 642 Et
1001 605 1116 642 ecce
1163 589 1329 658 aperti
1375 597 1494 641 sunt
1542 588 1588 643 ei
1642 589 1777 656 caeli,
1828 599 1875 643 et
1929 589 2053 643 vidit

470 680 730 750 Spiritum
760 678 858 735 Dei
887 679 1273 736 descendentem
1294 683 1425 736 sicut
1447 681 1758 745 columbam,
1784 692 1831 737 et
1853 685 2060 738 venien-

467 781 567 824 tem
589 788 746 839 super
773 789 844 826 se.
885 770 951 824 Et
983 788 1097 826 ecce
1128 787 1228 826 vos:
1273 772 1337 828 de
1366 770 1526 838 caelis,
1573 773 1747 828 dicens
1789 791 1806 828 :
1853 773 1957 829 Hic
1982 784 2060 830 est

468 862 519 917 F
523 864 643 919 ilius
671 880 812 920 meus
839 864 1080 930 dilectus,
1114 865 1167 918 in
1195 881 1297 935 quo
1334 865 1461 919 mihi
1508 866 1819 934 complacui.
1859 867 2059 940 Myste-

471 955 610 1012 rium
643 957 925 1012 Trinitatis
950 958 1004 1012 in
1033 957 1361 1028 baptismate
1391 960 1840 1016 demonstratur:
1875 963 2059 1018 Domi-

468 1064 570 1105 nus
611 1049 934 1118 baptizatur,
985 1049 1222 1117 Spiritus
1268 1050 1548 1106 descendit
1597 1053 1653 1107 in
1705 1051 1890 1108 habitu
1944 1052 2054 1124 [ΑΙ.

464 1143 669 1214 specie]
698 1143 982 1210 columine,
1010 1142 1188 1199 Patris
1214 1159 1341 1208 vox,
1375 1145 1743 1200 testimonium
1777 1145 1913 1200 Filio
1937 1161 2060 1216 per-

468 1233 706 1290 bibentis
727 1233 966 1290 auditur.
1002 1236 1341 1304 Aperiuntur
1380 1245 1560 1292 autem
1602 1237 1724 1293 cmli
1757 1252 1864 1292 non
1909 1253 2059 1293 rese-

465 1327 677 1384 ratione
708 1328 1132 1395 elementorum,
1165 1329 1261 1384 sed
1286 1329 1658 1400 spiritualibus
1687 1331 1890 1396 oculis;
1931 1333 2052 1402 qui-

468 1421 569 1476 bus
597 1432 653 1478 et
695 1421 947 1478 Ezechiel
989 1421 1042 1477 in
1088 1422 1355 1491 principio
1407 1422 1701 1477 voluminis
1730 1423 1811 1476 sui
1839 1432 2058 1493 apertos

466 1529 564 1571 eos
587 1529 711 1571 esse
733 1524 1144 1571 commemorat.
1175 1515 1328 1570 Sedit
1350 1529 1562 1584 quoque
1597 1515 1845 1570 columba
1887 1532 2056 1586 super

465 1617 630 1679 caput
652 1608 800 1675 .lesu,
831 1624 898 1664 ne
935 1613 1059 1680 quis
1083 1617 1297 1678 putaret
1324 1623 1511 1665 vocem
1553 1608 1734 1665 Patris
1775 1608 1843 1665 ad
1886 1608 2056 1666 Joan-

467 1717 595 1759 nem
623 1701 842 1766 lactam,
874 1718 979 1756 non
1011 1702 1076 1756 ad
1109 1702 1419 1756 Dominum.
1959 1725 2024 1759 -χ

2163 496 2228 550 tis
2257 509 2608 568 apparuerunt
2639 499 2854 564 (Matth.
2891 519 3056 571 xxv",
3080 508 3191 580 55).

2239 589 2422 659 (Vers.
2455 591 2532 661 6.)
2564 589 2632 646 Et
2655 595 2835 647 statuit
2862 612 2981 650 eum
3002 615 3162 666 supra
3187 601 3528 673 pinnaculum
3561 605 3760 674 templi,

2163 690 2210 734 et
2236 681 2368 736 dixit
2393 683 2459 738 ei.
2493 683 2563 740 Ut
2586 699 2744 753 quem
2769 684 2912 744 fame
2934 698 3261 766 tentaverat,
3296 702 3606 754 teutaretet
3627 711 3763 753 vana

2166 775 2359 846 gloria.

2237 868 2298 924 Si
2327 867 2502 923 Filius
2547 869 2647 924 Dei
2692 888 2765 926 es.
2820 873 2874 927 In
2921 877 3173 931 omnibus
3226 878 3618 937 tentationibus
3657 879 3766 937 hoc

2162 961 2275 1031 agit
2299 963 2565 1026 diabolus.
2597 974 2654 1020 ut
2685 964 2946 1036 intelligat
2977 968 3023 1022 si
3055 969 3229 1025 Filius
3259 972 3351 1028 Dei
3382 973 3490 1040 sit;
3534 973 3630 1028 sed
3660 973 3766 1028 Do-

2163 1053 2341 1109 minus
2373 1054 2452 1109 sic
2483 1055 2890 1126 responsionem
2922 1069 3214 1131 temperat,
3246 1073 3305 1118 ut
3333 1077 3460 1119 eum
3485 1064 3766 1136 relinquat

2163 1142 2493 1213 ambiguum.

2235 1235 2385 1292 Mitte
2414 1249 2462 1292 te
2489 1239 2748 1294 deorsum.
2783 1240 3050 1312 Scriptum
3080 1254 3158 1300 est
3195 1246 3348 1302 enim.
3387 1247 3503 1304 Vox
3527 1247 3757 1313 diaboli,

2161 1329 2254 1400 qui
2287 1330 2393 1396 [Αι.
2423 1330 2564 1405 quae]
2611 1348 2829 1402 semper
2873 1350 3066 1392 omnes
3094 1337 3295 1395 cadere
3324 1339 3582 1397 deorsum
3614 1341 3764 1398 desi-

2162 1421 2338 1488 derat,
2370 1421 2621 1492 Mittegte,
2654 1425 2859 1494 inquit,
2887 1426 3148 1496 deorsum,
3179 1432 3517 1502 persuadere
3557 1442 3763 1504 potest,

2163 1515 2504 1584 prtccipitare
2531 1530 2636 1570 non
2669 1525 2869 1586 potest.

2234 1607 2285 1677 2
2295 1608 2338 1677 ι
2351 1607 2557 1677 Angelis
2571 1609 2678 1662 suis
2690 1608 2949 1664 mandavit
2960 1610 3024 1665 de
3035 1620 3103 1676 te,
3119 1620 3166 1666 et
3180 1612 3235 1666 in
3248 1613 3485 1668 manibus
3498 1614 3683 1669 tollent
3695 1623 3762 1684 te,

2161 1709 2227 1748 ne
2253 1698 2390 1764 forte
2414 1695 2649 1762 o/fendas
2688 1698 2755 1749 ad
2787 1697 3013 1769 lapidem
3040 1700 3220 1771 pedem
3252 1709 3419 1756 tuum.
3445 1701 3559 1757 Hoc
3584 1701 3638 1757 itt
3668 1716 3767 1758 no-

540 1795 697 1868 (Cap.
728 1794 818 1850 IV.
846 1825 918 1836 —
938 1793 1094 1850 Vers.
1129 1794 1206 1865 l.)
1231 1793 1374 1848 Tunc
1399 1793 1553 1849 Jesus
1575 1796 1760 1849 ductus
1791 1805 1867 1849 est
1894 1796 1948 1849 in
1970 1799 2059 1850 de.
2087 1798 2137 1858 Β
2167 1788 2442 1858 nsgesimo
2467 1790 2674 1858 psalmo
2699 1791 2961 1861 legimus;
2989 1807 3177 1848 verum
3203 1793 3276 1849 ibi
3299 1808 3408 1849 non
3433 1794 3501 1851 de
3523 1791 3762 1865 Christo,

461 1899 656 1946 sertum
684 1907 714 1943 a
734 1890 946 1958 spiritu.
971 1888 1123 1944 Haud
1146 1887 1370 1943 dubium
1397 1890 1526 1960 quin
1554 1904 1586 1944 a
1607 1899 1801 1945 sancto
1823 1889 2052 1960 Spiritu.

464 1981 723 2053 Sequitur
751 1983 894 2038 enim
928 2001 940 2036 :

539 2074 607 2131 Ut
633 2082 916 2130 tentaretur
943 2091 974 2128 a
1001 2073 1229 2128 diabolo.
1263 2073 1490 2129 Ducitur
1519 2083 1700 2130 autem
1726 2091 1836 2130 non
1857 2075 2058 2132 invitus

467 2177 558 2224 aut
585 2175 798 2237 captus,
828 2165 923 2222 sed
952 2166 1233 2221 voluntate
1269 2166 1562 2236 pugnandi.

538 2260 646 2331 20
678 2257 862 2330 (Vers.
890 2257 972 2328 2.)
996 2254 1065 2311 Ει
1095 2274 1215 2311 cum
1239 2261 1532 2332 jejunasset
1568 2256 1913 2328 quadraginta
1950 2257 2057 2313 die-

464 2353 557 2407 bus
585 2364 632 2407 et
663 2353 1014 2425 quadraginta
1042 2351 1292 2413 noctibus,
1335 2361 1513 2420 postea
1539 2351 1736 2405 esuriit.
1791 2350 1860 2404 Et
1913 2367 2058 2404 acce-

464 2445 589 2499 dens
618 2453 862 2513 tentator,
894 2445 1026 2498 dixit
1049 2444 1096 2498 ei
1123 2459 1144 2499 .'
1170 2443 1232 2498 Si
1262 2442 1437 2498 Filius
1467 2441 1563 2497 Dei
1610 2459 1684 2497 es.
1733 2442 1790 2497 In
1825 2444 1927 2497 isto
1958 2459 2058 2497 nu-

471 2553 627 2594 mero
648 2537 1077 2609 quadragesima:
1100 2537 1259 2591 nobis
1292 2535 1604 2591 ostenditur
1631 2546 2055 2600 sacramentum,

464 2629 521 2686 in
543 2645 652 2701 quo
673 2640 726 2685 et
749 2631 925 2686 Moses
937 2628 1208 2700 jejuuavit
1237 2630 1290 2684 in
1304 2639 1491 2684 monte
1505 2629 1634 2685 Sina
1660 2627 1857 2701 (Exod.
1882 2625 2053 2697 xxrv),

464 2731 518 2779 et
547 2721 697 2777 Elias
721 2721 873 2792 juxta
906 2730 1147 2776 montem
1179 2720 1324 2777 Oreb
1353 2720 1444 2791 (Ill
1477 2720 1609 2791 Reg.
1657 2719 1795 2790 nx).
1827 2719 2058 2774 Permit-

464 2813 598 2869 titur
631 2822 811 2869 autem
840 2813 1054 2869 esurire
1081 2827 1302 2883 corpus,
1339 2821 1397 2867 ut
1427 2811 1648 2867 diabolo
1677 2810 1921 2867 tentandi
1953 2810 2053 2865 tri-

465 2907 661 2966 buatur
687 2906 926 2961 occasio.

535 2995 719 3066 (Vers.
743 2995 823 3066 5.)
852 2993 952 3048 Dic
979 3002 1034 3047 ut
1057 2993 1257 3065 lapides
1284 2993 1370 3047 isti
1392 3010 1551 3065 panes
1579 2994 1728 3065 ﬁant.
1780 2992 2053 3048 Esurienti

461 3101 704 3158 congrue
732 3085 932 3142 dicitur
966 3102 977 3139 :
1006 3085 1092 3139 dic
1123 3094 1175 3138 ut
1204 3084 1403 3155 lapides
1433 3086 1519 3138 isti
1564 3100 1724 3154 panes
1755 3084 1882 3154 ﬁant
1909 3101 1928 3138 :
1957 3083 2054 3139 sed

2160 1879 2256 1934 sed
2287 1879 2356 1934 de
2387 1880 2504 1934 viro
2524 1889 2714 1937 sancto
2737 1883 3016 1952 prOphetia
3039 1895 3144 1938 est.
3178 1885 3314 1941 Male
3339 1901 3468 1958 ergo
3498 1887 3766 1958 interpre—

2161 1980 2304 2026 tatur
2325 1972 2634 2042 Scripturas
2671 1974 2944 2030 diabolus.
2975 1977 3137 2034 Certe
3158 1979 3203 2033 si
3231 1994 3360 2035 vere
3387 1980 3455 2036 de
3481 1980 3769 2038 Salvatore

2157 2065 2420 2134 scriptum
2449 2076 2698 2132 noverat,
2729 2066 2996 2124 debuerat
3033 2078 3088 2124 et
3118 2071 3250 2127 illud
3290 2071 3496 2141 dicere,
3534 2074 3677 2144 quod
3709 2073 3766 2130 in

2157 2155 2350 2211 eodem
2379 2161 2587 2227 psalmo
2617 2168 2806 2214 contra
2835 2175 2897 2217 se
2933 2162 3181 2231 sequitur
3207 2181 3222 2221 :
3252 2162 3428 2235 Super
3453 2167 3687 2237 aspidem
3714 2178 3766 2222 et

2159 2250 2459 2306 basiliscum
2488 2253 2799 2320 ambulabis,
2833 2264 2881 2309 et
2910 2258 3239 2314 conculcabis
3270 2260 3467 2315 leonem
3494 2273 3542 2317 et
3570 2263 3766 2318 draco-

2159 2358 2295 2397 nem.
2327 2342 2405 2398 De
2429 2345 2748 2414 angelorum
2781 2346 2984 2401 auxilio
3003 2351 3157 2419 quasi
3185 2349 3254 2402 ad
3285 2351 3550 2419 inﬁmum
3587 2352 3765 2423 loqui-

2158 2444 2247 2490 tur
2272 2453 2285 2490 :
2313 2436 2381 2492 de
2410 2452 2506 2493 sua
2535 2435 2643 2510 [ΑΙ.
2675 2436 2783 2510 sui]
2807 2443 3218 2500 conculcatione
3249 2446 3403 2514 quasi
3436 2447 3762 2517 tergiversa-

2160 2537 2246 2584 ιοι-
2268 2538 2430 2584 tacet.

2233 2622 2412 2694 (Vers.
2449 2623 2528 2694 7.)
2550 2624 2636 2677 Ait
2657 2623 2740 2678 illi
2759 2623 2911 2681 Jesus
2931 2642 3142 2682 rursum
3169 2627 3472 2696 :Scriptunt
3499 2638 3572 2684 est
3592 2645 3612 2685 :
3632 2629 3758 2688 Non

2159 2713 2375 2768 tentabis
2408 2715 2687 2771 Dominum
2716 2715 2884 2772 Deum
2927 2730 3090 2774 tuum.
3125 2719 3315 2776 Falsas
3343 2721 3414 2777 de
3459 2722 3758 2794 Scripturis

2159 2804 2356 2861 diaboli
2387 2811 2610 2878 Sagittas
2661 2809 2804 2866 veris
2832 2809 3237 2882 Scripturarum
3282 2813 3480 2882 frangit
3523 2815 3755 2885 clypeis.

2160 2900 2226 2955 Et
2253 2903 2547 2958 natantium
2576 2903 2718 2974 quod
2767 2904 3081 2961 testimonia
3114 2908 3422 2963 necessaria
3453 2908 3522 2964 de
3550 2908 3756 2967 Deute-

2158 2996 2411 3049 ronomio
2439 3005 2644 3052 tantum
2693 2998 3002 3067 protulerit,
3030 3007 3089 3054 ut
3115 2999 3374 3055 secunda:
3403 2999 3544 3072 legis
3567 3015 3756 3057 sacra-

2157 3097 2338 3142 menta
2371 3100 2725 3145 monstraret.

464 3178 678 3255 duobus
704 3179 993 3233 contrariis
1042 3177 1246 3232 teneris
1270 3219 1285 3244 ,
1319 3194 1351 3231 ο
1383 3177 1616 3233 diabole.
1666 3177 1722 3234 Si
1770 3177 1838 3232 ad
1876 3178 2054 3247 impe-
2080 3173 2128 3239 C
2229 3179 2408 3252 (Vers.
2453 3180 2533 3252 8.)
2563 3180 2763 3236 lterum
2791 3185 3069 3253 assumpsit
3099 3199 3216 3237 eum
3247 3183 3487 3240 diabolus
3525 3185 3580 3240 in
3609 3202 3758 3240 mon-

464 3273 604 3328 rium
627 3273 749 3343 ejus
779 3280 1004 3342 possunt
1037 3271 1246 3342 lapides
1279 3287 1442 3341 panes
1483 3274 1620 3338 lieri,
1671 3286 1802 3342 ergo
1855 3274 2054 3326 frustra

462 3372 642 3420 lentas
670 3379 792 3419 eum
841 3367 930 3434 qui
961 3372 1122 3417 tanta:
1152 3365 1408 3432 potentia:
1451 3374 1556 3418 est.
1598 3363 1691 3419 Sin
1735 3375 1916 3419 autem
1950 3382 2056 3420 non

461 3467 640 3529 potest
673 3456 872 3518 facere,
905 3455 1099 3510 frustra
1121 3455 1313 3511 Filium
1339 3457 1432 3512 Dei
1459 3457 1779 3524 suSpicaris.
1813 3467 1839 3496 ει
1869 3456 1930 3511 Si
1961 3454 2058 3508 Fi-

461 3551 563 3606 lius
593 3549 692 3606 Dei
717 3567 792 3615 es,
822 3549 906 3603 dic
933 3559 988 3603 ut
1015 3549 1212 3618 lapides
1235 3551 1320 3604 isti
1346 3566 1502 3621 panes
1523 3551 1670 3620 ﬁant.

535 3642 717 3714 (Vers.
745 3643 826 3713 4.)
858 3643 960 3710 Qui
987 3641 1327 3715 respondens,
1352 3645 1425 3696 ait
1451 3660 1470 3697 :
1501 3643 1766 3716 Scriptum
1795 3653 1868 3699 est
1893 3659 1910 3697 :
1933 3641 2057 3697 Non

459 3738 516 3790 in
545 3736 656 3790 solo
674 3752 809 3805 pane
834 3736 954 3790 vivit
977 3735 1161 3802 homo;
1191 3735 1281 3789 sed
1322 3736 1375 3789 in
1409 3737 1548 3789 omni
1591 3736 1741 3790 verbo
1770 3734 1906 3806 quod
1937 3752 2060 3805 pro-

459 3829 594 3885 cedit
647 3832 712 3884 de
758 3845 847 3884 ore
893 3827 1012 3882 Dei.
1071 3828 1466 3884 'l‘estimottium
1515 3830 1585 3885 de
1633 3830 2058 3885 Deuteronomio

459 3930 736 3992 sumptum
759 3931 838 3977 est
866 3919 1047 3994 (Deut.
1077 3935 1191 3987 vm,
1218 3921 1296 3994 5).
1320 3921 1448 3977 Ideo
1469 3933 1650 3978 autem
1676 3924 1757 3978 sic
1779 3922 2060 3994 respondit

465 4015 750 4083 Dominus,
782 4017 908 4088 quia
935 4017 1274 4086 prepositum
1296 4025 1415 4072 erat
1439 4017 1512 4086 ei,
1540 4015 1843 4072 humilitate
1865 4017 2056 4071 diabo-

462 4107 574 4164 lum
607 4109 850 4175 vincere,
879 4123 986 4163 non
1018 4108 1282 4179 potentia.
1309 4107 1592 4179 Simulque
1617 4108 2061 4164 animadverten-

460 4200 615 4267 dum,
645 4201 789 4270 quod
824 4201 924 4256 nisi
949 4201 1198 4271 jejunare
1223 4203 1482 4274 ctepisset
1511 4205 1788 4268 Dominus,
1817 4205 2057 4260 tentandi

461 4292 678 4348 occasio
719 4309 828 4348 non
874 4292 1066 4347 luisset
1099 4295 1337 4359 diabolo,
1385 4295 1684 4350 secundum
1726 4296 1892 4351 illud:
1926 4295 2053 4362 Fili,

457 4381 706 4437 accedens
735 4383 803 4436 ad
823 4385 1116 4438 servitutem
1141 4383 1256 4452 Dei,
1273 4396 1352 4439 sta
1379 4386 1432 4439 in
1449 4387 1659 4459 jnstitia
1691 4397 1737 4441 et
1765 4389 1941 4441 timore
1971 4397 2057 4442 :et

461 4489 699 4545 prtepara
725 4473 953 4527 animum
997 4484 1140 4528 tuam
1177 4475 1246 4528 ad
1291 4478 1622 4531 tentationem
1656 4478 1852 4548 (Eccli.
1889 4494 1944 4545 tt,
1977 4479 2053 4549 l).

459 4564 568 4620 Sed
597 4573 653 4620 et
677 4566 792 4636 ipsa
817 4569 1099 4636 responsio
1129 4566 1450 4637 Salvatoris,
1477 4571 1752 4627 hominem
1779 4572 1944 4627 fuisse
1978 4575 2053 4628 in-
2078 4562 2130 4623 Ι)

461 4657 627 4726 dicat,
661 4660 751 4729 qui
776 4668 1011 4715 tentatus
1041 4670 1142 4714 est.
1181 4660 1301 4715 Non
1345 4663 1396 4716 in
1426 4664 1535 4718 sola
1568 4681 1700 4732 pane
1727 4665 1843 4719 vivit
1873 4667 2049 4734 homo,

455 4750 548 4804 sed
575 4751 631 4805 in
659 4753 800 4805 omni
839 4751 986 4806 verbo
1016 4753 1155 4823 quod
1192 4754 1423 4824 procedit
1471 4756 1534 4809 de
1575 4772 1661 4811 ore
1690 4755 1808 4811 Dei.
1845 4757 1900 4816 Si
1931 4759 2052 4828 quis

459 4857 593 4914 ergo
622 4858 727 4899 non
755 4846 993 4900 vescitur
1023 4846 1193 4902 verbo
1219 4847 1333 4915 Dei,
1365 4848 1468 4902 iste
1499 4865 1602 4902 non
1631 4849 1784 4904 vivit.

537 4935 720 5006 (Vers.
752 4933 836 5006 5.)
864 4936 1009 4991 Tunc
1036 4941 1314 5009 assumpsit
1343 4957 1456 4995 eum
1478 4940 1714 4996 diabolus
1738 4942 1793 4998 in
1819 4954 2052 4998 sanctam

458 5027 738 5083 civitatem.
770 5029 1085 5101 Assumptio
1116 5032 1217 5088 ista
1247 5049 1368 5103 qua:
1391 5032 1613 5101 dicitur,
1645 5051 1752 5090 non
1784 5052 1847 5091 ex
1883 5037 2053 5093 imbe-

462 5126 690 5182 cillitate
722 5126 930 5181 Domini
962 5128 1130 5194 venit,
1166 5129 1261 5182 sed
1301 5129 1370 5184 de
1410 5130 1615 5186 inimici
1654 5132 1931 5201 superbia,
1964 5134 2054 5203 qui

461 5219 797 5276 voluntatem
827 5219 1126 5278 Salvatoris
1174 5223 1551 5279 necessitatem
1600 5234 1770 5294 putat.
1819 5225 1901 5280 Ex
1952 5227 2056 5282 hoc

462 5322 644 5371 autem
694 5316 814 5373 loco
866 5314 1196 5389 intelligitur
1223 5318 1355 5390 quid
1383 5318 1458 5375 sit
1484 5318 1618 5376 illud
1645 5320 1790 5392 quod
1842 5319 1896 5376 itt
1945 5321 2054 5379 alio

536 5509 562 5538 ι
603 5503 761 5558 Addit
789 5502 1081 5568 Victorius,
1117 5505 1312 5562 dicens.

529 5569 560 5610 δ
587 5574 788 5637 Verba,
821 5584 868 5629 cl
899 5575 1029 5630 dixit
1070 5576 1137 5638 ei,
1175 5591 1305 5630 mss.
1351 5578 1522 5632 nostri
1571 5591 1762 5634 omnes
1795 5578 2049 5634 reticent.

463 5641 844 5720 Hoxlm‘ituta
867 5648 1083 5720 quidam
1113 5648 1318 5718 legunt,
1349 5664 1446 5718 pro
1474 5651 1821 5720 prateritura.

539 5726 562 5786 ἢ
591 5715 811 5772 Rectius
839 5733 1004 5786 penes
1038 5715 1209 5774 ηςιωῑ.
1242 5729 1320 5775 ut.

531 5784 560 5825 ‘
592 5784 874 5863 luterserit
897 5788 1130 5849 Cisters.
1157 5806 1260 5851 tus.
1287 5802 1427 5849 retro
1457 5807 1476 5848 :
1503 5801 1666 5869 atque
1707 5793 1848 5854 inira
1873 5793 2055 5854 cohae-

2164 3283 2262 3327 tem
2285 3274 2544 3328 excelsum
2568 3274 2717 3329 valde
2737 3290 2756 3328 :
2777 3284 2825 3328 et
2852 3276 3073 3329 ostendit
3097 3277 3144 3331 ei
3171 3277 3343 3331 omnia
3363 3293 3524 3349 regna
3551 3278 3757 3345 ntundi,

2160 3373 2210 3418 et
2261 3365 2482 3435 gloriam
2526 3382 2723 3430 eorum,
2757 3363 2785 3404 δ
2815 3375 2865 3419 et
2889 3367 3023 3421 dixit
3051 3368 3118 3422 ei.
3167 3365 3355 3424 Gloria
3394 3369 3599 3434 mundi,
3635 3384 3758 3438 quae

2161 3473 2284 3512 cum
2315 3462 2518 3511 mundo
2543 3458 2883 3527 praeteritura
2912 3467 3018 3526 est,
3046 3460 3098 3514 in
3123 3468 3328 3524 monte,
3361 3459 3489 3516 etin
3513 3459 3756 3529 superci-

2161 3549 2234 3604 lio
2281 3550 2730 3604 demonstratur:
2764 3550 3029 3604 Dominus
3067 3561 3253 3606 autem
3289 3550 3356 3606 ad
3391 3551 3613 3606 humilia
3659 3551 3759 3609 de—

2161 3641 2372 3697 scendit
2392 3654 2445 3696 et
2473 3641 2822 3711 campestria,
2857 3653 2915 3695 ut
2947 3641 3224 3697 diabolum
3255 3641 3558 3698 humilitate
3587 3657 3758 3714 supe-

2163 3746 2329 3790 raret.
2353 3735 2520 3790 Porro
2537 3735 2790 3792 diabolus
2805 3737 3008 3792 ducere
3026 3751 3152 3792 eum
3179 3737 3400 3793 festinat
3423 3736 3490 3792 ad
3517 3747 3754 3809 montes,

2161 3838 2215 3882 ut
2251 3842 2345 3896 per
2375 3842 2512 3896 quos
2563 3827 2682 3899 ipse
2718 3839 3025 3894 corruerat,
3057 3829 3226 3883 etiam
3258 3829 3447 3884 caeteri
3476 3838 3756 3897 corruant,

2157 3919 2310 3988 juxta
2343 3919 2477 3975 illud
2519 3921 2764 3990 Apostoli
2789 3937 2804 3976 :
2833 3918 2918 3976 Ne
2946 3921 3162 3992 inﬂatus
3189 3921 3389 3976 incidat
3412 3922 3466 3975 in
3495 3921 3759 3994 judicium

2161 4012 2357 4067 diaboli
2378 4013 2426 4080 (Ι
2455 4011 2587 4068 Tim.
2623 4029 2702 4082 Ill,
2735 4013 2816 4083 6).

2232 4104 2414 4177 (Vers.
2443 4105 2526 4176 9.)
2552 4103 2680 4160 Htec
2708 4105 2880 4160 omnia
2902 4105 2994 4160 tibi
3018 4103 3172 4171 dabo,
3205 4106 3250 4159 si
3280 4104 3469 4160 cadens
3497 4104 3754 4160 adorave-

2159 4205 2231 4259 ris
2253 4221 2350 4259 me.
2377 4206 2651 4274 Arrogans
2680 4214 2733 4259 et
2766 4204 3034 4276 superbus
3065 4204 3228 4260 etiam
3256 4204 3359 4260 hoc
3399 4205 3468 4260 de
3491 4205 3748 4275 iactantia

2160 4303 2399 4374 loquitur
2431 4323 2444 4357 :
2475 4320 2578 4360 non
2612 4304 2756 4374 quod
2789 4305 2842 4358 in
2889 4315 3002 4359 toto
3046 4304 3250 4360 mundo
3279 4305 3477 4360 habeat
3513 4312 3755 4375 potesta-

2163 4414 2292 4466 tem,
2327 4412 2348 4440 ο
2379 4413 2470 4458 aut
2519 4405 2690 4472 possit
2737 4404 2918 4457 omnia
2951 4419 3112 4473 regna
3157 4405 3288 4458 dare
3327 4403 3600 4473 diabolus,
3632 4419 3756 4459 cum

2161 4507 2394 4560 sciamus
2420 4505 2709 4575 plerostpte
2731 4516 2956 4560 sanctos
2987 4505 3139 4560 viros
3169 4520 3197 4560 a
3234 4505 3350 4561 Deo
3377 4520 3536 4576 reges
3559 4504 3754 4561 laetos.

2157 4608 2216 4663 Si
2244 4609 2454 4672 cadens,
2485 4607 2681 4677 iuqttit,
2729 4607 3023 4661 adoraveris
3052 4623 3152 4663 nte.
3185 4607 3331 4678 Ergo
3375 4607 3469 4679 qui
3497 4605 3758 4663 adoratu-

2155 4725 2246 4765 rus
2269 4718 2352 4764 est
2373 4709 2673 4774 diabolum,
2702 4718 2826 4764 ante
2852 4709 3084 4764 corruit.

2228 4809 2407 4882 (Vers.
2453 4808 2566 4880 10.)
2600 4808 2741 4864 Tunc
2772 4809 2896 4864 dicit
2923 4809 2970 4864 ei
2991 4807 3148 4864 Iesus
3180 4825 3198 4862 :
3234 4807 3382 4864 Vade
3411 4805 3465 4875 δ,
3498 4807 3705 4864 Satana
3734 4824 3755 4862 :

2155 4913 2418 4984 Scriptum
2438 4921 2510 4966 est
2533 4911 2687 4965 enim.
2713 4909 2828 4966 Non
2860 4921 2917 4965 ut
2945 4909 3190 4980 plerique
3214 4917 3427 4980 putant,
3448 4908 3643 4963 eadetn
3668 4921 3758 4962 sa-

2155 5029 2306 5073 tanas
2335 5025 2391 5072 et
2435 5017 2712 5088 apostolus
2742 5016 2935 5071 Petrus
2976 5003 3245 5071 sententia
3287 5013 3751 5068 condemnantur.

2158 5121 2323 5178 Petro
2343 5125 2492 5176 enim
2515 5119 2710 5175 dicitur
2736 5136 2748 5172 :
2781 5117 2922 5173 Vade
2945 5128 3082 5172 retro
3104 5133 3202 5183 me,
3225 5116 3431 5172 Satana
3457 5113 3615 5188 (Mat.
3640 5129 3753 5179 xvr,

2154 5221 2274 5293 23),
2307 5222 2359 5277 id
2391 5231 2494 5285 est,
2527 5233 2758 5292 sequere
2788 5234 2895 5286 me,
2930 5220 3020 5290 qui
3046 5217 3359 5272 contrarius
3385 5232 3444 5272 es
3481 5215 3756 5272 voluntati

2156 5336 2293 5379 meae
2314 5340 2329 5380 :
2354 5321 2443 5378 hic
2458 5334 2591 5376 vero
2606 5317 2781 5387 audit,
2799 5318 2947 5386 vade,
2973 5316 3177 5372 Satana
3205 5331 3223 5370 :
3246 5323 3300 5371 et
3325 5329 3434 5371 non
3455 5313 3506 5370 ei
3526 5313 3753 5379 dicitur,

2151 5517 2358 5572 reuter,
2391 5506 2560 5566 audit,
2591 5504 2719 5559 vade
2763 5513 2922 5568 retro,
2973 5501 3193 5557 Satana.
3225 5498 3346 5555 Jam
3397 5512 3557 5560 vero,
3605 5496 3752 5568 quod

2152 5581 2320 5634 semel
2356 5589 2514 5640 atque.
2549 5577 2744 5631 iterum
2771 5575 3102 5628 monuimus.
3129 5574 3288 5625 aliter
3322 5585 3471 5636 smpe
3502 5583 3633 5624 tuss.
3669 5577 3753 5622 at-

2153 5666 2259 5720 que
2285 5651 2412 5704 editi
2439 5649 2560 5704 Ithrl
2591 5648 2888 5716 Scriptura:
2910 5645 3191 5717 περικοπὰς
3219 5653 3442 5696 nectunt
3469 5657 3484 5696 :
3513 5641 3754 5708 plerum-

2153 5737 2260 5792 que
2291 5733 2468 5774 autem
2493 5720 2787 5792 versicttlus
2811 5721 3078 5792 quosdam
3103 5721 3462 5787 praetereunt,
3493 5725 3631 5785 quos
3647 5723 3754 5766 nec

2155 5791 2402 5856 subnexa
2431 5791 2707 5864 expositio
2737 5791 2927 5860 tangit.
