4004 6332
197 346 256 406 33
687 335 1338 397 COMMENTARIOBUM
1376 334 1443 391 IN
1487 328 2321 406 EVANGELIUMLMA'I‘THAEI
2363 328 2492 384 LIB.
2535 329 2574 383 l.
2619 325 2774 382 CAP.
2819 322 2882 380 ν.
3363 318 3434 378 51

196 472 312 520 τειγο
337 474 428 528 nte,
469 464 525 516 ιιι
571 459 944 526 subaudiatur,
973 456 1108 512 vade
1140 456 1194 511 in
1223 457 1401 526 ignem
1446 464 1731 520 eternum,
1763 451 1820 513 Α
1845 464 1965 504 csse
1998 447 2339 510 velThabur,
2364 445 2448 500 vel
2475 442 2770 514 quemlibet
2793 440 2954 494 alium
2979 436 3253 494 excelsum
3279 452 3439 492 mon-

194 555 271 629 qui
297 559 614 624 praeparatus
642 561 720 609 est
750 551 866 617 libi,
897 560 953 606 et
981 550 1189 620 angelis
1213 549 1340 603 tuis.

250 648 341 718 η
372 644 637 698 Dominum
677 642 838 698 Deum
867 651 1013 697 tuum
1040 639 1284 695 adorabis
1311 646 1359 692 et
1377 636 1469 709 illi
1498 636 1597 692 soli
1626 653 1738 691 ser.

193 739 296 794 cies.
328 736 506 791 Dicens
532 735 777 791 diabolus
804 733 1070 791 Salvatori
1104 751 1117 786 :
1148 735 1192 787 si
1220 733 1409 786 cadens
1441 731 1740 785 adoraveris

1844 554 1974 600 tam.
2005 546 2244 613 Denique
2271 553 2554 614 postquam
2589 540 3064 595 linivilsermones
3085 551 3235 601 suos,
3256 535 3441 591 statim

1843 641 2094 709 sequitur
2126 657 2138 693 :
2175 637 2306 692 Cum
2333 647 2501 691 autem
2528 634 2786 690 introisset
2814 631 3195 704 Caphamaum.

1921 731 2105 806 (Vers.
2138 733 2218 801 3.)
2240 730 2390 785 Beati
2418 745 2670 801 pauperes
2709 726 2917 798 spiritu,
2947 723 3187 794 quoniam
3210 722 3445 793 ipsorum

192 829 613 885 me:econtrario
641 825 810 891 audit.
839 825 984 896 quod
1017 827 1134 896 ipse
1156 824 1328 895 magis
1357 823 1587 879 adorare
1615 837 1740 878 eum
1843 839 1921 884 est
1948 844 2164 900 regnum
2194 825 2456 881 cwlorum.
2487 824 2597 879 Hoc
2621 831 2705 877 est
2732 818 2873 892 quod
2905 818 3033 874 alibi
3065 817 3293 889 legimus
3326 834 3339 869 :
3373 814 3445 870 Et

191 921 360 977 debeat
388 919 668 974 Dominum
699 927 756 974 et
783 919 952 974 Deum
983 932 1161 973 suum.

248 1011 409 1083 (Vers.
440 1011 555 1081 11.)
575 1009 726 1064 Tunc
750 1010 958 1081 reliquit
982 1024 1097 1064 eum
1126 1007 1367 1063 diabolus
1399 1021 1418 1062 :
1443 1016 1491 1061 et
1513 1020 1626 1060 ecce
1649 1021 1745 1059 an-

191 1103 275 1178 geli
290 1113 621 1168 accesserunt,
639 1113 688 1158 et
719 1103 1080 1158 ministrabant
1107 1102 1178 1156 ei.
1201 1099 1469 1157 Praecedit
1493 1099 1741 1165 Ientatio,

191 1209 238 1252 ut
267 1206 506 1268 sequatur
548 1197 799 1253 victoria.
832 1197 1024 1269 Angeli
1053 1196 1386 1263 ministrant,
1437 1203 1496 1251 ut
1522 1195 1744 1250 victoris

192 1289 389 1360 dignitas
413 1289 824 1358 comprobetur.

245 1380 406 1453 (νει-ε.
436 1378 526 1446 15,
559 1379 672 1451 16.)
706 1380 870 1435 Terra
915 1379 1172 1446 Zabulon,
1204 1389 1254 1435 et
1293 1389 1426 1437 terra
1472 1378 1746 1450 Nephtlta-

191 1470 280 1535 lini,
302 1473 378 1525 via
413 1473 575 1526 maris
600 1481 749 1527 trans
777 1471 1064 1526 Iordanem
1087 1471 1324 1527 Galilwa’
1351 1473 1580 1543 gentium
1605 1489 1621 1525 :
1652 1488 1746 1541 po-

191 1565 315 1635 pulus
339 1564 422 1633 qui
437 1574 460 1601 ιι
478 1565 782 1618 ambulabat
809 1565 862 1619 in
891 1566 1114 1619 tenebris
1129 1565 1257 1621 sidit
1283 1563 1448 1619 lucem
1481 1581 1743 1636 magnam,

191 1655 497 1709 studentibus
513 1657 568 1709 in
588 1657 800 1728 regione
824 1656 1020 1712 umbra
1033 1656 1316 1711 mortislua:
1343 1666 1456 1711 orta
1475 1667 1550 1711 est
1573 1656 1664 1712 eis.
1684 1656 1748 1710 Hi

191 1745 385 1816 primum
410 1747 947 1805 andierel)ominum
997 1747 1413 1818 prmdicantem,
1461 1747 1634 1803 utubi
1667 1745 1748 1802 ls-

1848 919 2072 976 humiles
2093 919 2285 989 spiritu
2309 916 2525 972 salrabit
2557 913 2674 986 (Ps.
2708 927 2902 979 χχχιιι,
2934 910 3025 982 16)
3053 927 3067 966 :
3099 909 3178 964 Ne
3198 909 3322 981 quis
3346 922 3446 964 au-

1849 1023 1959 1069 tem
1997 1020 2214 1082 putaret
2242 1018 2646 1080 paupertatem,
2677 1022 2797 1078 qua:
2849 1019 3255 1075 nonnumquam
3294 1013 3316 1041 ο
3350 1017 3448 1056 nc-

1847 1107 2105 1161 cessitate
2135 1110 2406 1174 portatur,
2455 1115 2484 1155 a
2535 1098 2764 1156 Domino
2811 1095 3128 1168 prmdicari,
3179 1093 3443 1165 adjunxit,

1848 1197 2038 1266 spiritu
2072 1212 2087 1247 :
2129 1205 2186 1249 ut
2217 1193 2578 1248 humilitatem
2610 1189 2971 1261 intelligeres,
3004 1203 3110 1243 non
3137 1186 3440 1258 penuriam.

1851 1289 2003 1343 Beati
2024 1300 2292 1359 pauperes
2313 1287 2531 1356 spiritu,
2553 1285 2641 1354 qui
2673 1293 2894 1353 propter
2906 1280 3167 1352 Spiritum
3196 1288 3446 1335 sanctum

1851 1380 2135 1435 voluntate
2160 1386 2290 1433 sunt
2343 1391 2627 1446 pauperes.
2674 1374 2834 1432 Unde
2877 1388 3039 1443 super
3070 1371 3447 1442 hujuscemodi

1851 1471 2188 1543 pauperibus
2219 1480 2275 1525 et
2305 1470 2561 1525 Salvator
2587 1483 2684 1540 per
2708 1466 2900 1522 Isaiam
2951 1466 3187 1537 loquitur
3213 1483 3227 1521 :
3260 1464 3450 1520 Domi-

1851 1582 1948 1620 nus
1968 1564 2112 1618 unxit
2135 1579 2237 1630 nte;
2260 1573 2471 1635 propter
2490 1562 2628 1632 quod
2649 1560 3002 1631 euangelizare
3019 1558 3327 1630 pauperibus
3352 1557 3451 1612 mi-

1849 1658 1917 1712 sit
1938 1673 2018 1710 me
2046 1653 2294 1726 (lsai.vl,
2331 1654 2406 1724 1).

1928 1747 2111 1820 (Vers.
2136 1744 2220 1817 4.)
2244 1745 2392 1801 Beati
2412 1746 2578 1815 mites,
2603 1744 2848 1816 quoniam
2877 1743 2978 1816 ipsi
3000 1740 3329 1816 possidebunt
3351 1750 3455 1797 ter-

191 1838 325 1894 raelis
344 1839 514 1896 fuerat
533 1841 605 1895 ab
630 1841 876 1913 Assyriis
893 1841 1072 1912 prima
1097 1841 1408 1912 captivitas,
1435 1840 1509 1896 ibi
1528 1839 1743 1898 redem-
1775 1831 1826 1894 Β
1856 1857 1988 1896 ram.
2040 1839 2157 1895 Non
2211 1848 2414 1895 terram
2464 1838 2619 1894 Iuda:
2663 1838 2770 1910 [ΑΙ.
2802 1837 3050 1911 Judaaae],
3101 1851 3204 1892 nec
3246 1845 3452 1892 terram

191 1929 329 2000 ptoris
351 1933 684 2001 praeconium
710 1931 740 1970 δ
771 1939 1112 1988 nasceretur.

248 2023 405 2095 (Yers.
431 2025 520 2091 17,
552 2023 673 2096 18.)
693 2023 904 2081 Exinde
925 2025 1073 2097 carpit
1095 2023 1253 2081 Iesus
1276 2024 1562 2098 praedicare
1590 2033 1642 2079 et
1665 2023 1750 2078 di-

190 2131 316 2172 cere:
345 2116 711 2173 Paenitentiam
737 2119 891 2190 agite,
924 2119 1357 2192 apprOpinqnabit
1377 2121 1513 2173 enim
1534 2134 1750 2193 regnum

190 2209 409 2266 calorum.
436 2211 730 2266 Ambulans
771 2221 942 2267 autem
962 2211 1118 2267 Iesus
1139 2216 1299 2286 juxta
1321 2229 1464 2268 mare
1491 2211 1748 2281 Galiltea',

190 2304 287 2358 cidit
324 2304 445 2360 duos
490 2308 711 2376 fratres,
739 2304 1033 2373 Simonem,
1078 2307 1169 2378 qui
1211 2316 1422 2361 uocatur
1455 2305 1662 2370 Petrus,
1704 2315 1751 2360 et

192 2395 408 2451 Andream
453 2398 680 2468 fratrem
725 2399 860 2470 ejus,
895 2400 1152 2454 mittentes
1179 2409 1286 2453 rete
1312 2400 1363 2453 iu
1389 2415 1532 2452 mare
1561 2414 1581 2453 :
1607 2407 1752 2452 erant

190 2491 296 2543 enim
343 2491 650 2558 piscatores.
685 2489 755 2545 Et
805 2492 877 2546 ait
923 2491 1051 2546 illis.
1101 2491 1311 2548 Joanne
1343 2491 1564 2557 tradito,
1606 2501 1754 2546 recte

189 2580 280 2651 ipse
304 2582 481 2652 incipit
513 2582 826 2652 praedicare
853 2600 866 2636 :
897 2583 1183 2639 desinente
1212 2583 1374 2654 Lege,
1407 2597 1751 2652 consequen-

189 2680 254 2728 ter
275 2675 437 2730 oritur
482 2674 876 2746 Evangelium.
921 2675 976 2732 Si
1027 2685 1209 2731 autem
1253 2675 1444 2731 eadem
1496 2675 1755 2744 praedicat

187 2763 416 2832 Salvator,
459 2778 609 2838 quas
659 2765 896 2822 Joannes
943 2767 1178 2838 Baptista
1229 2776 1355 2823 ante
1402 2767 1750 2839 praedixerat,

190 2858 389 2915 ostendit
414 2873 474 2916 se
499 2859 765 2932 ejusdem
798 2860 898 2916 Dei
924 2876 1047 2917 esse
1077 2859 1298 2929 Filium,
1323 2861 1478 2931 cujus
1501 2861 1595 2916 ille
1624 2876 1754 2932 pro-

191 2950 336 3020 phata
357 2953 447 3008 sit.

243 3042 402 3114 (ιω.
436 3043 526 3110 19,
565 3040 694 3115 20.)
729 3042 908 3099 Venite
950 3052 1065 3114 post
1091 3061 1192 3112 me,
1225 3054 1272 3100 et
1302 3044 1493 3117 faciam
1521 3060 1608 3098 vos
1645 3043 1760 3111 ﬁeri

188 3135 430 3204 piscatores
456 3137 764 3192 hominum.
802 3137 864 3190 At
889 3135 968 3190 illi
1013 3137 1278 3200 continuo,
1318 3137 1513 3191 relictis
1542 3136 1756 3199 retibus,

1854 1931 2013 1988 istius
2044 1933 2262 1998 mundi;
2297 1946 2404 1987 non
2439 1942 2639 1988 terram
2664 1930 3034 1998 maledictam,
3063 1931 3247 2000 Spinas
3276 1939 3331 1986 et
3354 1928 3454 1984 tri-

1859 2024 2018 2080 bulas
2067 2023 2387 2080 allerentem
2433 2022 2648 2093 (Cenes.
2700 2025 2778 2092 v),
2829 2038 2988 2093 quam
3039 2021 3458 2079 crudelissimus

1855 2118 2084 2188 quisque
2108 2128 2162 2174 et
2194 2117 2424 2173 bellator
2443 2117 2614 2188 magis
2644 2115 2920 2186 possidet;
2941 2115 3039 2173 sed
3068 2125 3268 2172 terram
3291 2129 3453 2184 quam

1857 2208 2142 2264 Psalmista
2166 2208 2464 2275 desiderat,
2489 2209 2702 2264 dicens:
2719 2207 2884 2263 Credo
2903 2209 3072 2263 uidere
3088 2207 3221 2263 bona
3241 2205 3456 2262 Domini

1855 2303 1910 2357 in
1959 2311 2097 2356 terra
2124 2302 2403 2356 uiuentium
2429 2300 2547 2372 (Ps.
2576 2315 2723 2366 χιιι,
2755 2300 2868 2370 15).
2905 2298 3288 2370 llujuscemodi
3330 2311 3456 2369 pos-

1858 2413 2065 2465 sessor,
2087 2406 2288 2468 etpost
2312 2397 2599 2454 victoriam
2632 2396 3017 2466 triumphator,
3046 2395 3210 2453 etiam
3243 2394 3297 2449 in
3321 2408 3458 2463 quae

1859 2489 2168 2560 dragesimo
2214 2499 2408 2559 quarto
2455 2491 2666 2560 psalmo
2708 2489 3036 2546 describitur
3070 2508 3085 2546 :
3118 2488 3186 2543 Et
3228 2488 3458 2556 intende,

1858 2599 2102 2655 prospere
2127 2582 2233 2655 [AL
2265 2591 2311 2636 et
2339 2582 2604 2656 prospere]
2645 2583 2864 2654 procede
2915 2592 2965 2636 et
3015 2598 3174 2654 regna
3202 2597 3222 2636 :
3253 2590 3462 2652 propter

1857 2678 2120 2732 ueritatem
2158 2687 2205 2730 et
2235 2674 2694 2741 mansuetudinem,
2725 2684 2773 2730 et
2802 2675 3086 2746 justitiam.
3115 2673 3287 2730 Nemo
3314 2676 3462 2729 enim

1862 2779 2063 2825 terram
2102 2769 2261 2846 istam
2313 2784 2410 2840 per
2452 2769 2949 2835 mansuetudinem,
2981 2767 3077 2825 sed
3124 2783 3222 2839 per
3265 2782 3464 2839 super-

1862 2863 2008 2918 biam
2034 2861 2296 2932 possidet.

1934 2953 2116 3024 (Vers.
2168 2952 2252 3025 5.)
2281 2951 2430 3008 Beati
2458 2953 2547 3024 qui
2575 2951 2772 3025 lugent,
2820 2951 3064 3022 quoniam
3092 2952 3192 3024 ipsi
3222 2948 3466 3006 consola-

1863 3046 2075 3101 buntur.
2112 3044 2312 3100 Luctus
2344 3047 2430 3100 hic
2451 3059 2560 3100 non
2588 3054 2926 3101 mortuorum
2949 3045 3169 3115 ponitur
3189 3041 3467 3099 communi

1864 3142 1983 3211 lege
2014 3150 2247 3207 naturas,
2299 3140 2396 3196 sed
2444 3141 2680 3211 peccatis
2707 3150 2763 3197 et
2795 3142 2945 3196 vitiis
2974 3149 3338 3197 mortuorum.
3374 3140 3468 3196 Sic

113 3223 117 3226 ’
189 3228 320 3282 secuti
343 3238 455 3283 sunt
485 3244 638 3283 essm.
673 3226 765 3282 Isti
795 3227 962 3298 primi
992 3228 1168 3282 vocati
1205 3238 1354 3295 sunt,
1383 3238 1439 3281 ut
1466 3227 1756 3283 Dominum
1785 3217 1834 3283 C
1866 3233 2012 3288 flevit
2033 3241 2088 3289 et
2110 3231 2331 3289 Samuel
2359 3232 2599 3298 Saulem,
2627 3233 2751 3303 quia
2776 3234 3107 3303 ptenituerat
3128 3233 3297 3288 Deum
3321 3232 3466 3302 quod

191 3333 514 3391 sequerentur
548 3339 572 3378 :
608 3321 910 3392 piscatores
947 3331 1004 3376 et
1047 3321 1311 3377 illitterati
1357 3321 1644 3376 mittuntur
1689 3321 1756 3376 ad

193 3414 598 3482 pradicandum,
628 3429 699 3471 ne
721 3413 857 3469 ﬁdes
889 3413 1231 3470 credentium
1267 3429 1374 3469 non
1411 3415 1612 3470 virtute
1640 3415 1757 3483 Dei,

191 3505 268 3561 sed
289 3507 607 3579 eloquentia
635 3505 816 3578 adque
851 3505 1096 3561 doctrina
1129 3505 1243 3562 fieri
1276 3516 1574 3573 putaretur.

248 3597 406 3670 (Vers.
433 3597 567 3671 ει.)
606 3595 676 3652 Et
718 3598 997 3665 lunaticos,
1025 3607 1075 3651 et
1103 3597 1439 3669 paralyticos,
1489 3606 1536 3649 et
1564 3599 1762 3653 curavit

191 3706 276 3747 eos.
316 3693 376 3748 Et
419 3703 623 3749 uentre
662 3700 780 3746 sunt
809 3709 922 3746 eum
951 3690 1112 3746 turba:
1141 3693 1318 3746 multa:
1346 3691 1409 3746 de
1449 3689 1667 3746 Galilwa
1714 3700 1762 3748 et

194 3784 430 3855 Decapoli,
458 3797 509 3844 et
554 3787 624 3842 de
651 3784 1011 3857 Ierosolymis,
1041 3793 1088 3840 et
1115 3784 1179 3840 de
1201 3783 1414 3852 Iudam,
1455 3793 1502 3839 et
1533 3785 1597 3838 de
1621 3794 1762 3840 trans

191 3876 465 3935 Iordanem.
505 3878 636 3936 Non
667 3893 798 3934 vere
841 3876 1132 3944 lunaticos,
1165 3876 1260 3932 sed
1303 3877 1392 3947 qui
1438 3876 1764 3947 putabantur

195 3969 410 4038 lunatici,
464 3973 544 4028 ob
597 3971 906 4026 daemonum
955 3967 1247 4036 fallaciam,
1286 3969 1378 4040 qui
1409 3968 1766 4025 observantes

195 4064 376 4121 lunaria
405 4076 687 4138 tempora,
735 4073 1042 4119 creaturam
1077 4061 1338 4116 infamare
1363 4061 1674 4132 cupiebant,
1709 4071 1766 4118 ut

197 4154 241 4210 in
263 4156 577 4215 Creatorem
607 4153 961 4226 blasphemiae
988 4152 1379 4210 redundarent.

130 4281 176 4300 κ
251 4249 394 4321 (Cap.
419 4249 490 4308 Ὗ.
507 4278 592 4293 ——
616 4248 775 4304 Vers.
803 4249 858 4316 1,
882 4247 968 4318 2.)
988 4244 1182 4301 Videns
1204 4254 1376 4300 autem
1391 4242 1546 4300 Iesus
1566 4245 1761 4314 turbas,

197 4343 399 4398 ascendit
423 4345 482 4399 in
511 4351 768 4408 montem,
806 4348 852 4394 et
900 4356 1016 4394 cum
1058 4339 1291 4401 sedisset,
1335 4347 1658 4392 accesserunt
1698 4337 1768 4392 ad

1865 3326 2110 3381 unsisset
2140 3341 2263 3381 eum
2310 3341 2492 3396 regem
2521 3341 2685 3398 super
2712 3327 2876 3382 lsrael
2905 3325 2951 3398 (l
2983 3327 3111 3398 Reg.
3144 3326 3255 3398 xv).
3287 3327 3378 3382 Sic
3408 3333 3464 3382 et

1867 3417 2068 3472 Paulus
2118 3418 2416 3485 apostolus,
2463 3418 2598 3474 flere
2628 3434 2692 3474 ac
2727 3419 2912 3490 lugere
2955 3433 3018 3476 se
3063 3419 3200 3476 dicit
3227 3434 3343 3488 eos,
3375 3418 3471 3490 qui

1867 3519 1994 3580 post
2026 3508 2441 3565 fornicationem
2469 3520 2522 3565 et
2545 3510 2946 3567 immunditiam
2971 3525 3078 3568 non
3105 3522 3334 3583 egerunt
3353 3527 3472 3583 pa:-

1866 3602 2152 3657 nitentiam
2189 3601 2255 3673 (ll
2283 3600 2406 3656 Cor.
2435 3599 2554 3672 ιιι).

1938 3691 2246 3766 MlVers.
2265 3693 2346 3766 6.)
2367 3693 2516 3749 Beati
2535 3695 2624 3766 qui
2644 3696 2896 3762 esuriunt,
2921 3705 2970 3754 et
2991 3697 3172 3752 sitiunt
3181 3696 3470 3770 justitiam,

1866 3791 2109 3861 quoniam
2156 3789 2255 3860 ipsi
2295 3791 2683 3845 saturabuntur.
2739 3790 2855 3846 Non
2887 3791 3045 3848 nobis
3083 3791 3286 3847 sufficit
3333 3792 3475 3848 velle

1863 3881 2148 3951 justitiam,
2186 3881 2286 3936 nisi
2311 3881 2538 3952 iustitiae
2566 3882 2838 3954 patiamur
2864 3883 3063 3940 famem
3097 3901 3111 3938 :
3143 3893 3202 3938 ut
3231 3885 3335 3941 sub
3365 3884 3474 3941 hoc

1870 3973 2125 4045 exemplo
2144 3989 2438 4044 numquam
2465 3989 2566 4030 nos
2593 3977 2726 4031 satis
2738 3975 2942 4046 justos,
2975 3976 3072 4032 scd
3095 3991 3321 4047 semper
3345 3991 3476 4034 esu-

1870 4065 2226 4135 rirejnstitiaa
2257 4082 2424 4137 opera
2455 4067 2846 4139 intelligamus.

1945 4159 2127 4232 (Vers.
2159 4160 2242 4230 7.)
2271 4159 2420 4216 Beati
2445 4161 2823 4228 misericordes,
2855 4159 3099 4232 quoniam
3128 4162 3228 4233 ipsi
3270 4162 3476 4218 miseri-

1871 4253 2103 4307 cordiam
2121 4263 2521 4324 consequentur.
2541 4255 2913 4310 Misericordia
2935 4272 3040 4310 non
3057 4255 3236 4312 solum
3256 4256 3308 4311 in
3331 4257 3476 4313 eice-

1875 4344 2118 4414 mosynis
2163 4343 2508 4414 intelligitur;
2540 4345 2634 4400 sed
2675 4345 2726 4400 in
2755 4345 2904 4401 omni
2937 4357 3162 4417 peccato
3185 4346 3396 4414 fratris,
3428 4347 3478 4403 si

197 4451 291 4490 enin
315 4435 562 4510 discipuli
591 4438 727 4508 ejus,
755 4441 802 4488 et
851 4432 1084 4505 aperiens
1121 4431 1226 4503 23
1257 4447 1313 4485 os
1357 4447 1527 4498 suum,
1558 4430 1770 4484 docebat
1875 4438 2014 4493 alter
2041 4437 2271 4493 alterius
2292 4451 2463 4493 onera
2486 4446 2771 4508 portemus
2801 4437 3000 4512 (Galat.
3033 4439 3136 4512 v1).

198 4540 287 4590 eos,
316 4529 510 4583 dicens.
547 4525 813 4580 Dominus
833 4524 899 4578 ad
924 4531 1180 4578 montana
1209 4521 1546 4589 conscendit,
1577 4530 1636 4575 ιιι
1659 4530 1770 4576 tur-
1947 4529 2128 4599 (vers.
2161 4530 2241 4600 8.)
2287 4529 2438 4584 Beati
2467 4532 2658 4586 mundo
2689 4534 2865 4602 corde,
2896 4533 3138 4602 quoniam
3165 4533 3267 4602 ipsi
3312 4531 3482 4589 Deum

199 4617 280 4674 bas
301 4618 367 4676 ad
393 4619 602 4674 altiora
647 4631 834 4672 secum
865 4615 1065 4670 trahat.
1115 4613 1222 4670 Sed
1267 4613 1437 4670 turbae
1474 4614 1775 4669 ascendere
1796 4603 1852 4665 Ῑ)
1878 4619 2146 4674 uidebunt.
2195 4621 2345 4689 Quos
2387 4635 2492 4676 non
2525 4622 2698 4694 arguit
2728 4623 3065 4680 conscientia
3108 4623 3222 4679 ulla
3248 4627 3478 4694 peccati.

197 4723 291 4765 non
317 4711 522 4768 valent.
577 4707 649 4764 Et
694 4715 997 4780 sequuntur
1024 4705 1302 4777 discipuli,
1334 4705 1531 4778 quibus
1558 4715 1611 4762 et
1641 4704 1774 4775 ipsis
1878 4711 2111 4767 Mundus
2141 4713 2345 4768 mundo
2365 4711 2532 4769 corde
2553 4714 2893 4785 conspicitur
2918 4733 2930 4770 :
2963 4715 3224 4788 templum
3251 4716 3345 4773 Dei
3370 4733 3482 4774 non

198 4799 292 4873 [ΑΙ.
319 4803 456 4876 ipse]
483 4817 600 4859 non
625 4810 798 4872 stans,
831 4801 929 4858 sed
957 4799 1156 4857 sedens
1181 4809 1235 4855 et
1263 4807 1576 4855 contractus
1601 4798 1777 4870 loqui-
1880 4813 2060 4877 potest
2089 4819 2212 4862 esse
2242 4806 2527 4876 pollutum,

199 4903 292 4950 tur.
315 4895 432 4953 Non
484 4894 638 4952 enim
665 4893 970 4967 intelligere
995 4898 1254 4965 poterant
1281 4891 1333 4946 in
1373 4905 1467 4946 sua
1495 4890 1778 4963 majestate
1837 4902 1840 4904 ‘
1955 4898 2133 4972 (vers.
2164 4897 2247 4970 9.)
2273 4897 2422 4954 Beati
2453 4900 2682 4971 paciﬁci,
2706 4901 2954 4972 quoniam
2983 4902 3083 4972 ﬁlii
3103 4901 3202 4958 Dei
3228 4902 3485 4959 vocabun.

197 4984 501 5060 fulgentem.
540 4985 856 5044 Secundum
888 4984 1150 5050 litteram,
1193 4983 1438 5040 nonnulli
1479 4982 1780 5054 simplicio-
1882 4999 1988 5044 tur.
2021 4989 2124 5059 Qui
2176 4991 2409 5060 primum
2443 4993 2497 5048 in
2529 4992 2699 5050 corde
2726 5007 2848 5062 suo,
2882 4994 3079 5050 deinde
3124 5001 3183 5051 ει
3209 4993 3352 5050 inter
3381 4997 3490 5049 [η-

197 5090 303 5133 tum
344 5079 578 5136 fratrum
623 5085 818 5150 putant
863 5090 988 5132 eum
1040 5074 1428 5141 beatitudine-9.
1485 5082 1541 5130 et
1583 5084 1780 5131 cavlem
1887 5094 2002 5141 tres
2022 5083 2354 5143 dissidentes
2401 5100 2588 5157 pacem
2640 5086 2868 5144 faciunt.
2900 5088 3044 5157 Quid
3073 5088 3220 5146 enim
3259 5088 3489 5160 prodest

194 5182 306 5240 qua:
325 5179 656 5242 sequuntur,
690 5168 744 5223 in
776 5166 974 5224 Olivcti
1002 5177 1188 5222 monte
1208 5165 1482 5234 docuisse,
1516 5165 1660 5237 quod
1691 5179 1754 5222 ne

1885 5176 2023 5231 alios
2054 5192 2148 5246 per
2177 5184 2231 5233 te
2254 5178 2461 5249 pacari,
2492 5193 2620 5235 cum
2667 5179 2722 5235 in
2752 5188 2845 5236 tuo
2866 5181 3054 5238 animo
3096 5182 3209 5238 sint
3232 5181 3375 5236 bella
3403 5178 3488 5236 vi-

198 5276 454 5334 quaquam
481 5264 554 5319 ita
583 5269 670 5319 est
699 5277 714 5316 :
739 5275 807 5318 ex
839 5259 1270 5332 praecedentibus
1299 5259 1442 5315 enim
1473 5267 1530 5316 et
1553 5275 1787 5330 sequen-
1889 5268 2122 5324 tim-um?

201 5354 328 5415 libus
365 5357 422 5413 in
452 5354 680 5415 Galilaza
727 5363 1066 5412 monstratur
1108 5354 1280 5419 locus,
1328 5369 1488 5426 quem
1533 5365 1787 5426 putamus
1961 5360 2144 5434 (Vers.
2175 5360 2294 5433 10.)
2323 5360 2472 5419 Beati
2498 5365 2588 5435 qui
2609 5367 3010 5436 persecutionem
3054 5368 3324 5441 patiuntur
3356 5381 3486 5437 pro-

261 5481 286 5508 ι
314 5471 588 5528 Rescribit
619 5470 829 5526 Victor.
887 5469 1125 5534 sedebat,
1173 5484 1240 5524 ex
1280 5468 1437 5537 Vulg.
1485 5481 1537 5525 et
1584 5470 1777 5529 Graeco
1882 5475 2095 5530 uideret.

199 5544 470 5622 καθήμενςις
497 5559 731 5622 {quam}
779 5542 972 5611 inquit,
1022 5541 1309 5622 [efﬁgiem
1358 5543 1500 5622 ipse.
1523 5542 1576 5622 in
1621 5543 1782 5622 (ἶέιιιι-
1959 5547 1984 5585 b
2011 5546 2071 5622 in
2103 5546 2332 5603 Cisterc.
2360 5563 2466 5603 ms.
2501 5564 2719 5622 unoque
2751 5552 3022 5617 Palatino,
3055 5561 3376 5606 nosceretur.

197 5611 569 5695 mentiar-iisin
600 5612 760 5695 _lsai.,
803 5627 921 5695 cap.
956 5627 1041 5695 lx,
1064 5611 1122 5695 S;
1159 5612 1597 5695 Dioctorprobat.
1638 5615 1781 5695 Quin
1963 5629 1984 5655 ο
2009 5616 2157 5695 idem
2191 5633 2318 5686 ms.,
2365 5637 2465 5695 qua
2494 5611 2881 5692 noun-umquam
2911 5627 2973 5680 de
3002 5611 3301 5678 necessitate
3327 5632 3489 5695 puta-

199 5687 354 5770 etiam
382 5689 436 5738 in
467 5683 723 5770 M;i_t_lh;eo
759 5684 1006 5770 sedebat.‘
1030 5683 1249 5770 inilsalia‘
1276 5684 1388 5770 leg-i-
1409 5684 1520 5770 vult
1545 5687 1784 5770 ambula-
1888 5697 1992 5770 tur.
2023 5687 2281 5746 Fortasse
2308 5683 2490 5748 verius
2521 5695 2666 5763 apud
2692 5683 2966 5766 R'abban”
3014 5683 3365 5751 necessitatem
3392 5712 3490 5770 pa.

197 5751 298 5828 bat,
326 5771 399 5828 ex
431 5771 493 5810 eo
547 5755 865 5828 Hieronymi
902 5754 1257 5828 textuverbis
1290 5769 1304 5806 :
1334 5752 1432 5828 lta_
1451 5765 1504 5828 ut
1533 5758 1781 5828 populus,
1892 5761 2039 5816 titur.

197 5826 280 5898 qui
317 5827 397 5883 rel
448 5827 686 5899 sedebat,
727 5823 806 5882 vel
847 5823 1144 5882 ambulabat
1188 5824 1242 5878 in
1299 5823 1559 5897 tenebris,
1602 5823 1786 5888 lucem
