4004 6332
239 287 301 347 37
740 275 1381 337 COMMENTARIORUM
1418 273 1486 332 IN
1528 269 1987 332 EVANGELIUM
2026 269 2360 329 MATTHIEI
2399 271 2532 329 LIB.
2570 271 2611 330 1.
2652 266 2809 325 CAP.
2850 266 2918 323 γ.

3406 279 3479 336 38

300 400 392 470 Qui
417 405 580 454 autem
620 397 808 453 dixerit
847 396 998 468 fratri
1029 412 1123 451 suo
1155 412 1311 465 mea,
1340 404 1364 432 ι
1395 410 1511 449 reus
1541 393 1635 447 erit
1661 408 1782 446 coa-
1814 390 1867 451 Α
1894 400 1945 444 et
1995 403 2341 461 consequens
2376 388 2765 461 intelligentia,
2797 391 3049 464 plerique
3073 393 3389 453 arbirantur
3413 399 3484 454 de

236 496 354 552 eilia.
388 492 492 549 Hoc
518 492 741 551 verbum
792 491 1003 562 proprie
1055 490 1401 546 Hebraeorum
1448 499 1533 543 est
1583 506 1595 541 :
1649 502 1787 542 Μελ

236 586 376 670 (τΡ-π)
400 586 534 641 enim
562 584 758 640 dicitur
786 587 927 645 κενὸς
949 625 962 648 ,
995 582 1048 638 id
1075 592 1194 647 est,
1244 583 1414 637 inanis
1440 591 1532 636 aut
1555 596 1744 635 vacuus
1768 594 1788 633 :

235 694 367 755 quem
391 693 486 734 nos
514 690 802 748 possumus
830 677 1043 748 vulgata
1074 675 1270 746 injuria
1292 718 1307 743 ,
1334 676 1525 745 absque
1554 671 1785 740 cerebro,

234 783 538 840 nuncupare.
568 768 626 826 Si
656 776 757 839 pro
782 767 959 825 otioso
982 776 1238 827 sermone
1275 767 1379 839 ³7
1402 764 1670 822 reddituri
1697 776 1789 820 su-

234 879 332 920 mus
356 863 610 923 rationem
630 901 644 927 ,
670 869 876 933 quanto
906 863 1078 932 magis
1104 861 1174 917 de
1208 860 1537 916 contumelia
1567 857 1785 928 (Matth.

235 957 331 1026 at)!
360 954 460 1012 Sed
485 964 541 1012 et
568 956 845 1027 signantur
868 954 1085 1010 additur
1118 973 1131 1009 :
1158 956 1262 1023 Qui
1290 955 1479 1010 dixerit
1499 954 1651 1025 fratri
1670 968 1785 1023 suo,

231 1065 352 1103 rasa.
396 1048 583 1105 Frater
614 1049 762 1105 enim
803 1058 991 1104 noster
1021 1049 1203 1104 bullus
1231 1048 1348 1113 est,
1383 1049 1484 1103 nisi
1513 1047 1607 1118 qui
1634 1063 1788 1101 cntu-

231 1141 336 1199 dent
378 1143 650 1198 nobiscum
694 1141 862 1199 habet
901 1142 1140 1199 Patrem.
1191 1140 1327 1198 Cum
1367 1154 1496 1211 ergo
1539 1140 1791 1196 sitniliter

229 1233 396 1290 credat
419 1236 472 1290 in
495 1234 662 1291 Deum
680 1276 696 1304 ,
720 1244 780 1292 et
801 1234 1075 1291 Christum
1103 1235 1199 1291 Dei
1225 1236 1443 1290 noverit
1462 1234 1788 1304 sapientiam

232 1328 267 1400 (Ι
302 1324 412 1383 Cor.
454 1326 500 1398 ι)
551 1344 567 1382 :
617 1340 722 1398 qua
772 1328 985 1385 ratione
1031 1327 1282 1383 stultitim
1322 1325 1501 1397 elogio
1539 1324 1790 1381 denotati

230 1428 385 1489 potest
398 1420 422 1474 t

290 1510 383 1578 Qui
414 1520 583 1568 autem
616 1512 840 1578 dixerit,
879 1515 1051 1584 fatue,
1080 1528 1199 1567 reus
1234 1512 1329 1567 erit
1359 1510 1604 1582 gehennae
1634 1509 1787 1581 ignis.

228 1602 329 1661 ’Διὸ
366 1611 523 1661 κοινοῦ
559 1619 626 1661 ex
657 1604 1034 1676 superioribus
1071 1604 1393 1660 subauditur
1423 1621 1438 1658 :
1471 1603 1572 1671 Qui
1603 1602 1792 1657 dixerit

1888 498 2058 539 carne
2102 483 2306 538 dictum
2353 494 2407 538 et
2434 482 2619 547 anima
2643 524 2658 550 ,
2688 481 2716 521 ά
2745 485 2831 541 rel
2861 485 2928 542 de
2956 487 3136 542 anima
3159 499 3215 545 et
3239 489 3431 559 spiritu
3464 508 3481 547 :

1888 574 2031 646 quod
2056 576 2274 645 penitus
2303 590 2412 631 non
2439 584 2566 630 stat.
2596 575 2883 645 Quomodo
2906 579 3051 634 enim
3082 590 3177 637 ant
3198 590 3327 638 caro
3358 586 3487 639 tnit—

1891 666 2051 723 tenda
2081 667 2184 724 erit
2214 668 2269 723 in
2296 682 2574 725 carcerem
2602 713 2617 737 ,
2659 669 2706 724 si
2737 669 2920 727 anima
2959 680 3068 727 tton
3095 678 3435 731 consenserit
3468 693 3484 732 :

1888 774 2012 817 cum
2053 771 2111 817 et
2148 761 2332 817 anima
2360 770 2417 818 et
2444 776 2574 817 caro
2604 762 2809 837 pariter
2831 763 3177 823 recludendat
3204 767 3312 823 sint
3338 805 3353 837 ,
3387 784 3488 825 nec

1889 853 2187 924 quidquam
2232 854 2405 922 possit
2439 869 2570 910 caro
2614 853 2797 911 facere
2835 856 2938 911 nisi
2967 858 3114 927 quod
3143 860 3357 916 animus
3389 864 3493 916 iut-

1894 946 2127 1015 perarit,
2179 955 2275 1001 aut
2319 945 2552 1016 Spiritus
2593 958 2821 1004 sanctus
2850 948 3101 1005 babttatts
3129 952 3183 1006 in
3213 953 3370 1008 nobis
3398 956 3492 1010 vel

1892 1052 2118 1096 carnem
2143 1041 2227 1094 Vel
2250 1040 2487 1097 animam
2510 1050 2879 1111 repugnantes
2894 1042 3066 1113 judici
3090 1045 3305 1101 tradere
3322 1088 3337 1114 ,
3363 1064 3487 1104 cum

1895 1134 2012 1203 ipse
2050 1135 2121 1189 sit
2144 1133 2333 1204 judex.
2359 1132 2466 1190 Alii
2494 1136 2648 1203 juxta
2681 1136 2976 1205 Epistolam
3019 1136 3166 1195 Petri
3197 1142 3430 1198 dicentis
3474 1158 3489 1197 :

1892 1226 2234 1281 Adversarius
2290 1237 2451 1282 tester
2499 1228 2737 1283 diabolus
2772 1233 2920 1300 quasi
2949 1231 3029 1287 leo
3069 1233 3278 1306 rugiens
3306 1236 3493 1290 circuit

1894 1319 1939 1386 (Ι
1991 1317 2138 1373 Petr.
2194 1335 2254 1385 ν,
2294 1320 2392 1390 8),
2442 1331 2497 1375 et
2534 1320 2740 1393 reliqua
2770 1362 2786 1390 ,
2815 1322 3188 1380 adversarittttt
3217 1325 3493 1385 diabolum

1898 1414 2365 1483 interpretantur,
2415 1423 2472 1469 et
2516 1417 2706 1471 volunt
2744 1431 2774 1472 a
2814 1417 3099 1476 Salvature
3139 1423 3360 1494 praecipi
3387 1465 3404 1490 ,
3436 1434 3495 1479 ut

1896 1504 2023 1558 dunt
2082 1505 2134 1558 itt
2194 1514 2465 1574 potestate
2500 1518 2687 1564 nostra
2723 1514 2806 1566 eat
2833 1553 2847 1577 ,
2881 1513 3055 1567 simus
3085 1513 3333 1572 benevoli
3363 1528 3493 1589 erga

1895 1598 2175 1654 diabolum
2202 1642 2217 1668 ,
2262 1602 2355 1671 qui
2406 1611 2490 1657 est
2525 1602 2781 1659 inimicos
2811 1612 2870 1660 et
2902 1606 3076 1677 ultor,
3110 1623 3207 1664 nec
3234 1610 3498 1668 faciamus

229 1698 357 1772 fatri
377 1704 467 1753 suo
485 1743 500 1770 ,
533 1699 714 1769 fatue,
744 1715 865 1753 reus
893 1700 991 1754 erit
1024 1698 1290 1771 gehenaw.
1320 1697 1422 1765 Qui
1455 1699 1598 1753 enim
1637 1710 1792 1764 atque
1896 1705 2022 1746 eum
2056 1707 2245 1761 poenas
2274 1695 2553 1750 sustinere
2581 1709 2685 1765 pro
2712 1696 2896 1753 nobis.
2925 1699 3061 1755 Cum
3099 1704 3243 1757 enim
3274 1704 3390 1771 ipse
3418 1704 3500 1760 vi-

228 1791 275 1847 ia
314 1790 472 1848 Deum
512 1791 765 1848 credenti
811 1791 974 1859 dicit,
1014 1789 1200 1860 fatue,
1232 1791 1431 1860 impius
1459 1799 1544 1845 est
1579 1788 1632 1843 in
1665 1787 1791 1843 reli-
1821 1774 1866 1835 Β
1897 1786 2096 1840 tiorum
2129 1786 2397 1843 incentiva
2437 1788 2747 1859 suppeditet
2771 1830 2786 1855 ,
2819 1799 2876 1845 et
2907 1794 3062 1848 nottis
3104 1792 3270 1851 etiam
3305 1797 3498 1853 volun-

228 1896 385 1954 stone.

282 1974 448 2048 (Vera.
477 1974 551 2032 εδ
575 2017 592 2045 ,
623 1974 747 2046 34.)
789 1975 850 2031 Si
877 1991 1003 2048 ergo
1039 1974 1193 2045 olfers
1222 1989 1410 2029 manus
1440 1982 1585 2029 tuum
1616 1973 1685 2027 ad
1711 1973 1792 2028 at-

228 2076 348 2135 tere,
379 2076 424 2123 et
467 2070 538 2124 ibi
584 2069 892 2126 recordatus
929 2069 1094 2141 fueris
1117 2108 1131 2135 ,
1159 2069 1286 2140 quia
1309 2068 1475 2139 frater
1504 2077 1620 2122 tuus
1644 2066 1797 2121 habet

225 2161 395 2234 aliquid
438 2164 715 2217 aduersum
766 2172 852 2230 te,
898 2162 1135 2234 retiaque
1171 2160 1244 2215 ibi
1288 2172 1477 2215 manus
1503 2168 1648 2213 tuum
1678 2166 1796 2212 ante

225 2258 398 2322 altare,
442 2267 489 2310 et
532 2257 669 2310 uade
698 2255 846 2327 prius
881 2254 1208 2309 reconciliari
1235 2254 1383 2325 fratri
1416 2262 1505 2307 tuo
1535 2268 1552 2305 :
1587 2260 1635 2306 et
1675 2261 1797 2305 tunc

222 2348 399 2404 enim
447 2347 641 2417 offeres
682 2363 875 2402 manus
912 2356 1079 2402 tuum.
1118 2345 1237 2402 Non
1266 2342 1437 2411 dixit,
1470 2345 1515 2400 si
1543 2352 1599 2399 tu
1633 2343 1797 2399 babes

223 2436 399 2509 aliquid
441 2441 716 2497 adversus
768 2440 993 2495 fratrem
1037 2449 1218 2508 tuum,
1265 2432 1360 2495 sed
1398 2437 1446 2493 si
1482 2437 1650 2493 frater
1673 2444 1797 2492 tuus

225 2530 359 2589 habet
404 2532 619 2605 aliquid
668 2532 965 2589 adversum
1017 2543 1107 2599 te,
1146 2540 1207 2588 ut
1244 2531 1437 2587 durior
1482 2530 1799 2587 reconcilia-

226 2625 360 2679 tionis
384 2626 477 2681 tibi
509 2628 835 2696 imponatur
865 2627 1188 2683 necessitas.
1216 2624 1483 2693 Quamdiu
1507 2624 1655 2678 illnm
1685 2623 1800 2693 pla-

223 2733 326 2776 care
342 2732 442 2775 non
466 2734 772 2789 possumus
795 2758 810 2786 ,
838 2720 1026 2775 nescio
1053 2736 1122 2775 an
1150 2724 1548 2789 consequenter
1574 2732 1797 2772 munera

223 2821 384 2867 nostra
411 2811 720 2868 ol'eramua
745 2812 879 2867 Deo.

281 2904 452 2975 (Vera.
481 2906 569 2963 25
600 2904 782 2976 seqq.)
835 2903 964 2961 Esto
1008 2906 1327 2961 consentiens
1372 2904 1669 2960 aduersario
1712 2909 1799 2958 tuo

224 2996 338 3063 rita,
365 2999 485 3054 dum
511 3016 579 3054 es
606 3014 725 3053 cum
752 3014 814 3054 eo
835 3001 891 3053 in
921 3000 1003 3053 via
1054 3013 1073 3051 :
1104 3014 1171 3053 ne
1209 2999 1344 3069 forte
1388 2998 1560 3053 tradat
1605 3007 1653 3052 te
1705 2996 1801 3049 ad-

1899 1886 2009 1933 tate
2056 1877 2410 1948 peccantibus
2434 1918 2451 1948 ,
2482 1879 2529 1936 si
2565 1885 3008 1940 consenserintus
3037 1888 3089 1942 ei
3130 1889 3256 1943 vitia
3296 1904 3498 1963 sugge-

1898 1973 2074 2038 renti,
2129 1988 2226 2043 pro
2255 1975 2414 2031 nobis
2467 1991 2691 2047 quoque
2735 1993 2859 2035 esse
2908 1981 3291 2052 torquendum.
3323 1984 3391 2041 Et
3419 1987 3502 2041 di-

1896 2074 2027 2120 cunt
2069 2065 2395 2122 benevolum
2435 2068 2558 2125 esse
2590 2084 3028 2145 unumquemque
3058 2088 3367 2133 sanctorum
3397 2082 3498 2135 ad-

1898 2159 2145 2213 versario
2200 2173 2340 2225 suo,
2392 2161 2440 2215 si
2489 2172 2617 2217 eum
2663 2176 2771 2218 non
2812 2162 2974 2219 iaciat
3008 2180 3107 2237 pro
3132 2182 3193 2224 sc
3220 2172 3498 2228 sustinere

1900 2259 2188 2305 tormenta.
2245 2250 2474 2319 Quidam
2522 2255 2766 2311 coactius
2808 2255 3124 2327 disserunt,
3178 2262 3232 2316 in
3282 2262 3498 2335 Baptis-

1900 2353 2047 2397 mate
2074 2344 2321 2413 singulos
2348 2352 2561 2414 pactum
2590 2347 2726 2403 inire
2753 2363 2874 2402 cum
2904 2350 3147 2421 diabolo,
3181 2363 3238 2409 et
3264 2353 3449 2411 dicere
3480 2373 3496 2414 :

1902 2434 2176 2490 Renuntio
2199 2436 2319 2502 tibi,
2349 2436 2601 2505 diabolo,
2628 2447 2684 2495 et
2710 2454 2923 2512 pompm
2953 2451 3079 2510 tute,
3112 2452 3167 2500 et
3197 2445 3342 2502 vitiis
3369 2451 3497 2519 tuis,

1901 2537 1957 2582 et
2005 2527 2208 2582 mundo
2257 2538 2351 2583 tuo
2376 2570 2391 2597 ,
2432 2529 2526 2600 qui
2559 2531 2612 2585 in
2645 2533 2882 2603 maligno
2913 2538 3122 2604 positus
3150 2549 3235 2595 est
3267 2540 3309 2611 (Ι
3336 2540 3497 2598 Joan.

1899 2634 1963 2687 ν,
1994 2620 2109 2690 19).
2140 2620 2197 2677 Si
2243 2634 2380 2692 ergo
2403 2625 2803 2681 servaverimus
2834 2636 3051 2696 pactum
3081 2669 3097 2697 ,
3148 2631 3402 2691 benevoli
3448 2645 3504 2693 et

1899 2715 2309 2771 consentientes
2337 2728 2525 2771 sumus
2551 2717 2870 2774 adversario
2914 2731 3107 2777 nostro
3133 2765 3148 2791 ,
3190 2737 3243 2781 et
3297 2742 3504 2799 nequa-

1901 2824 2066 2880 quam
2099 2820 2122 2848 θ
2151 2811 2205 2865 in
2236 2822 2514 2867 carcerem
2542 2812 2887 2869 recludendi.
2917 2815 3013 2871 Sin
3044 2832 3176 2873 vero
3201 2820 3499 2891 quidquam

1902 2904 2201 2975 trangressi
2240 2904 2503 2960 fuerimus
2547 2910 2735 2960 eorum
2782 2912 2904 2977 quae
2948 2910 3166 2965 diabolo
3194 2914 3506 2985 spoponde-

1904 3012 2115 3064 tantus,
2151 2998 2431 3053 trademttr
2452 2998 2620 3069 judici
2649 3016 2711 3054 ac
2740 3000 3028 3070 tttinistro,
3058 3010 3112 3059 et
3141 3009 3421 3065 mittentur
3447 3010 3504 3069 in

224 3093 454 3147 mitts
494 3090 719 3164 iudici,
768 3100 816 3145 et
827 3092 997 3165 fades:
1041 3092 1211 3145 tradat
1250 3100 1299 3145 te
1345 3092 1613 3156 ministro,
1659 3098 1706 3144 et
1745 3090 1798 3143 in
1832 3157 1871 3165 _
1904 3104 2185 3146 carcerem
2213 3130 2227 3156 ,
2259 3098 2315 3145 et
2342 3102 2450 3146 non
2478 3091 2750 3147 exibimus
2780 3103 2847 3148 ea
2873 3110 2941 3151 eo
2963 3137 2980 3165 ,
3009 3096 3180 3155 donec
3212 3098 3503 3161 reddamus

224 3190 449 3239 armetis
498 3186 755 3239 mittaris.
802 3183 965 3238 Amen
1010 3182 1130 3238 dico
1173 3184 1265 3237 tibi
1284 3225 1299 3247 ,
1343 3200 1447 3237 non
1478 3185 1615 3238 exies
1640 3181 1761 3245 inde
1783 3222 1798 3249 ,
1824 3157 1874 3222 ο
1907 3181 2263 3237 novissimum
2308 3184 2687 3254 quadrantem.
2718 3157 3002 3253 Quadraus
3030 3205 3203 3260 genus
3233 3204 3318 3250 est
3345 3157 3505 3252 num:-

224 3273 364 3332 donec
390 3277 595 3332 reddas
642 3275 975 3331 nouissimum
1011 3275 1376 3344 quadrantem.
1420 3275 1648 3329 Audistis
1681 3274 1801 3343 quia
1907 3278 1978 3330 uti
2006 3316 2021 3343 ,
2049 3275 2142 3346 qui
2174 3275 2335 3330 habet
2361 3277 2469 3332 duo
2498 3278 2724 3333 minuta.
2759 3272 2914 3336 Unde
2940 3288 2994 3338 et
3024 3282 3076 3337 itt
3103 3286 3215 3340 alio
3248 3286 3503 3361 EVange-

224 3368 397 3429 dictum
416 3382 488 3426 est
508 3370 751 3440 antiquis
776 3385 798 3425 :
828 3369 950 3423 Non
971 3368 1324 3424 mtuehaberis.
1358 3366 1471 3440 Ego
1486 3377 1655 3422 autem
1683 3369 1802 3421 diro
1906 3368 2009 3435 lio,
2041 3367 2240 3429 mulier
2263 3368 2358 3423 illa
2386 3384 2594 3439 pauper
2625 3379 2682 3426 et
2710 3371 2874 3426 vidua
2900 3373 3103 3430 dicitur
3128 3379 3343 3435 hiiSiase
3370 3396 3506 3451 qua-

225 3460 523 3534 vobis,qeia
568 3463 756 3516 omnis.
792 3461 902 3516 Pro
930 3475 997 3514 eo
1032 3459 1176 3531 quod
1205 3474 1302 3515 uos
1328 3458 1589 3514 habemus
1619 3460 1671 3514 in
1701 3461 1804 3513 La-
1904 3459 2155 3516 drantem
2209 3461 2265 3515 in
2311 3460 2606 3516 corbonam
2648 3462 2846 3532 (ﬂare.
2874 3464 2997 3534 an),
3030 3476 3085 3522 et
3119 3469 3171 3523 in
3214 3469 3323 3526 al.o
3345 3513 3360 3538 ,
3393 3473 3502 3531 duo

228 3554 338 3610 tittis
356 3555 645 3612 codicibus
671 3598 686 3623 ,
713 3555 1039 3610 consentient
1064 3598 1079 3623 ,
1110 3552 1164 3609 in
1194 3554 1400 3608 Graecis
1427 3555 1686 3624 scriptum
1719 3554 1803 3608 cst

228 3642 460 3716 im,
487 3644 648 3719 quod
677 3647 1063 3718 interpretatur
1087 3645 1360 3701 benevolus
1376 3689 1391 3713 ,
1417 3654 1511 3699 aut
1531 3644 1801 3716 benignus.

226 3739 297 3797 is
333 3742 776 3814 praedantibus
816 3751 998 3797 autem
1041 3750 1099 3796 et
1126 3741 1590 3812 consequentibus
1632 3741 1806 3795 niani-

228 3829 381 3891 iestas
423 3847 509 3892 est
564 3837 766 3892 sensus
790 3879 807 3905 ,
856 3833 1001 3904 quod
1041 3845 1142 3889 nos
1180 3826 1444 3889 Dominus
1482 3843 1644 3904 atque
1687 3833 1807 3887 Sal-

229 3937 370 3983 vator
395 3941 596 3987 noster
619 3972 634 3999 ,
665 3928 794 3983 dum
825 3930 877 3983 in
910 3920 1068 3983 istius
1095 3920 1284 3983 saeculi
1309 3929 1392 3981 vta
1415 3927 1708 3996 wrrimus,
1739 3926 1808 3981 ad

230 4033 397 4091 pacem
420 4033 476 4079 et
509 4022 588 4078 ad
625 4022 977 4078 concordiam
1003 4021 1353 4089 cobortetur,
1382 4023 1533 4092 juxta
1567 4024 1808 4090 Aposto-

232 4112 326 4171 Istn
350 4158 365 4185 ,
385 4116 669 4175 dicentem
695 4133 709 4169 :
738 4114 803 4171 Si
829 4115 947 4185 ﬁeri
967 4124 1162 4186 potest,
1187 4126 1438 4184 quantum
1460 4131 1523 4169 ea:
1546 4114 1685 4170 vobis
1711 4124 1807 4182 est,

231 4225 333 4267 cum
374 4213 620 4268 omnibus
665 4210 963 4267 hominibus
1006 4224 1183 4282 pacem
1210 4209 1450 4265 habentes
1478 4210 1655 4287 (liam.
1700 4224 1809 4276 xtl,

232 4301 336 4372 48).
364 4304 497 4360 Nam
538 4315 598 4360 et
635 4303 688 4363 ia
718 4302 1051 4374 prtecedenti
1078 4303 1321 4373 eaphulo
1346 4301 1559 4357 dixem
1592 4317 1606 4355 :
1634 4302 1693 4356 Si
1733 4305 1816 4374 of-

233 4391 326 4462 μη
359 4412 551 4452 murtae
586 4404 737 4450 tuum
769 4394 843 4449 ad
867 4396 1065 4461 altatis,
1100 4402 1155 4449 et
1180 4395 1251 4448 ibi
1277 4393 1583 4449 recordatus
1614 4394 1813 4461 fueris,

233 4489 345 4555 quia
381 4491 547 4561 frater
598 4496 719 4542 ms
756 4487 909 4542 habet
945 4486 1147 4556 aliquid
1179 4489 1448 4540 adrasum
1492 4496 1540 4540 te
1571 4505 1583 4539 :
1617 4494 1672 4541 et
1714 4486 1816 4542 hoc

236 4578 408 4652 Inito,
457 4580 650 4637 statim
695 4576 861 4635 infert
908 4595 923 4634 π
969 4578 1096 4634 Esto
1141 4589 1165 4619 θ
1206 4579 1527 4634 consentiens
1551 4589 1642 4632 aut
1670 4578 1815 4633 benib

233 4686 354 4740 gttus
394 4672 707 4728 adversaria
735 4682 823 4725 tuo
849 4712 864 4739 ,
895 4683 955 4726 et.
982 4670 1217 4741 reliqua.
1252 4671 1319 4724 Et
1348 4669 1403 4724 in
1432 4672 1814 4741 consequenti-

238 4761 332 4819 btts
371 4765 531 4835 jubet
572 4782 589 4819 :
634 4764 852 4837 Ditigite
890 4764 1129 4817 inimicos
1164 4771 1353 4818 rastros
1381 4779 1400 4818 :
1436 4763 1717 4834 benefacite
1740 4765 1820 4819 Itis

235 4859 317 4924 qui
346 4859 571 4913 oderunt
608 4871 701 4911 aes
723 4901 738 4927 ,
787 4867 839 4911 et
882 4866 1028 4911 orate
1066 4868 1159 4928 pro
1200 4855 1613 4925 persequentibus
1639 4868 1684 4909 et
1712 4857 1823 4928 28

240 4950 671 5007 eatamuietrtibus
695 4962 802 5006 eos.
832 4948 972 5005 Cum
1002 4949 1121 5005 haec
1148 4948 1430 5005 manifesta
1462 4950 1530 5004 sit
1551 4947 1657 5021 [AL
1690 4948 1821 5023 Silii]

236 5166 241 5169 τ
302 5147 328 5177 ι
354 5138 457 5194 llic
480 5144 696 5210 quoque
726 5136 931 5210 rectius
957 5134 1214 5210 omittunt
1244 5149 1374 5191 mss.
1394 5136 1582 5210 nostri
1615 5136 1775 5193 verba
1802 5183 1817 5208 ,

237 5227 345 5267 me
368 5212 467 5266 erit
486 5207 729 5265 concilio.
756 5208 814 5267 S.
845 5207 1137 5278 Gregorius
1164 5208 1257 5278 lib.
1285 5223 1374 5262 χχι
1393 5207 1671 5264 Moralium
1694 5207 1818 5278 cap.

241 5281 271 5338 5
316 5300 330 5336 :
374 5280 525 5336 Rara
551 5287 744 5350 quippe
766 5322 781 5345 ,
816 5276 1022 5343 inquit,
1053 5280 1105 5332 in
1150 5276 1365 5332 Heber
1391 5278 1592 5345 eloquia
1618 5295 1715 5333 una:
1743 5276 1825 5333 itt-

239 5352 493 5425 diguaatis
518 5363 594 5407 est
614 5368 635 5417 ;
657 5366 771 5422 quae
793 5350 1003 5421 quidem
1017 5352 1259 5425 animum
1286 5351 1555 5425 irascentis
1576 5353 1822 5425 ostendit,

241 5418 323 5477 ne}
348 5435 517 5478 tamen
546 5418 753 5492 plenum
783 5418 985 5476 verbum
1008 5422 1292 5476 iracundia!
1312 5422 1571 5493 exprimit.
1600 5418 1823 5493 Confer.

239 5492 297 5549 S.
331 5491 591 5550 lliiariont
624 5498 677 5549 itt
708 5509 830 5562 cap.
863 5496 895 5547 4
929 5493 1160 5547 Mattltmi
1189 5535 1202 5558 ,
1237 5500 1293 5547 et
1318 5491 1578 5561 Regulam
1618 5491 1679 5547 ὃ.
1728 5492 1830 5546 Ba-

236 5564 343 5620 silii
374 5582 515 5634 cap.
560 5567 700 5631 145.
744 5575 798 5618 et
824 5563 1043 5619 Avitum
1090 5562 1455 5634 Vtenttettsetn
1488 5564 1586 5631 Ep.
1632 5566 1830 5632 prima.

274 5634 335 5723 ’δ
365 5633 427 5723 Itt
456 5631 662 5706 aliquot
692 5649 828 5690 "i=8.
859 5636 1053 5690 εὐνοέων
1087 5651 1101 5689 :
1138 5634 1191 5688 itt
1217 5634 1339 5688 aliis
1370 5631 1571 5689 εὔνοκον
1593 5674 1608 5700 ,
1640 5631 1838 5690 tuatim

318 5788 342 5820 ε
379 5776 491 5835 Pro
530 5776 881 5846 consentiens,
912 5784 1022 5833 tres
1048 5773 1277 5834 Palatini
1305 5790 1434 5833 mss.
1467 5774 1665 5831 ltaben-
1703 5788 1846 5832 eern-

1907 3551 2115 3607 minuta
2168 3550 2320 3623 (Luc.
2374 3553 2511 3624 sat).
2541 3552 2661 3609 Non
2685 3548 2831 3623 quod
2856 3555 3140 3615 dissonent
3170 3560 3459 3634 Evangelia
3488 3608 3505 3635 ,

1905 3646 2003 3702 sed
2035 3646 2181 3717 quod
2221 3658 2363 3702 unus
2385 3646 2658 3719 quadrans
2688 3648 2825 3704 duos
2857 3650 3099 3707 minutos
3130 3662 3380 3712 nummos
3411 3657 3509 3714 ha-

1909 3740 2053 3795 beat.
2111 3740 2224 3796 Hoc
2269 3748 2353 3796 est
2389 3756 2522 3812 ergo
2551 3732 2695 3811 quod
2733 3741 2908 3798 dicit:
2952 3743 3071 3801 Non
3110 3749 3411 3818 egredieris
3435 3750 3506 3809 de

1910 3850 2130 3890 carcere
2149 3875 2164 3900 ,
2200 3835 2373 3889 donec
2401 3834 2564 3889 etiam
2595 3836 2822 3891 minima
2851 3847 3069 3906 peccata
3101 3844 3405 3910 persolvas.

1985 3925 2172 3995 (Vere.
2211 3924 2332 3995 98.)
2381 3926 2484 3990 Qui
2514 3926 2698 3981 uiderit
2734 3925 3004 3983 mulierem
3034 3930 3107 3983 ad
3142 3935 3509 4005 concupiscen-

1912 4017 2038 4072 dum
2081 4032 2225 4081 cata,
2256 4018 2375 4086 jam
2412 4020 2694 4072 mtuebam
2724 4027 2799 4072 est
2818 4034 2933 4073 eam
2959 4020 3013 4075 in
3038 4021 3197 4077 corde
3220 4041 3330 4080 suo.
3361 4025 3509 4084 inter

1913 4112 2077 4172 πάθος
2102 4117 2159 4164 et
2185 4111 2500 4186 προπάθηαν
2517 4149 2532 4175 ,
2564 4109 2618 4164 id
2643 4117 2757 4176 est,
2783 4109 2933 4167 inber
2956 4114 3274 4183 passionem,
3303 4125 3359 4173 et
3385 4136 3507 4188 pro-

1917 4204 2207 4271 portionem
2235 4245 2249 4269 ,
2292 4203 2399 4255 hoc
2440 4202 2705 4270 interest,
2737 4201 2882 4273 quod
2927 4204 3113 4272 passio
3143 4217 3423 4276 reputatur
3452 4211 3510 4269 in

1916 4294 2107 4348 vitium
2140 4310 2155 4346 :
2200 4294 2502 4363 propassio,
2531 4294 2642 4366 39
2669 4293 2795 4349 licet
2823 4295 2958 4351 initii
2986 4295 3095 4371 [ΑΙ.
3123 4298 3267 4375 vitii]
3292 4302 3508 4373 culpem

1920 4387 2114 4443 habeat
2140 4432 2155 4457 ,
2191 4395 2371 4443 tamen
2403 4402 2511 4441 non
2541 4399 2757 4444 tenetur
2786 4388 2840 4444 in
2863 4391 3111 4447 crimine.
3144 4392 3289 4465 Ergo
3313 4396 3405 4467 qui
3432 4398 3515 4453 vi-

1921 4483 2063 4540 derit
2110 4484 2424 4548 mulierem,
2475 4489 2530 4536 et
2573 4483 2752 4538 anima
2790 4482 2907 4554 ejus
2943 4483 3105 4541 fuerit
3134 4485 3349 4543 titillata
3376 4533 3391 4557 ,
3422 4490 3516 4548 itic

1925 4577 2285 4648 propassinne
2317 4587 2606 4645 percussus
2646 4583 2751 4631 est.
2789 4575 2844 4633 Si
2877 4592 3009 4633 vero
3045 4582 3384 4636 consenserit
3412 4627 3426 4652 ,
3459 4592 3518 4639 et

1922 4671 1991 4727 de
2016 4670 2353 4740 cogitatione
2378 4666 2628 4721 ntl'ectum
2662 4665 2874 4735 fecerit,
2902 4671 3045 4725 sicut
3064 4671 3322 4741 scriptu‘m
3355 4676 3517 4730 estin

1924 4766 2092 4822 David
2127 4783 2140 4820 :
2171 4762 2514 4819 Transierunt
2538 4761 2594 4816 in
2621 4761 2865 4830 allectum
2890 4764 3061 4818 cordis
3092 4762 3212 4838 (Ps.
3239 4782 3405 4835 um,
3434 4769 3516 4839 7),

1924 4862 1993 4917 de
2024 4857 2377 4929 propassione
2408 4855 2658 4910 transivit
2697 4856 2764 4911 ad
2799 4858 3130 4927 passionem,
3162 4867 3217 4915 et
3261 4861 3385 4916 huic
3409 4877 3519 4918 non

1925 4953 2176 5009 voluntas
2227 4945 2489 5019 peccandi
2539 4945 2713 5013 deest,
2762 4947 2860 5004 sed
2903 4950 3145 5005 occasio.
3175 4950 3521 5025 Quicumque

1925 5138 2094 5196 satus.
2128 5134 2354 5191 Leviora
2386 5132 2527 5189 intra
2555 5136 2927 5193 emendari-tus.

2001 5207 2030 5248 ἀ
2059 5208 2227 5263 iidem
2260 5220 2396 5283 mss.
2424 5206 2501 5283 uel
2524 5206 2587 5260 de
2609 5208 2798 5276 spiritu
2825 5217 3063 5275 tantum,
3093 5211 3297 5283 absque
3318 5212 3519 5273 animo.

1931 5282 2052 5359 bis:
2066 5294 2281 5349 quoque
2294 5278 2340 5332 si
2352 5278 2539 5332 ortinae
2550 5294 2649 5333 non
2663 5284 2992 5349 consenserit,
3011 5297 3109 5352 pro
3120 5285 3161 5337 si
3175 5278 3369 5352 animo,
3385 5298 3517 5359 etc.,

1932 5354 1987 5409 in
2019 5362 2189 5407 recto.

2008 5432 2031 5460 ε
2066 5424 2145 5477 Ex
2176 5423 2280 5473 hoc
2308 5417 2429 5492 loco
2458 5420 2767 5492 arguendos
2804 5422 3086 5492 imperitus
3120 5423 3359 5481 Joannes
3397 5426 3537 5484 Clc-'

1936 5494 2085 5549 ricus
2107 5536 2121 5559 ,
2145 5493 2233 5560 qtti
2262 5490 2483 5559 putabat
2510 5490 2893 5562 Hieronymum
2919 5509 3025 5548 non
3052 5498 3125 5549 ttti
3149 5496 3367 5552 solitum
3392 5514 3526 5556 Voce

1940 5566 2242 5640 recludere,
2298 5575 2461 5615 sensu
2514 5566 2821 5640 claudendi.
2875 5565 3045 5640 supra
3081 5565 3249 5640 etiam
3301 5570 3524 5640 dicitur,

1943 5637 2087 5695 autut
2114 5638 2290 5688 anima
2334 5641 2390 5687 et
2413 5648 2544 5687 caro
2576 5636 2779 5703 pariter
2806 5636 3135 5691 rectudetrdae
3163 5641 3284 5694 sint.
3318 5636 3531 5698 Videsis

1952 5708 2328 5832 l[\iletenstonem
2384 5712 2628 5759 nostram
2693 5706 3016 5761 eruditionis
3068 5706 3530 5783 Hieronymians.

1952 5827 1962 5832 _
2003 5791 2125 5832 an.

1947 5791 1995 5837 Μ
2003 5791 2106 5835 ΑΒἸ
2122 5826 2125 5829 .
