4004 6332
475 263 547 323 59
1724 266 1783 324 S.
1829 262 2099 324 EUSEBII
2137 260 2515 324 HIERONYMI
3700 264 3772 326 40

468 382 632 455 igitur
655 381 853 439 videt-it
879 381 1164 440 mulierem
1192 382 1259 439 ad
1297 383 1834 453 concupiscendum,
1868 386 1918 443 id
1949 395 2036 441 est
2057 429 2071 455 ,
2102 389 2151 449 Α
2179 385 2320 441 sicut
2350 384 2684 457 prophetalis
2713 397 2810 441 eos
2854 385 3175 458 frequenter
3196 384 3376 458 arguit
3402 399 3583 443 sermo
3609 382 3770 454 (Isai.

469 475 517 531 si
544 476 819 545 asttexerit
863 485 921 531 ut
947 476 1338 547 concupiscat,
1372 484 1429 531 ut
1461 474 1640 548 facere
1669 477 1944 549 disponat,
1975 479 2077 535 iste

470 576 621 625 recte
642 567 845 624 dicitur
869 582 990 624 eam
1024 568 1287 625 mmcbari
1322 569 1376 624 in
1405 570 1573 626 corde
1596 586 1716 625 sun.

543 660 564 732 (
589 660 748 716 Vers.
774 659 879 729 29,
914 659 1043 728 50.)
1090 660 1244 728 Quod
1273 661 1319 715 si
1350 659 1535 715 oculus
1563 670 1681 717 tuus
1721 664 1900 717 dexter
1924 679 2076 718 scan—

468 754 666 809 dalizat
694 761 742 808 te
765 792 783 821 ,
825 768 946 809 erue
974 768 1112 820 eum,
1142 762 1189 808 et
1218 754 1421 827 projice
1449 754 1542 809 abs
1565 765 1632 810 te.
1678 755 1909 826 Expedit
1939 756 2076 810 enim

467 844 585 910 tibi,
617 850 675 897 ut
701 854 875 917 pereat
903 860 1065 899 unum
1087 843 1437 899 membrorum
1462 855 1669 899 tuorum
1692 890 1706 915 ,
1733 862 1889 917 quam
1911 854 2075 900 totum

471 952 660 1009 corpus
680 943 827 991 tuum
859 936 1095 991 mittatur
1125 937 1180 990 in
1207 935 1515 1008 gehennam.
1545 933 1618 990 Et
1653 936 1698 991 si
1722 936 1943 991 dextera
1963 951 2075 990 nta-

470 1045 568 1083 nus
598 1038 687 1083 tua
714 1027 1036 1085 scandalizat
1063 1037 1131 1097 te,
1160 1028 1404 1085 abscinde
1427 1045 1562 1095 eam,
1588 1040 1635 1084 et
1659 1031 1857 1103 projice
1882 1030 1974 1085 abs
2002 1041 2068 1086 te.

472 1118 701 1193 Expedit
720 1121 861 1176 enim
887 1119 978 1175 tibi
1004 1130 1061 1176 ut
1090 1131 1265 1192 pereat
1293 1136 1453 1175 unum
1474 1120 1820 1176 membrorum
1843 1130 2065 1187 tuorum,

468 1230 628 1285 quam
655 1222 818 1268 totum
858 1229 1047 1287 corpus
1071 1223 1215 1268 tuum
1241 1216 1480 1269 mittatur
1510 1216 1563 1269 in
1591 1214 1897 1286 gehennam.
1931 1214 2068 1283 Quia

468 1321 631 1377 supra
661 1305 730 1362 dc
751 1306 1194 1377 concupiscentia
1216 1305 1463 1362 mulieris
1485 1307 1724 1373 dixerat,
1755 1318 1905 1363 recte
1925 1321 2069 1362 nunc

468 1398 860 1471 cogitationem
894 1406 953 1455 et
975 1414 1195 1455 sensum
1221 1398 1277 1454 itt
1301 1398 1519 1456 diversa
1552 1399 1875 1455 volitantem
1895 1440 1910 1467 ,
1937 1416 2065 1454 ocu-

469 1491 579 1546 lum
602 1492 955 1562 nuncupavit.
987 1490 1092 1547 Per
1119 1491 1368 1549 dextram
1394 1500 1573 1546 autem
1607 1501 1661 1548 et
1683 1500 1910 1548 ctrteras
1937 1507 2064 1548 cor-

470 1585 620 1656 poris
646 1595 860 1654 partes,
901 1583 1249 1639 voluntatis“
1283 1592 1341 1639 et
1370 1582 1598 1640 allectus
1656 1584 1807 1640 initia
1837 1583 2065 1640 demon-

465 1688 712 1735 strantur
744 1695 756 1732 :
787 1686 848 1733 ut
885 1676 1031 1748 quod
1074 1686 1257 1734 mente
1279 1676 1643 1749 concipimus,
1695 1692 1861 1747 opere
1906 1692 2060 1732 enm-

2182 479 2333 551 va).
2363 480 2466 549 Qui
2495 479 2674 553 juratg
2703 489 2796 535 aut
2824 489 3145 548 veneratur,
3173 488 3269 536 aut
3296 479 3473 552 diligit
3501 494 3651 546 eum,
3675 494 3774 549 per

2177 588 2336 642 quem
2363 571 2527 640 jurat.
2563 571 2621 626 In
2651 572 2768 643 lege
2792 582 3123 644 prteceptum
3146 582 3250 639 est,
3278 580 3339 626 ut
3366 586 3471 627 non
3498 570 3771 641 juremus,

2178 664 2281 718 nisi
2332 678 2429 733 per
2459 663 2743 719 Dominum
2777 665 2946 721 Deum
2975 672 3219 719 nostrum
3251 660 3450 736 (Deut.
3474 678 3529 718 vt
3559 672 3606 718 et
3637 660 3769 733 vn).

2174 752 2349 809 Judaei
2379 751 2408 792 δ
2434 768 2531 823 per
2559 753 2812 826 angelos,
2860 763 2916 809 et
2940 754 3133 811 urbem
3170 753 3509 822 Jerusalem,
3534 762 3597 810 et
3629 762 3773 809 tem-

2174 842 2345 913 plum,
2367 852 2424 899 et
2442 844 2711 901 elementa
2740 844 3010 915 jurantes,
3046 855 3328 901 creaturas
3354 860 3547 915 resque
3576 859 3774 899 carna-

2173 933 2255 990 les
2278 935 2680 992 venerabantur
2702 946 2727 977 θ
2754 935 2987 1003 honore,
3015 945 3072 992 et
3093 936 3359 1008 obsequio
3383 936 3500 991 Dei.
3528 936 3772 1007 Denique

2171 1024 2455 1086 considera
2504 1026 2645 1098 quod
2692 1025 2783 1083 hic
2831 1026 3082 1085 Salvator
3111 1042 3218 1083 non
3268 1042 3363 1097 per
3395 1026 3772 1097 Deutnjurare

2172 1116 2517 1186 prohibuerit
2544 1133 2560 1184 ;
2593 1116 2688 1173 sed
2720 1133 2819 1189 per
2854 1117 3087 1189 (telum,
3131 1125 3189 1173 et
3212 1129 3440 1185 terram,
3470 1127 3528 1175 et
3547 1119 3772 1176 ieroso-

2169 1211 2367 1282 lyntam
2394 1252 2409 1275 ,
2455 1220 2512 1268 et
2537 1226 2635 1282 per
2659 1222 2823 1282 caput
2868 1221 3045 1269 tuum.
3093 1212 3163 1269 Et
3207 1211 3311 1268 hoc
3336 1210 3491 1283 quasi
3521 1212 3769 1282 parvulis

2167 1302 2345 1359 fuerat
2367 1303 2485 1374 lege
2520 1320 2870 1375 concessum,
2910 1315 2971 1362 ut
2994 1305 3269 1377 quomodo
3303 1306 3555 1361 victimas
3581 1306 3771 1362 immo-

2170 1395 2350 1453 labant
2383 1397 2528 1466 Deo,
2567 1413 2633 1452 ne
2660 1413 2752 1453 eas
2795 1399 2954 1455 idolis
2981 1399 3323 1455 immolarent
3354 1416 3367 1454 :
3397 1400 3477 1454 sic
3505 1408 3560 1453 et
3577 1400 3771 1469 jurare

2169 1490 2611 1558 permitti-rentur
2646 1489 2700 1544 in
2750 1490 2917 1545 Deum
2950 1509 2962 1545 :
2998 1505 3106 1546 nou
3134 1491 3278 1561 quod
3309 1501 3459 1546 recte
3489 1490 3595 1547 hoc
3620 1492 3768 1546 face-

2167 1591 2321 1648 rent,
2352 1580 2448 1637 sed
2475 1581 2619 1652 quod
2654 1581 2850 1638 melius
2877 1593 3019 1640 esset
3052 1583 3164 1639 Deo
3201 1584 3255 1639 id
3281 1583 3576 1651 exhibere,
3603 1598 3767 1656 quam

2167 1672 2524 1730 daemonibus.
2552 1674 2876 1746 Evangelica
2901 1683 3081 1733 autem
3101 1677 3300 1733 veritas
3329 1693 3437 1733 non
3462 1676 3657 1749 recipit
3679 1678 3770 1749 ju-

466 1768 741 1841 pleamus.
789 1766 1103 1824 Cavendum
1151 1777 1240 1824 est
1264 1767 1459 1840 igitur,
1505 1782 1575 1824 ne
1608 1767 1752 1838 quod
1800 1767 1854 1822 itt
1903 1767 2062 1824 nobis
2092 1770 2141 1833 Β
2167 1774 2476 1820 ramentum
2495 1808 2512 1834 ,
2534 1780 2661 1823 cum
2682 1766 2860 1823 omnis
2883 1782 3069 1825 sermo
3088 1767 3269 1825 fidelis
3289 1784 3389 1840 pro
3410 1768 3769 1841 jurejurando

467 1860 734 1931 optimum
762 1867 878 1927 est,
908 1858 1017 1915 cito
1046 1858 1269 1916 labatur
1295 1860 1347 1916 in
1372 1859 1582 1915 vitium.
1618 1858 1678 1917 Si
1698 1858 1842 1915 enim
1872 1859 2065 1916 dexter

464 1955 656 2012 oculus
685 1962 742 2010 et
761 1952 987 2010 dextera
1011 1967 1204 2010 manus
1232 1952 1630 2022 scandalizent,
1660 1962 1863 2025 quanto
1891 1955 2062 2025 magis

463 2064 529 2106 ea
558 2062 679 2119 quae
710 2048 764 2103 in
807 2047 966 2104 nobis
1006 2046 1231 2104 sinistra
1260 2049 1417 2103 sunt!
1454 2047 1512 2104 Si
1548 2046 1696 2103 enim
1721 2049 1898 2102 anima
1928 2046 2064 2102 labi-

469 2152 590 2209 tur,
608 2148 812 2213 quauto
833 2140 953 2212 plus
979 2155 1186 2212 corpus
1211 2139 1358 2213 quod
1402 2140 1468 2195 ad
1501 2147 1723 2212 peccata
1767 2139 2061 2211 proclivius

465 2235 582 2292 est!
616 2235 808 2292 Aliter.
857 2234 916 2290 lu
965 2234 1194 2291 dextero
1222 2233 1411 2303 oculo,
1445 2241 1502 2289 et
1532 2235 1585 2289 in
1606 2232 1835 2290 dextera
1860 2247 2057 2299 manu,

463 2329 732 2398 fratrum,
773 2343 1008 2384 uxorum
1034 2371 1052 2399 ,
1101 2337 1157 2385 et
1185 2327 1506 2395 liberorum,
1533 2336 1701 2398 atque
1728 2326 1972 2383 afﬁnium
2005 2334 2063 2383 et

465 2419 895 2491 propinquorum
928 2428 1268 2475 monstratur
1301 2416 1563 2484 affectus,
1594 2430 1733 2488 quos
1759 2416 1805 2471 si
1833 2415 1900 2473 ad
1927 2430 2061 2472 con-

462 2510 832 2582 templandam
870 2524 1054 2567 veram
1087 2510 1266 2568 lucem
1309 2509 1465 2566 nobis
1504 2508 1895 2580 impedimento
1935 2522 2060 2564 esse

460 2601 774 2671 cernimus,
801 2600 1066 2658 debemus
1107 2611 1364 2657 truncare
1394 2600 1701 2657 istiusmodi
1734 2602 2015 2670 portiones
2038 2642 2056 2668 ,

461 2709 534 2752 ne
555 2696 686 2752 dum
715 2695 975 2751 voluntas
1006 2693 1144 2751 lucri
1172 2703 1403 2751 caeteros
1433 2693 1614 2751 facere
1638 2734 1656 2762 ,
1688 2693 1790 2764 ipsi
1818 2693 1872 2750 iu
1900 2704 2059 2751 atter-

458 2803 589 2844 num
612 2802 927 2860 pereamus.
955 2785 1113 2844 Unde
1133 2785 1332 2843 dicitur
1360 2795 1417 2843 et
1441 2784 1514 2842 de
1534 2785 1818 2843 sacerdote
1838 2801 2054 2857 magno,

454 2880 615 2952 cujus
642 2881 824 2936 anima
858 2880 951 2936 Dei
975 2878 1152 2936 cultui
1176 2877 1427 2935 dedicata
1457 2886 1544 2935 est
1592 2895 1606 2932 :
1640 2877 1818 2947 Super
1838 2887 1986 2949 patre
2008 2886 2058 2934 et

454 2981 686 3028 matrest
704 2970 831 3042 [iliis
846 2986 953 3026 non
972 2971 1240 3042 polluetur
1265 2969 1408 3042 (ιον.
1438 2985 1556 3041 XXI,
1583 2971 1693 3042 H),
1726 2970 1781 3026 id
1809 2981 1912 3037 est,
1945 2972 2059 3028 nul-

454 3066 566 3123 lum
594 3065 847 3124 affectum
876 3065 1018 3122 sciet
1038 3106 1054 3133 ,
1085 3063 1192 3122 nisi
1220 3065 1366 3136 ejus,
1391 3064 1553 3136 cujus
1577 3064 1749 3121 cultui
1771 3064 2055 3122 dedicatus

458 3168 568 3216 εει.

531 3250 725 3323 (Vera:
744 3249 811 3307 '51
841 3251 1032 3322 seqq.)
1054 3245 1265 3305 Dictum
1282 3256 1357 3305 est
1379 3256 1558 3305 autem
1581 3263 1602 3304 :
1626 3247 1946 3321 Quicumque
1971 3248 2055 3302 di-

456 3346 652 3402 miserit
698 3358 914 3401 uatorem
961 3360 1140 3413 suam,
1188 3344 1275 3398 det
1320 3345 1369 3399 ei
1414 3342 1650 3399 libellum
1678 3343 1904 3417 repudii.
1937 3342 2051 3418 Ego

454 3450 627 3494 autem
652 3437 771 3492 dico
808 3435 948 3492 vobis
979 3450 1000 3491 :
1024 3436 1150 3508 quia
1198 3435 1370 3490 omnis
1415 3436 1506 3508 qui
1551 3436 1810 3490 dimiserit
1839 3451 2053 3491 uxorem

449 3549 624 3602 suam,
653 3538 868 3602 excepta
888 3529 1250 3602 fornicationis
1274 3544 1454 3599 causa,
1486 3528 1613 3598 facit
1632 3544 1748 3583 eam
1769 3529 2049 3584 mwcltari:

453 3637 502 3684 et
530 3626 621 3698 qui
640 3624 909 3680 dimissam
935 3622 1046 3695 30
1068 3622 1277 3677 duxerit
1294 3663 1310 3689 ,
1354 3621 1639 3676 adulterat.
1675 3620 1875 3677 lterum
1901 3621 2054 3675 andi-

450 3720 571 3786 stis,
598 3716 719 3789 quia
740 3715 941 3770 dictum
970 3724 1044 3770 est
1073 3714 1300 3786 antiquis
1329 3729 1348 3768 :
1372 3713 1496 3769 Non
1528 3714 1846 3788 perjurabis,
1866 3715 2052 3769 reddes

451 3820 626 3867 autem
652 3808 881 3866 Domino
901 3810 1203 3879 iuramenta
1240 3816 1352 3863 tua.
1384 3808 1442 3863 In
1475 3807 1767 3878 posteriori
1792 3818 1947 3879 parte
1970 3806 2053 3863 lo-

451 3920 579 3962 cum
615 3906 779 3960 istum
824 3902 1038 3974 plenius
1085 3900 1341 3957 Salvator
1380 3900 1641 3971 exponit,
1690 3898 1838 3970 quod
1869 3900 2052 3955 Muses

450 3999 694 4056 libellum
719 3995 928 4069 repudii
950 3995 1069 4052 dari
1085 3995 1315 4067 jusserit
1337 4001 1562 4066 pr0pter
1581 3992 1839 4050 duritiam
1869 3993 2051 4050 cordis

451 4093 775 4149 maritorum
802 4130 818 4156 ,
848 4103 956 4145 non
986 4087 1276 4144 dissidium
1302 4086 1639 4154 concedens,
1674 4083 1772 4143 sed
1794 4084 2050 4141 auferens

450 4182 806 4240 homicidium
834 4180 1016 4255 (Deut.
1041 4180 1211 4252 xxiv).
1239 4178 1409 4235 Multo
1421 4179 1565 4235 enim
1583 4176 1779 4234 melius
1795 4187 1899 4243 est,
1924 4177 2052 4232 licet

449 4277 734 4347 lugubrem
763 4272 983 4330 evenire
1007 4271 1366 4340 discordiam,
1399 4284 1561 4342 quam
1589 4285 1687 4341 per
1712 4269 1894 4326 odium
1924 4283 2050 4323 san-

450 4368 674 4442 guinem
701 4364 873 4422 iuudi.

522 4458 703 4531 (Vers.
739 4457 808 4512 ’54
828 4453 1024 4526 seqq.)
1064 4452 1179 4526 Ego
1206 4462 1381 4509 autem
1402 4452 1521 4508 dico
1548 4450 1715 4517 vobis,
1735 4467 1843 4506 non
1858 4454 2050 4525 jurare

2163 1854 2255 1911 sit.

2237 1945 2420 2020 (Vers.
2454 1949 2575 2023 58.)
2615 1951 2851 2010 Audistis
2885 1954 3011 2025 quia
3037 1954 3233 2010 dictum
3271 1963 3391 2011 est:
3415 1953 3642 2012 Oculum
3668 1972 3768 2029 pro

2163 2043 2313 2097 oculo
2332 2084 2347 2111 ,
2394 2043 2602 2099 dentem
2630 2061 2727 2116 pro
2758 2044 2930 2102 dente.
2955 2045 3073 2119 Ego
3093 2057 3266 2103 autem
3293 2048 3411 2103 dico
3436 2048 3576 2104 vobis
3600 2088 3617 2115 ,
3659 2066 3767 2105 non

2160 2136 2399 2189 resistere
2423 2135 2578 2192 malo.
2612 2135 2714 2205 Qui
2740 2137 2874 2194 dicit
2897 2142 3113 2194 oculum
3144 2122 3422 2210 proccqu
3441 2181 3457 2208 ,
3489 2154 3597 2196 non
3628 2140 3767 2197 alte-

2162 2242 2283 2282 rum
2326 2228 2442 2282 vult
2467 2227 2718 2296 auferre,
2752 2230 2850 2287 sed
2896 2241 3188 2303 utrumque
3212 2246 3455 2288 servare.
3494 2231 3763 2289 Dominus

2165 2330 2353 2376 noster
2379 2320 2810 2379 vicissitudinem
2850 2322 3081 2391 tollens,
3131 2332 3349 2380 truncat
3381 2323 3538 2379 initia
3569 2338 3762 2394 pecca-

2159 2418 2365 2467 torum.
2396 2410 2463 2467 Et
2495 2412 2549 2467 iu
2585 2411 2727 2483 Lege
2753 2412 3046 2470 retributio
3070 2422 3155 2471 est
3182 2430 3197 2469 :
3226 2413 3281 2468 in
3310 2412 3610 2486 Evangelia
3633 2429 3763 2487 gra-

2161 2506 2254 2561 tia.
2283 2506 2359 2562 ibi
2386 2506 2548 2579 culpa
2567 2506 2921 2578 emendatur,
2948 2507 3040 2564 hic
3063 2516 3412 2580 peccatorum
3435 2507 3763 2567 auferuntur

2158 2598 2405 2655 exordia.
3726 2643 3732 2647 .

2228 2689 2414 2759 (Vers.
2440 2688 2562 2763 59.)
2586 2690 2692 2764 31
2708 2689 2815 2749 Sed
2827 2693 2998 2765 siquis
3018 2702 3069 2747 te
3092 2693 3398 2766 percusserit
3409 2694 3466 2747 in
3485 2692 3759 2751 dexteram

2156 2780 2431 2837 maxillam
2460 2794 2607 2838 tuam
2632 2827 2647 2854 ,
2704 2787 2875 2855 prwbe
2901 2786 2980 2840 illi
3017 2794 3066 2841 et
3089 2787 3331 2843 alteram.
3361 2786 3429 2841 Et
3455 2787 3503 2842 ei
3527 2789 3623 2860 qui
3650 2789 3760 2845 vult

2159 2883 2325 2929 tecum
2353 2875 2408 2930 in
2423 2877 2638 2949 judicio
2668 2878 2993 2947 contendere,
3025 2888 3076 2934 et
3096 2882 3326 2935 tunicam
3351 2889 3497 2936 tuam
3525 2883 3708 2938 tollere
3731 2924 3750 2952 ,

2157 2968 2356 3025 dimitte
2402 2971 2449 3025 ei
2490 2980 2540 3025 et
2586 2972 2833 3042 pallium.
2863 2970 2934 3026 Et
2977 2972 3283 3045 quicumque
3321 2983 3371 3029 te
3407 2976 3756 3047 angariaverit

2156 3061 2300 3116 mille
2327 3077 2535 3132 passus,
2559 3063 2686 3118 unde
2707 3079 2824 3118 cum
2851 3063 2947 3119 illo
2972 3074 3022 3119 et
3049 3065 3156 3120 alia
3175 3066 3302 3120 duo.
3339 3064 3757 3125 Ecclesiasttcus

2075 3154 2123 3222 ρ
2153 3155 2237 3208 vir
2276 3153 2643 3227 describitur,
2690 3154 2929 3212 imitator
2989 3157 3110 3226 ejus
3157 3156 3250 3227 qui
3289 3154 3464 3212 dicit:
3494 3154 3696 3214 Discite
3719 3175 3757 3214 a

2152 3262 2267 3312 me,
2293 3247 2421 3317 quia
2450 3247 2590 3301 mitis
2611 3263 2725 3301 sum
2746 3285 2763 3315 ,
2800 3256 2851 3303 et
2896 3248 3109 3302 humilis
3137 3247 3294 3303 corde
3322 3246 3503 3320 (Infra
3528 3264 3567 3305 ιι
3585 3290 3602 3317 ,
3631 3249 3752 3322 29).

2155 3337 2224 3394 Et
2254 3338 2705 3409 pollicitationem
2736 3354 2889 3395 suam
2908 3381 2924 3406 ,
2951 3353 3244 3410 percussus
3273 3339 3432 3412 alapa
3455 3380 3471 3407 ,
3494 3355 3757 3412 compro-

2150 3431 2246 3488 bat
2269 3448 2283 3487 :
2307 3430 2369 3488 Si
2404 3430 2537 3486 male
2567 3432 2769 3486 locutus
2796 3447 2911 3487 sum
2930 3476 2945 3502 ,
2977 3448 3140 3503 argue
3160 3431 3225 3487 de
3256 3433 3399 3487 malo
3422 3448 3442 3488 :
3469 3433 3549 3488 sin
3579 3444 3759 3489 autem

2150 3522 2305 3589 bene,
2343 3523 2467 3594 quid
2498 3539 2576 3579 me
2601 3523 2757 3578 aedis
2787 3521 2974 3596 (Joan.
3011 3537 3173 3592 xvtu,
3197 3523 3333 3595 25)?
3364 3523 3496 3581 Tale
3522 3522 3653 3597 quid
3696 3536 3757 3582 et

2152 3616 2323 3672 David
2347 3616 2667 3688 loquebatur
2688 3617 2742 3671 in
2773 3615 2991 3672 Psalmo
3016 3615 3108 3672 :Si
3130 3616 3338 3671 reddidi
3354 3615 3755 3673 retribuentibus

2152 3710 2281 3765 mihi
2306 3710 2448 3763 mala
2477 3708 2598 3782 (Ps.
2640 3725 2713 3765 vu
2737 3752 2751 3776 ,
2781 3708 2874 3782 5).
2907 3710 2975 3764 Et
3000 3710 3273 3767 Jeremias
3297 3711 3354 3766 in
3381 3709 3756 3769 Lamentatio-

2152 3802 2313 3858 nibus
2343 3820 2357 3855 :
2388 3800 2596 3856 Bonum
2621 3813 2695 3856 est
2738 3802 2941 3857 homini
2970 3819 3085 3857 cum
3112 3805 3393 3876 portaverit
3425 3804 3539 3879 [AL
3558 3805 3757 3861 sederit

2150 3897 2235 3964 ab,
2264 3895 2397 3969 elc.]
2416 3899 2609 3968 jugum
2629 3895 2696 3950 ab
2723 3896 3073 3953 adolescentia
3097 3914 3214 3953 sua.
3248 3896 3405 3953 Dabit
3442 3899 3754 3970 percutienti

2151 4005 2206 4045 se
2259 3988 2530 4045 maxillam
2569 4005 2590 4045 .°
2630 3990 2950 4046 saturabitur
3012 3990 3308 4063 opprobriis
3366 3989 3604 4064 (Thren.
3642 4008 3745 4064 tu,

2149 4084 2252 4150 27,
2293 4082 2407 4158 50).
2460 4084 2573 4140 lloc
2620 4083 2909 4140 adversum
2966 4099 3063 4141 eos
3106 4087 3199 4155 qui
3266 4096 3461 4157 putant
3505 4088 3750 4147 alterum

2150 4172 2176 4214 ά
2202 4177 2367 4232 Deum
2393 4176 2582 4250 Legis,
2611 4178 2844 4235 alterum
2870 4177 3184 4250 Evangelii;
3203 4180 3347 4251 quod
3368 4191 3425 4237 et
3452 4181 3548 4251 ibi,
3568 4191 3626 4238 et
3654 4182 3750 4240 hic

2150 4271 2513 4329 mansuetudo
2549 4271 2831 4329 doceatur.
2863 4272 3174 4329 Secundum
3208 4274 3469 4347 tuysticos
3490 4275 3750 4333 intellec-

2151 4374 2236 4420 tus
2263 4383 2276 4419 :
2302 4378 2557 4435 percussa
2585 4366 2813 4422 dextera
2838 4374 3026 4422 nostra
3051 4382 3160 4423 non
3186 4367 3445 4439 iubemur
3464 4369 3746 4426 sinistram

2151 4458 2429 4527 praebere,
2475 4457 2573 4513 sed
2603 4458 2834 4513 alteram
2858 4499 2874 4526 ,
2918 4457 3023 4516 hoc
3041 4468 3125 4516 est
3146 4499 3164 4528 ,
3208 4459 3436 4516 alteram
3464 4459 3744 4519 dextram.

450 4551 661 4607 omnino
691 4563 711 4604 :
740 4563 903 4618 neque
950 4561 1041 4617 per
1094 4545 1310 4612 caelum,
1351 4544 1477 4616 quia
1522 4543 1741 4598 thronus
1789 4541 1887 4598 Dei
1928 4554 2045 4599 est:
2069 4537 2124 4599 D
2148 4547 2333 4605 Justus
2360 4551 2504 4604 enim
2535 4549 2814 4605 sinistram
2857 4565 2970 4606 non
3006 4549 3194 4608 habet.
3233 4550 3291 4608 Si
3323 4566 3422 4607 nos
3449 4550 3747 4611 haereticus

450 4660 612 4715 neque
653 4657 746 4713 per
789 4650 1017 4707 terram,
1050 4638 1173 4710 quia
1208 4636 1488 4693 scabellum
1534 4645 1611 4691 est
1651 4636 1842 4708 pedunt
1882 4639 1995 4711 ejus
2020 4653 2042 4693 :

449 4751 616 4808 neque
645 4749 735 4806 per
768 4730 1187 4803 Jerosolgmam,
1214 4729 1338 4802 quia
1362 4729 1544 4784 civitas
1573 4739 1647 4783 est
1676 4729 1851 4801 magni
1878 4730 2038 4801 regis.

449 4830 633 4902 Neque
658 4843 752 4900 per
769 4838 928 4898 caput
956 4836 1101 4880 tuum
1118 4823 1378 4898 jurareris
1402 4837 1422 4877 :
1447 4822 1572 4893 quia
1588 4838 1690 4877 non
1709 4831 1852 4893 potes
1882 4838 2044 4877 unmn

446 4926 697 4999 capilluut
722 4925 899 4979 album
929 4922 1135 4994 facere,
1172 4929 1266 4974 aut
1288 4918 1520 4991 nigrum.
1558 4914 1643 4973 Sit
1674 4927 1851 4971 autem
1869 4932 2040 4972 sermo

450 5031 641 5088 uester,
672 5029 748 5076 est
772 5028 878 5085 est,
899 5033 1004 5071 non
1031 5028 1182 5073 non;
1204 5013 1345 5087 quod
1371 5019 1542 5066 autem
1571 5010 1651 5065 his
1688 5008 2041 5065 abundantius

446 5125 557 5185 est,
591 5132 624 5169 a
643 5111 781 5167 malo
811 5119 907 5166 est.
933 5108 1086 5164 Hanc
1107 5121 1204 5180 per
1218 5105 1486 5163 elementa
1510 5103 1730 5175 iurandi
1750 5103 2042 5173 pessimam

446 5202 899 5265 consuetudinem
943 5214 1162 5272 semper
1199 5198 1439 5255 habuere
1486 5197 1659 5254 Judaei
1706 5206 2037 5269 noscuntur,

517 5350 545 5379 α
571 5335 801 5396 Palatini
825 5348 958 5405 mss.
991 5333 1112 5405 pari
1135 5344 1404 5390 consensu
1431 5328 1633 5387 habent
1656 5330 1725 5385 ad
1753 5327 2037 5398 affectuum

444 5412 595 5468 initia
618 5455 633 5479 ,
663 5425 759 5480 pro
783 5416 831 5463 et
859 5404 1078 5480 affectus
1095 5447 1110 5471 ,
1141 5411 1249 5480 et_c.

516 5482 543 5521 δ
577 5472 811 5536 Accedat
861 5472 1147 5545 lidejussor
1185 5474 1245 5530 S.
1283 5473 1526 5529 Hilarius
1557 5474 1611 5528 in
1640 5472 1783 5545 hunc
1802 5474 1981 5545 locum
2015 5492 2031 5528 :

445 5553 545 5609 llis
587 5553 756 5613 enim.
796 5543 1047 5620 inquiens
1069 5589 1083 5613 ,
1125 5548 1488 5620 elementorum
1519 5544 1807 5620 nominibus
1835 5543 2039 5620 Judwis

446 5632 557 5679 erat
589 5623 767 5692 religio
796 5614 969 5686 iur-are
990 5661 1005 5686 ,
1035 5629 1085 5673 et
1114 5615 1228 5692 cwli
1251 5626 1296 5670 et
1324 5628 1504 5692 teme,
1531 5627 1579 5670 et
1593 5614 1914 5692 (eruentem,
1947 5615 2038 5669 scd

441 5705 492 5750 et
537 5686 718 5765 capitis
765 5694 880 5765 sui,
909 5694 1088 5765 quibus
1115 5690 1169 5744 in
1197 5688 1564 5744 contum.liom
1590 5686 1687 5745 Dei
1711 5697 2031 5743 sacramento

440 5762 817 5834 venerationem
843 5762 1157 5836 deferebant.

2145 4641 2199 4696 in
2229 4640 2599 4712 disputatione
2633 4642 3008 4713 percusserit,
3046 4650 3104 4698 et
3130 4642 3381 4698 dextrum
3411 4641 3607 4713 dogma
3640 4658 3746 4700 vo-

2142 4732 2306 4790 luerit
2324 4733 2617 4790 vulnerare
2641 4774 2658 4802 ,
2698 4742 3009 4805 cpponatur
3037 4736 3088 4792 ei
3126 4734 3279 4792 aliud
3332 4733 3403 4791 de
3440 4735 3748 4807 Scripturis

2146 4826 2518 4882 testimonium
2539 4869 2555 4896 ,
2579 4833 2636 4881 et
2663 4826 2869 4883 tamdiu
2900 4826 3215 4883 verberanti
3244 4827 3601 4884 succedentes
3631 4828 3745 4885 sibi

2140 4919 2398 4976 dexteras
2426 4918 2767 4989 praebeamus
2786 4963 2803 4989 ,
2831 4918 3012 4976 donec
3038 4918 3244 4975 inimici
3270 4918 3350 4975 ira
3378 4918 3660 4975 lassescat.

2213 5011 2395 5086 (Vers.
2420 5011 2523 5078 42,
2553 5010 2672 5084 45.)
2712 5012 2816 5080 Qui
2837 5013 2962 5086 petit
2991 5029 3022 5066 a
3045 5022 3115 5079 te,
3139 5012 3209 5066 da
3234 5013 3302 5081 ei,
3329 5022 3377 5068 et
3406 5011 3595 5068 volenti
3622 5031 3746 5070 ntu-

2142 5108 2283 5162 tuari
2314 5124 2345 5161 a
2375 5117 2451 5174 te,
2479 5124 2541 5162 ne
2570 5109 2841 5164 averteris.
2871 5107 3107 5163 Audistis
3126 5108 3250 5177 quia
3275 5106 3472 5161 dictum
3491 5115 3564 5161 est
3591 5124 3606 5161 :
3643 5106 3744 5163 Di.

2145 5200 2270 5273 liges
2300 5199 2596 5272 proximum
2624 5208 2795 5265 tuum,
2827 5209 2875 5255 et
2902 5198 3023 5254 odio
3044 5198 3251 5255 habebis
3278 5198 3544 5254 inimicum
3564 5208 3737 5258 tuum.

2218 5343 2242 5372 ο
2300 5332 2596 5389 Rabbanus
2621 5380 2634 5405 ,
2685 5334 2880 5391 honore
2916 5343 2967 5390 et
3002 5334 3241 5406 obsequio
3279 5333 3380 5391 Dei
3417 5345 3738 5409 contempto.

2144 5403 2377 5457 Deniaue
2402 5444 2415 5457 .
2448 5414 2555 5457 elc.

2194 5418 2377 5466 eritque
2402 5444 2415 5466 ,
2448 5414 2555 5459 CIC.

2214 5421 2274 5457 rm
2316 5421 2377 5458 ue
2448 5421 2555 5459 etc.

2214 5473 2241 5512 ἀ
2277 5421 2443 5531 (illius
2492 5476 3062 5548 Palatittusgvetustior
3084 5520 3099 5543 ,
3131 5476 3349 5533 alterum
3375 5494 3582 5532 sensum
3612 5496 3742 5548 pro-

2144 5545 2405 5620 pltetictmt
2432 5588 2447 5612 ,
2490 5545 2709 5600 alterum
2751 5546 3041 5620 Evangelii.
3090 5549 3172 5604 Ad
3211 5550 3509 5618 marginem
3542 5545 3739 5607 recen-

2141 5618 2247 5673 tior
2294 5632 2483 5671 manus
2526 5620 2839 5687 impressam
2890 5618 3184 5675 lectionem
3225 5621 3479 5675 restituit.
3523 5621 3581 5677 In
3624 5621 3735 5677 ﬁne

2141 5688 2398 5762 sectiouis
2426 5687 2618 5762 vitiose
2640 5731 2656 5756 ,
2698 5700 2753 5743 ut
2794 5689 2929 5747 infra
2960 5692 3157 5748 iterum
3181 5731 3198 5762 ,
3226 5690 3478 5749 Martian.
3512 5693 3733 5753 («Cessat

2137 5759 2348 5833 legerat
2374 5774 2475 5832 pro
2502 5758 2767 5817 lassescat.
