4004 6332
209 261 259 321 ιι
741 260 1396 324 COMMENTARIORUM
1435 263 1504 322 ΙΝ
1544 262 1825 324 EVANGE

1943 260 1998 321 ῐΜ
2039 260 2379 321 ΜΑΤΤΗᾹΞΙ
2420 258 2546 317 LIB.
2592 260 2634 316 1.
2673 257 2830 318 CAP.
2871 259 2961 317 VI.

3424 260 3497 320 42

218 372 262 431 Si
284 373 341 431 de
364 375 727 451 eleemosyna
784 390 992 439 tantum
1037 380 1238 437 dictum
1284 382 1634 453 intelligimus
1660 423 1675 450 ,
1733 382 1785 437 in
1814 381 1871 441 Δ
1894 381 1988 435 sed
2016 395 2179 436 causa
2200 380 2422 435 virtutis
2444 378 2588 449 apud
2620 378 2787 435 Deum
2820 376 3135 433 mercedem
3163 375 3343 431 habet.
3382 376 3501 432 Etsi

219 470 459 543 plerisque
509 474 855 544 pauperibus
885 475 991 531 hoc
1036 486 1184 531 stare
1215 491 1321 532 non
1366 488 1568 545 potest.
1602 476 1708 533 Sed
1740 486 1797 531 et

223 564 385 621 divites
416 566 463 620 si
502 581 734 638 semper
763 567 1047 635 dederint,
1079 584 1299 639 semper
1329 570 1462 626 dare
1497 587 1604 624 non
1640 580 1792 639 pote-

218 667 332 715 runt.
367 658 500 713 Post
521 660 732 715 bonum
756 676 887 732 ergo
909 662 1273 733 eleemosynze
1296 662 1582 731 apostolis,
1615 662 1665 716 id
1689 670 1794 727 est,

218 749 507 807 doctoribus
548 762 826 824 pra-cepta
856 753 1199 817 tribuuntur,
1231 754 1403 824 utqui
1433 754 1607 825 gratis
1636 769 1797 809 acce-

215 854 433 917 perunt,
466 845 641 917 gratis
691 847 932 901 tribuant
965 846 1183 918 (Matth.
1214 846 1293 917 κ).
1321 848 1482 902 Istius
1514 846 1661 903 modi
1706 863 1797 918 pe-

212 939 347 995 cunia
374 956 678 1012 numquam
709 940 929 1008 deﬁcit;
953 941 1049 998 sed
1080 949 1287 1013 quanto
1309 942 1432 1017 plus
1460 941 1585 998 data
1615 941 1796 1012 fuerit,

215 1043 345 1090 tanto
374 1035 615 1105 amplius
644 1035 972 1106 duplicatur.
1008 1036 1076 1091 Et
1102 1052 1223 1093 cum
1251 1036 1499 1108 subjecta
1539 1036 1641 1092 sibi
1668 1051 1799 1092 arva

214 1120 366 1200 riget,
395 1144 695 1200 numquam
718 1126 887 1185 fontis
910 1130 1051 1186 unda
1076 1130 1333 1186 siccatur.

267 1222 449 1294 (Vers.
485 1221 609 1292 44.)
648 1220 766 1294 Ego
784 1232 952 1278 autem
976 1224 1096 1278 dico
1123 1223 1264 1278 vobis
1286 1266 1299 1288 ,
1335 1224 1536 1294 diligite
1564 1224 1804 1279 inimicos

206 1322 381 1369 vestros
408 1354 425 1381 ,
483 1315 768 1384 benefacite
797 1314 878 1369 his
907 1316 996 1386 qui
1026 1315 1247 1370 oderunt
1291 1332 1378 1370 vos
1399 1358 1414 1382 ,
1450 1326 1498 1371 et
1541 1325 1685 1371 orate
1706 1333 1803 1387 pro

212 1410 628 1482 persequentibus
655 1418 703 1465 et
732 1412 1178 1467 calumniantibus
1204 1429 1316 1468 vos.
1343 1412 1494 1468 Multi
1532 1421 1803 1485 praecepta

210 1502 296 1559 Dei
325 1503 711 1560 imbecillitate
733 1504 843 1577 32
867 1520 985 1569 sua,
1012 1521 1117 1561 non
1136 1515 1450 1561 sanctorum
1473 1505 1682 1561 viribus
1704 1521 1808 1562 aes-

211 1596 499 1665 timantes,
545 1605 742 1667 putant
793 1612 916 1653 esse
966 1598 1324 1669 impossibilia
1370 1613 1491 1669 quae
1531 1606 1805 1669 praecepta

209 1698 321 1742 sunt
344 1730 361 1753 ,
408 1697 466 1742 et
496 1688 691 1745 dicunt
718 1688 969 1745 sulﬁcere
993 1690 1315 1759 virtutibus,
1349 1706 1456 1746 non
1487 1690 1669 1746 odisse
1700 1691 1805 1745 ini-

1897 490 1927 529 a
1985 484 2131 530 recta
2183 476 2267 529 via
2315 474 2595 544 paululum
2662 472 3067 538 declinaveris,
3120 486 3230 525 non
3272 469 3505 527 interest

1897 576 2081 621 utrum
2124 565 2189 622 ad
2234 566 2517 622 dexteram
2554 564 2752 632 vadas,
2786 580 2856 621 an
2901 564 2969 620 ad
3012 563 3324 630 sinistram,
3378 578 3503 618 cum

1899 676 2085 716 verum
2116 662 2216 716 iter
2243 661 2514 716 amiseris.

1971 752 2154 823 (Vcrs.
2188 754 2221 808 5
2243 795 2257 816 ,
2284 752 2364 824 4.)
2398 751 2472 806 Te
2500 762 2673 807 autent
2712 753 2934 824 faciente
2967 752 3380 823 eleemosynam,
3414 768 3506 806 ne-

1899 847 2029 901 sciat
2045 845 2151 918 33
2172 845 2383 901 sinistra
2404 856 2493 899 tua
2514 847 2640 919 quid
2664 847 2825 917 faciat
2849 847 3061 901 dextera
3083 855 3195 911 tua,
3214 855 3269 900 ut
3290 848 3356 901 sit
3380 847 3512 902 elee-

1902 954 2117 1009 mosyna
2166 951 2253 993 tua
2297 939 2353 993 in
2390 939 2691 994 abscondito
2722 956 2742 993 :
2774 949 2821 994 et
2855 950 3000 1007 pater
3029 948 3148 994 tuus
3178 942 3269 1011 qui
3297 940 3433 995 uidet
3458 942 3512 995 in

1902 1032 2205 1087 abscondito
2227 1074 2242 1100 ,
2262 1032 2442 1087 reddet
2472 1033 2586 1088 tibi.
2620 1031 2688 1087 Et
2711 1050 2826 1087 cum
2852 1035 3016 1090 oratis
3038 1078 3052 1101 ,
3078 1051 3181 1089 non
3212 1036 3358 1090 eritis
3377 1036 3512 1090 sicut

1903 1125 2219 1198 hypocrita,
2273 1127 2361 1196 qui
2412 1134 2591 1179 amant
2633 1127 2686 1180 in
2725 1128 3039 1198 synagogis,
3090 1137 3138 1181 et
3193 1128 3245 1181 in
3303 1129 3509 1202 angulis

1906 1218 2194 1287 platearum
2238 1226 2435 1273 stantes
2480 1234 2661 1287 orare,
2704 1229 2759 1273 ut
2801 1220 3072 1273 videantur
3099 1222 3161 1273 ab
3193 1221 3507 1276 hominibus.

1910 1310 2032 1366 Non
2060 1312 2235 1366 solum
2261 1312 2672 1384 eleemosynam
2692 1351 2709 1377 ,
2735 1312 2830 1368 sed
2860 1314 3241 1385 quodcumque
3273 1315 3511 1371 feceritis

1906 1404 2036 1460 boni
2066 1404 2278 1475 aperis,
2307 1404 2466 1461 debet
2492 1406 2712 1460 sinistra
2737 1407 2981 1473 nescire;
3014 1411 3058 1462 si
3085 1408 3230 1463 enim
3254 1408 3342 1462 illa
3370 1409 3513 1465 scic-
3602 1475 3609 1479 ,

1907 1501 2015 1565 rit,
2048 1501 2231 1554 statim
2260 1499 2499 1554 dextera:
2536 1514 2704 1569 opera
2734 1502 3224 1556 commaculautur.

1978 1592 2139 1647 Amen
2161 1592 2278 1647 dico
2298 1592 2456 1657 robis,
2472 1603 2773 1665 receperunt
2793 1594 3074 1649 mercedem
3096 1611 3266 1650 suam.
3281 1593 3398 1650 Non
3414 1593 3514 1651 Dei

1910 1686 2245 1753 mercedem,
2273 1688 2368 1743 sed
2397 1702 2574 1743 suam.
2607 1687 2833 1744 Laudati
2865 1697 2991 1744 sunt
3014 1690 3160 1746 enim
3182 1690 3251 1747 ab
3276 1688 3519 1745 homini-

210 1780 364 1835 tnieos
392 1794 411 1832 :
440 1789 709 1836 caeterum
729 1780 961 1852 diligere
984 1780 1101 1851 plus
1126 1782 1369 1853 praecipi,
1387 1798 1548 1852 quam
1573 1781 1805 1838 humana
1836 1767 1885 1828 B
1914 1780 2036 1847 bus,
2064 1797 2294 1851 quorum
2324 1796 2486 1838 causa
2518 1797 2816 1839 exercuere
2844 1782 3096 1839 virtutes.

214 1883 385 1929 natura
417 1874 684 1944 patiatur.
730 1875 1024 1930 Sciendum
1068 1884 1154 1931 est
1202 1891 1334 1948 ergo
1376 1875 1660 1933 Christum
1699 1892 1807 1933 non

212 1968 562 2040 impossibilia
590 1969 920 2040 prmcipere,
951 1969 1045 2025 sed
1078 1970 1316 2041 perfecta
1347 1988 1360 2025 :
1394 1986 1517 2043 qua:
1551 1970 1680 2025 fecit
1709 1971 1809 2026 Da-

214 2060 293 2115 vid
321 2062 371 2115 in
404 2061 534 2117 Saul
568 2068 626 2117 et
655 2061 707 2116 iu
748 2061 992 2117 Absalon
1021 2062 1061 2133 (l
1093 2063 1223 2136 Reg.
1269 2079 1395 2118 xxiv
1426 2073 1474 2118 et
1508 2080 1657 2132 xxvr,
1689 2071 1737 2118 et
1766 2063 1811 2119 Il

215 2155 332 2224 Reg.
372 2171 506 2210 xvm
533 2153 573 2226 ).
608 2154 919 2227 Stephanus
948 2171 1164 2228 quoque
1191 2166 1395 2229 martyr
1429 2172 1528 2229 pro
1576 2158 1813 2214 inimicis

217 2246 575 2319 lapidautibus
623 2248 949 2319 deprecatus
996 2256 1081 2304 est
1133 2249 1273 2320 (Act.
1332 2251 1451 2322 vn).
1501 2249 1569 2305 Et
1618 2252 1815 2306 Paulus

217 2340 490 2395 anathema
515 2340 662 2411 cupit
694 2356 818 2397 esse
853 2356 953 2412 pro
991 2343 1431 2414 persecutoribus
1473 2344 1588 2400 suis
1632 2343 1812 2413 (Rom.

220 2432 318 2503 ts).
367 2432 497 2489 Haec
537 2442 720 2489 autem
767 2432 931 2489 Jesus
975 2443 1030 2490 et
1077 2434 1262 2491 docuit
1304 2445 1358 2491 et
1397 2435 1553 2506 fecit,
1593 2438 1814 2495 dicens:

224 2520 398 2593 Pater,
440 2524 656 2595 ignosce
692 2524 802 2579 illis
853 2541 873 2579 :
918 2526 1056 2597 quod
1117 2527 1258 2581 enim
1293 2526 1532 2598 faciunt,
1586 2530 1818 2583 nesciunt

224 2614 345 2687 (Luc
372 2632 513 2672 um
534 2658 551 2684 ,
583 2617 702 2691 at).

285 2710 462 2784 (γεγε.
488 2711 610 2783 45.)
638 2710 707 2767 Ut
726 2711 843 2768 sitis
870 2712 969 2782 ﬁlii
986 2711 1165 2770 Patris
1188 2716 1343 2771 uestri
1364 2716 1452 2783 qui
1473 2717 1527 2772 in
1548 2718 1690 2773 caelis
1708 2729 1822 2786 est;

226 2806 301 2877 qui
320 2806 479 2860 solem
505 2822 656 2861 suum
676 2808 805 2862 oriri
823 2808 947 2878 facit
974 2826 1131 2880 super
1155 2809 1313 2867 bonos
1343 2820 1391 2865 et
1414 2812 1603 2882 malos,
1622 2824 1672 2868 et
1691 2813 1824 2887 pluit

227 2917 363 2970 super
382 2904 560 2973 justas
603 2910 651 2956 et
696 2902 939 2974 injustas.
974 2903 1036 2960 Si
1063 2906 1197 2959 enim
1224 2904 1444 2978 diligitis
1484 2923 1568 2961 eos
1595 2908 1684 2978 qui
1740 2922 1825 2962 vos

229 2992 456 3066 diligunt,
470 3012 628 3064 quam
647 2996 934 3051 mercedem
952 2995 1244 3053 habebitis?
1274 2997 1466 3055 Nonne
1489 3008 1538 3055 et
1563 3000 1828 3067 publicani

231 3085 313 3141 hoc
341 3088 579 3159 faciunt?
608 3086 678 3142 Et
703 3090 747 3142 si
778 3090 1121 3146 salutaveritis
1148 3093 1339 3162 fratres
1367 3102 1560 3148 vestros
1590 3102 1822 3164 tantum,

1991 1872 2173 1945 (Vers.
2205 1872 2286 1944 6.)
2315 1873 2397 1929 Tu
2427 1884 2600 1930 autem
2641 1892 2759 1929 eum
2780 1876 3032 1943 oraveris,
3062 1878 3202 1931 intra
3229 1877 3280 1930 in
3307 1876 3522 1932 cubicu-

1915 1964 2025 2019 lum
2052 1974 2195 2022 tuum
2225 1983 2243 2021 :
2271 1976 2321 2023 et
2357 1966 2537 2022 clauso
2560 1968 2714 2035 ostio,
2749 1986 2841 2023 ora
2879 1966 3097 2023 Patrem
3139 1979 3283 2023 tuum
3320 1972 3372 2024 in
3395 1970 3518 2025 abs-

1916 2060 2154 2129 condito,
2185 2069 2234 2116 et
2267 2059 2428 2116 Pater
2457 2071 2573 2116 tuus
2601 2062 2692 2134 qui
2720 2063 2853 2116 videt
2880 2064 2935 2117 in
2970 2063 3274 2117 abscondito
3292 2107 3305 2132 ,
3338 2064 3515 2118 reddet

1917 2154 2030 2211 tibi.
2064 2154 2178 2210 Hoc
2206 2155 2529 2226 simpliciter
2547 2153 2575 2194 ά
2600 2156 2954 2223 intellectum,
2984 2158 3167 2214 erudit
3194 2159 3525 2226 auditorem,

1918 2256 1982 2303 ut
2025 2263 2216 2304 vanam
2249 2250 2439 2305 orandi
2469 2250 2696 2320 gloriam
2742 2250 2930 2321 fugiat.
2975 2250 3081 2307 Sed
3127 2250 3259 2306 mihi
3311 2250 3530 2306 videtur

1919 2341 2026 2398 hoc
2056 2342 2229 2413 magis
2257 2357 2381 2398 eSSe
2408 2353 2759 2414 praeceptum,
2791 2355 2845 2398 ut
2878 2344 3084 2399 inclusa
3117 2344 3350 2414 pectoris
3377 2345 3529 2415 cogi-

1922 2436 2170 2502 tatione,
2236 2437 2504 2508 labiisque
2544 2437 2877 2509 compressis
2929 2453 3151 2493 oremus
3201 2438 3525 2505 Dominum,

1923 2531 2069 2603 quod
2116 2542 2172 2587 et
2212 2532 2423 2587 Annam
2472 2531 2527 2586 in
2574 2532 2783 2602 Regum
2833 2532 3109 2587 volumine
3155 2532 3354 2590 fecisse
3401 2534 3535 2604 legi-

1926 2639 2048 2679 mus
2073 2640 2087 2681 :
2114 2623 2299 2694 Labia,
2326 2623 2519 2695 inquit,
2549 2627 2660 2697 ejus
2682 2633 2885 2678 tantum
2913 2625 3252 2679 movebantur
3284 2637 3306 2664 θ
3329 2626 3375 2698 (l
3400 2626 3533 2698 Reg.

1925 2733 1964 2786 ι,
1999 2714 2113 2785 15).

2001 2809 2182 2880 (Vers.
2210 2809 2289 2881 7.)
2317 2808 2541 2865 Orontes
2566 2818 2737 2864 autem
2768 2811 2925 2865 nolite
2954 2811 3173 2865 multum
3204 2811 3368 2879 loqui,
3398 2811 3536 2867 sicut

1930 2904 2124 2963 ethnici
2155 2905 2372 2976 faciunt.
2423 2903 2622 2959 Putant
2648 2907 2786 2959 enim
2815 2905 2953 2976 quod
2980 2907 3032 2959 in
3076 2904 3408 2975 multiloquio
3441 2923 3534 2961 suo

1933 2999 2298 3053 exaudiantur.
2346 2996 2527 3053 Nolite
2571 3015 2692 3069 ergo
2733 2999 3013 3053 assimilari
3044 3000 3137 3053 eis.
3180 2998 3237 3054 Si
3284 2999 3537 3056 ethnicus

1937 3095 1989 3148 in
2007 3093 2253 3149 oratione
2275 3092 2499 3148 multum
2530 3093 2789 3163 loquitur,
2805 3108 2935 3164 ergo
2953 3093 3042 3162 qui
3065 3091 3411 3149 Christianus
3430 3103 3533 3160 est,

228 3179 340 3249 quid
352 3181 578 3248 amplius
599 3181 816 3251 facitis?
838 3181 1025 3238 Nonne
1049 3194 1095 3238 et
1122 3161 1311 3239 ethnici
1338 3186 1436 3240 hoc
1461 3186 1703 3256 faciunt?
1724 3161 1826 3243 Es;-
1855 3161 1903 3226 θ
1937 3186 2100 3250 debet
2132 3202 2323 3258 parum
2356 3186 2522 3256 loqui.
2557 3161 2695 3239 Deus
2736 3161 2890 3241 enim'
2928 3161 3030 3240 non
3084 3185 3351 3239 verborum
3372 3229 3386 3253 ,
3448 3186 3541 3240 sed

233 3277 323 3326 tate
339 3289 455 3345 ergo
480 3288 569 3327 vos
596 3275 832 3347 perfecti,
846 3276 975 3330 sicut
987 3286 1035 3330 et
1060 3274 1223 3333 Pater
1241 3290 1403 3334 vester
1420 3278 1637 3336 caelestis
1661 3284 1831 3354 perfe-

232 3371 330 3418 ctus
346 3374 440 3419 est.
457 3366 514 3420 Si
537 3366 632 3422 Dei
658 3379 927 3439 praecepta
947 3370 1282 3435 custodiens,
1304 3371 1447 3429 ﬁlius
1462 3374 1582 3445 quis
1600 3373 1833 3431 efﬁcitur

233 3452 318 3512 Dei
352 3472 527 3528 :ergo
570 3473 679 3513 non
709 3468 794 3514 est
821 3469 1013 3515 natura
1054 3459 1235 3528 ﬁlius,
1295 3463 1391 3518 sed
1439 3465 1664 3519 arbitrio
1709 3480 1830 3521 suo.

297 3559 445 3627 (Cap.
495 3556 590 3612 Vl.
638 3587 711 3599 --
753 3556 910 3613 Vers.
946 3557 1024 3632 1.)
1058 3561 1317 3615 Attendite
1344 3578 1407 3615 ne
1417 3563 1695 3633 justitiam
1725 3581 1834 3617 ves-

237 3658 359 3703 tram
389 3651 598 3721 faciatis
628 3666 806 3706 coram
848 3651 1143 3707 hominibus
1171 3695 1186 3720 ,
1222 3662 1276 3707 ut
1304 3654 1585 3709 videamini
1615 3654 1680 3709 ab
1708 3656 1781 3711 eis
1816 3671 1834 3710 :

238 3742 460 3814 alioquin
485 3744 778 3799 mercedem
800 3760 902 3798 non
928 3743 1182 3800 habebitis
1209 3746 1351 3817 apud
1380 3745 1591 3801 Patrem
1616 3758 1837 3802 vestrum

236 3836 320 3903 qui
354 3837 404 3889 in
452 3836 595 3891 caelis
636 3845 735 3892 est.
767 3846 795 3874 α
828 3835 1085 3913 Qui‘tuha
1112 3840 1257 3893 canit
1278 3880 1295 3907 ,
1328 3839 1727 3913 eleemosynam
1760 3841 1840 3897 fa-

238 3927 381 3986 ciens
405 3973 421 3999 ,
472 3930 755 4003 hypocrita
788 3939 891 3989 est.
918 3931 1020 4001 Qui
1046 3932 1297 4004 jejunans
1326 3934 1619 3992 demolitur
1646 3937 1836 3995 faciem

240 4033 384 4077 suam
410 4066 424 4090 ,
455 4034 515 4078 ut
539 4023 749 4080 ventris
789 4025 1114 4081 inanitatem
1163 4038 1436 4085 monstret
1472 4031 1526 4085 in
1566 4031 1754 4099 vultu,
1785 4041 1848 4088 et-

248 4115 334 4171 hie
358 4116 641 4190 hypocrita
669 4127 776 4187 est.
804 4118 905 4188 Qui
929 4119 986 4175 in
1005 4122 1297 4193 synagogis
1318 4133 1373 4179 et
1400 4124 1454 4180 in
1483 4126 1696 4197 angulis
1722 4128 1838 4197 pla-

247 4216 441 4265 tearum
491 4217 616 4268 orat
642 4254 659 4279 ,
702 4221 762 4268 ut
794 4212 1043 4269 videatur
1080 4214 1147 4269 ab
1176 4214 1519 4287 hominibus,
1556 4219 1841 4291 hypocrita

248 4311 346 4356 est.
386 4303 466 4359 Ex
510 4305 712 4376 quibus
746 4306 1006 4362 omnibus
1032 4307 1307 4379 colligitur
1334 4311 1647 4382 hypocritas
1677 4327 1800 4369 esse
1823 4355 1840 4384 ,

256 4395 339 4462 qui
363 4397 636 4466 quodlibet
661 4396 893 4463 faciunt,
928 4406 987 4454 ut
1026 4400 1095 4457 ab
1126 4400 1434 4457 hominibus
1466 4404 1844 4475 glorificentur

257 4482 357 4557 [ΑΙ.
382 4488 845 4563 Itonoriﬁcentur].
874 4491 1004 4548 Mihi
1020 4493 1233 4549 videtur
1250 4503 1306 4551 et
1323 4495 1413 4550 ille
1429 4497 1519 4568 qui
1539 4498 1669 4554 dicit
1688 4498 1841 4555 fratri

1937 3284 2110 3338 cordis
2139 3281 2351 3337 auditor
2378 3290 2454 3335 est
2477 3280 2634 3351 (Sap.
2671 3296 2707 3339 ι.
2740 3278 2817 3350 6).

2012 3376 2196 3447 (Vers.
2229 3373 2312 3444 8.)
2340 3373 2455 3430 Scit
2482 3373 2615 3427 enim
2650 3370 2811 3426 Pater
2839 3384 2998 3425 vester
3026 3370 3152 3439 quid
3180 3387 3313 3439 opus
3353 3370 3420 3424 sit
3449 3386 3540 3425 vo-

1938 3469 2032 3535 bis,
2062 3478 2338 3539 antequam
2367 3468 2553 3539 petatis
2582 3481 2716 3519 eum.
2748 3464 2841 3520 Sic
2862 3481 2983 3536 ergo
3009 3480 3096 3518 vos
3127 3464 3360 3519 ambitis.
3395 3464 3542 3518 Con-

1937 3561 2113 3631 surgit
2144 3560 2196 3613 in
2227 3558 2329 3615 hoc
2362 3559 2485 3614 loco
2525 3558 2771 3628 quaedam
2804 3556 3059 3619 haeresis,
3092 3555 3541 3626 philosophorum

1946 3652 1965 3692 τ
2006 3670 2219 3725 quoque
2260 3667 2581 3724 perversum
2620 3651 2836 3722 dogma,
2887 3650 3183 3706 dicentium
3235 3668 3250 3708 :
3295 3651 3355 3706 Si
3394 3653 3548 3707 novit

1944 3748 2087 3806 Deus
2125 3747 2255 3819 quid
2284 3762 2523 3811 oremus,
2556 3752 2611 3801 et
2632 3752 2923 3815 antequam
2957 3752 3226 3814 petamus,
3279 3745 3383 3799 scit
3428 3744 3549 3814 qui-

1943 3844 2044 3901 bus
2089 3841 2449 3914 indigeamus,
2501 3837 2702 3894 frustra
2753 3836 2949 3893 scienti
2997 3835 3291 3906 loquimur.
3340 3834 3547 3902 Quibus

1941 3935 2179 3994 breviter
2206 3930 2645 4004 respondendum
2673 3939 2783 3998 est,
2814 3942 2913 3983 nos
2931 3943 3036 3981 non
3066 3934 3378 3980 narratores
3398 3941 3551 3991 esse,

1941 4031 2039 4088 sed
2089 4037 2391 4100 rogatores.
2434 4024 2597 4082 Aliud
2648 4031 2733 4080 est
2775 4024 2921 4078 enim
2970 4033 3194 4075 narrare
3250 4017 3545 4089 ignoranti,

1945 4122 2090 4179 aliud
2122 4122 2385 4176 scientem
2417 4124 2628 4188 petere.
2673 4114 2732 4169 In
2767 4114 2861 4168 illo
2889 4111 3148 4168 indicium
3178 4118 3283 4177 est,
3336 4110 3424 4166 hic
3453 4110 3555 4166 ob-

1946 4218 2222 4290 sequium.
2272 4214 2352 4271 Ibi
2398 4214 2635 4270 fideliter
2666 4210 2991 4278 indicamus,
3039 4209 3129 4265 hic
3166 4208 3558 4264 miserabiliter

1947 4313 2326 4369 obsecramus.

2019 4405 2204 4478 (Vers.
2238 4401 2319 4474 9.)
2345 4399 2503 4455 Pater
2525 4407 2719 4462 noster,
2749 4397 2837 4468 qui
2865 4411 2917 4449 es
2948 4395 3001 4448 in
3032 4392 3193 4447 caelis.
3221 4393 3439 4448 Patrem
3466 4391 3553 4447 di-

1950 4497 2147 4562 cendo,
2177 4512 2235 4552 se
2265 4494 2406 4550 filios
2426 4491 2777 4548 conﬁtentur.

263 4592 390 4636 suo:
422 4581 628 4639 Dimitte
652 4592 710 4640 ut
725 4561 908 4640 tollam
932 4589 1183 4658 festucam
1224 4589 1288 4643 de
1314 4561 1465 4646 oculo
1497 4601 1584 4647 tuo
1623 4592 1841 4664 (Matth.
1868 4561 1926 4624 Β
2024 4591 2395 4658 Sanctiﬁcetur
2422 4602 2605 4641 nomen
2637 4594 2800 4639 tuum.
2854 4580 2971 4636 Non
3001 4580 3061 4635 in
3091 4589 3165 4645 te,
3211 4578 3319 4651 34
3368 4579 3464 4634 sed
3499 4577 3554 4634 in

264 4684 331 4725 ru
352 4714 367 4738 ,
393 4676 447 4743 4)
472 4719 485 4739 .
512 4675 540 4715 δ
570 4688 794 4748 propter
821 4677 1048 4750 gloriam
1079 4680 1181 4736 hoc
1202 4680 1402 4747 facere,
1436 4695 1492 4739 ut
1521 4684 1636 4755 ipse
1664 4687 1846 4756 justus

268 4779 378 4821 esse
403 4771 664 4827 videatur.
704 4771 858 4829 Unde
884 4772 1083 4829 dicitur
1103 4775 1151 4831 ei
1176 4790 1206 4829 a
1235 4775 1465 4833 Domino
1493 4798 1506 4835 :
1534 4778 1844 4853 Hypocrita,

266 4859 383 4929 ejice
406 4863 621 4935 primum
644 4866 840 4919 trabem
862 4864 927 4921 de
947 4867 1096 4921 oculo
1127 4876 1238 4923 tuo.
1254 4880 1283 4927 νο
1298 4868 1417 4926 Νοη
1449 4873 1631 4944 itaque
1654 4876 1844 4944 virtus,

334 5019 359 5048 ³
404 5011 990 5096 Alterum-versiculum
1033 5035 1045 5071 :
1086 5015 1215 5096 Cum
1244 5035 1367 5096 ergo
1408 5022 1847 5096 faciseleemosy-

271 5096 380 5161 nam
400 5124 414 5147 ,
441 5085 545 5139 noli
579 5085 709 5165 tuba
730 5102 924 5165 canere
951 5096 1069 5141 ante
1088 5096 1145 5165 _te
1170 5085 1320 5145 sicut'
1338 5085 1622 5165 hypocrita:
1650 5085 1852 5165 faciunt

272 5158 619 5234 insgnagogis
647 5159 777 5234 etin
807 5159 929 5212 vicis
947 5199 965 5227 ,
999 5158 1493 5234 ut_hono_rentur'ub
1521 5158 1846 5234 hominibus,

270 5226 582 5310 sulijuuguqt
604 5229 721 5310 pari
745 5244 1018 5310 consensu
1045 5230 1466 5310 Palatini‘eodd.
1492 5239 1581 5304 qui
1610 5226 1850 5310 alioquin

272 5300 617 5379 iprecitandis
643 5301 939 5379 Scriptura:
950 5302 1134 5379 verbis
1153 5306 1430 5371 parciores
1455 5300 1678 5379 reliquis
1701 5300 1847 5365 sunt.

272 5363 346 5422 Re
372 5380 540 5427 autem
561 5374 694 5450 ipsa
724 5363 869 5429 hunc
898 5363 1228 5431 versiculum
1270 5385 1382 5433 tota
1421 5363 1855 5450 expositiosub-i-

270 5452 405 5514 nexa
425 5445 674 5514 respicit.

308 5509 366 5596 ,ξ’
410 5509 572 5571 Antea
616 5516 900 5596 legebatur
922 5535 1044 5573 nam
1073 5530 1284 5596 propter
1303 5520 1526 5596 gloriam
1556 5524 1653 5578 hoc
1683 5526 1856 5595 facere

272 5584 693 5669 videtur,_seusu
730 5588 991 5669 equidem
1017 5584 1145 5669 non
1172 5584 1326 5648 "satis"
1354 5595 1609 5664 expedito
1646 5584 1699 5652 εἰ
1735 5613 1858 5669 per-

274 5657 482 5736 spicuo.
505 5658 611 5715 Nos
642 5660 894 5736 codicum
939 5661 1314 5736 Palatinarum
1343 5657 1701 5736 auctoritate,
1734 5657 1857 5725 nam

274 5727 609 5808 adverbium,
664 5741 722 5785 et
779 5734 1015 5808 gerbuut
1048 5735 1283 5803 ridetur,
1335 5727 1855 5808 indusimus,'sen-

274 5810 491 5873 sumque
518 5803 583 5857 ad
613 5818 746 5859 mss.
776 5803 936 5863 ﬁdem
966 5805 1124 5862 nitori
1158 5808 1387 5877 pristino
1413 5803 1779 5870 restituimus.

546 5898 821 5963 Ps'rnon.
868 5899 1105 5963 XXVI.
1202 5958 1221 5965 ..

1951 4686 2135 4744 nobis.
2171 4683 2231 4741 Si
2278 4682 2422 4738 enim
2466 4688 2687 4750 pr0pter
2712 4684 3032 4749 peccatores
3073 4688 3270 4728 nomen
3307 4672 3400 4727 Dei
3434 4672 3554 4728 bla-

1952 4780 2267 4853 sphematur
2295 4776 2347 4829 in
2368 4773 2621 4845 gentibus
2639 4770 2821 4839 (Rom.
2845 4768 2983 4839 vnt),
3004 4767 3315 4823 econtrario
3336 4773 3558 4837 propter

1948 4876 2124 4948 justos
2154 4866 2551 4926 sanctiﬁcatur.

2033 5034 2056 5062 ο
2112 5021 2227 5075 Duo
2272 5015 2441 5072 nostri
2474 5012 2807 5082 totidemque
2834 5007 2974 5080 apud
3004 5006 3389 5082 Martia_naaum
3424 5014 3560 5059 mss.

1957 5095 2099 5151 hanc
2136 5092 2471 5147 interseruut
2502 5086 2590 5157 hic
2632 5077 2734 5137 loci
2778 5077 3107 5157 sententiam
3141 5096 3153 5129 :
3188 5077 3560 5157 Tumndemnum

1955 5147 2116 5222 {Tn-ni.
2143 5158 2513 5230 observationis
2533 5154 2644 5211 Deo
2669 5159 3019 5230 (πορθμίς-εει)
3056 5147 3415 5230 sicquae-Dei
3443 5147 3558 5230 ﬁat.

2029 5236 2056 5275 ἀ
2086 5236 2141 5290 lu
2176 5233 2347 5288 Palat.
2391 5229 2603 5301 duobus
2644 5220 2811 5301 mss,
2851 5222 2921 5301 Et
2952 5220 3260 5301 simpliciter
3296 5221 3559 5301 intentum

1958 5289 2129 5365 erudit
2160 5305 2471 5359 auditorem.
2505 5300 2611 5356 Pro
2639 5298 2942 5371 simpliciter
2972 5289 3267 5351 Rabbanus
3317 5289 3559 5345 similiter

1958 5381 2114 5437 lenit.

1979 5397 2322 5504 egeunAddunt
2350 5444 2514 5501 iidem
2547 5441 2776 5499 Palatini
2806 5455 2941 5497 mss.
2972 5445 3019 5494 et
3040 5452 3139 5493 vos:
3165 5434 3310 5490 illius
3339 5447 3441 5487 non
3467 5447 3566 5485 au-

1961 5524 2488 5662 dwfbaislllp’ieureorum
2520 5586 2637 5662 haec
2668 5586 2767 5662 tui_t
2798 5582 3088 5662 argutatio,
3138 5588 3233 5662 aut
3257 5576 3438 5647 potius
3472 5590 3564 5631 ve-

1962 5650 2157 5733 sania;
2179 5663 2249 5720 de
2290 5676 2396 5734 qua
2424 5659 2686 5734 Maximus
2717 5650 2913 5729 Tyrius
2958 5650 3400 5710 dissertationem
3435 5662 3569 5704 sane

1958 5740 2293 5801 luculentam
2314 5733 2570 5790 instituit.

3050 5892 3089 5952 '2
