4004 6332
459 290 532 352 43
1722 271 1779 332 S.
1825 267 2099 331 EUSEBII
2135 260 2441 329 HIERONY
2445 264 2520 325 Ml
3696 258 3771 321 ιι

538 406 723 480 (Vers.
751 396 867 477 10.)
899 400 1150 458 Adveniat
1179 411 1394 471 regnum
1421 400 1584 450 tuum.
1607 390 1705 448 Vel
1736 389 2065 462 generaliter
2090 389 2147 450 Α
2170 398 2317 443 reant
2338 386 2630 442 hominibus
2649 386 2974 460 jejunantes.
3004 381 3167 439 Amen
3194 381 3310 438 dico
3337 379 3497 451 vobis,
3523 381 3645 453 quia
3684 399 3770 436 re-

463 516 566 575 pro
607 500 776 557 totius
818 495 1008 555 mundi
1038 494 1173 565 petit
1195 506 1389 565 regno,
1415 497 1474 545 ut
1501 486 1748 544 diabolus
1779 484 1833 541 in
1860 484 2065 541 mundo

459 611 691 670 regnare
720 593 970 656 desistat,
1002 590 1086 646 vel
1132 596 1192 645 ut
1235 589 1290 643 in
1318 596 1647 656 unoquoque
1677 588 1869 652 regnet
1899 578 2063 644 Deus,

464 703 654 751 etnon
684 697 878 761 regnet
903 692 1182 758 peccatum
1205 677 1499 737 inmortali
1529 675 1810 733 hominum
1836 684 2066 743 corpore

468 787 489 859 (
513 784 665 842 Rom.
703 780 823 854 vr).
879 772 1161 848 Simulque
1198 783 1255 831 et
1301 770 1405 829 hoc
1451 767 1881 835 attendendum,
1920 763 2065 837 quod

464 872 687 952 grandis
732 872 973 932 audaciae
1008 870 1102 938 sit,
1134 874 1189 925 et
1218 880 1369 938 pura:
1410 859 1789 931 conscientiae,
1836 872 2064 931 regnum

462 968 563 1029 Del
591 966 868 1041 posmlare
888 973 944 1021 et
967 961 1234 1035 judicium
1257 974 1364 1015 non
1398 957 1613 1013 timere.

540 1061 665 1119 Fiat
690 1061 927 1117 uoluntas
959 1065 1071 1122 tua,
1098 1055 1232 1109 sicut
1262 1054 1316 1106 in
1347 1048 1474 1106 caelo
1504 1054 1550 1104 et
1578 1046 1633 1102 in
1664 1052 1819 1102 terra.
1843 1041 1915 1102 Ut
1934 1056 2069 1114 quo-

463 1156 629 1217 modo
656 1151 849 1225 Augeli
889 1148 987 1205 tibi
1029 1145 1303 1217 inculpata
1347 1141 1594 1199 serviunt
1623 1138 1677 1194 in
1707 1135 1880 1200 ccelis,
1913 1135 1985 1190 ita
2010 1134 2066 1190 in

463 1261 607 1309 terra
634 1240 1167 1304 servianthomiues.
1198 1236 1539 1294 Erubescant
1561 1249 1628 1289 ex
1650 1232 1752 1287 hac
1773 1228 2065 1294 sententia,

463 1343 555 1416 qui
601 1338 847 1413 quatidie
885 1336 942 1392 in
986 1333 1127 1391 cmlo
1158 1331 1344 1386 ruinas
1378 1325 1500 1383 fieri
1532 1324 1885 1381 mentiuntur.
1934 1318 2066 1375 Nam

464 1412 595 1508 quid
624 1412 781 1490 nobis
806 1428 1031 1501 prodest
1054 1426 1318 1484 caelorum
1343 1414 1666 1485 similitudo,
1699 1416 1746 1473 si
1772 1423 1829 1472 et
1849 1415 1903 1469 in
1929 1412 2070 1469 coelo

462 1536 750 1602 peccatum
781 1524 909 1582 est?

546 1622 730 1695 (Vers.
765 1616 979 1690 ιίιιδ.)
1029 1614 1227 1670 Panem
1257 1620 1489 1668 nostrum
1525 1605 2073 1680 supersubstantialem

468 1716 537 1774 da
564 1715 714 1771 nobis
745 1713 915 1769 hodie.
941 1709 1011 1766 Et
1041 1711 1243 1764 dimitte
1274 1708 1422 1762 nobis
1448 1705 1623 1761 debita
1651 1714 1851 1769 uestra,
1872 1703 2003 1757 sicut
2026 1708 2073 1755 et

2168 491 2413 553 ceperunt
2440 482 2723 536 mercedem
2753 496 2921 535 suam.
2951 477 3187 535 Verbum
3212 476 3576 544 exterminant,
3623 474 3773 549 quod

2169 577 2223 633 in
2252 575 2656 634 Ecclesiasticis
2682 574 2975 647 Scripturis
3002 574 3133 629 vitio
3182 572 3546 645 interpretum
3584 571 3772 627 tritum

2169 680 2274 740 est,
2310 671 2458 728 aliud
2488 671 2660 728 multo
2700 670 2990 742 signiticet,
3023 682 3185 740 quam
3217 666 3381 738 vulgo
3425 665 3770 737 intelligitur.

2172 764 2623 821 Exterminantur
2650 764 2851 835 quippe
2880 763 3120 828 eXsules,
3155 761 3245 832 qui
3292 760 3583 816 mittuntur
3612 769 3773 816 extra

2171 858 2455 916 terminos.
2481 857 2589 915 Pro
2615 857 2718 913 hoc
2740 871 2871 927 ergo
2888 869 3163 921 sermone,
3183 852 3536 908 demetiuntur
3556 867 3776 923 semper

2168 951 2417 1022 accipere
2444 949 2706 1008 debemus
2743 967 2754 1004 :
2789 949 2930 1021 quod
2973 947 3163 1006 Graece
3214 944 3412 1003 dicitur
3447 946 3772 1022 ἀφανίζουσι.

2175 1042 2477 1099 Demolitur
2517 1051 2701 1099 autem
2743 1039 3026 1113 hypocrita
3064 1037 3256 1109 faciem
3303 1052 3456 1095 suam
3501 1047 3557 1093 ut
3603 1037 3775 1094 tristi-

2173 1137 2300 1192 tiam
2351 1134 2571 1192 simulet
2598 1150 2613 1202 ;
2658 1142 2715 1191 et
2746 1132 2928 1189 animo
2968 1131 3112 1189 forte
3143 1131 3362 1188 lactante
3387 1171 3403 1199 ,
3437 1129 3642 1186 luctum
3670 1143 3771 1203 ge-

2171 1232 2276 1285 stet
2299 1228 2354 1282 in
2384 1228 2557 1282 vultu.

2244 1321 2426 1396 (Vers.
2463 1322 2529 1378 l7
2557 1317 2701 1395 seq.)
2734 1319 2809 1375 Tu
2839 1329 3011 1375 autem
3037 1336 3155 1375 cum
3175 1320 3414 1394 jejunas,
3449 1334 3583 1393 unge
3614 1326 3778 1392 caput

2173 1426 2341 1483 tuum,
2370 1425 2415 1469 et
2444 1414 2630 1485 facient
2653 1412 2956 1480 tuam'laoa,
2982 1431 3044 1469 ne
3068 1414 3290 1469 uidearis
3312 1411 3603 1467 hominibus
3619 1414 3779 1485 jeju-

2174 1524 2324 1577 nans,
2370 1507 2460 1563 sed
2507 1506 2662 1562 Patri
2708 1517 2791 1562 tuo
2836 1508 2926 1575 qui
2956 1515 3030 1563 est
3057 1507 3111 1562 in
3148 1505 3492 1562 abscondito:
3542 1513 3588 1560 et
3615 1499 3780 1558 Pater

2176 1611 2296 1660 tuus
2322 1603 2410 1675 qui
2429 1603 2568 1657 uidet
2592 1603 2645 1657 in
2668 1603 2989 1669 abscondito,
3014 1602 3189 1657 reddet
3220 1601 3331 1657 tibi.
3358 1598 3540 1656 Nolite
3571 1601 3783 1654 thesau-

2176 1697 2343 1752 risore
2367 1694 2507 1751 vobis
2531 1693 2804 1750 thesauros
2833 1695 2887 1749 in
2930 1703 3088 1763 terra,
3120 1694 3205 1749 ubi
3248 1710 3406 1766 erugo
3436 1702 3483 1747 et
3521 1693 3659 1747 tinea
3690 1695 3787 1748 de-

465 1821 561 1866 nos
586 1807 893 1863 dimittimus
933 1802 1248 1859 debitoribus
1274 1799 1486 1855 nostris.
1538 1795 1604 1851 Et
1633 1812 1694 1851 ne
1733 1812 1826 1851 nos
1854 1794 2073 1849 inducas
2103 1794 2151 1858 Β
2179 1790 2408 1858 molitur,
2441 1800 2487 1845 et
2510 1789 2599 1845 ubi
2625 1789 2766 1861 fures
2794 1787 3070 1855 effodiunt,
3103 1796 3150 1843 et
3191 1788 3451 1858 furantur.
3501 1788 3668 1843 Juxta
3706 1786 3788 1842 ri-

466 1900 904 1957 intentationem.
942 1896 1048 1953 Sed
1092 1895 1253 1950 libera
1294 1908 1390 1948 nos
1415 1908 1446 1945 α
1474 1891 1635 1945 male.
1679 1888 1833 1957 Quod
1865 1902 1964 1943 nos
1986 1900 2077 1941 su-

464 1991 988 2067 persubstantialem
1035 1987 1415 2060 expressimus
1442 2026 1457 2053 ,
1505 1984 1559 2039 in
1605 1982 1796 2040 Graeco
1848 1978 2078 2036 habetur

464 2086 730 2144 ἕπωύσιον
763 2103 774 2138 :
801 2082 946 2155 quod
976 2082 1202 2137 verbum
1228 2076 1582 2150 Septuaginta
1619 2073 1949 2145 interpretes
1979 2092 2075 2127 71's-

463 2179 700 2254 ριούσιον
730 2172 1176 2246 frequentissime
1207 2168 1565 2226 transferunt.
1590 2165 2077 2223 Consideravimus

474 2282 607 2342 ergo
636 2271 691 2325 in
724 2267 974 2331 Hebraeo,
1001 2276 1057 2322 et
1074 2264 1404 2333 ubicumque
1428 2261 1506 2316 illi
1532 2262 1828 2342 περιούσιον
1851 2270 2078 2327 espres-

477 2338 692 2430 serunt,
726 2374 827 2417 nos
855 2359 1165 2416 invenimus
1196 2366 1226 2395 ιι
1251 2369 1449 2413 secuit
1476 2338 1679 2429 (triuia)
1712 2397 1725 2421 ,
1759 2352 1903 2423 quod
1928 2351 2079 2423 Sym-

475 2456 704 2513 machus
731 2456 1006 2533 ἐξαίρετον,
1054 2452 1108 2507 id
1137 2462 1244 2518 est,
1296 2451 1644 2522 prteripuum,
1678 2443 1769 2502 vel
1794 2446 2071 2519 egregium,

467 2551 772 2618 transtulit,
804 2550 935 2605 licet
962 2548 1019 2604 in
1057 2546 1290 2617 quodam
1330 2545 1452 2601 loco
1501 2543 1761 2615 pecutiare
1802 2543 2072 2611 interpre-

465 2654 611 2701 tatus
658 2646 750 2700 sit.
794 2641 1021 2712 Quando
1067 2654 1198 2712 ergo
1238 2640 1474 2711 petimus
1524 2644 1584 2692 ut
1612 2636 1944 2707 peculiarem
1988 2632 2077 2689 Vel

464 2740 802 2812 praecipuum
834 2738 991 2795 nobis
1009 2736 1155 2791 Deus
1188 2734 1395 2789 tribuat
1418 2747 1635 2804 panem,
1660 2730 1811 2785 illum
1839 2730 2076 2800 petimus

465 2835 558 2906 qui
587 2833 722 2888 dicit
754 2848 769 2886 :
804 2830 918 2905 Ego
959 2846 1073 2884 sum
1116 2827 1269 2896 panis
1295 2827 1435 2880 uirus
1461 2826 1549 2895 qui
1578 2825 1641 2879 de
1678 2824 1801 2879 ccelo
1834 2822 2074 2877 descendi

471 2927 655 3001 (Joan.
684 2941 757 2994 \‘l,
785 2925 902 2996 51).
942 2923 999 2978 ln
1031 2920 1325 2990 Evangelia
1355 2916 1499 2989 quod
1540 2915 1845 2989 appellatur
1874 2929 2063 2971 secuno

476 3019 608 3075 dum
639 3017 921 3083 Hebraeos,
954 3026 1057 3084 pro
1089 3006 1574 3083 supersubstantiali
1622 3021 1789 3079 pane,
1840 3006 2022 3077 reperi
2046 3004 2073 3043 δ

468 3124 654 3168 unum
684 3108 884 3182 (om),
918 3106 1062 3179 quod
1092 3104 1289 3160 dicitur
1308 3103 1628 3167 crastinum;
1648 3111 1707 3157 ut
1733 3100 1805 3156 sit
1827 3114 2023 3155 sensus
2056 3116 2073 3155 :

2181 1892 2293 1939 tum
2326 1880 2617 1952 provincias
2648 1881 2949 1937 Palaestina:
2979 1879 3237 1952 loquitur,
3289 1879 3378 1936 ubi
3410 1879 3600 1937 diebus
3632 1878 3791 1937 testis

2179 1976 2360 2032 solent
2383 1991 2591 2048 ungere
2621 1976 2818 2046 capita.
2850 1972 3119 2045 Praecepit
3146 1974 3332 2046 igitur,
3368 1982 3425 2029 ut
3456 1972 3675 2045 quando
3697 1974 3792 2045 je-

2174 2068 2453 2140 junamus,
2506 2069 2661 2124 lentos
2704 2078 2757 2124 et
2798 2067 3024 2123 festivos
3077 2081 3177 2123 nos
3220 2080 3342 2122 esse
3391 2076 3790 2124 monstremus.

2177 2162 2329 2218 Multi
2362 2162 2605 2235 legentes
2632 2160 2764 2217 illud
2788 2160 3094 2217 Psalmista:
3120 2175 3135 2215 :
3169 2157 3351 2215 Oleum
3379 2160 3663 2232 peccatoris
3685 2178 3796 2218 non

2178 2258 2461 2331 impinguet
2490 2266 2639 2328 caput
2671 2273 2838 2311 meum
2873 2257 2891 2328 (
2919 2253 3011 2311 Ps.
3036 2271 3160 2321 CXL,
3189 2255 3245 2325 5)
3275 2297 3288 2322 ,
3316 2255 3626 2311 econtrario
3660 2270 3791 2312 esse

2180 2352 2373 2409 volunt
2400 2358 2602 2409 bonum
2632 2352 2833 2419 oleum,
2886 2350 2953 2406 de
2985 2367 3091 2421 quo
3116 2349 3245 2406 alibi
3273 2348 3469 2406 dicitur
3496 2367 3509 2405 :
3543 2348 3703 2406 Unxit
3733 2358 3791 2405 te

2182 2449 2320 2506 Deus
2367 2447 2507 2503 Deus
2542 2456 2662 2502 tuus
2702 2447 2815 2501 oleo
2855 2442 2881 2481 ά
2916 2446 3111 2501 ltetitice
3153 2461 3260 2517 pra:
3301 2443 3641 2517 participibus
3685 2444 3795 2500 tuis

2179 2541 2300 2616 (Ps.
2335 2557 2481 2610 sur,
2512 2542 2588 2614 8).
2618 2541 2685 2597 Et
2710 2539 2761 2595 id
2794 2538 3044 2611 prmripi,
3078 2547 3137 2593 ut
3165 2547 3491 2595 exercentes
3529 2538 3789 2604 virtutes,

2176 2638 2452 2711 Spirituali
2501 2637 2622 2693 oleo
2675 2636 2975 2708 principale
3012 2632 3351 2708 (ἡγεμονικὸν)
3381 2632 3563 2690 cordis
3610 2632 3792 2689 nostri

2178 2745 2385 2803 ungere
2412 2729 2731 2787 debeamus.

2250 2822 2573 2896 (Vers.2l.)
2618 2822 2720 2879 Ubi
2763 2824 2899 2878 enim
2930 2832 3003 2877 est
3049 2822 3323 2877 thesaurus
3368 2833 3507 2890 tuus,
3532 2819 3602 2874 ibi
3633 2829 3707 2873 est
3740 2828 3790 2874 et

2177 2940 2266 2979 cor
2298 2935 2461 2978 tuum.
2504 2921 2632 2977 ‘lloc
2677 2935 2786 2975 non
2832 2918 3014 2975 solum
3058 2918 3125 2973 de
3170 2918 3428 2989 pecunia,
3476 2914 3568 2972 sed
3616 2924 3671 2968 et
3714 2914 3793 2971 de

2174 3017 2383 3075 cunctis
2416 3012 2759 3086 passionibus
2784 3010 2894 3085 [AL
2932 3008 3411 3082 possessionibus]
3439 3008 3793 3064 sentiendum

2174 3122 2277 3169 est.
2312 3110 2502 3169 Gniosi
2522 3110 2656 3167 deus
2685 3116 2877 3165 venter
2906 3116 3028 3163 est:
3064 3106 3133 3163 ibi
3167 3121 3296 3176 ergo
3336 3103 3501 3161 habet
3540 3118 3657 3170 cor,
3690 3100 3793 3159 ubi

473 3203 675 3258 Panem
726 3211 958 3255 nostrum
986 3198 1289 3260 crastinum,
1324 3194 1373 3249 id
1424 3204 1528 3261 est,
1573 3194 1805 3264 futurum
1831 3192 1901 3246 da
1929 3191 2076 3245 nobis

2185 3216 2237 3266 et
2265 3208 2575 3263 thesaurum
2606 3206 2713 3280 [ΑΙ.
2739 3211 2823 3260 est
2856 3200 3188 3274 thesaurus].
3212 3200 3321 3274 36
3347 3199 3639 3256 Luxuriosi
3668 3200 3796 3256 the-

467 3295 639 3351 Iiodie.
679 3296 975 3352 Possumus
1005 3288 1588 3362 supersubstantialem
1620 3304 1814 3359 panem
1837 3297 1893 3344 ct
1916 3288 2076 3343 aliter

467 3391 797 3462 intelligere,
828 3388 919 3459 qui
946 3400 1110 3458 super
1139 3399 1333 3441 omnes
1374 3383 1706 3439 substantias
1738 3382 1828 3446 sit.
1863 3392 1916 3437 et
1956 3380 2078 3436 uni-

468 3500 661 3543 versas
692 3492 915 3555 superet
944 3488 1242 3538 creaturas.
1270 3478 1374 3534 Alii
1409 3476 1732 3547 simpliciter
1762 3483 1972 3546 putant,
1997 3489 2079 3529 se-

471 3578 711 3634 cundum
744 3575 992 3648 Apostoli
1024 3586 1338 3630 sermonem
1367 3570 1596 3625 dicentis
1623 3568 1679 3639 (ι
1709 3567 1843 3623 Tim.
1871 3582 1943 3635 \t,
1970 3566 2027 3638 8)
2062 3585 2074 3620 :

480 3671 743 3727 Habentes
770 3672 960 3724 rictum
990 3677 1037 3722 et
1058 3668 1316 3734 vestitum,
1341 3664 1449 3739 35
1468 3664 1548 3720 his
1561 3666 1781 3719 contenti
1801 3661 2079 3729 sumns,de

470 3765 733 3839 praesenti
761 3773 967 3818 tantum
993 3762 1117 3817 cibo
1147 3769 1363 3815 sanctos
1395 3764 1579 3814 curam
1612 3771 1793 3828 agere.
1830 3755 1983 3813 Unde
2025 3764 2080 3811 et

476 3859 533 3914 in
585 3855 983 3928 posterioribus
1006 3853 1083 3909 sit
1130 3860 1458 3923 praceptum
1496 3867 1508 3902 :
1542 3849 1721 3905 Nolite
1761 3850 1986 3919 cogitare
2016 3847 2081 3902 de

481 3950 727 4007 crastino.

554 4045 739 4100 Amen.
771 4040 1124 4112 Signaculnm
1167 4037 1431 4095 orationis
1460 4037 1758 4094 Dominicm
1786 4045 1869 4093 est
1895 4053 1907 4090 :
1938 4035 2078 4106 quod

474 4137 672 4207 Aquila
715 4137 1128 4206 interpretatur,
1158 4133 1381 4205 ﬁdeliter
1409 4148 1427 4188 :
1455 4146 1577 4200 nos,
1606 4148 1742 4202 vere,
1788 4145 2079 4205 possumus

478 4229 687 4285 dicere.

550 4322 733 4394 (Vers.
770 4320 885 4392 14.)
930 4321 991 4376 Si
1040 4321 1174 4375 enim
1215 4319 1518 4374 dimiseritis
1549 4319 1844 4373 hominibus
1874 4328 2080 4390 peccata

484 4432 684 4484 eorum,
734 4415 952 4469 dimittet
982 4423 1028 4467 ct
1070 4414 1210 4468 vobis
1256 4412 1411 4468 Pater
1450 4423 1614 4468 tester
1651 4412 1867 4468 ccelestis
1894 4414 2080 4468 delicta

479 4519 667 4564 uestra.
702 4518 722 4545 ε
758 4507 871 4562 lloc
896 4505 1039 4577 quod
1072 4507 1334 4577 scriptum
1368 4515 1448 4560 est
1476 4518 1494 4558 ξ
1530 4503 1641 4575 Ego
1669 4504 1798 4571 dixi,
1834 4506 1907 4558 dii
1933 4505 2075 4573 estis,

2177 3317 2394 3368 saurus,
2421 3299 2594 3369 epulae
2634 3309 2778 3355 sunt.
2812 3297 3043 3364 Lascivi,
3074 3293 3284 3351 ludicra
3313 3312 3328 3351 :
3362 3295 3625 3349 amatoris
3659 3335 3674 3359 ,
3711 3294 3788 3349 li-

2180 3394 2306 3451 bido
2340 3411 2356 3450 ι
2387 3392 2521 3448 Huic
2540 3392 2692 3447 servit
2717 3390 3068 3461 unusquisque
3090 3406 3123 3443 a
3147 3405 3249 3460 quo
3276 3387 3501 3442 vincitur
3530 3385 3598 3460 (ll
3633 3383 3789 3443 l’etr.

2179 3507 2239 3560 ll,
2270 3489 2383 3561 l9).

2253 3584 2433 3656 (Vers.
2468 3581 2562 3647 22,
2589 3581 2680 3636 25.
2708 3581 2727 3652 )
2766 3579 2827 3635 Si
2858 3580 3037 3634 oculus
3068 3588 3185 3633 tuus
3215 3577 3372 3648 fuerit
3422 3576 3665 3647 simplex,
3714 3586 3795 3631 to-

2181 3688 2293 3732 tum
2330 3693 2519 3746 corpus
2564 3685 2706 3730 tuum
2738 3674 2963 3728 lucidum
2992 3674 3110 3727 erit.
3165 3672 3224 3726 Si
3249 3682 3421 3727 autem
3459 3669 3640 3725 oculus
3670 3680 3795 3725 tuus

2182 3771 2336 3843 fuerit
2367 3785 2608 3839 nequam,
2641 3778 2802 3821 totum
2830 3783 3015 3839 corpus
3048 3777 3191 3819 tuum
3216 3764 3541 3820 tenebrbsum
3572 3764 3693 3817 erit.
3729 3762 3797 3819 Si

2180 3877 2303 3933 ergo
2330 3862 2497 3915 lumen
2530 3859 2669 3930 quod
2700 3859 2751 3913 in
2785 3869 2832 3912 te
2858 3868 2952 3925 est,
2985 3855 3203 3912 tenebra:
3233 3855 3365 3922 sint,
3396 3854 3525 3927 ipsa,
3564 3854 3797 3909 tenebrat

2180 3963 2389 4026 quanta:
2428 3962 2580 4007 erunt
2604 3952 2624 4007 !
2653 3951 2965 4023 Lippientes
2994 3949 3116 4023 [Αἰ.
3149 3948 3365 4004 additur
3394 3946 3580 4020 oculi]
3609 3948 3800 4006 solent

2181 4044 2431 4101 lucernas
2479 4044 2664 4102 videre
2695 4056 3045 4099 numerosas:
3070 4040 3302 4111 simplex
3326 4040 3514 4096 oculus
3533 4050 3587 4097 et
3610 4056 3790 4110 purus

2181 4136 2451 4207 simplicia
2482 4137 2721 4192 intuetur
2750 4145 2803 4191 et
2834 4150 2985 4206 pura.
3036 4134 3153 4190 lloc
3182 4142 3353 4189 totum
3390 4133 3683 4190 transferet
3726 4134 3799 4190 ad

2180 4247 2427 4288 sensum.
2458 4230 2745 4300 Quomodo
2774 4228 2920 4285 enim
2954 4243 3172 4299 corpus,
3203 4228 3249 4284 si
3277 4228 3471 4284 oculus
3494 4228 3801 4285 nonlucrit

2181 4325 2432 4395 simplex,
2457 4333 2627 4377 totum
2657 4321 2711 4378 in
2741 4321 2978 4377 tenebris
3008 4331 3094 4377 est
3129 4340 3142 4377 :
3186 4320 3258 4377 ita
3280 4321 3482 4391 anima,
3511 4321 3555 4377 si
3587 4321 3804 4392 princi—

2183 4417 2357 4484 palem
2400 4414 2663 4485 fulgorem
2695 4429 2851 4469 suum
2885 4413 3210 4485 perdiderit,
3257 4414 3543 4471 universus
3592 4429 3802 4471 sensus

2182 4509 2239 4563 in
2284 4496 2513 4579 caligine
2565 4507 3020 4562 commorabitur.
3071 4506 3133 4563 Si
3178 4521 3310 4578 ergo
3338 4507 3524 4561 lumen
3552 4506 3701 4577 quod
3739 4507 3799 4563 in

478 4611 527 4655 et
558 4599 654 4669 lilii
679 4599 862 4654 excelsi
894 4614 1067 4653 omnes
1099 4614 1117 4652 :
1147 4613 1232 4652 vos
1260 4610 1376 4650 vm
1413 4606 1467 4650 ut
1506 4596 1739 4651 honzines
1764 4597 2077 4663 moriemini,
2102 4580 2156 4646 ι)
2184 4609 2236 4657 te
2262 4610 2367 4667 est,
2412 4601 2653 4657 tenebrat
2685 4601 2815 4671 sint,
2865 4600 2995 4670 ipsa:
3041 4600 3283 4656 tenebrat
3324 4609 3539 4670 quantm
3581 4599 3796 4655 erunt!

481 4705 527 4749 et
571 4704 831 4764 tamquam
857 4710 991 4746 unus
1023 4693 1087 4745 de
1126 4689 1444 4760 principibus
1488 4690 1681 4745 cadetis
1722 4689 1859 4765 (Ps.
1893 4705 2080 4759 Lxxxt,

482 4784 539 4854 6,
568 4787 649 4858 7),
674 4786 742 4842 ad
769 4799 864 4841 eus
890 4786 1088 4840 dicitur
1113 4784 1202 4854 qui
1234 4793 1454 4853 prepter
1478 4792 1698 4853 peccata
1741 4786 1986 4840 homines
2012 4800 2082 4841 ex

485 4879 592 4934 diis
621 4893 744 4933 esse
774 4884 1112 4932 meruerunt.
1158 4874 1325 4931 Recte
1355 4890 1486 4946 ergo
1508 4886 1563 4931 et
1591 4877 1643 4930 hi
1675 4877 1869 4947 quibus
1894 4894 2087 4949 pecca-

484 4979 540 5024 ta
566 4968 934 5033 dimittuntur,
966 4966 1217 5023 homines
1246 4968 1507 5037 appellati
1538 4976 1681 5023 sunt.

557 5065 741 5137 (Vers.
768 5062 883 5136 16.)
915 5062 1272 5119 Εωιετηιῐηαηι
1302 5065 1439 5118 enim
1462 5066 1623 5135 facies
1644 5082 1804 5132 θυαε,
1836 5076 1891 5120 ut
1922 5083 2082 5139 appa‘

558 5217 582 5244 οι
619 5206 674 5259 In
708 5221 839 5261 mss.
871 5204 1109 5278 Sogolla,
1130 5205 1276 5278 quod
1309 5205 1437 5260 etin
1462 5204 1872 5278 commentariis
1906 5205 1957 5259 in
1982 5205 2092 5261 Ma-

484 5279 741 5345 lachiam,
770 5293 891 5347 cap.
924 5276 1003 5345 tit,
1028 5278 1082 5331 in
1118 5277 1226 5333 line
1249 5278 1580 5332 monuimus.
1617 5276 1816 5331 lieCole
1840 5293 1962 5332 eum
2009 5279 2092 5333 lo-

490 5366 636 5413 cum,
670 5350 716 5404 si
750 5350 918 5403 lubet.

561 5421 590 5461 ι)
625 5423 741 5477 Duo
770 5436 926 5487 mss.,
955 5420 1127 5485 Moar,
1161 5419 1250 5473 alii
1278 5419 1449 5474 Maar.
1482 5420 1771 5487 Repererit
1808 5435 1939 5474 vero
1965 5418 2089 5474 llie-

487 5508 749 5563 ronymus
778 5493 833 5548 in
860 5509 924 5549 eo
967 5492 1264 5559 EVangelio
1294 5499 1459 5551 enm
1488 5489 1739 5556 Damhar,
1775 5501 1870 5546 aut
1901 5489 2089 5546 Dama-

493 5566 613 5631 Itar,
643 5565 909 5635 siquidem
953 5564 1005 5620 itl
1053 5563 1195 5633 quod
1239 5564 1521 5635 crastinum
1551 5563 1960 5632 interpretatur,
2000 5563 2085 5617 in-

492 5640 640 5693 venit
674 5634 1046 5693 :Vecontrario
1077 5636 1219 5691 enim
1257 5634 1445 5689 Malmr
1473 5635 1734 5692 llebraicc
1774 5645 1927 5703 1m,
1973 5651 2087 5689 cras

491 5741 703 5788 tantum
746 5741 927 5799 sonat,
966 5748 1087 5788 cum
1134 5730 1365 5787 articulo
1400 5740 1579 5787 autem
1609 5731 1914 5798 crastinum,
1942 5714 2088 5820 prb

490 5836 655 5889 arma
682 5842 865 5898 panem
894 5837 1127 5885 nostrum
1156 5826 1463 5883 crastinum.
1482 5826 1575 5883 Est
1607 5841 1740 5883 vero
1771 5827 1862 5883 ille
1886 5826 2088 5882 articu-

2187 4697 2245 4754 Si
2275 4713 2466 4751 sensus
2490 4698 2578 4765 qui
2603 4696 2783 4750 lumen
2814 4704 2891 4749 est
2910 4739 2923 4764 ,
2949 4696 3147 4749 anima.-
3174 4693 3309 4747 vitio
3330 4692 3611 4763 caligatur,
3648 4692 3799 4764 ipsa,

2186 4799 2368 4862 putas,
2404 4791 2576 4860 caligo
2609 4790 2804 4859 quibus
2834 4789 3074 4845 tenebris
3101 4786 3463 4842 obvolveturl

2262 4884 2446 4958 (Vers.
2473 4884 2596 4953 24.)
2630 4882 2752 4939 Νοη
2783 4884 2991 4954 potestis
3021 4880 3131 4936 Deo
3162 4882 3353 4935 seruire
3378 4889 3425 4934 et
3454 4896 3798 4937 mammona.

2193 4978 2499 5033 Mammona
2538 4990 2796 5033 sermone
2865 4974 3089 5046 Syriaco
3133 4974 3341 5029 divitia:
3384 4982 3799 5042 nuncupantur.

2201 5070 2323 5125 Non
2365 5070 2574 5141 potestis
2606 5066 2713 5123 Deo
2754 5068 2939 5122 seruire
2980 5075 3030 5121 et
3061 5081 3387 5121 mammona}.
3441 5064 3638 5119 Audiat
3690 5065 3805 5123 hoc

2196 5207 2281 5263 lus
2308 5218 2341 5266 ’τ
2369 5222 2476 5263 non
2506 5205 2769 5273 Hebraeis,
2801 5203 2896 5262 sed
2936 5200 3208 5257 Chaldaeis
3233 5199 3491 5272 Syrisque
3528 5214 3805 5273 uernacu-

2196 5279 2282 5334 lus
2319 5297 2331 5336 :
2361 5296 2428 5334 ex
2457 5295 2567 5347 quo
2594 5270 2809 5333 rursum
2851 5275 3100 5345 colligas,
3145 5270 3469 5347 quamquam
3522 5270 3806 5347 Hierony-

2196 5368 2316 5406 mus
2344 5344 2596 5406 absolute
2634 5349 2779 5403 dicat
2821 5344 3084 5403 Hebraice
3131 5347 3388 5407 scriptum
3436 5344 3802 5407 Evangelium

2195 5423 2349 5486 illud,
2380 5438 2487 5476 non
2521 5420 2786 5477 llebraico
2809 5434 3081 5484 sermone,
3111 5419 3204 5473 sed
3229 5415 3801 5487 Chaldaicn,Syrove,

2186 5504 2283 5549 aut
2330 5494 2585 5549 Chaldaeo
2626 5492 3105 5566 ierosolymitane,
3151 5488 3538 5558 llebraicisque
3579 5496 3805 5547 tantum

2194 5566 2390 5622 litteris
2423 5568 2811 5633 conscriptum.

2274 5650 2296 5677 ε
2321 5637 2472 5693 Unus
2498 5638 2795 5702 Palatinus,
2830 5637 2891 5693 Si
2917 5638 3014 5692 hoc
3038 5637 3177 5708 quod
3196 5636 3445 5708 scriptum
3467 5641 3561 5708 est.

2267 5709 2293 5747 ἀ
2314 5708 2450 5767 Tres
2472 5709 2701 5767 Palatini
2727 5708 2966 5778 codices,
3001 5704 3114 5765 oleo
3142 5704 3544 5765 euultationis..
