  <div class='ocr_page' id='page_1' title='image "/cluster/home/n/w/nwhite01/storage/ocr_20150623/26/hvd.32044015471402/028.png"; bbox 0 0 4004 6332; ppageno 0'>
   <div class='ocr_carea' id='block_1_1' title="bbox 212 329 2978 399">
    <p class='ocr_par' dir='ltr' id='par_1_1' title="bbox 212 329 2978 399">
     <span class='ocr_line' id='line_1_1' title="bbox 212 329 2978 399; baseline 0.002 -10"><span class='ocrx_word' id='word_1_1' title='bbox 212 329 269 389; x_wconf 67' lang='lat' dir='ltr'><strong>l5</strong></span> <span class='ocrx_word' id='word_1_2' title='bbox 755 332 1403 396; x_wconf 78' lang='lat' dir='ltr'><strong>COMMENTARIORUM</strong></span> <span class='ocrx_word' id='word_1_3' title='bbox 1440 334 1508 394; x_wconf 84' lang='lat' dir='ltr'><strong>IN</strong></span> <span class='ocrx_word' id='word_1_4' title='bbox 1546 330 1996 393; x_wconf 73' lang='lat' dir='ltr'><strong>EVANGELIUM</strong></span> <span class='ocrx_word' id='word_1_5' title='bbox 2036 336 2372 396; x_wconf 70' lang='grc' dir='ltr'><strong>ΜΑΤἸἨᾹΞΙ</strong></span> <span class='ocrx_word' id='word_1_6' title='bbox 2410 334 2544 397; x_wconf 79' lang='lat' dir='ltr'><strong>LIB.</strong></span> <span class='ocrx_word' id='word_1_7' title='bbox 2581 338 2623 398; x_wconf 92' lang='lat' dir='ltr'><strong>l.</strong></span> <span class='ocrx_word' id='word_1_8' title='bbox 2663 340 2818 399; x_wconf 76' lang='lat' dir='ltr'><strong>CAP.</strong></span> <span class='ocrx_word' id='word_1_9' title='bbox 2860 340 2978 398; x_wconf 81' lang='lat' dir='ltr'><strong>Vll.</strong></span> 
     </span>
    </p>
   </div>
   <div class='ocr_carea' id='block_1_2' title="bbox 3447 336 3518 395">
    <p class='ocr_par' dir='ltr' id='par_1_2' title="bbox 3447 336 3518 395">
     <span class='ocr_line' id='line_1_2' title="bbox 3447 336 3518 395; baseline 0 0"><span class='ocrx_word' id='word_1_10' title='bbox 3447 336 3518 395; x_wconf 69' lang='grc' dir='ltr'><strong>ιο</strong></span> 
     </span>
    </p>
   </div>
   <div class='ocr_carea' id='block_1_3' title="bbox 222 447 3518 530">
    <p class='ocr_par' dir='ltr' id='par_1_3' title="bbox 222 447 3518 530">
     <span class='ocr_line' id='line_1_3' title="bbox 222 447 3518 530; baseline 0.003 -29"><span class='ocrx_word' id='word_1_11' title='bbox 222 461 410 513; x_wconf 74' lang='lat' dir='ltr'><strong>avams,</strong></span> <span class='ocrx_word' id='word_1_12' title='bbox 446 447 650 505; x_wconf 78' lang='lat' dir='ltr'><strong>audiat</strong></span> <span class='ocrx_word' id='word_1_13' title='bbox 675 454 771 523; x_wconf 99' lang='lat' dir='ltr'><strong>qui</strong></span> <span class='ocrx_word' id='word_1_14' title='bbox 799 463 1053 510; x_wconf 92' lang='lat' dir='ltr'><strong>censetur</strong></span> <span class='ocrx_word' id='word_1_15' title='bbox 1081 453 1344 510; x_wconf 85' lang='lat' dir='ltr'><strong>vocabulo</strong></span> <span class='ocrx_word' id='word_1_16' title='bbox 1360 452 1676 509; x_wconf 86' lang='lat' dir='ltr'><strong>Christiano</strong></span> <span class='ocrx_word' id='word_1_17' title='bbox 1702 469 1811 509; x_wconf 88' lang='lat' dir='ltr'><strong>non</strong></span> <span class='ocrx_word' id='word_1_18' title='bbox 1841 451 1886 512; x_wconf 79' lang='grc' dir='ltr'><strong>Α</strong></span> <span class='ocrx_word' id='word_1_19' title='bbox 1917 453 2163 523; x_wconf 78' lang='lat' dir='ltr'><strong>quoniam</strong></span> <span class='ocrx_word' id='word_1_20' title='bbox 2186 472 2277 510; x_wconf 83' lang='lat' dir='ltr'><strong>nec</strong></span> <span class='ocrx_word' id='word_1_21' title='bbox 2300 456 2552 513; x_wconf 83' lang='lat' dir='ltr'><strong>Salomon</strong></span> <span class='ocrx_word' id='word_1_22' title='bbox 2575 457 2627 511; x_wconf 86' lang='lat' dir='ltr'><strong>in</strong></span> <span class='ocrx_word' id='word_1_23' title='bbox 2648 458 2790 512; x_wconf 81' lang='lat' dir='ltr'><strong>omni</strong></span> <span class='ocrx_word' id='word_1_24' title='bbox 2813 457 2986 529; x_wconf 79' lang='lat' dir='ltr'><strong>gtoria</strong></span> <span class='ocrx_word' id='word_1_25' title='bbox 3004 471 3099 511; x_wconf 77' lang='lat' dir='ltr'><strong>sua</strong></span> <span class='ocrx_word' id='word_1_26' title='bbox 3118 463 3392 530; x_wconf 83' lang='lat' dir='ltr'><strong>coopertus</strong></span> <span class='ocrx_word' id='word_1_27' title='bbox 3419 471 3518 525; x_wconf 86' lang='lat' dir='ltr'><strong>est,</strong></span> 
     </span>
    </p>
   </div>
   <div class='ocr_carea' id='block_1_4' title="bbox 229 543 1811 620">
    <p class='ocr_par' dir='ltr' id='par_1_4' title="bbox 229 543 1811 620">
     <span class='ocr_line' id='line_1_4' title="bbox 229 543 1811 620; baseline 0.003 -24"><span class='ocrx_word' id='word_1_28' title='bbox 229 557 360 613; x_wconf 71' lang='lat' dir='ltr'><strong>pos=e</strong></span> <span class='ocrx_word' id='word_1_29' title='bbox 384 560 446 599; x_wconf 58' lang='lat' dir='ltr'><strong>se</strong></span> <span class='ocrx_word' id='word_1_30' title='bbox 472 543 650 601; x_wconf 83' lang='lat' dir='ltr'><strong>simul</strong></span> <span class='ocrx_word' id='word_1_31' title='bbox 674 546 887 602; x_wconf 77' lang='lat' dir='ltr'><strong>divitiis</strong></span> <span class='ocrx_word' id='word_1_32' title='bbox 918 548 1239 620; x_wconf 70' lang='lat' dir='ltr'><strong>Christoque</strong></span> <span class='ocrx_word' id='word_1_33' title='bbox 1266 547 1492 604; x_wconf 76' lang='lat' dir='ltr'><strong>servire.</strong></span> <span class='ocrx_word' id='word_1_34' title='bbox 1538 547 1606 602; x_wconf 84' lang='lat' dir='ltr'><strong>Et</strong></span> <span class='ocrx_word' id='word_1_35' title='bbox 1632 556 1811 604; x_wconf 88' lang='lat' dir='ltr'><strong>tamen</strong></span> 
     </span>
    </p>
   </div>
   <div class='ocr_carea' id='block_1_5' title="bbox 230 633 1810 711">
    <p class='ocr_par' dir='ltr' id='par_1_5' title="bbox 230 633 1810 711">
     <span class='ocr_line' id='line_1_5' title="bbox 230 633 1810 711; baseline 0.002 -20"><span class='ocrx_word' id='word_1_36' title='bbox 230 649 312 691; x_wconf 85' lang='lat' dir='ltr'><strong>non</strong></span> <span class='ocrx_word' id='word_1_37' title='bbox 336 633 500 703; x_wconf 81' lang='lat' dir='ltr'><strong>dixit,</strong></span> <span class='ocrx_word' id='word_1_38' title='bbox 522 637 621 706; x_wconf 88' lang='lat' dir='ltr'><strong>qui</strong></span> <span class='ocrx_word' id='word_1_39' title='bbox 654 637 825 695; x_wconf 85' lang='lat' dir='ltr'><strong>habet</strong></span> <span class='ocrx_word' id='word_1_40' title='bbox 850 638 1084 709; x_wconf 75' lang='lat' dir='ltr'><strong>divitias,</strong></span> <span class='ocrx_word' id='word_1_41' title='bbox 1134 641 1232 696; x_wconf 89' lang='lat' dir='ltr'><strong>sed</strong></span> <span class='ocrx_word' id='word_1_42' title='bbox 1273 640 1362 711; x_wconf 88' lang='lat' dir='ltr'><strong>qui</strong></span> <span class='ocrx_word' id='word_1_43' title='bbox 1387 639 1563 695; x_wconf 89' lang='lat' dir='ltr'><strong>servit</strong></span> <span class='ocrx_word' id='word_1_44' title='bbox 1586 639 1810 696; x_wconf 75' lang='lat' dir='ltr'><strong>divitiis.</strong></span> 
     </span>
    </p>
   </div>
   <div class='ocr_carea' id='block_1_6' title="bbox 180 727 1816 801">
    <p class='ocr_par' dir='ltr' id='par_1_6' title="bbox 180 727 1816 801">
     <span class='ocr_line' id='line_1_6' title="bbox 180 727 1816 801; baseline 0.002 -18"><span class='ocrx_word' id='word_1_45' title='bbox 180 760 193 775; x_wconf 69' lang='grc' dir='ltr'><strong><em>ο</em></strong></span> <span class='ocrx_word' id='word_1_46' title='bbox 230 727 311 798; x_wconf 80' lang='lat' dir='ltr'><strong>Qui</strong></span> <span class='ocrx_word' id='word_1_47' title='bbox 334 727 486 784; x_wconf 85' lang='lat' dir='ltr'><strong>enim</strong></span> <span class='ocrx_word' id='word_1_48' title='bbox 516 729 841 787; x_wconf 78' lang='lat' dir='ltr'><strong>divitiarum</strong></span> <span class='ocrx_word' id='word_1_49' title='bbox 872 746 1063 789; x_wconf 82' lang='lat' dir='ltr'><strong>servus</strong></span> <span class='ocrx_word' id='word_1_50' title='bbox 1079 740 1185 800; x_wconf 88' lang='lat' dir='ltr'><strong>est,</strong></span> <span class='ocrx_word' id='word_1_51' title='bbox 1215 732 1435 788; x_wconf 79' lang='lat' dir='ltr'><strong>divitias</strong></span> <span class='ocrx_word' id='word_1_52' title='bbox 1464 732 1722 801; x_wconf 83' lang='lat' dir='ltr'><strong>custodit,</strong></span> <span class='ocrx_word' id='word_1_53' title='bbox 1757 740 1816 787; x_wconf 91' lang='lat' dir='ltr'><strong>ut</strong></span> 
     </span>
    </p>
   </div>
   <div class='ocr_carea' id='block_1_7' title="bbox 231 821 1813 899">
    <p class='ocr_par' dir='ltr' id='par_1_7' title="bbox 231 821 1813 899">
     <span class='ocr_line' id='line_1_7' title="bbox 231 821 1813 899; baseline 0.003 -22"><span class='ocrx_word' id='word_1_54' title='bbox 231 836 429 885; x_wconf 81' lang='lat' dir='ltr'><strong>servus;</strong></span> <span class='ocrx_word' id='word_1_55' title='bbox 463 821 562 893; x_wconf 80' lang='lat' dir='ltr'><strong>qui</strong></span> <span class='ocrx_word' id='word_1_56' title='bbox 592 834 779 879; x_wconf 82' lang='lat' dir='ltr'><strong>autem</strong></span> <span class='ocrx_word' id='word_1_57' title='bbox 807 825 1092 883; x_wconf 85' lang='lat' dir='ltr'><strong>servitutis</strong></span> <span class='ocrx_word' id='word_1_58' title='bbox 1120 827 1360 883; x_wconf 76' lang='lat' dir='ltr'><strong>excussit</strong></span> <span class='ocrx_word' id='word_1_59' title='bbox 1383 826 1595 899; x_wconf 75' lang='lat' dir='ltr'><strong>iugum,</strong></span> <span class='ocrx_word' id='word_1_60' title='bbox 1629 825 1813 883; x_wconf 66' lang='lat' dir='ltr'><strong>distrio</strong></span> 
     </span>
    </p>
   </div>
   <div class='ocr_carea' id='block_1_8' title="bbox 228 913 861 981">
    <p class='ocr_par' dir='ltr' id='par_1_8' title="bbox 228 913 861 981">
     <span class='ocr_line' id='line_1_8' title="bbox 228 913 861 981; baseline 0.002 -10"><span class='ocrx_word' id='word_1_61' title='bbox 228 913 323 971; x_wconf 84' lang='lat' dir='ltr'><strong>buit</strong></span> <span class='ocrx_word' id='word_1_62' title='bbox 346 929 463 981; x_wconf 85' lang='lat' dir='ltr'><strong>eas,</strong></span> <span class='ocrx_word' id='word_1_63' title='bbox 489 926 551 971; x_wconf 89' lang='lat' dir='ltr'><strong>ut</strong></span> <span class='ocrx_word' id='word_1_64' title='bbox 579 916 861 974; x_wconf 82' lang='lat' dir='ltr'><strong>dominus.</strong></span> 
     </span>
    </p>
   </div>
   <div class='ocr_carea' id='block_1_9' title="bbox 285 1009 1815 1087">
    <p class='ocr_par' dir='ltr' id='par_1_9' title="bbox 285 1009 1815 1087">
     <span class='ocr_line' id='line_1_9' title="bbox 285 1009 1815 1087; baseline 0.003 -22"><span class='ocrx_word' id='word_1_65' title='bbox 285 1009 464 1079; x_wconf 74' lang='lat' dir='ltr'><strong>(Vera.</strong></span> <span class='ocrx_word' id='word_1_66' title='bbox 494 1011 617 1083; x_wconf 62' lang='lat'><strong>‘15.)</strong></span> <span class='ocrx_word' id='word_1_67' title='bbox 650 1010 785 1067; x_wconf 79' lang='lat' dir='ltr'><strong>Ideo</strong></span> <span class='ocrx_word' id='word_1_68' title='bbox 813 1013 929 1068; x_wconf 84' lang='lat' dir='ltr'><strong>dico</strong></span> <span class='ocrx_word' id='word_1_69' title='bbox 960 1012 1102 1070; x_wconf 74' lang='lat' dir='ltr'><strong>vobis</strong></span> <span class='ocrx_word' id='word_1_70' title='bbox 1134 1029 1155 1070; x_wconf 89' lang='lat'><strong><em>:</em></strong></span> <span class='ocrx_word' id='word_1_71' title='bbox 1185 1012 1270 1070; x_wconf 84' lang='lat' dir='ltr'><strong>Ne</strong></span> <span class='ocrx_word' id='word_1_72' title='bbox 1307 1013 1518 1070; x_wconf 71' lang='lat' dir='ltr'><strong>solliciti</strong></span> <span class='ocrx_word' id='word_1_73' title='bbox 1560 1016 1672 1087; x_wconf 76' lang='lat' dir='ltr'><strong>sitis</strong></span> <span class='ocrx_word' id='word_1_74' title='bbox 1698 1015 1815 1069; x_wconf 87' lang='lat' dir='ltr'><strong>ani-</strong></span> 
     </span>
    </p>
   </div>
   <div class='ocr_carea' id='block_1_10' title="bbox 223 1104 1815 1179">
    <p class='ocr_par' dir='ltr' id='par_1_10' title="bbox 223 1104 1815 1179">
     <span class='ocr_line' id='line_1_10' title="bbox 223 1104 1815 1179; baseline 0.002 -20"><span class='ocrx_word' id='word_1_75' title='bbox 223 1119 307 1159; x_wconf 75' lang='lat' dir='ltr'><strong>mo:</strong></span> <span class='ocrx_word' id='word_1_76' title='bbox 333 1114 536 1171; x_wconf 65' lang='lat' dir='ltr'><strong>vestra,</strong></span> <span class='ocrx_word' id='word_1_77' title='bbox 556 1104 687 1175; x_wconf 83' lang='lat' dir='ltr'><strong>quid</strong></span> <span class='ocrx_word' id='word_1_78' title='bbox 714 1105 1053 1171; x_wconf 75' lang='lat' dir='ltr'><strong>manducetis,</strong></span> <span class='ocrx_word' id='word_1_79' title='bbox 1081 1124 1241 1179; x_wconf 78' lang='lat' dir='ltr'><strong>neque</strong></span> <span class='ocrx_word' id='word_1_80' title='bbox 1260 1108 1468 1178; x_wconf 80' lang='lat' dir='ltr'><strong>corpori</strong></span> <span class='ocrx_word' id='word_1_81' title='bbox 1496 1115 1663 1162; x_wconf 84' lang='lat' dir='ltr'><strong>restro</strong></span> <span class='ocrx_word' id='word_1_82' title='bbox 1690 1107 1815 1179; x_wconf 83' lang='lat' dir='ltr'><strong>quid</strong></span> 
     </span>
    </p>
   </div>
   <div class='ocr_carea' id='block_1_11' title="bbox 220 1195 1813 1257">
    <p class='ocr_par' dir='ltr' id='par_1_11' title="bbox 220 1195 1813 1257">
     <span class='ocr_line' id='line_1_11' title="bbox 220 1195 1813 1257; baseline 0.004 -9"><span class='ocrx_word' id='word_1_83' title='bbox 220 1195 523 1252; x_wconf 75' lang='lat' dir='ltr'><strong>induamini.</strong></span> <span class='ocrx_word' id='word_1_84' title='bbox 564 1197 623 1253; x_wconf 89' lang='lat' dir='ltr'><strong>In</strong></span> <span class='ocrx_word' id='word_1_85' title='bbox 658 1199 931 1255; x_wconf 87' lang='lat' dir='ltr'><strong>nonnullis</strong></span> <span class='ocrx_word' id='word_1_86' title='bbox 958 1199 1239 1256; x_wconf 81' lang='lat' dir='ltr'><strong>codicibus</strong></span> <span class='ocrx_word' id='word_1_87' title='bbox 1270 1201 1512 1256; x_wconf 85' lang='lat' dir='ltr'><strong>additum</strong></span> <span class='ocrx_word' id='word_1_88' title='bbox 1544 1210 1628 1257; x_wconf 83' lang='lat' dir='ltr'><strong>est</strong></span> <span class='ocrx_word' id='word_1_89' title='bbox 1658 1218 1673 1255; x_wconf 91' lang='lat'>:</span> <span class='ocrx_word' id='word_1_90' title='bbox 1717 1210 1813 1255; x_wconf 83' lang='lat' dir='ltr'><strong>ne-</strong></span> 
     </span>
    </p>
   </div>
   <div class='ocr_carea' id='block_1_12' title="bbox 220 1290 1811 1363">
    <p class='ocr_par' dir='ltr' id='par_1_12' title="bbox 220 1290 1811 1363">
     <span class='ocr_line' id='line_1_12' title="bbox 220 1290 1811 1363; baseline 0.003 -21"><span class='ocrx_word' id='word_1_91' title='bbox 220 1305 305 1358; x_wconf 78' lang='lat' dir='ltr'><strong>que</strong></span> <span class='ocrx_word' id='word_1_92' title='bbox 332 1290 459 1361; x_wconf 81' lang='lat' dir='ltr'><strong>quid</strong></span> <span class='ocrx_word' id='word_1_93' title='bbox 495 1290 704 1347; x_wconf 79' lang='lat' dir='ltr'><strong>bibatis.</strong></span> <span class='ocrx_word' id='word_1_94' title='bbox 739 1291 882 1360; x_wconf 82' lang='lat' dir='ltr'><strong>Ergo</strong></span> <span class='ocrx_word' id='word_1_95' title='bbox 909 1293 1056 1363; x_wconf 87' lang='lat' dir='ltr'><strong>quod</strong></span> <span class='ocrx_word' id='word_1_96' title='bbox 1092 1305 1287 1349; x_wconf 84' lang='lat' dir='ltr'><strong>natura</strong></span> <span class='ocrx_word' id='word_1_97' title='bbox 1319 1293 1571 1350; x_wconf 82' lang='lat' dir='ltr'><strong>omnibus</strong></span> <span class='ocrx_word' id='word_1_98' title='bbox 1602 1293 1811 1359; x_wconf 80' lang='lat' dir='ltr'><strong>tribuit,</strong></span> 
     </span>
    </p>
   </div>
   <div class='ocr_carea' id='block_1_13' title="bbox 219 1382 1810 1459">
    <p class='ocr_par' dir='ltr' id='par_1_13' title="bbox 219 1382 1810 1459">
     <span class='ocr_line' id='line_1_13' title="bbox 219 1382 1810 1459; baseline 0.001 -19"><span class='ocrx_word' id='word_1_99' title='bbox 219 1392 271 1440; x_wconf 89' lang='lat' dir='ltr'><strong>et</strong></span> <span class='ocrx_word' id='word_1_100' title='bbox 301 1382 570 1453; x_wconf 76' lang='lat' dir='ltr'><strong>iumentis</strong></span> <span class='ocrx_word' id='word_1_101' title='bbox 596 1400 662 1441; x_wconf 83' lang='lat' dir='ltr'><strong>ac</strong></span> <span class='ocrx_word' id='word_1_102' title='bbox 694 1385 882 1442; x_wconf 79' lang='lat' dir='ltr'><strong>bestiis</strong></span> <span class='ocrx_word' id='word_1_103' title='bbox 912 1385 1337 1459; x_wconf 75' lang='lat' dir='ltr'><strong>hominibusque</strong></span> <span class='ocrx_word' id='word_1_104' title='bbox 1364 1403 1658 1443; x_wconf 82' lang='lat' dir='ltr'><strong>commune</strong></span> <span class='ocrx_word' id='word_1_105' title='bbox 1705 1396 1810 1453; x_wconf 82' lang='lat' dir='ltr'><strong>est,</strong></span> 
     </span>
    </p>
   </div>
   <div class='ocr_carea' id='block_1_14' title="bbox 219 1472 1814 1553">
    <p class='ocr_par' dir='ltr' id='par_1_14' title="bbox 219 1472 1814 1553">
     <span class='ocr_line' id='line_1_14' title="bbox 219 1472 1814 1553; baseline 0.002 -20"><span class='ocrx_word' id='word_1_106' title='bbox 219 1472 368 1545; x_wconf 71' lang='lat' dir='ltr'><strong>huius</strong></span> <span class='ocrx_word' id='word_1_107' title='bbox 397 1492 531 1533; x_wconf 63' lang='lat' dir='ltr'><strong>cura</strong></span> <span class='ocrx_word' id='word_1_108' title='bbox 563 1486 589 1517; x_wconf 72' lang='grc'><strong>⁸</strong></span> <span class='ocrx_word' id='word_1_109' title='bbox 623 1482 839 1547; x_wconf 80' lang='lat' dir='ltr'><strong>penitus</strong></span> <span class='ocrx_word' id='word_1_110' title='bbox 864 1478 1184 1537; x_wconf 80' lang='lat' dir='ltr'><strong>liberamur.</strong></span> <span class='ocrx_word' id='word_1_111' title='bbox 1216 1481 1322 1537; x_wconf 86' lang='lat' dir='ltr'><strong>Sed</strong></span> <span class='ocrx_word' id='word_1_112' title='bbox 1358 1480 1671 1553; x_wconf 62' lang='lat' dir='ltr'><strong>precipitur</strong></span> <span class='ocrx_word' id='word_1_113' title='bbox 1702 1496 1814 1536; x_wconf 89' lang='lat' dir='ltr'><strong>no-</strong></span> 
     </span>
    </p>
   </div>
   <div class='ocr_carea' id='block_1_15' title="bbox 217 1567 1813 1645">
    <p class='ocr_par' dir='ltr' id='par_1_15' title="bbox 217 1567 1813 1645">
     <span class='ocr_line' id='line_1_15' title="bbox 217 1567 1813 1645; baseline 0.002 -19"><span class='ocrx_word' id='word_1_114' title='bbox 217 1567 294 1626; x_wconf 84' lang='lat' dir='ltr'><strong>bis</strong></span> <span class='ocrx_word' id='word_1_115' title='bbox 316 1585 387 1627; x_wconf 77' lang='lat' dir='ltr'><strong>ne</strong></span> <span class='ocrx_word' id='word_1_116' title='bbox 416 1571 638 1627; x_wconf 77' lang='lat' dir='ltr'><strong>solliciti</strong></span> <span class='ocrx_word' id='word_1_117' title='bbox 676 1572 855 1628; x_wconf 84' lang='lat' dir='ltr'><strong>simus</strong></span> <span class='ocrx_word' id='word_1_118' title='bbox 879 1572 1007 1643; x_wconf 86' lang='lat' dir='ltr'><strong>quid</strong></span> <span class='ocrx_word' id='word_1_119' title='bbox 1056 1572 1408 1630; x_wconf 81' lang='lat' dir='ltr'><strong>comedamus</strong></span> <span class='ocrx_word' id='word_1_120' title='bbox 1438 1591 1451 1628; x_wconf 90' lang='lat'><strong>:</strong></span> <span class='ocrx_word' id='word_1_121' title='bbox 1482 1574 1610 1645; x_wconf 86' lang='lat' dir='ltr'><strong>quia</strong></span> <span class='ocrx_word' id='word_1_122' title='bbox 1640 1574 1692 1629; x_wconf 91' lang='lat' dir='ltr'><strong>in</strong></span> <span class='ocrx_word' id='word_1_123' title='bbox 1726 1590 1813 1629; x_wconf 78' lang='lat' dir='ltr'><strong>su-</strong></span> 
     </span>
    </p>
   </div>
   <div class='ocr_carea' id='block_1_16' title="bbox 218 1660 1811 1739">
    <p class='ocr_par' dir='ltr' id='par_1_16' title="bbox 218 1660 1811 1739">
     <span class='ocr_line' id='line_1_16' title="bbox 218 1660 1811 1739; baseline 0.003 -20"><span class='ocrx_word' id='word_1_124' title='bbox 218 1660 338 1721; x_wconf 85' lang='lat' dir='ltr'><strong>dore</strong></span> <span class='ocrx_word' id='word_1_125' title='bbox 366 1666 552 1721; x_wconf 79' lang='lat' dir='ltr'><strong>vultus</strong></span> <span class='ocrx_word' id='word_1_126' title='bbox 580 1681 950 1737; x_wconf 70' lang='lat' dir='ltr'><strong>praeparatum</strong></span> <span class='ocrx_word' id='word_1_127' title='bbox 977 1669 1133 1724; x_wconf 83' lang='lat' dir='ltr'><strong>nobis</strong></span> <span class='ocrx_word' id='word_1_128' title='bbox 1163 1683 1381 1739; x_wconf 83' lang='lat' dir='ltr'><strong>panem.</strong></span> <span class='ocrx_word' id='word_1_129' title='bbox 1428 1668 1610 1724; x_wconf 85' lang='lat' dir='ltr'><strong>Labor</strong></span> <span class='ocrx_word' id='word_1_130' title='bbox 1654 1685 1811 1725; x_wconf 50' lang='lat' dir='ltr'><strong>eset.</strong></span> 
     </span>
    </p>
   </div>
   <div class='ocr_carea' id='block_1_17' title="bbox 219 1756 1811 1833">
    <p class='ocr_par' dir='ltr' id='par_1_17' title="bbox 219 1756 1811 1833">
     <span class='ocr_line' id='line_1_17' title="bbox 219 1756 1811 1833; baseline 0.001 -18"><span class='ocrx_word' id='word_1_131' title='bbox 219 1756 410 1815; x_wconf 63' lang='lat' dir='ltr'><strong>centius</strong></span> <span class='ocrx_word' id='word_1_132' title='bbox 437 1766 552 1826; x_wconf 61' lang='lat' dir='ltr'><strong>est,</strong></span> <span class='ocrx_word' id='word_1_133' title='bbox 590 1759 903 1817; x_wconf 83' lang='lat' dir='ltr'><strong>sollicitudo</strong></span> <span class='ocrx_word' id='word_1_134' title='bbox 951 1762 1208 1818; x_wconf 84' lang='lat' dir='ltr'><strong>tollenda.</strong></span> <span class='ocrx_word' id='word_1_135' title='bbox 1254 1763 1370 1818; x_wconf 82' lang='lat' dir='ltr'><strong>Hoc</strong></span> <span class='ocrx_word' id='word_1_136' title='bbox 1400 1762 1542 1833; x_wconf 87' lang='lat' dir='ltr'><strong>quod</strong></span> <span class='ocrx_word' id='word_1_137' title='bbox 1571 1761 1811 1819; x_wconf 89' lang='lat' dir='ltr'><strong>dicitur:</strong></span> 
     </span>
    </p>
   </div>
   <div class='ocr_carea' id='block_1_18' title="bbox 1918 549 3520 623">
    <p class='ocr_par' dir='ltr' id='par_1_18' title="bbox 1918 549 3520 623">
     <span class='ocr_line' id='line_1_18' title="bbox 1918 549 3520 623; baseline 0.003 -20"><span class='ocrx_word' id='word_1_138' title='bbox 1918 549 2050 603; x_wconf 86' lang='lat' dir='ltr'><strong>sicut</strong></span> <span class='ocrx_word' id='word_1_139' title='bbox 2096 566 2258 604; x_wconf 81' lang='lat' dir='ltr'><strong>unum</strong></span> <span class='ocrx_word' id='word_1_140' title='bbox 2302 567 2367 606; x_wconf 77' lang='lat' dir='ltr'><strong>ea:</strong></span> <span class='ocrx_word' id='word_1_141' title='bbox 2406 552 2539 607; x_wconf 85' lang='lat' dir='ltr'><strong>istis.</strong></span> <span class='ocrx_word' id='word_1_142' title='bbox 2589 551 2653 606; x_wconf 82' lang='lat' dir='ltr'><strong>Si</strong></span> <span class='ocrx_word' id='word_1_143' title='bbox 2702 554 2838 607; x_wconf 87' lang='lat' dir='ltr'><strong>enim</strong></span> <span class='ocrx_word' id='word_1_144' title='bbox 2864 552 3037 622; x_wconf 81' lang='lat' dir='ltr'><strong>fenum</strong></span> <span class='ocrx_word' id='word_1_145' title='bbox 3059 557 3173 623; x_wconf 80' lang='lat' dir='ltr'><strong>agri</strong></span> <span class='ocrx_word' id='word_1_146' title='bbox 3201 553 3339 623; x_wconf 80' lang='lat' dir='ltr'><strong>quod</strong></span> <span class='ocrx_word' id='word_1_147' title='bbox 3363 552 3520 608; x_wconf 81' lang='lat' dir='ltr'><strong>hodie</strong></span> 
     </span>
    </p>
   </div>
   <div class='ocr_carea' id='block_1_19' title="bbox 1917 642 3519 713">
    <p class='ocr_par' dir='ltr' id='par_1_19' title="bbox 1917 642 3519 713">
     <span class='ocr_line' id='line_1_19' title="bbox 1917 642 3519 713; baseline 0.003 -17"><span class='ocrx_word' id='word_1_148' title='bbox 1917 650 2011 708; x_wconf 67' lang='lat' dir='ltr'><strong>est,</strong></span> <span class='ocrx_word' id='word_1_149' title='bbox 2065 652 2111 697; x_wconf 89' lang='lat' dir='ltr'><strong>et</strong></span> <span class='ocrx_word' id='word_1_150' title='bbox 2156 659 2271 698; x_wconf 85' lang='lat' dir='ltr'><strong>cras</strong></span> <span class='ocrx_word' id='word_1_151' title='bbox 2316 644 2369 698; x_wconf 88' lang='lat' dir='ltr'><strong>in</strong></span> <span class='ocrx_word' id='word_1_152' title='bbox 2415 644 2678 700; x_wconf 80' lang='lat' dir='ltr'><strong>clibanum</strong></span> <span class='ocrx_word' id='word_1_153' title='bbox 2715 645 2966 713; x_wconf 75' lang='lat' dir='ltr'><strong>mittitur,</strong></span> <span class='ocrx_word' id='word_1_154' title='bbox 3015 642 3157 700; x_wconf 82' lang='lat' dir='ltr'><strong>Deus</strong></span> <span class='ocrx_word' id='word_1_155' title='bbox 3204 645 3281 700; x_wconf 87' lang='lat' dir='ltr'><strong>sic</strong></span> <span class='ocrx_word' id='word_1_156' title='bbox 3325 646 3469 700; x_wconf 75' lang='lat' dir='ltr'><strong>vestit</strong></span> <span class='ocrx_word' id='word_1_157' title='bbox 3499 662 3519 702; x_wconf 87' lang='lat'><strong><em>:</em></strong></span> 
     </span>
    </p>
   </div>
   <div class='ocr_carea' id='block_1_20' title="bbox 1917 737 3516 809">
    <p class='ocr_par' dir='ltr' id='par_1_20' title="bbox 1917 737 3516 809">
     <span class='ocr_line' id='line_1_20' title="bbox 1917 737 3516 809; baseline 0.003 -20"><span class='ocrx_word' id='word_1_158' title='bbox 1917 746 2110 806; x_wconf 84' lang='lat' dir='ltr'><strong>quanto</strong></span> <span class='ocrx_word' id='word_1_159' title='bbox 2131 737 2297 809; x_wconf 77' lang='lat' dir='ltr'><strong>magis</strong></span> <span class='ocrx_word' id='word_1_160' title='bbox 2323 753 2411 792; x_wconf 71' lang='lat' dir='ltr'><strong>vos</strong></span> <span class='ocrx_word' id='word_1_161' title='bbox 2441 739 2662 794; x_wconf 70' lang='lat' dir='ltr'><strong>modica</strong></span> <span class='ocrx_word' id='word_1_162' title='bbox 2687 738 2850 809; x_wconf 81' lang='lat' dir='ltr'><strong>ﬁdei!</strong></span> <span class='ocrx_word' id='word_1_163' title='bbox 2886 738 2954 795; x_wconf 79' lang='lat' dir='ltr'><strong>Et</strong></span> <span class='ocrx_word' id='word_1_164' title='bbox 2984 752 3180 795; x_wconf 82' lang='lat' dir='ltr'><strong>revera</strong></span> <span class='ocrx_word' id='word_1_165' title='bbox 3208 738 3353 809; x_wconf 87' lang='lat' dir='ltr'><strong>quod</strong></span> <span class='ocrx_word' id='word_1_166' title='bbox 3381 738 3516 795; x_wconf 74' lang='lat' dir='ltr'><strong>seri—</strong></span> 
     </span>
    </p>
   </div>
   <div class='ocr_carea' id='block_1_21' title="bbox 1918 828 3513 902">
    <p class='ocr_par' dir='ltr' id='par_1_21' title="bbox 1918 828 3513 902">
     <span class='ocr_line' id='line_1_21' title="bbox 1918 828 3513 902; baseline 0.003 -19"><span class='ocrx_word' id='word_1_167' title='bbox 1918 841 2040 884; x_wconf 92' lang='lat' dir='ltr'><strong>cum</strong></span> <span class='ocrx_word' id='word_1_168' title='bbox 2069 870 2082 894; x_wconf 91' lang='lat'><strong>,</strong></span> <span class='ocrx_word' id='word_1_169' title='bbox 2112 845 2234 901; x_wconf 75' lang='lat' dir='ltr'><strong>qua:</strong></span> <span class='ocrx_word' id='word_1_170' title='bbox 2283 847 2468 902; x_wconf 88' lang='lat' dir='ltr'><strong>regum</strong></span> <span class='ocrx_word' id='word_1_171' title='bbox 2513 848 2772 902; x_wconf 84' lang='lat' dir='ltr'><strong>purpura,</strong></span> <span class='ocrx_word' id='word_1_172' title='bbox 2824 848 2945 900; x_wconf 83' lang='lat' dir='ltr'><strong>quae</strong></span> <span class='ocrx_word' id='word_1_173' title='bbox 2985 832 3193 899; x_wconf 85' lang='lat' dir='ltr'><strong>pictura</strong></span> <span class='ocrx_word' id='word_1_174' title='bbox 3222 828 3513 888; x_wconf 64' lang='lat' dir='ltr'><strong>textricum</strong></span> 
     </span>
    </p>
   </div>
   <div class='ocr_carea' id='block_1_22' title="bbox 1920 921 3515 995">
    <p class='ocr_par' dir='ltr' id='par_1_22' title="bbox 1920 921 3515 995">
     <span class='ocr_line' id='line_1_22' title="bbox 1920 921 3515 995; baseline 0.004 -20"><span class='ocrx_word' id='word_1_175' title='bbox 1920 929 2100 992; x_wconf 83' lang='lat' dir='ltr'><strong>potest</strong></span> <span class='ocrx_word' id='word_1_176' title='bbox 2129 921 2355 980; x_wconf 83' lang='lat' dir='ltr'><strong>ﬂoribus</strong></span> <span class='ocrx_word' id='word_1_177' title='bbox 2381 926 2734 995; x_wconf 76' lang='lat' dir='ltr'><strong>comparari?</strong></span> <span class='ocrx_word' id='word_1_178' title='bbox 2775 925 2917 993; x_wconf 84' lang='lat' dir='ltr'><strong>Quid</strong></span> <span class='ocrx_word' id='word_1_179' title='bbox 2946 925 3022 981; x_wconf 87' lang='lat' dir='ltr'><strong>ita</strong></span> <span class='ocrx_word' id='word_1_180' title='bbox 3064 927 3222 983; x_wconf 86' lang='lat' dir='ltr'><strong>rubet</strong></span> <span class='ocrx_word' id='word_1_181' title='bbox 3251 936 3310 982; x_wconf 92' lang='lat' dir='ltr'><strong>ut</strong></span> <span class='ocrx_word' id='word_1_182' title='bbox 3338 942 3458 982; x_wconf 82' lang='lat' dir='ltr'><strong>rosa</strong></span> <span class='ocrx_word' id='word_1_183' title='bbox 3491 928 3515 982; x_wconf 69' lang='grc' dir='ltr'><em>ἲ</em></span> 
     </span>
    </p>
   </div>
   <div class='ocr_carea' id='block_1_23' title="bbox 1917 1013 3511 1097">
    <p class='ocr_par' dir='ltr' id='par_1_23' title="bbox 1917 1013 3511 1097">
     <span class='ocr_line' id='line_1_23' title="bbox 1917 1013 3511 1097; baseline 0.004 -30"><span class='ocrx_word' id='word_1_184' title='bbox 1917 1013 2058 1082; x_wconf 84' lang='lat' dir='ltr'><strong>Quid</strong></span> <span class='ocrx_word' id='word_1_185' title='bbox 2090 1015 2163 1069; x_wconf 87' lang='lat' dir='ltr'><strong>ita</strong></span> <span class='ocrx_word' id='word_1_186' title='bbox 2209 1016 2407 1073; x_wconf 87' lang='lat' dir='ltr'><strong>candet</strong></span> <span class='ocrx_word' id='word_1_187' title='bbox 2443 1026 2505 1072; x_wconf 85' lang='lat' dir='ltr'><strong>ut</strong></span> <span class='ocrx_word' id='word_1_188' title='bbox 2550 1017 2770 1073; x_wconf 77' lang='lat' dir='ltr'><strong>lilium?</strong></span> <span class='ocrx_word' id='word_1_189' title='bbox 2812 1016 2977 1074; x_wconf 65' lang='lat' dir='ltr'><strong>Viciae</strong></span> <span class='ocrx_word' id='word_1_190' title='bbox 3020 1031 3511 1097; x_wconf 35' lang='lat' dir='ltr'><strong>vero&#39;purpuram,</strong></span> 
     </span>
    </p>
   </div>
   <div class='ocr_carea' id='block_1_24' title="bbox 1918 1109 3514 1186">
    <p class='ocr_par' dir='ltr' id='par_1_24' title="bbox 1918 1109 3514 1186">
     <span class='ocr_line' id='line_1_24' title="bbox 1918 1109 3514 1186; baseline 0.006 -24"><span class='ocrx_word' id='word_1_191' title='bbox 1918 1109 2071 1164; x_wconf 91' lang='lat' dir='ltr'><strong>nullo</strong></span> <span class='ocrx_word' id='word_1_192' title='bbox 2097 1115 2341 1180; x_wconf 75' lang='lat' dir='ltr'><strong>superari</strong></span> <span class='ocrx_word' id='word_1_193' title='bbox 2389 1113 2619 1181; x_wconf 87' lang='lat' dir='ltr'><strong>murice,</strong></span> <span class='ocrx_word' id='word_1_194' title='bbox 2653 1112 2935 1169; x_wconf 88' lang='lat' dir='ltr'><strong>oculorum</strong></span> <span class='ocrx_word' id='word_1_195' title='bbox 2966 1115 3140 1186; x_wconf 78' lang='lat' dir='ltr'><strong>magis</strong></span> <span class='ocrx_word' id='word_1_196' title='bbox 3189 1126 3352 1186; x_wconf 86' lang='lat' dir='ltr'><strong>quam</strong></span> <span class='ocrx_word' id='word_1_197' title='bbox 3393 1130 3514 1171; x_wconf 86' lang='lat' dir='ltr'><strong>ser-</strong></span> 
     </span>
    </p>
   </div>
   <div class='ocr_carea' id='block_1_25' title="bbox 1917 1204 2524 1274">
    <p class='ocr_par' dir='ltr' id='par_1_25' title="bbox 1917 1204 2524 1274">
     <span class='ocr_line' id='line_1_25' title="bbox 1917 1204 2524 1274; baseline 0.003 -15"><span class='ocrx_word' id='word_1_198' title='bbox 1917 1205 2097 1260; x_wconf 82' lang='lat' dir='ltr'><strong>monis</strong></span> <span class='ocrx_word' id='word_1_199' title='bbox 2125 1204 2389 1274; x_wconf 77' lang='lat' dir='ltr'><strong>judiciutn</strong></span> <span class='ocrx_word' id='word_1_200' title='bbox 2420 1215 2524 1263; x_wconf 80' lang='lat' dir='ltr'><strong>est.</strong></span> 
     </span>
    </p>
   </div>
   <div class='ocr_carea' id='block_1_26' title="bbox 1990 1297 3516 1371">
    <p class='ocr_par' dir='ltr' id='par_1_26' title="bbox 1990 1297 3516 1371">
     <span class='ocr_line' id='line_1_26' title="bbox 1990 1297 3516 1371; baseline 0.004 -20"><span class='ocrx_word' id='word_1_201' title='bbox 1990 1297 2173 1369; x_wconf 75' lang='lat' dir='ltr'><strong>(Vere.</strong></span> <span class='ocrx_word' id='word_1_202' title='bbox 2221 1299 2283 1355; x_wconf 76' lang='grc'><strong>51</strong></span> <span class='ocrx_word' id='word_1_203' title='bbox 2338 1300 2523 1371; x_wconf 81' lang='lat' dir='ltr'><strong>seqq.)</strong></span> <span class='ocrx_word' id='word_1_204' title='bbox 2565 1300 2746 1358; x_wconf 85' lang='lat' dir='ltr'><strong>Nolite</strong></span> <span class='ocrx_word' id='word_1_205' title='bbox 2775 1301 2987 1357; x_wconf 75' lang='lat' dir='ltr'><strong>solliciti</strong></span> <span class='ocrx_word' id='word_1_206' title='bbox 3014 1316 3143 1369; x_wconf 85' lang='lat' dir='ltr'><strong>esse,</strong></span> <span class='ocrx_word' id='word_1_207' title='bbox 3172 1299 3200 1339; x_wconf 67' lang='grc' dir='ltr'><strong><em>ἀ</em></strong></span> <span class='ocrx_word' id='word_1_208' title='bbox 3240 1302 3466 1358; x_wconf 76' lang='lat' dir='ltr'><strong>dicentes</strong></span> <span class='ocrx_word' id='word_1_209' title='bbox 3496 1317 3516 1357; x_wconf 91' lang='lat'><strong><em>:</em></strong></span> 
     </span>
    </p>
   </div>
   <div class='ocr_carea' id='block_1_27' title="bbox 1920 1389 3514 1467">
    <p class='ocr_par' dir='ltr' id='par_1_27' title="bbox 1920 1389 3514 1467">
     <span class='ocr_line' id='line_1_27' title="bbox 1920 1389 3514 1467; baseline 0.004 -24"><span class='ocrx_word' id='word_1_210' title='bbox 1920 1389 2058 1455; x_wconf 83' lang='lat' dir='ltr'><strong>Quid</strong></span> <span class='ocrx_word' id='word_1_211' title='bbox 2089 1390 2537 1460; x_wconf 79' lang='lat' dir='ltr'><strong>mamlucabimus,</strong></span> <span class='ocrx_word' id='word_1_212' title='bbox 2567 1402 2655 1447; x_wconf 81' lang='lat' dir='ltr'><strong>aut</strong></span> <span class='ocrx_word' id='word_1_213' title='bbox 2685 1394 2810 1464; x_wconf 78' lang='lat' dir='ltr'><strong>quid</strong></span> <span class='ocrx_word' id='word_1_214' title='bbox 2839 1393 3089 1463; x_wconf 78' lang='lat' dir='ltr'><strong>bibemus,</strong></span> <span class='ocrx_word' id='word_1_215' title='bbox 3136 1402 3225 1449; x_wconf 85' lang='lat' dir='ltr'><strong>aut</strong></span> <span class='ocrx_word' id='word_1_216' title='bbox 3252 1410 3355 1467; x_wconf 87' lang='lat' dir='ltr'><strong>quo</strong></span> <span class='ocrx_word' id='word_1_217' title='bbox 3392 1411 3514 1464; x_wconf 84' lang='lat' dir='ltr'><strong>ope—</strong></span> 
     </span>
    </p>
   </div>
   <div class='ocr_carea' id='block_1_28' title="bbox 1916 1481 3514 1560">
    <p class='ocr_par' dir='ltr' id='par_1_28' title="bbox 1916 1481 3514 1560">
     <span class='ocr_line' id='line_1_28' title="bbox 1916 1481 3514 1560; baseline 0.004 -25"><span class='ocrx_word' id='word_1_218' title='bbox 1916 1481 2111 1537; x_wconf 85' lang='lat' dir='ltr'><strong>rienmr</strong></span> <span class='ocrx_word' id='word_1_219' title='bbox 2136 1485 2161 1539; x_wconf 73' lang='lat'><em>7</em></span> <span class='ocrx_word' id='word_1_220' title='bbox 2192 1484 2321 1539; x_wconf 71' lang='lat' dir='ltr'><strong>Haec</strong></span> <span class='ocrx_word' id='word_1_221' title='bbox 2344 1485 2484 1540; x_wconf 82' lang='lat' dir='ltr'><strong>enim</strong></span> <span class='ocrx_word' id='word_1_222' title='bbox 2505 1487 2681 1541; x_wconf 80' lang='lat' dir='ltr'><strong>omnia</strong></span> <span class='ocrx_word' id='word_1_223' title='bbox 2718 1494 2891 1560; x_wconf 81' lang='lat' dir='ltr'><strong>gentes</strong></span> <span class='ocrx_word' id='word_1_224' title='bbox 2916 1487 3202 1559; x_wconf 69' lang='lat' dir='ltr'><strong>inquirunt.</strong></span> <span class='ocrx_word' id='word_1_225' title='bbox 3235 1486 3348 1544; x_wconf 86' lang='lat' dir='ltr'><strong>Scit</strong></span> <span class='ocrx_word' id='word_1_226' title='bbox 3374 1490 3514 1543; x_wconf 87' lang='lat' dir='ltr'><strong>enim</strong></span> 
     </span>
    </p>
   </div>
   <div class='ocr_carea' id='block_1_29' title="bbox 1922 1572 3517 1653">
    <p class='ocr_par' dir='ltr' id='par_1_29' title="bbox 1922 1572 3517 1653">
     <span class='ocr_line' id='line_1_29' title="bbox 1922 1572 3517 1653; baseline 0.004 -24"><span class='ocrx_word' id='word_1_227' title='bbox 1922 1572 2077 1630; x_wconf 83' lang='lat' dir='ltr'><strong>Pater</strong></span> <span class='ocrx_word' id='word_1_228' title='bbox 2106 1584 2287 1645; x_wconf 70' lang='lat' dir='ltr'><strong>vester,</strong></span> <span class='ocrx_word' id='word_1_229' title='bbox 2330 1579 2451 1649; x_wconf 79' lang='lat' dir='ltr'><strong>quia</strong></span> <span class='ocrx_word' id='word_1_230' title='bbox 2480 1579 2558 1632; x_wconf 81' lang='lat' dir='ltr'><strong>his</strong></span> <span class='ocrx_word' id='word_1_231' title='bbox 2597 1578 2838 1633; x_wconf 72' lang='lat' dir='ltr'><strong>omnibus</strong></span> <span class='ocrx_word' id='word_1_232' title='bbox 2885 1580 3146 1653; x_wconf 76' lang='lat' dir='ltr'><strong>indigetis.</strong></span> <span class='ocrx_word' id='word_1_233' title='bbox 3180 1581 3408 1649; x_wconf 71' lang='lat' dir='ltr'><strong>Qatcrite</strong></span> <span class='ocrx_word' id='word_1_234' title='bbox 3433 1598 3517 1636; x_wconf 86' lang='lat' dir='ltr'><strong>er-</strong></span> 
     </span>
    </p>
   </div>
   <div class='ocr_carea' id='block_1_30' title="bbox 1919 1669 3518 1746">
    <p class='ocr_par' dir='ltr' id='par_1_30' title="bbox 1919 1669 3518 1746">
     <span class='ocr_line' id='line_1_30' title="bbox 1919 1669 3518 1746; baseline 0.004 -26"><span class='ocrx_word' id='word_1_235' title='bbox 1919 1681 1982 1738; x_wconf 80' lang='lat' dir='ltr'><strong>go</strong></span> <span class='ocrx_word' id='word_1_236' title='bbox 2015 1669 2238 1736; x_wconf 76' lang='lat' dir='ltr'><strong>primum</strong></span> <span class='ocrx_word' id='word_1_237' title='bbox 2282 1686 2495 1741; x_wconf 69' lang='lat' dir='ltr'><strong>regnent:</strong></span> <span class='ocrx_word' id='word_1_238' title='bbox 2524 1670 2619 1726; x_wconf 84' lang='lat' dir='ltr'><strong>Dei</strong></span> <span class='ocrx_word' id='word_1_239' title='bbox 2656 1680 2704 1726; x_wconf 90' lang='lat' dir='ltr'><strong>et</strong></span> <span class='ocrx_word' id='word_1_240' title='bbox 2722 1672 2986 1746; x_wconf 71' lang='lat' dir='ltr'><strong>justitiam</strong></span> <span class='ocrx_word' id='word_1_241' title='bbox 3030 1675 3167 1745; x_wconf 80' lang='lat' dir='ltr'><strong>ejus,</strong></span> <span class='ocrx_word' id='word_1_242' title='bbox 3202 1681 3248 1727; x_wconf 88' lang='lat' dir='ltr'><strong>et</strong></span> <span class='ocrx_word' id='word_1_243' title='bbox 3270 1673 3378 1729; x_wconf 72' lang='lat' dir='ltr'><strong>Iure</strong></span> <span class='ocrx_word' id='word_1_244' title='bbox 3406 1690 3518 1727; x_wconf 81' lang='lat' dir='ltr'><strong>om—</strong></span> 
     </span>
    </p>
   </div>
   <div class='ocr_carea' id='block_1_31' title="bbox 1918 1761 3515 1837">
    <p class='ocr_par' dir='ltr' id='par_1_31' title="bbox 1918 1761 3515 1837">
     <span class='ocr_line' id='line_1_31' title="bbox 1918 1761 3515 1837; baseline 0.003 -22"><span class='ocrx_word' id='word_1_245' title='bbox 1918 1761 2008 1815; x_wconf 85' lang='lat' dir='ltr'><strong>nia</strong></span> <span class='ocrx_word' id='word_1_246' title='bbox 2045 1761 2360 1829; x_wconf 70' lang='lat' dir='ltr'><strong>adﬁcientur</strong></span> <span class='ocrx_word' id='word_1_247' title='bbox 2389 1764 2548 1819; x_wconf 78' lang='lat' dir='ltr'><strong>vobis.</strong></span> <span class='ocrx_word' id='word_1_248' title='bbox 2586 1764 2765 1820; x_wconf 77' lang='lat' dir='ltr'><strong>Nolite</strong></span> <span class='ocrx_word' id='word_1_249' title='bbox 2790 1782 2912 1837; x_wconf 80' lang='lat' dir='ltr'><strong>ergo</strong></span> <span class='ocrx_word' id='word_1_250' title='bbox 2954 1765 3166 1821; x_wconf 82' lang='lat' dir='ltr'><strong>solliciti</strong></span> <span class='ocrx_word' id='word_1_251' title='bbox 3192 1782 3301 1821; x_wconf 87' lang='lat' dir='ltr'><strong>esse</strong></span> <span class='ocrx_word' id='word_1_252' title='bbox 3318 1767 3374 1821; x_wconf 85' lang='lat' dir='ltr'><strong>in</strong></span> <span class='ocrx_word' id='word_1_253' title='bbox 3395 1783 3515 1821; x_wconf 85' lang='lat' dir='ltr'><strong>cra-</strong></span> 
     </span>
    </p>
   </div>
   <div class='ocr_carea' id='block_1_32' title="bbox 220 1847 3519 1930">
    <p class='ocr_par' dir='ltr' id='par_1_32' title="bbox 220 1847 3519 1930">
     <span class='ocr_line' id='line_1_32' title="bbox 220 1847 3519 1930; baseline 0.002 -25"><span class='ocrx_word' id='word_1_254' title='bbox 220 1847 295 1905; x_wconf 76' lang='lat' dir='ltr'><strong>Nc</strong></span> <span class='ocrx_word' id='word_1_255' title='bbox 316 1849 529 1905; x_wconf 79' lang='lat' dir='ltr'><strong>solliciti</strong></span> <span class='ocrx_word' id='word_1_256' title='bbox 555 1852 672 1908; x_wconf 83' lang='lat' dir='ltr'><strong>sitis</strong></span> <span class='ocrx_word' id='word_1_257' title='bbox 714 1854 907 1908; x_wconf 69' lang='lat' dir='ltr'><strong>uitiante</strong></span> <span class='ocrx_word' id='word_1_258' title='bbox 932 1864 1115 1911; x_wconf 73' lang='lat' dir='ltr'><strong>vestrae</strong></span> <span class='ocrx_word' id='word_1_259' title='bbox 1136 1854 1264 1926; x_wconf 85' lang='lat' dir='ltr'><strong>quid</strong></span> <span class='ocrx_word' id='word_1_260' title='bbox 1294 1855 1602 1922; x_wconf 69' lang='lat' dir='ltr'><strong>comedetis,</strong></span> <span class='ocrx_word' id='word_1_261' title='bbox 1652 1872 1815 1927; x_wconf 84' lang='lat' dir='ltr'><strong>neque</strong></span> <span class='ocrx_word' id='word_1_262' title='bbox 1845 1854 1894 1919; x_wconf 81' lang='grc' dir='ltr'><strong>Β</strong></span> <span class='ocrx_word' id='word_1_263' title='bbox 1920 1856 2130 1909; x_wconf 85' lang='lat' dir='ltr'><strong>stinstm.</strong></span> <span class='ocrx_word' id='word_1_264' title='bbox 2172 1853 2441 1912; x_wconf 77' lang='lat' dir='ltr'><strong>Crastinus</strong></span> <span class='ocrx_word' id='word_1_265' title='bbox 2465 1857 2599 1911; x_wconf 85' lang='lat' dir='ltr'><strong>enim</strong></span> <span class='ocrx_word' id='word_1_266' title='bbox 2620 1858 2729 1913; x_wconf 77' lang='lat' dir='ltr'><strong>dies</strong></span> <span class='ocrx_word' id='word_1_267' title='bbox 2750 1857 3006 1913; x_wconf 77' lang='lat' dir='ltr'><strong>sollicitus</strong></span> <span class='ocrx_word' id='word_1_268' title='bbox 3027 1860 3123 1914; x_wconf 86' lang='lat' dir='ltr'><strong>erit</strong></span> <span class='ocrx_word' id='word_1_269' title='bbox 3158 1860 3260 1913; x_wconf 73' lang='lat' dir='ltr'><strong>sibi</strong></span> <span class='ocrx_word' id='word_1_270' title='bbox 3284 1859 3407 1930; x_wconf 86' lang='lat' dir='ltr'><strong>ipsi.</strong></span> <span class='ocrx_word' id='word_1_271' title='bbox 3441 1858 3519 1913; x_wconf 89' lang='lat' dir='ltr'><strong>De</strong></span> 
     </span>
    </p>
   </div>
   <div class='ocr_carea' id='block_1_33' title="bbox 220 1945 1811 2022">
    <p class='ocr_par' dir='ltr' id='par_1_33' title="bbox 220 1945 1811 2022">
     <span class='ocr_line' id='line_1_33' title="bbox 220 1945 1811 2022; baseline 0.003 -21"><span class='ocrx_word' id='word_1_272' title='bbox 220 1945 413 2015; x_wconf 75' lang='lat' dir='ltr'><strong>torpori</strong></span> <span class='ocrx_word' id='word_1_273' title='bbox 441 1955 613 2001; x_wconf 76' lang='lat' dir='ltr'><strong>uestro</strong></span> <span class='ocrx_word' id='word_1_274' title='bbox 652 1948 778 2018; x_wconf 70' lang='lat' dir='ltr'><strong>quid</strong></span> <span class='ocrx_word' id='word_1_275' title='bbox 818 1947 1108 2010; x_wconf 75' lang='lat' dir='ltr'><strong>induamini</strong></span> <span class='ocrx_word' id='word_1_276' title='bbox 1134 1949 1341 2021; x_wconf 86' lang='lat' dir='ltr'><strong>(Genes.</strong></span> <span class='ocrx_word' id='word_1_277' title='bbox 1374 1950 1478 2022; x_wconf 89' lang='lat' dir='ltr'><strong>ttt),</strong></span> <span class='ocrx_word' id='word_1_278' title='bbox 1510 1951 1580 2007; x_wconf 91' lang='lat' dir='ltr'><strong>de</strong></span> <span class='ocrx_word' id='word_1_279' title='bbox 1605 1951 1811 2007; x_wconf 78' lang='lat' dir='ltr'><strong>earnali</strong></span> 
     </span>
    </p>
   </div>
   <div class='ocr_carea' id='block_1_34' title="bbox 224 2037 1814 2117">
    <p class='ocr_par' dir='ltr' id='par_1_34' title="bbox 224 2037 1814 2117">
     <span class='ocr_line' id='line_1_34' title="bbox 224 2037 1814 2117; baseline 0.006 -25"><span class='ocrx_word' id='word_1_280' title='bbox 224 2037 333 2093; x_wconf 85' lang='lat' dir='ltr'><strong>cibo</strong></span> <span class='ocrx_word' id='word_1_281' title='bbox 375 2049 433 2096; x_wconf 87' lang='lat' dir='ltr'><strong>et</strong></span> <span class='ocrx_word' id='word_1_282' title='bbox 482 2041 816 2098; x_wconf 83' lang='lat' dir='ltr'><strong>vestimento</strong></span> <span class='ocrx_word' id='word_1_283' title='bbox 861 2045 1213 2114; x_wconf 87' lang='lat' dir='ltr'><strong>accipiamus.</strong></span> <span class='ocrx_word' id='word_1_284' title='bbox 1268 2046 1539 2102; x_wconf 69' lang='lat' dir='ltr'><strong>Caeterum</strong></span> <span class='ocrx_word' id='word_1_285' title='bbox 1589 2045 1657 2102; x_wconf 84' lang='lat' dir='ltr'><strong>de</strong></span> <span class='ocrx_word' id='word_1_286' title='bbox 1705 2048 1814 2117; x_wconf 81' lang='lat' dir='ltr'><strong>spi-</strong></span> 
     </span>
    </p>
   </div>
   <div class='ocr_carea' id='block_1_35' title="bbox 224 2132 1814 2211">
    <p class='ocr_par' dir='ltr' id='par_1_35' title="bbox 224 2132 1814 2211">
     <span class='ocr_line' id='line_1_35' title="bbox 224 2132 1814 2211; baseline 0.005 -23"><span class='ocrx_word' id='word_1_287' title='bbox 224 2132 497 2191; x_wconf 81' lang='lat' dir='ltr'><strong>ritualibus</strong></span> <span class='ocrx_word' id='word_1_288' title='bbox 515 2133 663 2193; x_wconf 88' lang='lat' dir='ltr'><strong>&#39;cibis</strong></span> <span class='ocrx_word' id='word_1_289' title='bbox 686 2144 745 2194; x_wconf 88' lang='lat' dir='ltr'><strong>et</strong></span> <span class='ocrx_word' id='word_1_290' title='bbox 774 2138 1114 2195; x_wconf 77' lang='lat' dir='ltr'><strong>vestimentis</strong></span> <span class='ocrx_word' id='word_1_291' title='bbox 1142 2153 1359 2211; x_wconf 82' lang='lat' dir='ltr'><strong>semper</strong></span> <span class='ocrx_word' id='word_1_292' title='bbox 1397 2140 1660 2197; x_wconf 84' lang='lat' dir='ltr'><strong>debemus</strong></span> <span class='ocrx_word' id='word_1_293' title='bbox 1690 2156 1814 2197; x_wconf 81' lang='lat' dir='ltr'><strong>esse</strong></span> 
     </span>
    </p>
   </div>
   <div class='ocr_carea' id='block_1_36' title="bbox 227 2226 453 2284">
    <p class='ocr_par' dir='ltr' id='par_1_36' title="bbox 227 2226 453 2284">
     <span class='ocr_line' id='line_1_36' title="bbox 227 2226 453 2284; baseline -0.009 0"><span class='ocrx_word' id='word_1_294' title='bbox 227 2226 453 2284; x_wconf 76' lang='lat' dir='ltr'><strong>Solliciti.</strong></span> 
     </span>
    </p>
   </div>
   <div class='ocr_carea' id='block_1_37' title="bbox 290 2320 1816 2399">
    <p class='ocr_par' dir='ltr' id='par_1_37' title="bbox 290 2320 1816 2399">
     <span class='ocr_line' id='line_1_37' title="bbox 290 2320 1816 2399; baseline 0.004 -23"><span class='ocrx_word' id='word_1_295' title='bbox 290 2320 469 2393; x_wconf 73' lang='lat' dir='ltr'><strong>(Verr.</strong></span> <span class='ocrx_word' id='word_1_296' title='bbox 501 2321 625 2393; x_wconf 72' lang='lat'><strong>26.)</strong></span> <span class='ocrx_word' id='word_1_297' title='bbox 676 2322 868 2381; x_wconf 85' lang='lat' dir='ltr'><strong>Nonne</strong></span> <span class='ocrx_word' id='word_1_298' title='bbox 904 2327 1080 2381; x_wconf 83' lang='lat' dir='ltr'><strong>anima</strong></span> <span class='ocrx_word' id='word_1_299' title='bbox 1124 2326 1245 2399; x_wconf 78' lang='lat' dir='ltr'><strong>plus</strong></span> <span class='ocrx_word' id='word_1_300' title='bbox 1280 2338 1352 2383; x_wconf 82' lang='lat' dir='ltr'><strong>est</strong></span> <span class='ocrx_word' id='word_1_301' title='bbox 1391 2346 1549 2399; x_wconf 85' lang='lat' dir='ltr'><strong>quam</strong></span> <span class='ocrx_word' id='word_1_302' title='bbox 1584 2345 1724 2393; x_wconf 82' lang='lat' dir='ltr'><strong>esca,</strong></span> <span class='ocrx_word' id='word_1_303' title='bbox 1769 2338 1816 2382; x_wconf 84' lang='lat' dir='ltr'><strong>et</strong></span> 
     </span>
    </p>
   </div>
   <div class='ocr_carea' id='block_1_38' title="bbox 229 2418 1818 2490">
    <p class='ocr_par' dir='ltr' id='par_1_38' title="bbox 229 2418 1818 2490">
     <span class='ocr_line' id='line_1_38' title="bbox 229 2418 1818 2490; baseline 0.001 -16"><span class='ocrx_word' id='word_1_304' title='bbox 229 2431 400 2484; x_wconf 77' lang='lat' dir='ltr'><strong>corpus</strong></span> <span class='ocrx_word' id='word_1_305' title='bbox 425 2418 546 2488; x_wconf 80' lang='lat' dir='ltr'><strong>plus</strong></span> <span class='ocrx_word' id='word_1_306' title='bbox 573 2429 646 2472; x_wconf 76' lang='lat' dir='ltr'><strong>cst</strong></span> <span class='ocrx_word' id='word_1_307' title='bbox 673 2436 828 2490; x_wconf 80' lang='lat' dir='ltr'><strong>quam</strong></span> <span class='ocrx_word' id='word_1_308' title='bbox 853 2421 1202 2477; x_wconf 73' lang='lat' dir='ltr'><strong>vestimentum</strong></span> <span class='ocrx_word' id='word_1_309' title='bbox 1226 2421 1421 2490; x_wconf 66' lang='lat' dir='ltr'><strong>tQuod</strong></span> <span class='ocrx_word' id='word_1_310' title='bbox 1448 2422 1598 2489; x_wconf 89' lang='lat' dir='ltr'><strong>dicit,</strong></span> <span class='ocrx_word' id='word_1_311' title='bbox 1657 2422 1818 2478; x_wconf 86' lang='lat' dir='ltr'><strong>istius</strong></span> 
     </span>
    </p>
   </div>
   <div class='ocr_carea' id='block_1_39' title="bbox 232 2510 1816 2586">
    <p class='ocr_par' dir='ltr' id='par_1_39' title="bbox 232 2510 1816 2586">
     <span class='ocr_line' id='line_1_39' title="bbox 232 2510 1816 2586; baseline 0.001 -17"><span class='ocrx_word' id='word_1_312' title='bbox 232 2510 519 2569; x_wconf 64' lang='lat' dir='ltr'><strong>Dedicat:</strong></span> <span class='ocrx_word' id='word_1_313' title='bbox 569 2512 674 2580; x_wconf 84' lang='lat' dir='ltr'><strong>Qui</strong></span> <span class='ocrx_word' id='word_1_314' title='bbox 721 2516 932 2585; x_wconf 70' lang='lat' dir='ltr'><strong>maiora</strong></span> <span class='ocrx_word' id='word_1_315' title='bbox 981 2517 1261 2585; x_wconf 75' lang='lat' dir='ltr'><strong>praestitit,</strong></span> <span class='ocrx_word' id='word_1_316' title='bbox 1314 2516 1497 2586; x_wconf 75' lang='lat' dir='ltr'><strong>utique</strong></span> <span class='ocrx_word' id='word_1_317' title='bbox 1529 2527 1583 2572; x_wconf 89' lang='lat' dir='ltr'><strong>et</strong></span> <span class='ocrx_word' id='word_1_318' title='bbox 1610 2518 1816 2573; x_wconf 79' lang='lat' dir='ltr'><strong>minora</strong></span> 
     </span>
    </p>
   </div>
   <div class='ocr_carea' id='block_1_40' title="bbox 233 2605 520 2674">
    <p class='ocr_par' dir='ltr' id='par_1_40' title="bbox 233 2605 520 2674">
     <span class='ocr_line' id='line_1_40' title="bbox 233 2605 520 2674; baseline 0.007 -15"><span class='ocrx_word' id='word_1_319' title='bbox 233 2605 520 2674; x_wconf 70' lang='lat' dir='ltr'><strong>ptmstabit.</strong></span> 
     </span>
    </p>
   </div>
   <div class='ocr_carea' id='block_1_41' title="bbox 296 2698 1822 2777">
    <p class='ocr_par' dir='ltr' id='par_1_41' title="bbox 296 2698 1822 2777">
     <span class='ocr_line' id='line_1_41' title="bbox 296 2698 1822 2777; baseline 0.001 -22"><span class='ocrx_word' id='word_1_320' title='bbox 296 2698 554 2772; x_wconf 78' lang='lat' dir='ltr'><strong>Respicite</strong></span> <span class='ocrx_word' id='word_1_321' title='bbox 580 2702 815 2757; x_wconf 76' lang='lat' dir='ltr'><strong>volatilia</strong></span> <span class='ocrx_word' id='word_1_322' title='bbox 843 2701 976 2769; x_wconf 84' lang='lat' dir='ltr'><strong>coeli,</strong></span> <span class='ocrx_word' id='word_1_323' title='bbox 1008 2705 1250 2774; x_wconf 84' lang='lat' dir='ltr'><strong>quoniam</strong></span> <span class='ocrx_word' id='word_1_324' title='bbox 1277 2721 1379 2759; x_wconf 82' lang='lat' dir='ltr'><strong>non</strong></span> <span class='ocrx_word' id='word_1_325' title='bbox 1420 2712 1618 2771; x_wconf 83' lang='lat' dir='ltr'><strong>serunt,</strong></span> <span class='ocrx_word' id='word_1_326' title='bbox 1660 2722 1822 2777; x_wconf 77' lang='lat' dir='ltr'><strong>neque</strong></span> 
     </span>
    </p>
   </div>
   <div class='ocr_carea' id='block_1_42' title="bbox 235 2797 1825 2870">
    <p class='ocr_par' dir='ltr' id='par_1_42' title="bbox 235 2797 1825 2870">
     <span class='ocr_line' id='line_1_42' title="bbox 235 2797 1825 2870; baseline 0.004 -24"><span class='ocrx_word' id='word_1_327' title='bbox 235 2802 441 2857; x_wconf 64' lang='lat' dir='ltr'><strong>metunt,</strong></span> <span class='ocrx_word' id='word_1_328' title='bbox 468 2809 632 2865; x_wconf 79' lang='lat' dir='ltr'><strong>neque</strong></span> <span class='ocrx_word' id='word_1_329' title='bbox 661 2807 975 2867; x_wconf 74' lang='lat' dir='ltr'><strong>congregant</strong></span> <span class='ocrx_word' id='word_1_330' title='bbox 996 2797 1102 2870; x_wconf 79' lang='grc'><strong>37</strong></span> <span class='ocrx_word' id='word_1_331' title='bbox 1130 2798 1184 2852; x_wconf 87' lang='lat' dir='ltr'><strong>in</strong></span> <span class='ocrx_word' id='word_1_332' title='bbox 1212 2797 1398 2854; x_wconf 73' lang='lat' dir='ltr'><strong>horrea</strong></span> <span class='ocrx_word' id='word_1_333' title='bbox 1430 2815 1448 2853; x_wconf 92' lang='lat'><strong><em>:</em></strong></span> <span class='ocrx_word' id='word_1_334' title='bbox 1483 2806 1531 2853; x_wconf 92' lang='lat' dir='ltr'><strong>et</strong></span> <span class='ocrx_word' id='word_1_335' title='bbox 1558 2797 1719 2853; x_wconf 89' lang='lat' dir='ltr'><strong>Pater</strong></span> <span class='ocrx_word' id='word_1_336' title='bbox 1743 2815 1825 2853; x_wconf 77' lang='lat' dir='ltr'><strong>re-</strong></span> 
     </span>
    </p>
   </div>
   <div class='ocr_carea' id='block_1_43' title="bbox 232 2886 1824 2963">
    <p class='ocr_par' dir='ltr' id='par_1_43' title="bbox 232 2886 1824 2963">
     <span class='ocr_line' id='line_1_43' title="bbox 232 2886 1824 2963; baseline 0.004 -24"><span class='ocrx_word' id='word_1_337' title='bbox 232 2895 327 2940; x_wconf 82' lang='lat' dir='ltr'><strong>ster</strong></span> <span class='ocrx_word' id='word_1_338' title='bbox 351 2886 571 2941; x_wconf 65' lang='lat' dir='ltr'><strong>catenis</strong></span> <span class='ocrx_word' id='word_1_339' title='bbox 610 2888 777 2958; x_wconf 82' lang='lat' dir='ltr'><strong>pascit</strong></span> <span class='ocrx_word' id='word_1_340' title='bbox 814 2888 929 2944; x_wconf 87' lang='lat' dir='ltr'><strong>illa.</strong></span> <span class='ocrx_word' id='word_1_341' title='bbox 962 2888 1153 2945; x_wconf 83' lang='lat' dir='ltr'><strong>Nonne</strong></span> <span class='ocrx_word' id='word_1_342' title='bbox 1180 2907 1267 2946; x_wconf 82' lang='lat' dir='ltr'><strong>ros</strong></span> <span class='ocrx_word' id='word_1_343' title='bbox 1302 2891 1467 2963; x_wconf 81' lang='lat' dir='ltr'><strong>magis</strong></span> <span class='ocrx_word' id='word_1_344' title='bbox 1511 2891 1678 2963; x_wconf 77' lang='lat' dir='ltr'><strong>pluris</strong></span> <span class='ocrx_word' id='word_1_345' title='bbox 1705 2891 1824 2959; x_wconf 84' lang='lat' dir='ltr'><strong>estis</strong></span> 
     </span>
    </p>
   </div>
   <div class='ocr_carea' id='block_1_44' title="bbox 232 2979 1827 3056">
    <p class='ocr_par' dir='ltr' id='par_1_44' title="bbox 232 2979 1827 3056">
     <span class='ocr_line' id='line_1_44' title="bbox 232 2979 1827 3056; baseline 0.003 -22"><span class='ocrx_word' id='word_1_346' title='bbox 232 2979 377 3036; x_wconf 82' lang='lat' dir='ltr'><strong>illis?</strong></span> <span class='ocrx_word' id='word_1_347' title='bbox 422 2982 719 3051; x_wconf 74' lang='lat' dir='ltr'><strong>Apostolus</strong></span> <span class='ocrx_word' id='word_1_348' title='bbox 748 2983 997 3053; x_wconf 70' lang='lat' dir='ltr'><strong>principit</strong></span> <span class='ocrx_word' id='word_1_349' title='bbox 1025 2983 1207 3055; x_wconf 78' lang='lat' dir='ltr'><strong>(Rom.</strong></span> <span class='ocrx_word' id='word_1_350' title='bbox 1241 2983 1345 3056; x_wconf 72' lang='grc' dir='ltr'><strong>ιι),</strong></span> <span class='ocrx_word' id='word_1_351' title='bbox 1392 3000 1462 3039; x_wconf 85' lang='lat' dir='ltr'><strong>ne</strong></span> <span class='ocrx_word' id='word_1_352' title='bbox 1498 2987 1620 3055; x_wconf 88' lang='lat' dir='ltr'><strong>plus</strong></span> <span class='ocrx_word' id='word_1_353' title='bbox 1648 2984 1827 3053; x_wconf 81' lang='lat' dir='ltr'><strong>sapia-</strong></span> 
     </span>
    </p>
   </div>
   <div class='ocr_carea' id='block_1_45' title="bbox 235 3079 1825 3149">
    <p class='ocr_par' dir='ltr' id='par_1_45' title="bbox 235 3079 1825 3149">
     <span class='ocr_line' id='line_1_45' title="bbox 235 3079 1825 3149; baseline 0.003 -20"><span class='ocrx_word' id='word_1_354' title='bbox 235 3087 348 3130; x_wconf 85' lang='lat' dir='ltr'><strong>mus</strong></span> <span class='ocrx_word' id='word_1_355' title='bbox 373 3090 529 3145; x_wconf 83' lang='lat' dir='ltr'><strong>quam</strong></span> <span class='ocrx_word' id='word_1_356' title='bbox 559 3086 781 3146; x_wconf 78' lang='lat' dir='ltr'><strong>Oportet</strong></span> <span class='ocrx_word' id='word_1_357' title='bbox 808 3091 1021 3149; x_wconf 85' lang='lat' dir='ltr'><strong>sapere.</strong></span> <span class='ocrx_word' id='word_1_358' title='bbox 1070 3079 1218 3135; x_wconf 83' lang='lat' dir='ltr'><strong>Istud</strong></span> <span class='ocrx_word' id='word_1_359' title='bbox 1272 3079 1644 3136; x_wconf 81' lang='lat' dir='ltr'><strong>testimonium</strong></span> <span class='ocrx_word' id='word_1_360' title='bbox 1687 3091 1739 3135; x_wconf 87' lang='lat' dir='ltr'><strong>et</strong></span> <span class='ocrx_word' id='word_1_361' title='bbox 1774 3081 1825 3134; x_wconf 88' lang='lat' dir='ltr'><strong>in</strong></span> 
     </span>
    </p>
   </div>
   <div class='ocr_carea' id='block_1_46' title="bbox 235 3170 1829 3245">
    <p class='ocr_par' dir='ltr' id='par_1_46' title="bbox 235 3170 1829 3245">
     <span class='ocr_line' id='line_1_46' title="bbox 235 3170 1829 3245; baseline 0.003 -20"><span class='ocrx_word' id='word_1_362' title='bbox 235 3170 479 3239; x_wconf 69' lang='lat' dir='ltr'><strong>pmsenti</strong></span> <span class='ocrx_word' id='word_1_363' title='bbox 504 3170 753 3240; x_wconf 86' lang='lat' dir='ltr'><strong>capitulo</strong></span> <span class='ocrx_word' id='word_1_364' title='bbox 779 3174 1212 3229; x_wconf 80' lang='lat' dir='ltr'><strong>conservandum</strong></span> <span class='ocrx_word' id='word_1_365' title='bbox 1246 3184 1347 3230; x_wconf 88' lang='lat' dir='ltr'><strong>est.</strong></span> <span class='ocrx_word' id='word_1_366' title='bbox 1377 3175 1514 3230; x_wconf 91' lang='lat' dir='ltr'><strong>Sunt</strong></span> <span class='ocrx_word' id='word_1_367' title='bbox 1538 3176 1682 3230; x_wconf 89' lang='lat' dir='ltr'><strong>enim</strong></span> <span class='ocrx_word' id='word_1_368' title='bbox 1710 3175 1829 3245; x_wconf 88' lang='lat' dir='ltr'><strong>qui-</strong></span> 
     </span>
    </p>
   </div>
   <div class='ocr_carea' id='block_1_47' title="bbox 1917 1946 3518 2021">
    <p class='ocr_par' dir='ltr' id='par_1_47' title="bbox 1917 1946 3518 2021">
     <span class='ocr_line' id='line_1_47' title="bbox 1917 1946 3518 2021; baseline 0.004 -20"><span class='ocrx_word' id='word_1_369' title='bbox 1917 1949 2280 2018; x_wconf 80' lang='lat' dir='ltr'><strong>pra-sentihus</strong></span> <span class='ocrx_word' id='word_1_370' title='bbox 2328 1964 2460 2021; x_wconf 82' lang='lat' dir='ltr'><strong>ergo</strong></span> <span class='ocrx_word' id='word_1_371' title='bbox 2505 1946 2780 2008; x_wconf 80' lang='lat' dir='ltr'><strong>concessit</strong></span> <span class='ocrx_word' id='word_1_372' title='bbox 2817 1951 3023 2009; x_wconf 84' lang='lat' dir='ltr'><strong>debere</strong></span> <span class='ocrx_word' id='word_1_373' title='bbox 3091 1964 3211 2009; x_wconf 87' lang='lat' dir='ltr'><strong>esse</strong></span> <span class='ocrx_word' id='word_1_374' title='bbox 3248 1953 3518 2009; x_wconf 83' lang='lat' dir='ltr'><strong>sollicitos</strong></span> 
     </span>
    </p>
   </div>
   <div class='ocr_carea' id='block_1_48' title="bbox 1918 2041 3517 2118">
    <p class='ocr_par' dir='ltr' id='par_1_48' title="bbox 1918 2041 3517 2118">
     <span class='ocr_line' id='line_1_48' title="bbox 1918 2041 3517 2118; baseline 0.004 -23"><span class='ocrx_word' id='word_1_375' title='bbox 1918 2042 2006 2113; x_wconf 85' lang='lat' dir='ltr'><strong>qui</strong></span> <span class='ocrx_word' id='word_1_376' title='bbox 2055 2041 2241 2097; x_wconf 76' lang='lat' dir='ltr'><strong>futura</strong></span> <span class='ocrx_word' id='word_1_377' title='bbox 2293 2044 2548 2114; x_wconf 79' lang='lat' dir='ltr'><strong>prohibet</strong></span> <span class='ocrx_word' id='word_1_378' title='bbox 2601 2046 2865 2117; x_wconf 83' lang='lat' dir='ltr'><strong>cogitare.</strong></span> <span class='ocrx_word' id='word_1_379' title='bbox 2894 2044 3053 2102; x_wconf 83' lang='lat' dir='ltr'><strong>Unde</strong></span> <span class='ocrx_word' id='word_1_380' title='bbox 3078 2053 3134 2102; x_wconf 88' lang='lat' dir='ltr'><strong>et</strong></span> <span class='ocrx_word' id='word_1_381' title='bbox 3176 2047 3517 2118; x_wconf 82' lang='lat' dir='ltr'><strong>Apostolus:</strong></span> 
     </span>
    </p>
   </div>
   <div class='ocr_carea' id='block_1_49' title="bbox 1924 2134 3520 2209">
    <p class='ocr_par' dir='ltr' id='par_1_49' title="bbox 1924 2134 3520 2209">
     <span class='ocr_line' id='line_1_49' title="bbox 1924 2134 3520 2209; baseline 0.004 -21"><span class='ocrx_word' id='word_1_382' title='bbox 1924 2134 2094 2189; x_wconf 84' lang='lat' dir='ltr'><strong>Nocte</strong></span> <span class='ocrx_word' id='word_1_383' title='bbox 2139 2148 2185 2190; x_wconf 91' lang='lat' dir='ltr'><strong>et</strong></span> <span class='ocrx_word' id='word_1_384' title='bbox 2227 2136 2335 2207; x_wconf 84' lang='lat' dir='ltr'><strong>die,</strong></span> <span class='ocrx_word' id='word_1_385' title='bbox 2382 2137 2578 2209; x_wconf 88' lang='lat' dir='ltr'><strong>inquit,</strong></span> <span class='ocrx_word' id='word_1_386' title='bbox 2627 2138 2868 2194; x_wconf 72' lang='lat' dir='ltr'><strong>trionibus</strong></span> <span class='ocrx_word' id='word_1_387' title='bbox 2897 2140 3088 2195; x_wconf 85' lang='lat' dir='ltr'><strong>nostris</strong></span> <span class='ocrx_word' id='word_1_388' title='bbox 3128 2151 3520 2207; x_wconf 70' lang='lat' dir='ltr'><strong>operantesnte</strong></span> 
     </span>
    </p>
   </div>
   <div class='ocr_carea' id='block_1_50' title="bbox 1920 2231 3520 2306">
    <p class='ocr_par' dir='ltr' id='par_1_50' title="bbox 1920 2231 3520 2306">
     <span class='ocr_line' id='line_1_50' title="bbox 1920 2231 3520 2306; baseline 0.003 -23"><span class='ocrx_word' id='word_1_389' title='bbox 1920 2246 2076 2297; x_wconf 80' lang='lat' dir='ltr'><strong>quem</strong></span> <span class='ocrx_word' id='word_1_390' title='bbox 2095 2237 2317 2283; x_wconf 84' lang='lat' dir='ltr'><strong>vestrum</strong></span> <span class='ocrx_word' id='word_1_391' title='bbox 2337 2245 2671 2302; x_wconf 78' lang='lat' dir='ltr'><strong>grauaremus</strong></span> <span class='ocrx_word' id='word_1_392' title='bbox 2701 2231 2744 2305; x_wconf 88' lang='lat' dir='ltr'><strong>(l</strong></span> <span class='ocrx_word' id='word_1_393' title='bbox 2770 2231 2955 2288; x_wconf 80' lang='lat' dir='ltr'><strong>Thess.</strong></span> <span class='ocrx_word' id='word_1_394' title='bbox 2985 2248 3057 2300; x_wconf 81' lang='grc' dir='ltr'><strong>ιι,</strong></span> <span class='ocrx_word' id='word_1_395' title='bbox 3087 2231 3284 2306; x_wconf 54' lang='lat'><strong>9).”</strong></span> <span class='ocrx_word' id='word_1_396' title='bbox 3300 2232 3435 2288; x_wconf 76' lang='lat' dir='ltr'><strong>Cras</strong></span> <span class='ocrx_word' id='word_1_397' title='bbox 3466 2233 3520 2288; x_wconf 90' lang='lat' dir='ltr'><strong>in</strong></span> 
     </span>
    </p>
   </div>
   <div class='ocr_carea' id='block_1_51' title="bbox 1924 2322 3516 2399">
    <p class='ocr_par' dir='ltr' id='par_1_51' title="bbox 1924 2322 3516 2399">
     <span class='ocr_line' id='line_1_51' title="bbox 1924 2322 3516 2399; baseline 0.001 -20"><span class='ocrx_word' id='word_1_398' title='bbox 1924 2322 2223 2393; x_wconf 83' lang='lat' dir='ltr'><strong>Scripturis</strong></span> <span class='ocrx_word' id='word_1_399' title='bbox 2252 2323 2491 2382; x_wconf 73' lang='lat' dir='ltr'><strong>hitur-um</strong></span> <span class='ocrx_word' id='word_1_400' title='bbox 2542 2338 2757 2398; x_wconf 83' lang='lat' dir='ltr'><strong>tempus</strong></span> <span class='ocrx_word' id='word_1_401' title='bbox 2783 2328 3130 2399; x_wconf 76' lang='lat' dir='ltr'><strong>intelligitur,</strong></span> <span class='ocrx_word' id='word_1_402' title='bbox 3167 2328 3386 2384; x_wconf 83' lang='lat' dir='ltr'><strong>dicente</strong></span> <span class='ocrx_word' id='word_1_403' title='bbox 3424 2326 3516 2384; x_wconf 81' lang='lat' dir='ltr'><strong>Ja-</strong></span> 
     </span>
    </p>
   </div>
   <div class='ocr_carea' id='block_1_52' title="bbox 1922 2415 3520 2494">
    <p class='ocr_par' dir='ltr' id='par_1_52' title="bbox 1922 2415 3520 2494">
     <span class='ocr_line' id='line_1_52' title="bbox 1922 2415 3520 2494; baseline 0.003 -24"><span class='ocrx_word' id='word_1_404' title='bbox 1922 2415 2029 2471; x_wconf 87' lang='lat' dir='ltr'><strong>cob</strong></span> <span class='ocrx_word' id='word_1_405' title='bbox 2055 2459 2069 2481; x_wconf 89' lang='lat'><strong>,</strong></span> <span class='ocrx_word' id='word_1_406' title='bbox 2106 2415 2174 2469; x_wconf 85' lang='lat' dir='ltr'><strong>Et</strong></span> <span class='ocrx_word' id='word_1_407' title='bbox 2203 2418 2444 2474; x_wconf 71' lang='lat' dir='ltr'><strong>exaudiet</strong></span> <span class='ocrx_word' id='word_1_408' title='bbox 2468 2437 2546 2474; x_wconf 86' lang='lat' dir='ltr'><strong>me</strong></span> <span class='ocrx_word' id='word_1_409' title='bbox 2574 2434 2692 2475; x_wconf 86' lang='lat' dir='ltr'><strong>cras</strong></span> <span class='ocrx_word' id='word_1_410' title='bbox 2710 2421 2922 2491; x_wconf 82' lang='lat' dir='ltr'><strong>justitia</strong></span> <span class='ocrx_word' id='word_1_411' title='bbox 2935 2420 3216 2494; x_wconf 82' lang='lat' dir='ltr'><strong>mea(Gen.</strong></span> <span class='ocrx_word' id='word_1_412' title='bbox 3248 2436 3374 2489; x_wconf 78' lang='lat' dir='ltr'><strong>xxx,</strong></span> <span class='ocrx_word' id='word_1_413' title='bbox 3407 2422 3520 2490; x_wconf 80' lang='grc'><strong>55).</strong></span> 
     </span>
    </p>
   </div>
   <div class='ocr_carea' id='block_1_53' title="bbox 1924 2509 3522 2587">
    <p class='ocr_par' dir='ltr' id='par_1_53' title="bbox 1924 2509 3522 2587">
     <span class='ocr_line' id='line_1_53' title="bbox 1924 2509 3522 2587; baseline 0.003 -23"><span class='ocrx_word' id='word_1_414' title='bbox 1924 2509 1996 2564; x_wconf 83' lang='grc' dir='ltr'><strong>Ει</strong></span> <span class='ocrx_word' id='word_1_415' title='bbox 2046 2510 2099 2565; x_wconf 90' lang='lat' dir='ltr'><strong>itt</strong></span> <span class='ocrx_word' id='word_1_416' title='bbox 2128 2510 2426 2579; x_wconf 61' lang='lat' dir='ltr'><strong>ﬁSamuelis</strong></span> <span class='ocrx_word' id='word_1_417' title='bbox 2475 2513 2875 2583; x_wconf 79' lang='lat' dir='ltr'><strong>phantasmate,</strong></span> <span class='ocrx_word' id='word_1_418' title='bbox 2922 2513 3246 2587; x_wconf 79' lang='lat' dir='ltr'><strong>pythonissa</strong></span> <span class='ocrx_word' id='word_1_419' title='bbox 3288 2514 3522 2585; x_wconf 78' lang='lat' dir='ltr'><strong>loquitur</strong></span> 
     </span>
    </p>
   </div>
   <div class='ocr_carea' id='block_1_54' title="bbox 1924 2602 3414 2681">
    <p class='ocr_par' dir='ltr' id='par_1_54' title="bbox 1924 2602 3414 2681">
     <span class='ocr_line' id='line_1_54' title="bbox 1924 2602 3414 2681; baseline 0.007 -25"><span class='ocrx_word' id='word_1_420' title='bbox 1924 2602 1993 2658; x_wconf 84' lang='lat' dir='ltr'><strong>ad</strong></span> <span class='ocrx_word' id='word_1_421' title='bbox 2025 2602 2247 2660; x_wconf 83' lang='lat' dir='ltr'><strong>Sauleni</strong></span> <span class='ocrx_word' id='word_1_422' title='bbox 2280 2622 2295 2659; x_wconf 87' lang='lat'><strong>:</strong></span> <span class='ocrx_word' id='word_1_423' title='bbox 2323 2622 2442 2660; x_wconf 90' lang='lat' dir='ltr'><strong>cras</strong></span> <span class='ocrx_word' id='word_1_424' title='bbox 2470 2607 2574 2661; x_wconf 88' lang='lat' dir='ltr'><strong>eris</strong></span> <span class='ocrx_word' id='word_1_425' title='bbox 2600 2622 2798 2661; x_wconf 80' lang='lat' dir='ltr'><strong>mecum</strong></span> <span class='ocrx_word' id='word_1_426' title='bbox 2831 2607 2890 2678; x_wconf 89' lang='lat' dir='ltr'><strong>(l</strong></span> <span class='ocrx_word' id='word_1_427' title='bbox 2917 2607 3046 2679; x_wconf 83' lang='lat' dir='ltr'><strong>Reg.</strong></span> <span class='ocrx_word' id='word_1_428' title='bbox 3077 2624 3266 2675; x_wconf 77' lang='lat' dir='ltr'><strong>xxvm,</strong></span> <span class='ocrx_word' id='word_1_429' title='bbox 3303 2610 3414 2681; x_wconf 84' lang='lat' dir='ltr'><strong>l9).</strong></span> 
     </span>
    </p>
   </div>
   <div class='ocr_carea' id='block_1_55' title="bbox 1998 2696 3523 2771">
    <p class='ocr_par' dir='ltr' id='par_1_55' title="bbox 1998 2696 3523 2771">
     <span class='ocr_line' id='line_1_55' title="bbox 1998 2696 3523 2771; baseline 0.004 -20"><span class='ocrx_word' id='word_1_430' title='bbox 1998 2696 2182 2767; x_wconf 79' lang='lat' dir='ltr'><strong>(Vers.</strong></span> <span class='ocrx_word' id='word_1_431' title='bbox 2213 2697 2332 2770; x_wconf 68' lang='lat'><strong>34.)</strong></span> <span class='ocrx_word' id='word_1_432' title='bbox 2363 2699 2580 2771; x_wconf 76' lang='lat' dir='ltr'><strong>Sufﬁcit</strong></span> <span class='ocrx_word' id='word_1_433' title='bbox 2602 2700 2706 2755; x_wconf 82' lang='lat' dir='ltr'><strong>diei</strong></span> <span class='ocrx_word' id='word_1_434' title='bbox 2733 2701 2933 2756; x_wconf 84' lang='lat' dir='ltr'><strong>ntalitia</strong></span> <span class='ocrx_word' id='word_1_435' title='bbox 2961 2719 3080 2757; x_wconf 86' lang='lat' dir='ltr'><strong>sua.</strong></span> <span class='ocrx_word' id='word_1_436' title='bbox 3124 2703 3221 2757; x_wconf 84' lang='lat' dir='ltr'><strong>Hic</strong></span> <span class='ocrx_word' id='word_1_437' title='bbox 3246 2702 3523 2768; x_wconf 81' lang='lat' dir='ltr'><strong>malitiam,</strong></span> 
     </span>
    </p>
   </div>
   <div class='ocr_carea' id='block_1_56' title="bbox 1930 2792 3529 2867">
    <p class='ocr_par' dir='ltr' id='par_1_56' title="bbox 1930 2792 3529 2867">
     <span class='ocr_line' id='line_1_56' title="bbox 1930 2792 3529 2867; baseline 0.003 -22"><span class='ocrx_word' id='word_1_438' title='bbox 1930 2807 2037 2847; x_wconf 86' lang='lat' dir='ltr'><strong>non</strong></span> <span class='ocrx_word' id='word_1_439' title='bbox 2069 2792 2402 2848; x_wconf 86' lang='lat' dir='ltr'><strong>contrariam</strong></span> <span class='ocrx_word' id='word_1_440' title='bbox 2436 2794 2625 2850; x_wconf 82' lang='lat' dir='ltr'><strong>virtuti</strong></span> <span class='ocrx_word' id='word_1_441' title='bbox 2656 2796 2869 2865; x_wconf 82' lang='lat' dir='ltr'><strong>posuit,</strong></span> <span class='ocrx_word' id='word_1_442' title='bbox 2902 2794 2997 2851; x_wconf 86' lang='lat' dir='ltr'><strong>sed</strong></span> <span class='ocrx_word' id='word_1_443' title='bbox 3038 2794 3269 2851; x_wconf 81' lang='lat' dir='ltr'><strong>laborem</strong></span> <span class='ocrx_word' id='word_1_444' title='bbox 3309 2805 3358 2849; x_wconf 86' lang='lat' dir='ltr'><strong>et</strong></span> <span class='ocrx_word' id='word_1_445' title='bbox 3385 2797 3529 2867; x_wconf 80' lang='lat' dir='ltr'><strong>afﬂi-</strong></span> 
     </span>
    </p>
   </div>
   <div class='ocr_carea' id='block_1_57' title="bbox 1931 2886 3531 2960">
    <p class='ocr_par' dir='ltr' id='par_1_57' title="bbox 1931 2886 3531 2960">
     <span class='ocr_line' id='line_1_57' title="bbox 1931 2886 3531 2960; baseline 0.004 -22"><span class='ocrx_word' id='word_1_446' title='bbox 1931 2886 2170 2953; x_wconf 81' lang='lat' dir='ltr'><strong>ctionein,</strong></span> <span class='ocrx_word' id='word_1_447' title='bbox 2184 2895 2232 2940; x_wconf 92' lang='lat' dir='ltr'><strong>et</strong></span> <span class='ocrx_word' id='word_1_448' title='bbox 2254 2890 2527 2960; x_wconf 82' lang='lat' dir='ltr'><strong>angustias</strong></span> <span class='ocrx_word' id='word_1_449' title='bbox 2547 2888 2735 2943; x_wconf 69' lang='lat' dir='ltr'><strong>saeculi</strong></span> <span class='ocrx_word' id='word_1_450' title='bbox 2758 2905 2771 2944; x_wconf 88' lang='lat'><strong>:</strong></span> <span class='ocrx_word' id='word_1_451' title='bbox 2795 2889 3073 2959; x_wconf 86' lang='lat' dir='ltr'><strong>quomodo</strong></span> <span class='ocrx_word' id='word_1_452' title='bbox 3094 2899 3148 2944; x_wconf 85' lang='lat' dir='ltr'><strong>et</strong></span> <span class='ocrx_word' id='word_1_453' title='bbox 3170 2889 3306 2945; x_wconf 84' lang='lat' dir='ltr'><strong>Sara</strong></span> <span class='ocrx_word' id='word_1_454' title='bbox 3335 2887 3531 2945; x_wconf 79' lang='lat' dir='ltr'><strong>afﬂixit</strong></span> 
     </span>
    </p>
   </div>
   <div class='ocr_carea' id='block_1_58' title="bbox 1933 2972 3529 3054">
    <p class='ocr_par' dir='ltr' id='par_1_58' title="bbox 1933 2972 3529 3054">
     <span class='ocr_line' id='line_1_58' title="bbox 1933 2972 3529 3054; baseline 0.001 -19"><span class='ocrx_word' id='word_1_455' title='bbox 1933 2978 2080 3049; x_wconf 85' lang='lat' dir='ltr'><strong>Agar</strong></span> <span class='ocrx_word' id='word_1_456' title='bbox 2098 2972 2363 3035; x_wconf 73' lang='lat' dir='ltr'><strong>ancillam</strong></span> <span class='ocrx_word' id='word_1_457' title='bbox 2408 2996 2560 3036; x_wconf 86' lang='lat' dir='ltr'><strong>suam</strong></span> <span class='ocrx_word' id='word_1_458' title='bbox 2608 2979 2929 3053; x_wconf 69' lang='lat' dir='ltr'><strong>(Gemxvt),</strong></span> <span class='ocrx_word' id='word_1_459' title='bbox 2974 2984 3122 3053; x_wconf 89' lang='lat' dir='ltr'><strong>quod</strong></span> <span class='ocrx_word' id='word_1_460' title='bbox 3153 2981 3529 3054; x_wconf 72' lang='lat' dir='ltr'><strong>significanter</strong></span> 
     </span>
    </p>
   </div>
   <div class='ocr_carea' id='block_1_59' title="bbox 1929 3072 3531 3148">
    <p class='ocr_par' dir='ltr' id='par_1_59' title="bbox 1929 3072 3531 3148">
     <span class='ocr_line' id='line_1_59' title="bbox 1929 3072 3531 3148; baseline 0.002 -18"><span class='ocrx_word' id='word_1_461' title='bbox 1929 3072 2123 3130; x_wconf 64' lang='lat' dir='ltr'><strong>Graece</strong></span> <span class='ocrx_word' id='word_1_462' title='bbox 2171 3076 2376 3131; x_wconf 88' lang='lat' dir='ltr'><strong>dicitur</strong></span> <span class='ocrx_word' id='word_1_463' title='bbox 2425 3078 2682 3134; x_wconf 79' lang='grc' dir='ltr'><strong>ἐκάκωσεν</strong></span> <span class='ocrx_word' id='word_1_464' title='bbox 2728 3080 2900 3138; x_wconf 69' lang='grc' dir='ltr'><strong>αὐτὴν.</strong></span> <span class='ocrx_word' id='word_1_465' title='bbox 2947 3075 3165 3133; x_wconf 78' lang='lat' dir='ltr'><strong>Sufﬁcit</strong></span> <span class='ocrx_word' id='word_1_466' title='bbox 3209 3093 3342 3148; x_wconf 82' lang='lat' dir='ltr'><strong>ergo</strong></span> <span class='ocrx_word' id='word_1_467' title='bbox 3374 3077 3531 3133; x_wconf 88' lang='lat' dir='ltr'><strong>nobis</strong></span> 
     </span>
    </p>
   </div>
   <div class='ocr_carea' id='block_1_60' title="bbox 1932 3169 3530 3242">
    <p class='ocr_par' dir='ltr' id='par_1_60' title="bbox 1932 3169 3530 3242">
     <span class='ocr_line' id='line_1_60' title="bbox 1932 3169 3530 3242; baseline 0.001 -17"><span class='ocrx_word' id='word_1_468' title='bbox 1932 3170 2224 3240; x_wconf 70' lang='lat' dir='ltr'><strong>praesentis</strong></span> <span class='ocrx_word' id='word_1_469' title='bbox 2266 3173 2528 3242; x_wconf 80' lang='lat' dir='ltr'><strong>temporis</strong></span> <span class='ocrx_word' id='word_1_470' title='bbox 2577 3171 2834 3242; x_wconf 80' lang='lat' dir='ltr'><strong>cogitatio</strong></span> <span class='ocrx_word' id='word_1_471' title='bbox 2882 3188 2896 3226; x_wconf 86' lang='lat'><strong>:</strong></span> <span class='ocrx_word' id='word_1_472' title='bbox 2950 3169 3258 3227; x_wconf 77' lang='lat' dir='ltr'><strong>futurorum</strong></span> <span class='ocrx_word' id='word_1_473' title='bbox 3312 3186 3530 3241; x_wconf 74' lang='lat' dir='ltr'><strong>curam,</strong></span> 
     </span>
    </p>
   </div>
   <div class='ocr_carea' id='block_1_61' title="bbox 234 3256 2850 3338">
    <p class='ocr_par' dir='ltr' id='par_1_61' title="bbox 234 3256 2850 3338">
     <span class='ocr_line' id='line_1_61' title="bbox 234 3256 2850 3338; baseline 0.001 -20"><span class='ocrx_word' id='word_1_474' title='bbox 234 3260 375 3327; x_wconf 83' lang='lat' dir='ltr'><strong>dam,</strong></span> <span class='ocrx_word' id='word_1_475' title='bbox 403 3262 495 3334; x_wconf 85' lang='lat' dir='ltr'><strong>qui</strong></span> <span class='ocrx_word' id='word_1_476' title='bbox 524 3263 656 3319; x_wconf 77' lang='lat' dir='ltr'><strong>dum</strong></span> <span class='ocrx_word' id='word_1_477' title='bbox 685 3264 878 3323; x_wconf 89' lang='lat' dir='ltr'><strong>volunt</strong></span> <span class='ocrx_word' id='word_1_478' title='bbox 906 3267 1169 3324; x_wconf 81' lang='lat' dir='ltr'><strong>terminos</strong></span> <span class='ocrx_word' id='word_1_479' title='bbox 1198 3278 1411 3338; x_wconf 81' lang='lat' dir='ltr'><strong>patrum</strong></span> <span class='ocrx_word' id='word_1_480' title='bbox 1454 3268 1746 3334; x_wconf 79' lang='lat' dir='ltr'><strong>exeedcre,</strong></span> <span class='ocrx_word' id='word_1_481' title='bbox 1777 3280 1830 3323; x_wconf 87' lang='lat' dir='ltr'><strong>et</strong></span> <span class='ocrx_word' id='word_1_482' title='bbox 1858 3256 1907 3323; x_wconf 85' lang='lat' dir='ltr'><strong>C</strong></span> <span class='ocrx_word' id='word_1_483' title='bbox 1937 3278 2059 3334; x_wconf 63' lang='lat' dir='ltr'><strong>Quae</strong></span> <span class='ocrx_word' id='word_1_484' title='bbox 2089 3264 2293 3320; x_wconf 86' lang='lat' dir='ltr'><strong>incerta</strong></span> <span class='ocrx_word' id='word_1_485' title='bbox 2317 3274 2426 3332; x_wconf 88' lang='lat' dir='ltr'><strong>est,</strong></span> <span class='ocrx_word' id='word_1_486' title='bbox 2459 3264 2850 3337; x_wconf 82' lang='lat' dir='ltr'><strong>relinquamus.</strong></span> 
     </span>
    </p>
   </div>
   <div class='ocr_carea' id='block_1_62' title="bbox 236 3353 1836 3429">
    <p class='ocr_par' dir='ltr' id='par_1_62' title="bbox 236 3353 1836 3429">
     <span class='ocr_line' id='line_1_62' title="bbox 236 3353 1836 3429; baseline 0.007 -21"><span class='ocrx_word' id='word_1_487' title='bbox 236 3353 301 3409; x_wconf 85' lang='lat' dir='ltr'><strong>ad</strong></span> <span class='ocrx_word' id='word_1_488' title='bbox 324 3355 427 3409; x_wconf 86' lang='lat' dir='ltr'><strong>alta</strong></span> <span class='ocrx_word' id='word_1_489' title='bbox 456 3356 713 3424; x_wconf 87' lang='lat' dir='ltr'><strong>volitare,</strong></span> <span class='ocrx_word' id='word_1_490' title='bbox 745 3357 803 3414; x_wconf 75' lang='lat' dir='ltr'><strong>in</strong></span> <span class='ocrx_word' id='word_1_491' title='bbox 830 3359 937 3414; x_wconf 84' lang='lat' dir='ltr'><strong>ima</strong></span> <span class='ocrx_word' id='word_1_492' title='bbox 969 3372 1288 3429; x_wconf 75' lang='lat' dir='ltr'><strong>merguntur</strong></span> <span class='ocrx_word' id='word_1_493' title='bbox 1317 3379 1333 3417; x_wconf 88' lang='lat'><strong>:</strong></span> <span class='ocrx_word' id='word_1_494' title='bbox 1372 3360 1612 3416; x_wconf 82' lang='lat' dir='ltr'><strong>volatilia</strong></span> <span class='ocrx_word' id='word_1_495' title='bbox 1653 3362 1836 3419; x_wconf 55' lang='lat' dir='ltr'><strong>dicet»</strong></span> 
     </span>
    </p>
   </div>
   <div class='ocr_carea' id='block_1_63' title="bbox 240 3449 1834 3526">
    <p class='ocr_par' dir='ltr' id='par_1_63' title="bbox 240 3449 1834 3526">
     <span class='ocr_line' id='line_1_63' title="bbox 240 3449 1834 3526; baseline 0.009 -25"><span class='ocrx_word' id='word_1_496' title='bbox 240 3453 323 3503; x_wconf 80' lang='lat' dir='ltr'><strong>tes</strong></span> <span class='ocrx_word' id='word_1_497' title='bbox 343 3449 463 3508; x_wconf 62' lang='lat' dir='ltr'><strong>eali</strong></span> <span class='ocrx_word' id='word_1_498' title='bbox 496 3450 741 3521; x_wconf 80' lang='lat' dir='ltr'><strong>Angelos</strong></span> <span class='ocrx_word' id='word_1_499' title='bbox 766 3467 910 3519; x_wconf 84' lang='lat' dir='ltr'><strong>esse,</strong></span> <span class='ocrx_word' id='word_1_500' title='bbox 940 3463 1279 3526; x_wconf 55' lang='lat' dir='ltr'><strong>ceterasque</strong></span> <span class='ocrx_word' id='word_1_501' title='bbox 1317 3454 1372 3511; x_wconf 88' lang='lat' dir='ltr'><strong>in</strong></span> <span class='ocrx_word' id='word_1_502' title='bbox 1407 3455 1499 3510; x_wconf 84' lang='lat' dir='ltr'><strong>Dei</strong></span> <span class='ocrx_word' id='word_1_503' title='bbox 1534 3457 1834 3515; x_wconf 84' lang='lat' dir='ltr'><strong>ministerio</strong></span> 
     </span>
    </p>
   </div>
   <div class='ocr_carea' id='block_1_64' title="bbox 237 3538 1835 3623">
    <p class='ocr_par' dir='ltr' id='par_1_64' title="bbox 237 3538 1835 3623">
     <span class='ocr_line' id='line_1_64' title="bbox 237 3538 1835 3623; baseline 0.007 -27"><span class='ocrx_word' id='word_1_504' title='bbox 237 3538 597 3612; x_wconf 78' lang='lat' dir='ltr'><strong>fortitudines,</strong></span> <span class='ocrx_word' id='word_1_505' title='bbox 631 3560 756 3615; x_wconf 63' lang='lat' dir='ltr'><strong>qua</strong></span> <span class='ocrx_word' id='word_1_506' title='bbox 783 3546 987 3618; x_wconf 84' lang='lat' dir='ltr'><strong>absque</strong></span> <span class='ocrx_word' id='word_1_507' title='bbox 1016 3562 1147 3604; x_wconf 90' lang='lat' dir='ltr'><strong>cura</strong></span> <span class='ocrx_word' id='word_1_508' title='bbox 1174 3550 1257 3605; x_wconf 89' lang='lat' dir='ltr'><strong>sui</strong></span> <span class='ocrx_word' id='word_1_509' title='bbox 1301 3549 1398 3605; x_wconf 87' lang='lat' dir='ltr'><strong>Dei</strong></span> <span class='ocrx_word' id='word_1_510' title='bbox 1445 3551 1663 3606; x_wconf 85' lang='lat' dir='ltr'><strong>alantur</strong></span> <span class='ocrx_word' id='word_1_511' title='bbox 1711 3567 1835 3623; x_wconf 67' lang='lat' dir='ltr'><strong>pro»</strong></span> 
     </span>
    </p>
   </div>
   <div class='ocr_carea' id='block_1_65' title="bbox 238 3635 1836 3716">
    <p class='ocr_par' dir='ltr' id='par_1_65' title="bbox 238 3635 1836 3716">
     <span class='ocr_line' id='line_1_65' title="bbox 238 3635 1836 3716; baseline 0.008 -26"><span class='ocrx_word' id='word_1_512' title='bbox 238 3635 488 3693; x_wconf 72' lang='lat' dir='ltr'><strong>videntis.</strong></span> <span class='ocrx_word' id='word_1_513' title='bbox 524 3637 584 3696; x_wconf 90' lang='lat' dir='ltr'><strong>Si</strong></span> <span class='ocrx_word' id='word_1_514' title='bbox 613 3638 723 3696; x_wconf 84' lang='lat' dir='ltr'><strong>hoc</strong></span> <span class='ocrx_word' id='word_1_515' title='bbox 745 3639 820 3695; x_wconf 84' lang='lat' dir='ltr'><strong>ita</strong></span> <span class='ocrx_word' id='word_1_516' title='bbox 850 3647 956 3707; x_wconf 87' lang='lat' dir='ltr'><strong>est,</strong></span> <span class='ocrx_word' id='word_1_517' title='bbox 985 3649 1046 3696; x_wconf 90' lang='lat' dir='ltr'><strong>ut</strong></span> <span class='ocrx_word' id='word_1_518' title='bbox 1068 3643 1290 3715; x_wconf 75' lang='lat' dir='ltr'><strong>intelligi</strong></span> <span class='ocrx_word' id='word_1_519' title='bbox 1321 3645 1531 3711; x_wconf 85' lang='lat' dir='ltr'><strong>volunt,</strong></span> <span class='ocrx_word' id='word_1_520' title='bbox 1561 3647 1836 3716; x_wconf 89' lang='lat' dir='ltr'><strong>quomodo</strong></span> 
     </span>
    </p>
   </div>
   <div class='ocr_carea' id='block_1_66' title="bbox 236 3730 1837 3813">
    <p class='ocr_par' dir='ltr' id='par_1_66' title="bbox 236 3730 1837 3813">
     <span class='ocr_line' id='line_1_66' title="bbox 236 3730 1837 3813; baseline 0.004 -26"><span class='ocrx_word' id='word_1_521' title='bbox 236 3732 474 3800; x_wconf 82' lang='lat' dir='ltr'><strong>sequitur</strong></span> <span class='ocrx_word' id='word_1_522' title='bbox 491 3730 708 3789; x_wconf 74' lang='lat' dir='ltr'><strong>dictum</strong></span> <span class='ocrx_word' id='word_1_523' title='bbox 738 3733 802 3789; x_wconf 82' lang='lat' dir='ltr'><strong>ad</strong></span> <span class='ocrx_word' id='word_1_524' title='bbox 837 3733 1086 3791; x_wconf 74' lang='lat' dir='ltr'><strong>homines</strong></span> <span class='ocrx_word' id='word_1_525' title='bbox 1118 3753 1132 3790; x_wconf 89' lang='lat'><strong>:</strong></span> <span class='ocrx_word' id='word_1_526' title='bbox 1163 3734 1352 3792; x_wconf 83' lang='lat' dir='ltr'><strong>Nonne</strong></span> <span class='ocrx_word' id='word_1_527' title='bbox 1372 3736 1505 3792; x_wconf 53' lang='lat' dir='ltr'><strong>vos”</strong></span> <span class='ocrx_word' id='word_1_528' title='bbox 1528 3740 1695 3813; x_wconf 87' lang='lat' dir='ltr'><strong>magis</strong></span> <span class='ocrx_word' id='word_1_529' title='bbox 1721 3740 1837 3810; x_wconf 81' lang='lat' dir='ltr'><strong>plu-</strong></span> 
     </span>
    </p>
   </div>
   <div class='ocr_carea' id='block_1_67' title="bbox 232 3823 1835 3902">
    <p class='ocr_par' dir='ltr' id='par_1_67' title="bbox 232 3823 1835 3902">
     <span class='ocr_line' id='line_1_67' title="bbox 232 3823 1835 3902; baseline 0.006 -25"><span class='ocrx_word' id='word_1_530' title='bbox 232 3823 304 3878; x_wconf 80' lang='lat' dir='ltr'><strong>ris</strong></span> <span class='ocrx_word' id='word_1_531' title='bbox 330 3824 448 3878; x_wconf 78' lang='lat' dir='ltr'><strong>estis</strong></span> <span class='ocrx_word' id='word_1_532' title='bbox 480 3823 594 3880; x_wconf 80' lang='lat' dir='ltr'><strong>illis</strong></span> <span class='ocrx_word' id='word_1_533' title='bbox 617 3824 644 3879; x_wconf 79' lang='lat'><strong>.’</strong></span> <span class='ocrx_word' id='word_1_534' title='bbox 691 3825 1030 3897; x_wconf 86' lang='lat' dir='ltr'><strong>Simpliciter</strong></span> <span class='ocrx_word' id='word_1_535' title='bbox 1058 3843 1190 3900; x_wconf 84' lang='lat' dir='ltr'><strong>ergo</strong></span> <span class='ocrx_word' id='word_1_536' title='bbox 1233 3829 1612 3902; x_wconf 87' lang='lat' dir='ltr'><strong>accipiendum</strong></span> <span class='ocrx_word' id='word_1_537' title='bbox 1646 3847 1661 3885; x_wconf 87' lang='lat'><strong>:</strong></span> <span class='ocrx_word' id='word_1_538' title='bbox 1692 3832 1835 3900; x_wconf 86' lang='lat' dir='ltr'><strong>quod</strong></span> 
     </span>
    </p>
   </div>
   <div class='ocr_carea' id='block_1_68' title="bbox 228 3916 1839 3990">
    <p class='ocr_par' dir='ltr' id='par_1_68' title="bbox 228 3916 1839 3990">
     <span class='ocr_line' id='line_1_68' title="bbox 228 3916 1839 3990; baseline 0.007 -20"><span class='ocrx_word' id='word_1_539' title='bbox 228 3916 276 3971; x_wconf 86' lang='lat' dir='ltr'><strong>si</strong></span> <span class='ocrx_word' id='word_1_540' title='bbox 322 3916 571 3973; x_wconf 80' lang='lat' dir='ltr'><strong>volatilia</strong></span> <span class='ocrx_word' id='word_1_541' title='bbox 612 3919 822 3990; x_wconf 82' lang='lat' dir='ltr'><strong>absque</strong></span> <span class='ocrx_word' id='word_1_542' title='bbox 860 3934 987 3976; x_wconf 75' lang='lat' dir='ltr'><strong>cum</strong></span> <span class='ocrx_word' id='word_1_543' title='bbox 1036 3931 1094 3977; x_wconf 89' lang='lat' dir='ltr'><strong>et</strong></span> <span class='ocrx_word' id='word_1_544' title='bbox 1140 3922 1424 3989; x_wconf 67' lang='lat' dir='ltr'><strong>aerumnis,</strong></span> <span class='ocrx_word' id='word_1_545' title='bbox 1474 3925 1567 3979; x_wconf 77' lang='lat' dir='ltr'><strong>Dei</strong></span> <span class='ocrx_word' id='word_1_546' title='bbox 1616 3926 1839 3981; x_wconf 85' lang='lat' dir='ltr'><strong>aluntur</strong></span> 
     </span>
    </p>
   </div>
   <div class='ocr_carea' id='block_1_69' title="bbox 228 4011 1835 4084">
    <p class='ocr_par' dir='ltr' id='par_1_69' title="bbox 228 4011 1835 4084">
     <span class='ocr_line' id='line_1_69' title="bbox 228 4011 1835 4084; baseline 0.004 -18"><span class='ocrx_word' id='word_1_547' title='bbox 228 4011 616 4079; x_wconf 71' lang='lat' dir='ltr'><strong>providentia,</strong></span> <span class='ocrx_word' id='word_1_548' title='bbox 652 4029 775 4083; x_wconf 61' lang='lat' dir='ltr'><strong>qua}</strong></span> <span class='ocrx_word' id='word_1_549' title='bbox 817 4012 979 4072; x_wconf 88' lang='lat' dir='ltr'><strong>hodie</strong></span> <span class='ocrx_word' id='word_1_550' title='bbox 1024 4028 1185 4084; x_wconf 87' lang='lat' dir='ltr'><strong>sunt,</strong></span> <span class='ocrx_word' id='word_1_551' title='bbox 1233 4026 1290 4072; x_wconf 88' lang='lat' dir='ltr'><strong>et</strong></span> <span class='ocrx_word' id='word_1_552' title='bbox 1316 4033 1445 4073; x_wconf 85' lang='lat' dir='ltr'><strong>cras</strong></span> <span class='ocrx_word' id='word_1_553' title='bbox 1487 4034 1596 4073; x_wconf 91' lang='lat' dir='ltr'><strong>non</strong></span> <span class='ocrx_word' id='word_1_554' title='bbox 1628 4030 1835 4074; x_wconf 89' lang='lat' dir='ltr'><strong>erunt:</strong></span> 
     </span>
    </p>
   </div>
   <div class='ocr_carea' id='block_1_70' title="bbox 235 4106 1835 4182">
    <p class='ocr_par' dir='ltr' id='par_1_70' title="bbox 235 4106 1835 4182">
     <span class='ocr_line' id='line_1_70' title="bbox 235 4106 1835 4182; baseline 0.005 -22"><span class='ocrx_word' id='word_1_555' title='bbox 235 4116 257 4142; x_wconf 73' lang='grc' dir='ltr'><strong>ε</strong></span> <span class='ocrx_word' id='word_1_556' title='bbox 273 4117 478 4176; x_wconf 73' lang='lat' dir='ltr'><strong>quanto</strong></span> <span class='ocrx_word' id='word_1_557' title='bbox 498 4108 676 4179; x_wconf 78' lang='lat' dir='ltr'><strong>magis</strong></span> <span class='ocrx_word' id='word_1_558' title='bbox 694 4106 948 4165; x_wconf 84' lang='lat' dir='ltr'><strong>homines</strong></span> <span class='ocrx_word' id='word_1_559' title='bbox 967 4110 1165 4180; x_wconf 84' lang='lat' dir='ltr'><strong>quibus</strong></span> <span class='ocrx_word' id='word_1_560' title='bbox 1179 4113 1460 4167; x_wconf 67' lang='lat' dir='ltr'><strong>aeternitas</strong></span> <span class='ocrx_word' id='word_1_561' title='bbox 1478 4112 1835 4182; x_wconf 83' lang='lat' dir='ltr'><strong>promittitur,</strong></span> 
     </span>
    </p>
   </div>
   <div class='ocr_carea' id='block_1_71' title="bbox 234 4195 1508 4272">
    <p class='ocr_par' dir='ltr' id='par_1_71' title="bbox 234 4195 1508 4272">
     <span class='ocr_line' id='line_1_71' title="bbox 234 4195 1508 4272; baseline 0.001 -16"><span class='ocrx_word' id='word_1_562' title='bbox 234 4195 335 4256; x_wconf 81' lang='lat' dir='ltr'><strong>Dei</strong></span> <span class='ocrx_word' id='word_1_563' title='bbox 359 4211 627 4272; x_wconf 81' lang='lat' dir='ltr'><strong>reguntur</strong></span> <span class='ocrx_word' id='word_1_564' title='bbox 645 4201 877 4257; x_wconf 87' lang='lat' dir='ltr'><strong>arbitrio</strong></span> <span class='ocrx_word' id='word_1_565' title='bbox 902 4203 917 4256; x_wconf 86' lang='lat' dir='ltr'><strong>l</strong></span> <span class='ocrx_word' id='word_1_566' title='bbox 1502 4199 1508 4203; x_wconf 44' lang='grc'>⁴</span> 
     </span>
    </p>
   </div>
   <div class='ocr_carea' id='block_1_72' title="bbox 310 4290 1843 4370">
    <p class='ocr_par' dir='ltr' id='par_1_72' title="bbox 310 4290 1843 4370">
     <span class='ocr_line' id='line_1_72' title="bbox 310 4290 1843 4370; baseline 0.003 -23"><span class='ocrx_word' id='word_1_567' title='bbox 310 4290 490 4359; x_wconf 66' lang='lat' dir='ltr'><strong>(Vers.</strong></span> <span class='ocrx_word' id='word_1_568' title='bbox 520 4293 643 4365; x_wconf 74' lang='grc'><strong>27.)</strong></span> <span class='ocrx_word' id='word_1_569' title='bbox 679 4295 812 4361; x_wconf 73' lang='lat' dir='ltr'><strong>Quis</strong></span> <span class='ocrx_word' id='word_1_570' title='bbox 835 4305 1008 4350; x_wconf 82' lang='lat' dir='ltr'><strong>autem</strong></span> <span class='ocrx_word' id='word_1_571' title='bbox 1044 4305 1270 4351; x_wconf 78' lang='lat' dir='ltr'><strong>vestrum</strong></span> <span class='ocrx_word' id='word_1_572' title='bbox 1297 4299 1531 4370; x_wconf 79' lang='lat' dir='ltr'><strong>cogitans</strong></span> <span class='ocrx_word' id='word_1_573' title='bbox 1558 4308 1722 4369; x_wconf 83' lang='lat' dir='ltr'><strong>potest</strong></span> <span class='ocrx_word' id='word_1_574' title='bbox 1747 4300 1843 4352; x_wconf 80' lang='lat' dir='ltr'><strong>atl-</strong></span> 
     </span>
    </p>
   </div>
   <div class='ocr_carea' id='block_1_73' title="bbox 239 4386 1845 4455">
    <p class='ocr_par' dir='ltr' id='par_1_73' title="bbox 239 4386 1845 4455">
     <span class='ocr_line' id='line_1_73' title="bbox 239 4386 1845 4455; baseline 0.006 -18"><span class='ocrx_word' id='word_1_575' title='bbox 239 4386 399 4455; x_wconf 79' lang='lat' dir='ltr'><strong>jicere</strong></span> <span class='ocrx_word' id='word_1_576' title='bbox 424 4388 493 4442; x_wconf 87' lang='lat' dir='ltr'><strong>ad</strong></span> <span class='ocrx_word' id='word_1_577' title='bbox 516 4397 780 4443; x_wconf 83' lang='lat' dir='ltr'><strong>staturam</strong></span> <span class='ocrx_word' id='word_1_578' title='bbox 812 4405 961 4443; x_wconf 84' lang='lat' dir='ltr'><strong>suam</strong></span> <span class='ocrx_word' id='word_1_579' title='bbox 1003 4390 1233 4445; x_wconf 81' lang='lat' dir='ltr'><strong>cubitum</strong></span> <span class='ocrx_word' id='word_1_580' title='bbox 1272 4409 1429 4448; x_wconf 80' lang='lat' dir='ltr'><strong>unum</strong></span> <span class='ocrx_word' id='word_1_581' title='bbox 1456 4393 1481 4446; x_wconf 83' lang='lat'><strong><em>?</em></strong></span> <span class='ocrx_word' id='word_1_582' title='bbox 1510 4389 1576 4444; x_wconf 87' lang='lat' dir='ltr'><strong>Et</strong></span> <span class='ocrx_word' id='word_1_583' title='bbox 1605 4391 1670 4447; x_wconf 83' lang='lat' dir='ltr'><strong>de</strong></span> <span class='ocrx_word' id='word_1_584' title='bbox 1691 4394 1845 4447; x_wconf 67' lang='lat' dir='ltr'><strong>vesti-</strong></span> 
     </span>
    </p>
   </div>
   <div class='ocr_carea' id='block_1_74' title="bbox 248 4481 1843 4555">
    <p class='ocr_par' dir='ltr' id='par_1_74' title="bbox 248 4481 1843 4555">
     <span class='ocr_line' id='line_1_74' title="bbox 248 4481 1843 4555; baseline 0.006 -21"><span class='ocrx_word' id='word_1_585' title='bbox 248 4481 424 4535; x_wconf 66' lang='lat' dir='ltr'><strong>mentis</strong></span> <span class='ocrx_word' id='word_1_586' title='bbox 455 4483 587 4553; x_wconf 72' lang='lat' dir='ltr'><strong>quid</strong></span> <span class='ocrx_word' id='word_1_587' title='bbox 634 4483 852 4538; x_wconf 83' lang='lat' dir='ltr'><strong>solliciti</strong></span> <span class='ocrx_word' id='word_1_588' title='bbox 871 4485 997 4539; x_wconf 82' lang='lat' dir='ltr'><strong>estis</strong></span> <span class='ocrx_word' id='word_1_589' title='bbox 1019 4487 1044 4539; x_wconf 73' lang='grc' dir='ltr'><strong><em>Ρ</em></strong></span> <span class='ocrx_word' id='word_1_590' title='bbox 1089 4486 1247 4541; x_wconf 82' lang='lat' dir='ltr'><strong>Sicut</strong></span> <span class='ocrx_word' id='word_1_591' title='bbox 1274 4485 1514 4542; x_wconf 83' lang='lat' dir='ltr'><strong>animam</strong></span> <span class='ocrx_word' id='word_1_592' title='bbox 1546 4487 1669 4555; x_wconf 86' lang='lat' dir='ltr'><strong>plus</strong></span> <span class='ocrx_word' id='word_1_593' title='bbox 1716 4502 1843 4543; x_wconf 73' lang='lat' dir='ltr'><strong>esse</strong></span> 
     </span>
    </p>
   </div>
   <div class='ocr_carea' id='block_1_75' title="bbox 251 4574 1845 4647">
    <p class='ocr_par' dir='ltr' id='par_1_75' title="bbox 251 4574 1845 4647">
     <span class='ocr_line' id='line_1_75' title="bbox 251 4574 1845 4647; baseline 0.004 -18"><span class='ocrx_word' id='word_1_594' title='bbox 251 4584 407 4640; x_wconf 75' lang='lat' dir='ltr'><strong>quam</strong></span> <span class='ocrx_word' id='word_1_595' title='bbox 433 4574 617 4631; x_wconf 72' lang='lat' dir='ltr'><strong>cibum</strong></span> <span class='ocrx_word' id='word_1_596' title='bbox 648 4577 1066 4647; x_wconf 81' lang='lat' dir='ltr'><strong>comparatione</strong></span> <span class='ocrx_word' id='word_1_597' title='bbox 1104 4580 1287 4634; x_wconf 84' lang='lat' dir='ltr'><strong>avium</strong></span> <span class='ocrx_word' id='word_1_598' title='bbox 1315 4580 1734 4641; x_wconf 82' lang='lat' dir='ltr'><strong>demonstravit,</strong></span> <span class='ocrx_word' id='word_1_599' title='bbox 1765 4580 1845 4635; x_wconf 86' lang='lat' dir='ltr'><strong>sic</strong></span> 
     </span>
    </p>
   </div>
   <div class='ocr_carea' id='block_1_76' title="bbox 2010 3357 3537 3431">
    <p class='ocr_par' dir='ltr' id='par_1_76' title="bbox 2010 3357 3537 3431">
     <span class='ocr_line' id='line_1_76' title="bbox 2010 3357 3537 3431; baseline -0.001 -17"><span class='ocrx_word' id='word_1_600' title='bbox 2010 3358 2165 3431; x_wconf 84' lang='lat' dir='ltr'><strong>(Cap.</strong></span> <span class='ocrx_word' id='word_1_601' title='bbox 2204 3357 2307 3413; x_wconf 74' lang='lat' dir='ltr'><strong>VII.</strong></span> <span class='ocrx_word' id='word_1_602' title='bbox 2337 3388 2409 3399; x_wconf 90' lang='lat'><strong>-—</strong></span> <span class='ocrx_word' id='word_1_603' title='bbox 2437 3359 2592 3415; x_wconf 78' lang='lat' dir='ltr'><strong>Vcrs.</strong></span> <span class='ocrx_word' id='word_1_604' title='bbox 2630 3361 2683 3425; x_wconf 78' lang='lat' dir='ltr'><strong>‘I,</strong></span> <span class='ocrx_word' id='word_1_605' title='bbox 2715 3358 2797 3431; x_wconf 68' lang='grc' dir='ltr'><strong>Ξ.)</strong></span> <span class='ocrx_word' id='word_1_606' title='bbox 2840 3358 3020 3414; x_wconf 85' lang='lat' dir='ltr'><strong>Nolite</strong></span> <span class='ocrx_word' id='word_1_607' title='bbox 3033 3359 3296 3431; x_wconf 81' lang='lat' dir='ltr'><strong>judicare,</strong></span> <span class='ocrx_word' id='word_1_608' title='bbox 3340 3370 3395 3415; x_wconf 90' lang='lat' dir='ltr'><strong>ut</strong></span> <span class='ocrx_word' id='word_1_609' title='bbox 3432 3376 3537 3414; x_wconf 86' lang='lat' dir='ltr'><strong>non</strong></span> 
     </span>
    </p>
   </div>
   <div class='ocr_carea' id='block_1_77' title="bbox 1929 3450 3539 3524">
    <p class='ocr_par' dir='ltr' id='par_1_77' title="bbox 1929 3450 3539 3524">
     <span class='ocr_line' id='line_1_77' title="bbox 1929 3450 3539 3524; baseline 0.001 -21"><span class='ocrx_word' id='word_1_610' title='bbox 1929 3450 2261 3523; x_wconf 83' lang='lat' dir='ltr'><strong>judicemini.</strong></span> <span class='ocrx_word' id='word_1_611' title='bbox 2306 3450 2371 3505; x_wconf 80' lang='lat' dir='ltr'><strong>In</strong></span> <span class='ocrx_word' id='word_1_612' title='bbox 2399 3468 2499 3523; x_wconf 85' lang='lat' dir='ltr'><strong>quo</strong></span> <span class='ocrx_word' id='word_1_613' title='bbox 2520 3452 2653 3505; x_wconf 88' lang='lat' dir='ltr'><strong>enim</strong></span> <span class='ocrx_word' id='word_1_614' title='bbox 2675 3450 2886 3523; x_wconf 82' lang='lat' dir='ltr'><strong>judicio</strong></span> <span class='ocrx_word' id='word_1_615' title='bbox 2899 3450 3290 3524; x_wconf 78' lang='lat' dir='ltr'><strong>judicareritis,</strong></span> <span class='ocrx_word' id='word_1_616' title='bbox 3325 3451 3539 3524; x_wconf 56' lang='lat' dir='ltr'><strong>judico.</strong></span> 
     </span>
    </p>
   </div>
   <div class='ocr_carea' id='block_1_78' title="bbox 1938 3544 3541 3615">
    <p class='ocr_par' dir='ltr' id='par_1_78' title="bbox 1938 3544 3541 3615">
     <span class='ocr_line' id='line_1_78' title="bbox 1938 3544 3541 3615; baseline -0.001 -18"><span class='ocrx_word' id='word_1_617' title='bbox 1938 3544 2159 3597; x_wconf 85' lang='lat' dir='ltr'><strong>bimini:</strong></span> <span class='ocrx_word' id='word_1_618' title='bbox 2189 3553 2235 3599; x_wconf 91' lang='lat' dir='ltr'><strong>et</strong></span> <span class='ocrx_word' id='word_1_619' title='bbox 2272 3544 2326 3598; x_wconf 85' lang='lat' dir='ltr'><strong>in</strong></span> <span class='ocrx_word' id='word_1_620' title='bbox 2368 3561 2471 3615; x_wconf 80' lang='lat' dir='ltr'><strong>qua</strong></span> <span class='ocrx_word' id='word_1_621' title='bbox 2514 3561 2762 3599; x_wconf 85' lang='lat' dir='ltr'><strong>mensura</strong></span> <span class='ocrx_word' id='word_1_622' title='bbox 2792 3544 2957 3599; x_wconf 85' lang='lat' dir='ltr'><strong>mensi</strong></span> <span class='ocrx_word' id='word_1_623' title='bbox 2983 3544 3208 3614; x_wconf 85' lang='lat' dir='ltr'><strong>fueritis,</strong></span> <span class='ocrx_word' id='word_1_624' title='bbox 3252 3545 3541 3599; x_wconf 85' lang='lat' dir='ltr'><strong>remetietur</strong></span> 
     </span>
    </p>
   </div>
   <div class='ocr_carea' id='block_1_79' title="bbox 1938 3637 3543 3709">
    <p class='ocr_par' dir='ltr' id='par_1_79' title="bbox 1938 3637 3543 3709">
     <span class='ocr_line' id='line_1_79' title="bbox 1938 3637 3543 3709; baseline -0.001 -16"><span class='ocrx_word' id='word_1_625' title='bbox 1938 3638 2102 3694; x_wconf 80' lang='lat' dir='ltr'><strong>vobis.</strong></span> <span class='ocrx_word' id='word_1_626' title='bbox 2133 3639 2189 3695; x_wconf 90' lang='lat' dir='ltr'><strong>Si</strong></span> <span class='ocrx_word' id='word_1_627' title='bbox 2234 3639 2481 3707; x_wconf 87' lang='lat' dir='ltr'><strong>judicare</strong></span> <span class='ocrx_word' id='word_1_628' title='bbox 2516 3638 2793 3709; x_wconf 84' lang='lat' dir='ltr'><strong>prohibet,</strong></span> <span class='ocrx_word' id='word_1_629' title='bbox 2827 3654 2930 3707; x_wconf 87' lang='lat' dir='ltr'><strong>qua</strong></span> <span class='ocrx_word' id='word_1_630' title='bbox 2978 3637 3375 3707; x_wconf 80' lang='lat' dir='ltr'><strong>consequentia</strong></span> <span class='ocrx_word' id='word_1_631' title='bbox 3404 3637 3543 3693; x_wconf 47' lang='lat' dir='ltr'><strong>Pan.</strong></span> 
     </span>
    </p>
   </div>
   <div class='ocr_carea' id='block_1_80' title="bbox 1943 3730 3540 3804">
    <p class='ocr_par' dir='ltr' id='par_1_80' title="bbox 1943 3730 3540 3804">
     <span class='ocr_line' id='line_1_80' title="bbox 1943 3730 3540 3804; baseline -0.001 -17"><span class='ocrx_word' id='word_1_632' title='bbox 1943 3733 2096 3787; x_wconf 89' lang='lat' dir='ltr'><strong>lusin</strong></span> <span class='ocrx_word' id='word_1_633' title='bbox 2118 3730 2384 3788; x_wconf 85' lang='lat' dir='ltr'><strong>Corintho</strong></span> <span class='ocrx_word' id='word_1_634' title='bbox 2402 3732 2605 3803; x_wconf 76' lang='lat' dir='ltr'><strong>iudicat</strong></span> <span class='ocrx_word' id='word_1_635' title='bbox 2642 3730 3002 3787; x_wconf 82' lang='lat' dir='ltr'><strong>fornicantem</strong></span> <span class='ocrx_word' id='word_1_636' title='bbox 3036 3730 3078 3804; x_wconf 89' lang='grc' dir='ltr'><strong>(Ι</strong></span> <span class='ocrx_word' id='word_1_637' title='bbox 3098 3730 3220 3787; x_wconf 89' lang='lat' dir='ltr'><strong>Cor.</strong></span> <span class='ocrx_word' id='word_1_638' title='bbox 3249 3732 3326 3803; x_wconf 65' lang='grc' dir='ltr'><strong>τ),</strong></span> <span class='ocrx_word' id='word_1_639' title='bbox 3359 3742 3411 3787; x_wconf 86' lang='lat' dir='ltr'><strong>et</strong></span> <span class='ocrx_word' id='word_1_640' title='bbox 3442 3731 3540 3786; x_wconf 85' lang='lat' dir='ltr'><strong>Pe-</strong></span> 
     </span>
    </p>
   </div>
   <div class='ocr_carea' id='block_1_81' title="bbox 1944 3823 3546 3896">
    <p class='ocr_par' dir='ltr' id='par_1_81' title="bbox 1944 3823 3546 3896">
     <span class='ocr_line' id='line_1_81' title="bbox 1944 3823 3546 3896; baseline -0.001 -15"><span class='ocrx_word' id='word_1_641' title='bbox 1944 3834 2063 3881; x_wconf 84' lang='lat' dir='ltr'><strong>trus</strong></span> <span class='ocrx_word' id='word_1_642' title='bbox 2135 3825 2402 3881; x_wconf 84' lang='lat' dir='ltr'><strong>Ananiam</strong></span> <span class='ocrx_word' id='word_1_643' title='bbox 2467 3835 2521 3880; x_wconf 89' lang='lat' dir='ltr'><strong>ct</strong></span> <span class='ocrx_word' id='word_1_644' title='bbox 2583 3823 2908 3895; x_wconf 83' lang='lat' dir='ltr'><strong>Sapphiram</strong></span> <span class='ocrx_word' id='word_1_645' title='bbox 2973 3824 3242 3880; x_wconf 84' lang='lat' dir='ltr'><strong>mendacii</strong></span> <span class='ocrx_word' id='word_1_646' title='bbox 3297 3826 3546 3896; x_wconf 77' lang='lat' dir='ltr'><strong>coarguit</strong></span> 
     </span>
    </p>
   </div>
   <div class='ocr_carea' id='block_1_82' title="bbox 1937 3916 3540 3991">
    <p class='ocr_par' dir='ltr' id='par_1_82' title="bbox 1937 3916 3540 3991">
     <span class='ocr_line' id='line_1_82' title="bbox 1937 3916 3540 3991; baseline -0.002 -19"><span class='ocrx_word' id='word_1_647' title='bbox 1937 3918 2078 3991; x_wconf 79' lang='lat' dir='ltr'><strong>(Act.</strong></span> <span class='ocrx_word' id='word_1_648' title='bbox 2108 3919 2164 3989; x_wconf 83' lang='lat' dir='ltr'><strong>v)</strong></span> <span class='ocrx_word' id='word_1_649' title='bbox 2194 3919 2218 3972; x_wconf 67' lang='grc' dir='ltr'><strong>ἲ</strong></span> <span class='ocrx_word' id='word_1_650' title='bbox 2249 3917 2353 3974; x_wconf 87' lang='lat' dir='ltr'><strong>Sed</strong></span> <span class='ocrx_word' id='word_1_651' title='bbox 2399 3933 2469 3975; x_wconf 78' lang='lat' dir='ltr'><strong>ex</strong></span> <span class='ocrx_word' id='word_1_652' title='bbox 2512 3916 2977 3988; x_wconf 84' lang='lat' dir='ltr'><strong>consequentibus</strong></span> <span class='ocrx_word' id='word_1_653' title='bbox 3006 3916 3132 3987; x_wconf 85' lang='lat' dir='ltr'><strong>quid</strong></span> <span class='ocrx_word' id='word_1_654' title='bbox 3178 3916 3540 3987; x_wconf 84' lang='lat' dir='ltr'><strong>prohibuerit,</strong></span> 
     </span>
    </p>
   </div>
   <div class='ocr_carea' id='block_1_83' title="bbox 1942 4008 3541 4082">
    <p class='ocr_par' dir='ltr' id='par_1_83' title="bbox 1942 4008 3541 4082">
     <span class='ocr_line' id='line_1_83' title="bbox 1942 4008 3541 4082; baseline -0.003 -14"><span class='ocrx_word' id='word_1_655' title='bbox 1942 4011 2204 4078; x_wconf 86' lang='lat' dir='ltr'><strong>ostendit,</strong></span> <span class='ocrx_word' id='word_1_656' title='bbox 2233 4010 2469 4067; x_wconf 86' lang='lat' dir='ltr'><strong>dicens:</strong></span> <span class='ocrx_word' id='word_1_657' title='bbox 2519 4009 2794 4082; x_wconf 88' lang='lat' dir='ltr'><strong>quomodo</strong></span> <span class='ocrx_word' id='word_1_658' title='bbox 2837 4010 2981 4065; x_wconf 83' lang='lat' dir='ltr'><strong>enini</strong></span> <span class='ocrx_word' id='word_1_659' title='bbox 3023 4008 3428 4079; x_wconf 72' lang='lat' dir='ltr'><strong>iudicaveritis,</strong></span> <span class='ocrx_word' id='word_1_660' title='bbox 3460 4009 3541 4064; x_wconf 90' lang='lat' dir='ltr'><strong>sic</strong></span> 
     </span>
    </p>
   </div>
   <div class='ocr_carea' id='block_1_84' title="bbox 1939 4102 3545 4175">
    <p class='ocr_par' dir='ltr' id='par_1_84' title="bbox 1939 4102 3545 4175">
     <span class='ocr_line' id='line_1_84' title="bbox 1939 4102 3545 4175; baseline -0.001 -15"><span class='ocrx_word' id='word_1_661' title='bbox 1939 4104 2276 4175; x_wconf 73' lang='lat' dir='ltr'><strong>iudicabitur</strong></span> <span class='ocrx_word' id='word_1_662' title='bbox 2320 4103 2390 4161; x_wconf 90' lang='lat' dir='ltr'><strong>de</strong></span> <span class='ocrx_word' id='word_1_663' title='bbox 2442 4103 2622 4159; x_wconf 84' lang='lat' dir='ltr'><strong>vobis.</strong></span> <span class='ocrx_word' id='word_1_664' title='bbox 2655 4113 2678 4141; x_wconf 78' lang='grc' dir='ltr'>ε</span> <span class='ocrx_word' id='word_1_665' title='bbox 2707 4104 2895 4173; x_wconf 84' lang='lat' dir='ltr'><strong>Itaque</strong></span> <span class='ocrx_word' id='word_1_666' title='bbox 2947 4118 3054 4159; x_wconf 91' lang='lat' dir='ltr'><strong>non</strong></span> <span class='ocrx_word' id='word_1_667' title='bbox 3100 4102 3379 4175; x_wconf 86' lang='lat' dir='ltr'><strong>prohibuit</strong></span> <span class='ocrx_word' id='word_1_668' title='bbox 3401 4102 3545 4175; x_wconf 83' lang='lat' dir='ltr'><strong>judi-</strong></span> 
     </span>
    </p>
   </div>
   <div class='ocr_carea' id='block_1_85' title="bbox 1944 4197 2459 4263">
    <p class='ocr_par' dir='ltr' id='par_1_85' title="bbox 1944 4197 2459 4263">
     <span class='ocr_line' id='line_1_85' title="bbox 1944 4197 2459 4263; baseline -0.004 -8"><span class='ocrx_word' id='word_1_669' title='bbox 1944 4214 2094 4263; x_wconf 86' lang='lat' dir='ltr'><strong>care,</strong></span> <span class='ocrx_word' id='word_1_670' title='bbox 2125 4197 2226 4254; x_wconf 89' lang='lat' dir='ltr'><strong>sed</strong></span> <span class='ocrx_word' id='word_1_671' title='bbox 2252 4198 2459 4254; x_wconf 88' lang='lat' dir='ltr'><strong>docuit.</strong></span> 
     </span>
    </p>
   </div>
   <div class='ocr_carea' id='block_1_86' title="bbox 2021 4290 3547 4364">
    <p class='ocr_par' dir='ltr' id='par_1_86' title="bbox 2021 4290 3547 4364">
     <span class='ocr_line' id='line_1_86' title="bbox 2021 4290 3547 4364; baseline -0.001 -17"><span class='ocrx_word' id='word_1_672' title='bbox 2021 4291 2202 4362; x_wconf 83' lang='lat' dir='ltr'><strong>(Vers.</strong></span> <span class='ocrx_word' id='word_1_673' title='bbox 2228 4290 2370 4364; x_wconf 77' lang='lat'><strong>3-5.)</strong></span> <span class='ocrx_word' id='word_1_674' title='bbox 2412 4292 2551 4360; x_wconf 83' lang='lat' dir='ltr'><strong>Quid</strong></span> <span class='ocrx_word' id='word_1_675' title='bbox 2599 4301 2773 4347; x_wconf 88' lang='lat' dir='ltr'><strong>autem</strong></span> <span class='ocrx_word' id='word_1_676' title='bbox 2810 4290 2951 4346; x_wconf 81' lang='lat' dir='ltr'><strong>vides</strong></span> <span class='ocrx_word' id='word_1_677' title='bbox 3001 4293 3253 4364; x_wconf 81' lang='lat' dir='ltr'><strong>festucam</strong></span> <span class='ocrx_word' id='word_1_678' title='bbox 3298 4292 3355 4345; x_wconf 89' lang='lat' dir='ltr'><strong>in</strong></span> <span class='ocrx_word' id='word_1_679' title='bbox 3395 4293 3547 4346; x_wconf 84' lang='lat' dir='ltr'><strong>oculo</strong></span> 
     </span>
    </p>
   </div>
   <div class='ocr_carea' id='block_1_87' title="bbox 1947 4387 3546 4460">
    <p class='ocr_par' dir='ltr' id='par_1_87' title="bbox 1947 4387 3546 4460">
     <span class='ocr_line' id='line_1_87' title="bbox 1947 4387 3546 4460; baseline -0.002 -17"><span class='ocrx_word' id='word_1_680' title='bbox 1947 4389 2127 4460; x_wconf 86' lang='lat' dir='ltr'><strong>fratris</strong></span> <span class='ocrx_word' id='word_1_681' title='bbox 2168 4389 2263 4457; x_wconf 87' lang='lat' dir='ltr'><strong>tui,</strong></span> <span class='ocrx_word' id='word_1_682' title='bbox 2307 4399 2354 4443; x_wconf 90' lang='lat' dir='ltr'><strong>et</strong></span> <span class='ocrx_word' id='word_1_683' title='bbox 2394 4389 2587 4443; x_wconf 88' lang='lat' dir='ltr'><strong>trabem</strong></span> <span class='ocrx_word' id='word_1_684' title='bbox 2635 4390 2689 4443; x_wconf 87' lang='lat' dir='ltr'><strong>in</strong></span> <span class='ocrx_word' id='word_1_685' title='bbox 2734 4388 2886 4442; x_wconf 88' lang='lat' dir='ltr'><strong>oculo</strong></span> <span class='ocrx_word' id='word_1_686' title='bbox 2936 4396 3025 4443; x_wconf 92' lang='lat' dir='ltr'><strong>tuo</strong></span> <span class='ocrx_word' id='word_1_687' title='bbox 3066 4405 3169 4443; x_wconf 88' lang='lat' dir='ltr'><strong>non</strong></span> <span class='ocrx_word' id='word_1_688' title='bbox 3217 4388 3360 4444; x_wconf 81' lang='lat' dir='ltr'><strong>vides</strong></span> <span class='ocrx_word' id='word_1_689' title='bbox 3393 4387 3546 4443; x_wconf 81' lang='lat' dir='ltr'><strong>?Aut</strong></span> 
     </span>
    </p>
   </div>
   <div class='ocr_carea' id='block_1_88' title="bbox 1947 4479 3544 4555">
    <p class='ocr_par' dir='ltr' id='par_1_88' title="bbox 1947 4479 3544 4555">
     <span class='ocr_line' id='line_1_88' title="bbox 1947 4479 3544 4555; baseline 0.001 -20"><span class='ocrx_word' id='word_1_690' title='bbox 1947 4480 2205 4551; x_wconf 80' lang='lat' dir='ltr'><strong>quomodo</strong></span> <span class='ocrx_word' id='word_1_691' title='bbox 2229 4480 2357 4535; x_wconf 85' lang='lat' dir='ltr'><strong>dicis</strong></span> <span class='ocrx_word' id='word_1_692' title='bbox 2388 4481 2540 4550; x_wconf 84' lang='lat' dir='ltr'><strong>fratri</strong></span> <span class='ocrx_word' id='word_1_693' title='bbox 2570 4490 2655 4535; x_wconf 89' lang='lat' dir='ltr'><strong>tuo</strong></span> <span class='ocrx_word' id='word_1_694' title='bbox 2687 4497 2706 4536; x_wconf 88' lang='lat'><strong><em>:</em></strong></span> <span class='ocrx_word' id='word_1_695' title='bbox 2747 4479 2960 4547; x_wconf 85' lang='lat' dir='ltr'><strong>Frater,</strong></span> <span class='ocrx_word' id='word_1_696' title='bbox 2993 4482 3107 4537; x_wconf 85' lang='lat' dir='ltr'><strong>sine</strong></span> <span class='ocrx_word' id='word_1_697' title='bbox 3135 4482 3339 4555; x_wconf 87' lang='lat' dir='ltr'><strong>ejiciam</strong></span> <span class='ocrx_word' id='word_1_698' title='bbox 3382 4482 3544 4554; x_wconf 84' lang='lat' dir='ltr'><strong>festu-</strong></span> 
     </span>
    </p>
   </div>
   <div class='ocr_carea' id='block_1_89' title="bbox 1950 4575 3546 4649">
    <p class='ocr_par' dir='ltr' id='par_1_89' title="bbox 1950 4575 3546 4649">
     <span class='ocr_line' id='line_1_89' title="bbox 1950 4575 3546 4649; baseline 0.002 -21"><span class='ocrx_word' id='word_1_699' title='bbox 1950 4591 2063 4630; x_wconf 87' lang='lat' dir='ltr'><strong>cam</strong></span> <span class='ocrx_word' id='word_1_700' title='bbox 2087 4575 2153 4630; x_wconf 86' lang='lat' dir='ltr'><strong>de</strong></span> <span class='ocrx_word' id='word_1_701' title='bbox 2174 4576 2324 4630; x_wconf 87' lang='lat' dir='ltr'><strong>oculo</strong></span> <span class='ocrx_word' id='word_1_702' title='bbox 2356 4584 2468 4642; x_wconf 87' lang='lat' dir='ltr'><strong>tuo,</strong></span> <span class='ocrx_word' id='word_1_703' title='bbox 2505 4584 2551 4631; x_wconf 89' lang='lat' dir='ltr'><strong>et</strong></span> <span class='ocrx_word' id='word_1_704' title='bbox 2578 4592 2694 4631; x_wconf 87' lang='lat' dir='ltr'><strong>ecce</strong></span> <span class='ocrx_word' id='word_1_705' title='bbox 2713 4576 2852 4631; x_wconf 88' lang='lat' dir='ltr'><strong>trabs</strong></span> <span class='ocrx_word' id='word_1_706' title='bbox 2890 4586 2964 4631; x_wconf 86' lang='lat' dir='ltr'><strong>est</strong></span> <span class='ocrx_word' id='word_1_707' title='bbox 3007 4575 3063 4631; x_wconf 88' lang='lat' dir='ltr'><strong>in</strong></span> <span class='ocrx_word' id='word_1_708' title='bbox 3093 4576 3242 4631; x_wconf 89' lang='lat' dir='ltr'><strong>oculo</strong></span> <span class='ocrx_word' id='word_1_709' title='bbox 3266 4584 3352 4631; x_wconf 90' lang='lat' dir='ltr'><strong>tuo</strong></span> <span class='ocrx_word' id='word_1_710' title='bbox 3377 4576 3546 4649; x_wconf 81' lang='lat' dir='ltr'><strong>?Hy-</strong></span> 
     </span>
    </p>
   </div>
   <div class='ocr_carea' id='block_1_90' title="bbox 258 4661 3550 4744">
    <p class='ocr_par' dir='ltr' id='par_1_90' title="bbox 258 4661 3550 4744">
     <span class='ocr_line' id='line_1_90' title="bbox 258 4661 3550 4744; baseline 0.001 -23"><span class='ocrx_word' id='word_1_711' title='bbox 258 4676 446 4735; x_wconf 75' lang='lat' dir='ltr'><strong>corpus</strong></span> <span class='ocrx_word' id='word_1_712' title='bbox 472 4669 598 4739; x_wconf 82' lang='lat' dir='ltr'><strong>plus</strong></span> <span class='ocrx_word' id='word_1_713' title='bbox 628 4684 753 4725; x_wconf 85' lang='lat' dir='ltr'><strong>esse</strong></span> <span class='ocrx_word' id='word_1_714' title='bbox 798 4668 959 4741; x_wconf 74' lang='lat' dir='ltr'><strong>quam</strong></span> <span class='ocrx_word' id='word_1_715' title='bbox 1011 4680 1238 4741; x_wconf 85' lang='lat' dir='ltr'><strong>vestem,</strong></span> <span class='ocrx_word' id='word_1_716' title='bbox 1274 4688 1338 4728; x_wconf 81' lang='lat' dir='ltr'><strong>ex</strong></span> <span class='ocrx_word' id='word_1_717' title='bbox 1386 4673 1846 4743; x_wconf 84' lang='lat' dir='ltr'><strong>consequentibus</strong></span> <span class='ocrx_word' id='word_1_718' title='bbox 1872 4661 1929 4723; x_wconf 87' lang='lat' dir='ltr'><strong>D</strong></span> <span class='ocrx_word' id='word_1_719' title='bbox 1954 4672 2178 4742; x_wconf 86' lang='lat' dir='ltr'><strong>pocrita,</strong></span> <span class='ocrx_word' id='word_1_720' title='bbox 2213 4671 2342 4743; x_wconf 84' lang='lat' dir='ltr'><strong>ejice</strong></span> <span class='ocrx_word' id='word_1_721' title='bbox 2367 4669 2595 4744; x_wconf 84' lang='lat' dir='ltr'><strong>primum</strong></span> <span class='ocrx_word' id='word_1_722' title='bbox 2627 4671 2823 4726; x_wconf 85' lang='lat' dir='ltr'><strong>trabem</strong></span> <span class='ocrx_word' id='word_1_723' title='bbox 2869 4670 2933 4725; x_wconf 85' lang='lat' dir='ltr'><strong>de</strong></span> <span class='ocrx_word' id='word_1_724' title='bbox 2972 4673 3120 4725; x_wconf 88' lang='lat' dir='ltr'><strong>oculo</strong></span> <span class='ocrx_word' id='word_1_725' title='bbox 3161 4682 3250 4726; x_wconf 87' lang='lat' dir='ltr'><strong>tuo</strong></span> <span class='ocrx_word' id='word_1_726' title='bbox 3278 4712 3295 4737; x_wconf 87' lang='lat'><strong>,</strong></span> <span class='ocrx_word' id='word_1_727' title='bbox 3341 4680 3388 4725; x_wconf 88' lang='lat' dir='ltr'><strong>et</strong></span> <span class='ocrx_word' id='word_1_728' title='bbox 3429 4679 3550 4725; x_wconf 85' lang='lat' dir='ltr'><strong>tunc</strong></span> 
     </span>
    </p>
   </div>
   <div class='ocr_carea' id='block_1_91' title="bbox 260 4757 961 4831">
    <p class='ocr_par' dir='ltr' id='par_1_91' title="bbox 260 4757 961 4831">
     <span class='ocr_line' id='line_1_91' title="bbox 260 4757 961 4831; baseline 0.004 -16"><span class='ocrx_word' id='word_1_729' title='bbox 260 4757 417 4816; x_wconf 79' lang='lat' dir='ltr'><strong>rebus</strong></span> <span class='ocrx_word' id='word_1_730' title='bbox 438 4763 697 4831; x_wconf 83' lang='lat' dir='ltr'><strong>ostendit,</strong></span> <span class='ocrx_word' id='word_1_731' title='bbox 728 4762 918 4819; x_wconf 85' lang='lat' dir='ltr'><strong>dicens</strong></span> <span class='ocrx_word' id='word_1_732' title='bbox 947 4781 961 4818; x_wconf 91' lang='lat'><strong>:</strong></span> 
     </span>
    </p>
   </div>
   <div class='ocr_carea' id='block_1_92' title="bbox 331 4853 1846 4934">
    <p class='ocr_par' dir='ltr' id='par_1_92' title="bbox 331 4853 1846 4934">
     <span class='ocr_line' id='line_1_92' title="bbox 331 4853 1846 4934; baseline 0.006 -24"><span class='ocrx_word' id='word_1_733' title='bbox 331 4853 503 4921; x_wconf 71' lang='lat' dir='ltr'><strong>(Vera.</strong></span> <span class='ocrx_word' id='word_1_734' title='bbox 533 4858 755 4932; x_wconf 64' lang='lat'><strong>2&amp;30.)</strong></span> <span class='ocrx_word' id='word_1_735' title='bbox 784 4859 1123 4917; x_wconf 79' lang='lat' dir='ltr'><strong>Considerate</strong></span> <span class='ocrx_word' id='word_1_736' title='bbox 1154 4860 1269 4915; x_wconf 84' lang='lat' dir='ltr'><strong>lilia</strong></span> <span class='ocrx_word' id='word_1_737' title='bbox 1311 4862 1425 4934; x_wconf 78' lang='lat' dir='ltr'><strong>agri</strong></span> <span class='ocrx_word' id='word_1_738' title='bbox 1448 4863 1706 4933; x_wconf 86' lang='lat' dir='ltr'><strong>quomodo</strong></span> <span class='ocrx_word' id='word_1_739' title='bbox 1736 4880 1846 4918; x_wconf 84' lang='lat' dir='ltr'><strong>cre-</strong></span> 
     </span>
    </p>
   </div>
   <div class='ocr_carea' id='block_1_93' title="bbox 270 4951 1847 5037">
    <p class='ocr_par' dir='ltr' id='par_1_93' title="bbox 270 4951 1847 5037">
     <span class='ocr_line' id='line_1_93' title="bbox 270 4951 1847 5037; baseline 0.006 -35"><span class='ocrx_word' id='word_1_740' title='bbox 270 4957 442 5037; x_wconf 68' lang='lat' dir='ltr'><strong>scunt:</strong></span> <span class='ocrx_word' id='word_1_741' title='bbox 484 4966 588 5005; x_wconf 83' lang='lat' dir='ltr'><strong>non</strong></span> <span class='ocrx_word' id='word_1_742' title='bbox 637 4952 875 5007; x_wconf 86' lang='lat' dir='ltr'><strong>laborant</strong></span> <span class='ocrx_word' id='word_1_743' title='bbox 920 4968 1079 5025; x_wconf 81' lang='lat' dir='ltr'><strong>neque</strong></span> <span class='ocrx_word' id='word_1_744' title='bbox 1124 4961 1265 5008; x_wconf 79' lang='lat' dir='ltr'><strong>nent.</strong></span> <span class='ocrx_word' id='word_1_745' title='bbox 1317 4951 1449 5010; x_wconf 88' lang='lat' dir='ltr'><strong>Dico</strong></span> <span class='ocrx_word' id='word_1_746' title='bbox 1494 4965 1666 5009; x_wconf 81' lang='lat' dir='ltr'><strong>autem</strong></span> <span class='ocrx_word' id='word_1_747' title='bbox 1706 4955 1847 5012; x_wconf 85' lang='lat' dir='ltr'><strong>vobis</strong></span> 
     </span>
    </p>
   </div>
   <div class='ocr_carea' id='block_1_94' title="bbox 343 5110 1851 5188">
    <p class='ocr_par' dir='ltr' id='par_1_94' title="bbox 343 5110 1851 5188">
     <span class='ocr_line' id='line_1_94' title="bbox 343 5110 1851 5188; baseline 0.003 -21"><span class='ocrx_word' id='word_1_748' title='bbox 343 5117 367 5146; x_wconf 73' lang='grc'><strong><em>³</em></strong></span> <span class='ocrx_word' id='word_1_749' title='bbox 401 5110 714 5188; x_wconf 75' lang='lat' dir='ltr'><strong>Amavimus</strong></span> <span class='ocrx_word' id='word_1_750' title='bbox 744 5114 871 5170; x_wconf 90' lang='lat' dir='ltr'><strong>hinc</strong></span> <span class='ocrx_word' id='word_1_751' title='bbox 898 5115 1131 5186; x_wconf 80' lang='lat' dir='ltr'><strong>negandi</strong></span> <span class='ocrx_word' id='word_1_752' title='bbox 1179 5116 1520 5185; x_wconf 85' lang='lat' dir='ltr'><strong>particulam,</strong></span> <span class='ocrx_word' id='word_1_753' title='bbox 1562 5132 1720 5188; x_wconf 87' lang='lat' dir='ltr'><strong>quam</strong></span> <span class='ocrx_word' id='word_1_754' title='bbox 1754 5117 1851 5172; x_wconf 87' lang='lat' dir='ltr'><strong>ha-</strong></span> 
     </span>
    </p>
   </div>
   <div class='ocr_carea' id='block_1_95' title="bbox 280 5185 1852 5258">
    <p class='ocr_par' dir='ltr' id='par_1_95' title="bbox 280 5185 1852 5258">
     <span class='ocr_line' id='line_1_95' title="bbox 280 5185 1852 5258; baseline 0.006 -25"><span class='ocrx_word' id='word_1_755' title='bbox 280 5186 451 5258; x_wconf 73' lang='lat' dir='ltr'><strong>ctenus</strong></span> <span class='ocrx_word' id='word_1_756' title='bbox 488 5185 615 5240; x_wconf 87' lang='lat' dir='ltr'><strong>editi</strong></span> <span class='ocrx_word' id='word_1_757' title='bbox 665 5185 1099 5255; x_wconf 83' lang='lat' dir='ltr'><strong>interserebant,</strong></span> <span class='ocrx_word' id='word_1_758' title='bbox 1150 5185 1593 5258; x_wconf 74' lang='lat' dir='ltr'><strong>repugnantibus</strong></span> <span class='ocrx_word' id='word_1_759' title='bbox 1621 5190 1852 5255; x_wconf 85' lang='lat' dir='ltr'><strong>eunetis,</strong></span> 
     </span>
    </p>
   </div>
   <div class='ocr_carea' id='block_1_96' title="bbox 280 5252 1856 5333">
    <p class='ocr_par' dir='ltr' id='par_1_96' title="bbox 280 5252 1856 5333">
     <span class='ocr_line' id='line_1_96' title="bbox 280 5252 1856 5333; baseline 0.007 -28"><span class='ocrx_word' id='word_1_760' title='bbox 280 5252 455 5333; x_wconf 54' lang='lat' dir='ltr'><strong>quibus</strong></span> <span class='ocrx_word' id='word_1_761' title='bbox 482 5272 577 5311; x_wconf 86' lang='lat' dir='ltr'><strong>nos</strong></span> <span class='ocrx_word' id='word_1_762' title='bbox 601 5258 829 5333; x_wconf 78' lang='lat' dir='ltr'><strong>utimur,</strong></span> <span class='ocrx_word' id='word_1_763' title='bbox 854 5274 997 5333; x_wconf 45' lang='lat' dir='ltr'><strong>mss;</strong></span> <span class='ocrx_word' id='word_1_764' title='bbox 1012 5252 1194 5333; x_wconf 74' lang='lat' dir='ltr'><strong>libris,</strong></span> <span class='ocrx_word' id='word_1_765' title='bbox 1214 5252 1443 5333; x_wconf 68' lang='lat' dir='ltr'><strong>aliisque</strong></span> <span class='ocrx_word' id='word_1_766' title='bbox 1464 5260 1696 5325; x_wconf 83' lang='lat' dir='ltr'><strong>duobus,</strong></span> <span class='ocrx_word' id='word_1_767' title='bbox 1720 5252 1856 5333; x_wconf 75' lang='lat' dir='ltr'><strong>quos</strong></span> 
     </span>
    </p>
   </div>
   <div class='ocr_carea' id='block_1_97' title="bbox 278 5319 1855 5401">
    <p class='ocr_par' dir='ltr' id='par_1_97' title="bbox 278 5319 1855 5401">
     <span class='ocr_line' id='line_1_97' title="bbox 278 5319 1855 5401; baseline 0.008 -26"><span class='ocrx_word' id='word_1_768' title='bbox 278 5319 599 5384; x_wconf 62' lang='lat' dir='ltr'><strong>lautianm</strong></span> <span class='ocrx_word' id='word_1_769' title='bbox 627 5319 831 5385; x_wconf 68' lang='lat' dir='ltr'><strong>laudat.</strong></span> <span class='ocrx_word' id='word_1_770' title='bbox 860 5359 935 5372; x_wconf 89' lang='lat'><strong>—</strong></span> <span class='ocrx_word' id='word_1_771' title='bbox 961 5330 1101 5386; x_wconf 83' lang='lat' dir='ltr'><strong>Editi</strong></span> <span class='ocrx_word' id='word_1_772' title='bbox 1144 5319 1266 5385; x_wconf 81' lang='lat' dir='ltr'><strong>libri</strong></span> <span class='ocrx_word' id='word_1_773' title='bbox 1308 5319 1512 5387; x_wconf 77' lang='lat' dir='ltr'><strong>atltttmt</strong></span> <span class='ocrx_word' id='word_1_774' title='bbox 1542 5319 1855 5401; x_wconf 72' lang='lat' dir='ltr'><strong>particulam</strong></span> 
     </span>
    </p>
   </div>
   <div class='ocr_carea' id='block_1_98' title="bbox 283 5403 1855 5474">
    <p class='ocr_par' dir='ltr' id='par_1_98' title="bbox 283 5403 1855 5474">
     <span class='ocr_line' id='line_1_98' title="bbox 283 5403 1855 5474; baseline 0.006 -26"><span class='ocrx_word' id='word_1_775' title='bbox 283 5409 576 5468; x_wconf 83' lang='lat' dir='ltr'><strong>negantem,</strong></span> <span class='ocrx_word' id='word_1_776' title='bbox 610 5403 770 5471; x_wconf 79' lang='lat' dir='ltr'><strong>hujus</strong></span> <span class='ocrx_word' id='word_1_777' title='bbox 811 5420 938 5459; x_wconf 82' lang='lat' dir='ltr'><strong>cura</strong></span> <span class='ocrx_word' id='word_1_778' title='bbox 978 5421 1079 5458; x_wconf 87' lang='lat' dir='ltr'><strong>non</strong></span> <span class='ocrx_word' id='word_1_779' title='bbox 1120 5404 1327 5474; x_wconf 82' lang='lat' dir='ltr'><strong>penitus</strong></span> <span class='ocrx_word' id='word_1_780' title='bbox 1376 5403 1670 5459; x_wconf 86' lang='lat' dir='ltr'><strong>liberamur.</strong></span> <span class='ocrx_word' id='word_1_781' title='bbox 1725 5406 1855 5462; x_wconf 73' lang='lat' dir='ltr'><strong>Mss.</strong></span> 
     </span>
    </p>
   </div>
   <div class='ocr_carea' id='block_1_99' title="bbox 284 5474 1856 5548">
    <p class='ocr_par' dir='ltr' id='par_1_99' title="bbox 284 5474 1856 5548">
     <span class='ocr_line' id='line_1_99' title="bbox 284 5474 1856 5548; baseline 0.007 -28"><span class='ocrx_word' id='word_1_782' title='bbox 284 5478 447 5548; x_wconf 50' lang='lat' dir='ltr'><strong>intem</strong></span> <span class='ocrx_word' id='word_1_783' title='bbox 475 5474 694 5548; x_wconf 82' lang='lat' dir='ltr'><strong>codices</strong></span> <span class='ocrx_word' id='word_1_784' title='bbox 734 5475 841 5529; x_wconf 88' lang='lat' dir='ltr'><strong>duo</strong></span> <span class='ocrx_word' id='word_1_785' title='bbox 868 5475 1008 5531; x_wconf 86' lang='lat' dir='ltr'><strong>idem</strong></span> <span class='ocrx_word' id='word_1_786' title='bbox 1042 5481 1284 5548; x_wconf 83' lang='lat' dir='ltr'><strong>retinent</strong></span> <span class='ocrx_word' id='word_1_787' title='bbox 1308 5478 1517 5546; x_wconf 74' lang='lat' dir='ltr'><strong>absque</strong></span> <span class='ocrx_word' id='word_1_788' title='bbox 1545 5478 1856 5548; x_wconf 83' lang='lat' dir='ltr'><strong>negatione.</strong></span> 
     </span>
    </p>
   </div>
   <div class='ocr_carea' id='block_1_100' title="bbox 282 5534 1862 5619">
    <p class='ocr_par' dir='ltr' id='par_1_100' title="bbox 282 5534 1862 5619">
     <span class='ocr_line' id='line_1_100' title="bbox 282 5534 1862 5619; baseline 0.004 -22"><span class='ocrx_word' id='word_1_789' title='bbox 282 5534 701 5619; x_wconf 66' lang='lat' dir='ltr'><strong>Utraquelectio</strong></span> <span class='ocrx_word' id='word_1_790' title='bbox 718 5562 828 5619; x_wconf 77' lang='lat' dir='ltr'><strong>non</strong></span> <span class='ocrx_word' id='word_1_791' title='bbox 865 5555 1129 5618; x_wconf 79' lang='lat' dir='ltr'><strong>repugnat</strong></span> <span class='ocrx_word' id='word_1_792' title='bbox 1177 5546 1219 5601; x_wconf 90' lang='lat' dir='ltr'><strong>si</strong></span> <span class='ocrx_word' id='word_1_793' title='bbox 1248 5534 1438 5602; x_wconf 68' lang='lat' dir='ltr'><strong>curaui</strong></span> <span class='ocrx_word' id='word_1_794' title='bbox 1460 5534 1734 5604; x_wconf 70' lang='lat' dir='ltr'><strong>sumamus</strong></span> <span class='ocrx_word' id='word_1_795' title='bbox 1765 5564 1862 5619; x_wconf 89' lang='lat' dir='ltr'><strong>pro</strong></span> 
     </span>
    </p>
   </div>
   <div class='ocr_carea' id='block_1_101' title="bbox 281 5611 863 5674">
    <p class='ocr_par' dir='ltr' id='par_1_101' title="bbox 281 5611 863 5674">
     <span class='ocr_line' id='line_1_101' title="bbox 281 5611 863 5674; baseline 0.019 -11"><span class='ocrx_word' id='word_1_796' title='bbox 281 5611 651 5673; x_wconf 85' lang='lat' dir='ltr'><strong>sollicitudine.</strong></span> <span class='ocrx_word' id='word_1_797' title='bbox 684 5617 863 5674; x_wconf 78' lang='lat' dir='ltr'><strong>Mttnr.</strong></span> 
     </span>
    </p>
   </div>
   <div class='ocr_carea' id='block_1_102' title="bbox 348 5681 1678 5762">
    <p class='ocr_par' dir='ltr' id='par_1_102' title="bbox 348 5681 1678 5762">
     <span class='ocr_line' id='line_1_102' title="bbox 348 5681 1678 5762; baseline 0.003 -20"><span class='ocrx_word' id='word_1_798' title='bbox 348 5681 376 5721; x_wconf 68' lang='grc'><strong><em>³³</em></strong></span> <span class='ocrx_word' id='word_1_799' title='bbox 411 5685 609 5762; x_wconf 47' lang='lat' dir='ltr'><strong>facem</strong></span> <span class='ocrx_word' id='word_1_800' title='bbox 635 5692 801 5758; x_wconf 70' lang='lat' dir='ltr'><strong>magis</strong></span> <span class='ocrx_word' id='word_1_801' title='bbox 842 5699 954 5747; x_wconf 87' lang='lat' dir='ltr'><strong>tres</strong></span> <span class='ocrx_word' id='word_1_802' title='bbox 985 5705 1120 5747; x_wconf 88' lang='lat' dir='ltr'><strong>mss.</strong></span> <span class='ocrx_word' id='word_1_803' title='bbox 1148 5690 1377 5748; x_wconf 79' lang='lat' dir='ltr'><strong>Palatini</strong></span> <span class='ocrx_word' id='word_1_804' title='bbox 1406 5689 1678 5762; x_wconf 81' lang='lat' dir='ltr'><strong>ignorant.</strong></span> 
     </span>
    </p>
   </div>
   <div class='ocr_carea' id='block_1_103' title="bbox 352 5758 1863 5835">
    <p class='ocr_par' dir='ltr' id='par_1_103' title="bbox 352 5758 1863 5835">
     <span class='ocr_line' id='line_1_103' title="bbox 352 5758 1863 5835; baseline 0.005 -23"><span class='ocrx_word' id='word_1_805' title='bbox 352 5768 374 5826; x_wconf 48' lang='grc' dir='ltr'><em>,ε</em></span> <span class='ocrx_word' id='word_1_806' title='bbox 411 5758 506 5815; x_wconf 84' lang='lat' dir='ltr'><strong>llic</strong></span> <span class='ocrx_word' id='word_1_807' title='bbox 551 5777 772 5830; x_wconf 85' lang='lat' dir='ltr'><strong>quoque</strong></span> <span class='ocrx_word' id='word_1_808' title='bbox 819 5762 1021 5817; x_wconf 85' lang='lat' dir='ltr'><strong>addunt</strong></span> <span class='ocrx_word' id='word_1_809' title='bbox 1049 5764 1178 5819; x_wconf 86' lang='lat' dir='ltr'><strong>editi</strong></span> <span class='ocrx_word' id='word_1_810' title='bbox 1231 5762 1363 5819; x_wconf 87' lang='lat' dir='ltr'><strong>libri</strong></span> <span class='ocrx_word' id='word_1_811' title='bbox 1390 5758 1449 5818; x_wconf 74' lang='lat' dir='ltr'><strong>et</strong></span> <span class='ocrx_word' id='word_1_812' title='bbox 1491 5779 1622 5819; x_wconf 83' lang='lat' dir='ltr'><strong>mss.</strong></span> <span class='ocrx_word' id='word_1_813' title='bbox 1673 5779 1863 5835; x_wconf 87' lang='lat' dir='ltr'><strong>quam-</strong></span> 
     </span>
    </p>
   </div>
   <div class='ocr_carea' id='block_1_104' title="bbox 284 5825 1862 5903">
    <p class='ocr_par' dir='ltr' id='par_1_104' title="bbox 284 5825 1862 5903">
     <span class='ocr_line' id='line_1_104' title="bbox 284 5825 1862 5903; baseline 0.004 -21"><span class='ocrx_word' id='word_1_814' title='bbox 284 5825 479 5896; x_wconf 84' lang='lat' dir='ltr'><strong>plures,</strong></span> <span class='ocrx_word' id='word_1_815' title='bbox 516 5825 740 5902; x_wconf 71' lang='lat' dir='ltr'><strong>quorum</strong></span> <span class='ocrx_word' id='word_1_816' title='bbox 767 5836 943 5888; x_wconf 82' lang='lat' dir='ltr'><strong>anima</strong></span> <span class='ocrx_word' id='word_1_817' title='bbox 982 5835 1219 5889; x_wconf 87' lang='lat' dir='ltr'><strong>mortalis</strong></span> <span class='ocrx_word' id='word_1_818' title='bbox 1247 5844 1346 5903; x_wconf 86' lang='lat' dir='ltr'><strong>est,</strong></span> <span class='ocrx_word' id='word_1_819' title='bbox 1379 5844 1424 5888; x_wconf 91' lang='lat' dir='ltr'><strong>et</strong></span> <span class='ocrx_word' id='word_1_820' title='bbox 1462 5852 1578 5889; x_wconf 87' lang='lat' dir='ltr'><strong>cum</strong></span> <span class='ocrx_word' id='word_1_821' title='bbox 1620 5825 1727 5890; x_wconf 69' lang='lat' dir='ltr'><strong>esse</strong></span> <span class='ocrx_word' id='word_1_822' title='bbox 1756 5852 1862 5889; x_wconf 76' lang='lat' dir='ltr'><strong>res—</strong></span> 
     </span>
    </p>
   </div>
   <div class='ocr_carea' id='block_1_105' title="bbox 284 5903 1863 5977">
    <p class='ocr_par' dir='ltr' id='par_1_105' title="bbox 284 5903 1863 5977">
     <span class='ocr_line' id='line_1_105' title="bbox 284 5903 1863 5977; baseline 0.006 -23"><span class='ocrx_word' id='word_1_823' title='bbox 284 5903 513 5973; x_wconf 77' lang='lat' dir='ltr'><strong>saoerint,</strong></span> <span class='ocrx_word' id='word_1_824' title='bbox 564 5921 766 5977; x_wconf 84' lang='lat' dir='ltr'><strong>semper</strong></span> <span class='ocrx_word' id='word_1_825' title='bbox 796 5923 897 5961; x_wconf 88' lang='lat' dir='ltr'><strong>non</strong></span> <span class='ocrx_word' id='word_1_826' title='bbox 937 5917 1104 5962; x_wconf 65' lang='lat' dir='ltr'><strong>erunt.</strong></span> <span class='ocrx_word' id='word_1_827' title='bbox 1159 5907 1315 5975; x_wconf 83' lang='lat' dir='ltr'><strong>Quod</strong></span> <span class='ocrx_word' id='word_1_828' title='bbox 1358 5905 1600 5964; x_wconf 84' lang='lat' dir='ltr'><strong>additum</strong></span> <span class='ocrx_word' id='word_1_829' title='bbox 1651 5908 1863 5964; x_wconf 76' lang='lat' dir='ltr'><strong>videtur</strong></span> 
     </span>
    </p>
   </div>
   <div class='ocr_carea' id='block_1_106' title="bbox 1950 4763 3551 4837">
    <p class='ocr_par' dir='ltr' id='par_1_106' title="bbox 1950 4763 3551 4837">
     <span class='ocr_line' id='line_1_106' title="bbox 1950 4763 3551 4837; baseline 0 -19"><span class='ocrx_word' id='word_1_830' title='bbox 1950 4764 2145 4819; x_wconf 77' lang='lat' dir='ltr'><strong>ridebis</strong></span> <span class='ocrx_word' id='word_1_831' title='bbox 2194 4765 2379 4833; x_wconf 86' lang='lat' dir='ltr'><strong>ejicere</strong></span> <span class='ocrx_word' id='word_1_832' title='bbox 2425 4765 2681 4835; x_wconf 82' lang='lat' dir='ltr'><strong>festucam</strong></span> <span class='ocrx_word' id='word_1_833' title='bbox 2729 4765 2793 4821; x_wconf 88' lang='lat' dir='ltr'><strong>de</strong></span> <span class='ocrx_word' id='word_1_834' title='bbox 2824 4767 2978 4821; x_wconf 88' lang='lat' dir='ltr'><strong>oculo</strong></span> <span class='ocrx_word' id='word_1_835' title='bbox 3017 4766 3198 4837; x_wconf 89' lang='lat' dir='ltr'><strong>fratris</strong></span> <span class='ocrx_word' id='word_1_836' title='bbox 3230 4766 3326 4820; x_wconf 84' lang='lat' dir='ltr'><strong>tui.</strong></span> <span class='ocrx_word' id='word_1_837' title='bbox 3359 4765 3436 4821; x_wconf 88' lang='lat' dir='ltr'><strong>De</strong></span> <span class='ocrx_word' id='word_1_838' title='bbox 3467 4763 3551 4819; x_wconf 88' lang='lat' dir='ltr'><strong>his</strong></span> 
     </span>
    </p>
   </div>
   <div class='ocr_carea' id='block_1_107' title="bbox 1952 4857 3550 4930">
    <p class='ocr_par' dir='ltr' id='par_1_107' title="bbox 1952 4857 3550 4930">
     <span class='ocr_line' id='line_1_107' title="bbox 1952 4857 3550 4930; baseline -0.001 -15"><span class='ocrx_word' id='word_1_839' title='bbox 1952 4858 2214 4929; x_wconf 80' lang='lat' dir='ltr'><strong>loquitur,</strong></span> <span class='ocrx_word' id='word_1_840' title='bbox 2266 4858 2518 4930; x_wconf 92' lang='lat' dir='ltr'><strong>quicum</strong></span> <span class='ocrx_word' id='word_1_841' title='bbox 2570 4860 2669 4930; x_wconf 87' lang='lat' dir='ltr'><strong>ipsi</strong></span> <span class='ocrx_word' id='word_1_842' title='bbox 2721 4857 2935 4915; x_wconf 83' lang='lat' dir='ltr'><strong>mortali</strong></span> <span class='ocrx_word' id='word_1_843' title='bbox 2986 4859 3217 4915; x_wconf 86' lang='lat' dir='ltr'><strong>crimine</strong></span> <span class='ocrx_word' id='word_1_844' title='bbox 3263 4864 3550 4914; x_wconf 86' lang='lat' dir='ltr'><strong>teneantur</strong></span> 
     </span>
    </p>
   </div>
   <div class='ocr_carea' id='block_1_108' title="bbox 1956 4952 3549 5024">
    <p class='ocr_par' dir='ltr' id='par_1_108' title="bbox 1956 4952 3549 5024">
     <span class='ocr_line' id='line_1_108' title="bbox 1956 4952 3549 5024; baseline -0.004 -14"><span class='ocrx_word' id='word_1_845' title='bbox 1956 4952 2207 5019; x_wconf 75' lang='lat' dir='ltr'><strong>obnoxii,</strong></span> <span class='ocrx_word' id='word_1_846' title='bbox 2240 4955 2450 5009; x_wconf 83' lang='lat' dir='ltr'><strong>minora</strong></span> <span class='ocrx_word' id='word_1_847' title='bbox 2485 4963 2705 5024; x_wconf 88' lang='lat' dir='ltr'><strong>peccata</strong></span> <span class='ocrx_word' id='word_1_848' title='bbox 2750 4952 3006 5008; x_wconf 81' lang='lat' dir='ltr'><strong>fratribus</strong></span> <span class='ocrx_word' id='word_1_849' title='bbox 3056 4968 3164 5008; x_wconf 90' lang='lat' dir='ltr'><strong>non</strong></span> <span class='ocrx_word' id='word_1_850' title='bbox 3194 4952 3503 5009; x_wconf 89' lang='lat' dir='ltr'><strong>concedunt</strong></span> <span class='ocrx_word' id='word_1_851' title='bbox 3537 4970 3549 5004; x_wconf 91' lang='lat'><strong>:</strong></span> 
     </span>
    </p>
   </div>
   <div class='ocr_carea' id='block_1_109' title="bbox 1957 5112 3550 5186">
    <p class='ocr_par' dir='ltr' id='par_1_109' title="bbox 1957 5112 3550 5186">
     <span class='ocr_line' id='line_1_109' title="bbox 1957 5112 3550 5186; baseline -0.002 -14"><span class='ocrx_word' id='word_1_852' title='bbox 1957 5115 2236 5173; x_wconf 83' lang='lat' dir='ltr'><strong>contextui</strong></span> <span class='ocrx_word' id='word_1_853' title='bbox 2266 5112 2715 5186; x_wconf 73' lang='lat' dir='ltr'><strong>Hieronymiano,</strong></span> <span class='ocrx_word' id='word_1_854' title='bbox 2744 5115 2834 5185; x_wconf 87' lang='lat' dir='ltr'><strong>qui</strong></span> <span class='ocrx_word' id='word_1_855' title='bbox 2858 5114 2980 5170; x_wconf 86' lang='lat' dir='ltr'><strong>sine</strong></span> <span class='ocrx_word' id='word_1_856' title='bbox 3004 5115 3104 5172; x_wconf 82' lang='lat' dir='ltr'><strong>hac</strong></span> <span class='ocrx_word' id='word_1_857' title='bbox 3130 5116 3403 5172; x_wconf 84' lang='lat' dir='ltr'><strong>sententia</strong></span> <span class='ocrx_word' id='word_1_858' title='bbox 3425 5128 3550 5185; x_wconf 88' lang='lat' dir='ltr'><strong>per-</strong></span> 
     </span>
    </p>
   </div>
   <div class='ocr_carea' id='block_1_110' title="bbox 1959 5187 3551 5257">
    <p class='ocr_par' dir='ltr' id='par_1_110' title="bbox 1959 5187 3551 5257">
     <span class='ocr_line' id='line_1_110' title="bbox 1959 5187 3551 5257; baseline -0.003 -13"><span class='ocrx_word' id='word_1_859' title='bbox 1959 5188 2133 5245; x_wconf 80' lang='lat' dir='ltr'><strong>fectus</strong></span> <span class='ocrx_word' id='word_1_860' title='bbox 2174 5195 2274 5244; x_wconf 82' lang='lat' dir='ltr'><strong>est.</strong></span> <span class='ocrx_word' id='word_1_861' title='bbox 2309 5187 2567 5242; x_wconf 82' lang='lat' dir='ltr'><strong>Codicetn</strong></span> <span class='ocrx_word' id='word_1_862' title='bbox 2615 5187 2795 5257; x_wconf 85' lang='lat' dir='ltr'><strong>itaque</strong></span> <span class='ocrx_word' id='word_1_863' title='bbox 2835 5189 3186 5257; x_wconf 83' lang='lat' dir='ltr'><strong>manuscripti</strong></span> <span class='ocrx_word' id='word_1_864' title='bbox 3229 5189 3399 5244; x_wconf 85' lang='lat' dir='ltr'><strong>nostri</strong></span> <span class='ocrx_word' id='word_1_865' title='bbox 3432 5200 3551 5241; x_wconf 84' lang='lat' dir='ltr'><strong>Ino-</strong></span> 
     </span>
    </p>
   </div>
   <div class='ocr_carea' id='block_1_111' title="bbox 1961 5257 3550 5328">
    <p class='ocr_par' dir='ltr' id='par_1_111' title="bbox 1961 5257 3550 5328">
     <span class='ocr_line' id='line_1_111' title="bbox 1961 5257 3550 5328; baseline -0.003 -13"><span class='ocrx_word' id='word_1_866' title='bbox 1961 5258 2188 5315; x_wconf 75' lang='lat' dir='ltr'><strong>uasti-rii</strong></span> <span class='ocrx_word' id='word_1_867' title='bbox 2236 5259 2305 5313; x_wconf 86' lang='lat' dir='ltr'><strong>de</strong></span> <span class='ocrx_word' id='word_1_868' title='bbox 2354 5258 2413 5314; x_wconf 89' lang='lat' dir='ltr'><strong>S.</strong></span> <span class='ocrx_word' id='word_1_869' title='bbox 2472 5257 2633 5311; x_wconf 84' lang='lat' dir='ltr'><strong>Petro</strong></span> <span class='ocrx_word' id='word_1_870' title='bbox 2676 5274 2840 5328; x_wconf 86' lang='lat' dir='ltr'><strong>super</strong></span> <span class='ocrx_word' id='word_1_871' title='bbox 2894 5259 3070 5313; x_wconf 86' lang='lat' dir='ltr'><strong>divam</strong></span> <span class='ocrx_word' id='word_1_872' title='bbox 3125 5262 3294 5315; x_wconf 86' lang='lat' dir='ltr'><strong>seculi</strong></span> <span class='ocrx_word' id='word_1_873' title='bbox 3340 5273 3550 5312; x_wconf 88' lang='lat' dir='ltr'><strong>sumus.</strong></span> 
     </span>
    </p>
   </div>
   <div class='ocr_carea' id='block_1_112' title="bbox 1963 5328 3549 5401">
    <p class='ocr_par' dir='ltr' id='par_1_112' title="bbox 1963 5328 3549 5401">
     <span class='ocr_line' id='line_1_112' title="bbox 1963 5328 3549 5401; baseline -0.003 -15"><span class='ocrx_word' id='word_1_874' title='bbox 1963 5332 2144 5386; x_wconf 69' lang='lat' dir='ltr'><strong>Msn&#39;r.</strong></span> <span class='ocrx_word' id='word_1_875' title='bbox 2170 5330 2571 5395; x_wconf 84' lang='lat' dir='ltr'><strong>--—Glossema,</strong></span> <span class='ocrx_word' id='word_1_876' title='bbox 2621 5332 2763 5398; x_wconf 80' lang='lat' dir='ltr'><strong>qUud</strong></span> <span class='ocrx_word' id='word_1_877' title='bbox 2804 5340 2859 5386; x_wconf 90' lang='lat' dir='ltr'><strong>et</strong></span> <span class='ocrx_word' id='word_1_878' title='bbox 2917 5329 3124 5401; x_wconf 77' lang='lat' dir='ltr'><strong>Vulgati</strong></span> <span class='ocrx_word' id='word_1_879' title='bbox 3162 5341 3287 5384; x_wconf 82' lang='lat' dir='ltr'><strong>ante</strong></span> <span class='ocrx_word' id='word_1_880' title='bbox 3328 5328 3549 5401; x_wconf 83' lang='lat' dir='ltr'><strong>Martia-</strong></span> 
     </span>
    </p>
   </div>
   <div class='ocr_carea' id='block_1_113' title="bbox 1962 5400 3552 5473">
    <p class='ocr_par' dir='ltr' id='par_1_113' title="bbox 1962 5400 3552 5473">
     <span class='ocr_line' id='line_1_113' title="bbox 1962 5400 3552 5473; baseline -0.003 -14"><span class='ocrx_word' id='word_1_881' title='bbox 1962 5419 2139 5459; x_wconf 66' lang='lat' dir='ltr'><strong>naeum</strong></span> <span class='ocrx_word' id='word_1_882' title='bbox 2183 5402 2308 5457; x_wconf 90' lang='lat' dir='ltr'><strong>libri</strong></span> <span class='ocrx_word' id='word_1_883' title='bbox 2350 5402 2726 5472; x_wconf 68' lang='lat' dir='ltr'><strong>prmlrrchant,</strong></span> <span class='ocrx_word' id='word_1_884' title='bbox 2771 5400 3063 5471; x_wconf 69' lang='lat' dir='ltr'><strong>ejusmodi,</strong></span> <span class='ocrx_word' id='word_1_885' title='bbox 3110 5418 3328 5473; x_wconf 80' lang='lat' dir='ltr'><strong>quorum</strong></span> <span class='ocrx_word' id='word_1_886' title='bbox 3375 5400 3552 5454; x_wconf 82' lang='lat' dir='ltr'><strong>anima</strong></span> 
     </span>
    </p>
   </div>
   <div class='ocr_carea' id='block_1_114' title="bbox 1963 5475 3554 5542">
    <p class='ocr_par' dir='ltr' id='par_1_114' title="bbox 1963 5475 3554 5542">
     <span class='ocr_line' id='line_1_114' title="bbox 1963 5475 3554 5542; baseline -0.003 -12"><span class='ocrx_word' id='word_1_887' title='bbox 1963 5475 2200 5531; x_wconf 85' lang='lat' dir='ltr'><strong>mortalis</strong></span> <span class='ocrx_word' id='word_1_888' title='bbox 2241 5482 2337 5542; x_wconf 86' lang='lat' dir='ltr'><strong>est,</strong></span> <span class='ocrx_word' id='word_1_889' title='bbox 2390 5482 2435 5529; x_wconf 76' lang='lat' dir='ltr'><strong>et</strong></span> <span class='ocrx_word' id='word_1_890' title='bbox 2488 5488 2606 5526; x_wconf 84' lang='lat' dir='ltr'><strong>cum</strong></span> <span class='ocrx_word' id='word_1_891' title='bbox 2645 5490 2756 5527; x_wconf 81' lang='lat' dir='ltr'><strong>esse</strong></span> <span class='ocrx_word' id='word_1_892' title='bbox 2806 5475 3138 5541; x_wconf 76' lang='lat' dir='ltr'><strong>cessaverint,</strong></span> <span class='ocrx_word' id='word_1_893' title='bbox 3198 5489 3401 5540; x_wconf 85' lang='lat' dir='ltr'><strong>semper</strong></span> <span class='ocrx_word' id='word_1_894' title='bbox 3451 5488 3554 5526; x_wconf 85' lang='lat' dir='ltr'><strong>non</strong></span> 
     </span>
    </p>
   </div>
   <div class='ocr_carea' id='block_1_115' title="bbox 1968 5546 3553 5613">
    <p class='ocr_par' dir='ltr' id='par_1_115' title="bbox 1968 5546 3553 5613">
     <span class='ocr_line' id='line_1_115' title="bbox 1968 5546 3553 5613; baseline -0.001 -12"><span class='ocrx_word' id='word_1_895' title='bbox 1968 5556 2140 5613; x_wconf 85' lang='lat' dir='ltr'><strong>erunt,</strong></span> <span class='ocrx_word' id='word_1_896' title='bbox 2178 5548 2286 5601; x_wconf 82' lang='lat' dir='ltr'><strong>duo</strong></span> <span class='ocrx_word' id='word_1_897' title='bbox 2320 5563 2350 5601; x_wconf 87' lang='lat' dir='ltr'><strong>c</strong></span> <span class='ocrx_word' id='word_1_898' title='bbox 2402 5551 2637 5611; x_wconf 84' lang='lat' dir='ltr'><strong>nostris,</strong></span> <span class='ocrx_word' id='word_1_899' title='bbox 2661 5546 3042 5602; x_wconf 80' lang='lat' dir='ltr'><strong>Cisterciensis</strong></span> <span class='ocrx_word' id='word_1_900' title='bbox 3088 5555 3144 5600; x_wconf 87' lang='lat' dir='ltr'><strong>et</strong></span> <span class='ocrx_word' id='word_1_901' title='bbox 3194 5546 3365 5599; x_wconf 69' lang='lat' dir='ltr'><strong>Palat.</strong></span> <span class='ocrx_word' id='word_1_902' title='bbox 3396 5560 3553 5609; x_wconf 82' lang='lat' dir='ltr'><strong>tnss.,</strong></span> 
     </span>
    </p>
   </div>
   <div class='ocr_carea' id='block_1_116' title="bbox 1968 5617 3283 5690">
    <p class='ocr_par' dir='ltr' id='par_1_116' title="bbox 1968 5617 3283 5690">
     <span class='ocr_line' id='line_1_116' title="bbox 1968 5617 3283 5690; baseline -0.003 -16"><span class='ocrx_word' id='word_1_903' title='bbox 1968 5620 2264 5690; x_wconf 86' lang='lat' dir='ltr'><strong>pluresque</strong></span> <span class='ocrx_word' id='word_1_904' title='bbox 2290 5617 2605 5672; x_wconf 71' lang='lat' dir='ltr'><strong>Martianzeu</strong></span> <span class='ocrx_word' id='word_1_905' title='bbox 2629 5618 2877 5687; x_wconf 66' lang='lat' dir='ltr'><strong>inspecti,</strong></span> <span class='ocrx_word' id='word_1_906' title='bbox 2911 5618 2994 5672; x_wconf 91' lang='lat' dir='ltr'><strong>hic</strong></span> <span class='ocrx_word' id='word_1_907' title='bbox 3027 5618 3283 5690; x_wconf 84' lang='lat' dir='ltr'><strong>retinent.</strong></span> 
     </span>
    </p>
   </div>
   <div class='ocr_carea' id='block_1_117' title="bbox 2040 5688 3561 5755">
    <p class='ocr_par' dir='ltr' id='par_1_117' title="bbox 2040 5688 3561 5755">
     <span class='ocr_line' id='line_1_117' title="bbox 2040 5688 3561 5755; baseline -0.001 -11"><span class='ocrx_word' id='word_1_908' title='bbox 2040 5688 2068 5729; x_wconf 69' lang='grc' dir='ltr'>ἀ</span> <span class='ocrx_word' id='word_1_909' title='bbox 2108 5690 2164 5745; x_wconf 89' lang='lat' dir='ltr'><strong>In</strong></span> <span class='ocrx_word' id='word_1_910' title='bbox 2191 5690 2448 5745; x_wconf 79' lang='lat' dir='ltr'><strong>Palatinis</strong></span> <span class='ocrx_word' id='word_1_911' title='bbox 2488 5703 2644 5755; x_wconf 85' lang='lat' dir='ltr'><strong>mss.,</strong></span> <span class='ocrx_word' id='word_1_912' title='bbox 2686 5689 2898 5743; x_wconf 86' lang='lat' dir='ltr'><strong>solliciti</strong></span> <span class='ocrx_word' id='word_1_913' title='bbox 2935 5703 3045 5743; x_wconf 82' lang='lat' dir='ltr'><strong>esse</strong></span> <span class='ocrx_word' id='word_1_914' title='bbox 3068 5689 3131 5741; x_wconf 84' lang='lat' dir='ltr'><strong>de</strong></span> <span class='ocrx_word' id='word_1_915' title='bbox 3159 5690 3406 5755; x_wconf 84' lang='lat' dir='ltr'><strong>crastino,</strong></span> <span class='ocrx_word' id='word_1_916' title='bbox 3432 5688 3561 5745; x_wconf 88' lang='lat' dir='ltr'><strong>reli-</strong></span> 
     </span>
    </p>
   </div>
   <div class='ocr_carea' id='block_1_118' title="bbox 1966 5761 2977 5836">
    <p class='ocr_par' dir='ltr' id='par_1_118' title="bbox 1966 5761 2977 5836">
     <span class='ocr_line' id='line_1_118' title="bbox 1966 5761 2977 5836; baseline -0.001 -20"><span class='ocrx_word' id='word_1_917' title='bbox 1966 5777 2074 5836; x_wconf 90' lang='lat' dir='ltr'><strong>quo</strong></span> <span class='ocrx_word' id='word_1_918' title='bbox 2100 5762 2390 5836; x_wconf 75' lang='lat' dir='ltr'><strong>Scriptura:</strong></span> <span class='ocrx_word' id='word_1_919' title='bbox 2419 5772 2563 5836; x_wconf 73' lang='lat' dir='ltr'><strong>textu</strong></span> <span class='ocrx_word' id='word_1_920' title='bbox 2588 5761 2977 5836; x_wconf 50' lang='lat' dir='ltr'><strong>pra’termiSso.</strong></span> 
     </span>
    </p>
   </div>
   <div class='ocr_carea' id='block_1_119' title="bbox 2046 5830 3566 5903">
    <p class='ocr_par' dir='ltr' id='par_1_119' title="bbox 2046 5830 3566 5903">
     <span class='ocr_line' id='line_1_119' title="bbox 2046 5830 3566 5903; baseline -0.001 -16"><span class='ocrx_word' id='word_1_921' title='bbox 2046 5845 2067 5871; x_wconf 73' lang='grc' dir='ltr'><strong>ο</strong></span> <span class='ocrx_word' id='word_1_922' title='bbox 2110 5830 2432 5903; x_wconf 70' lang='grc' dir='ltr'><strong>Ρισιιαίιηε</strong></span> <span class='ocrx_word' id='word_1_923' title='bbox 2470 5831 2748 5903; x_wconf 72' lang='lat' dir='ltr'><strong>adverbio,</strong></span> <span class='ocrx_word' id='word_1_924' title='bbox 2792 5830 2933 5901; x_wconf 82' lang='lat' dir='ltr'><strong>quod</strong></span> <span class='ocrx_word' id='word_1_925' title='bbox 2979 5847 3113 5891; x_wconf 74' lang='lat' dir='ltr'><strong>mss.</strong></span> <span class='ocrx_word' id='word_1_926' title='bbox 3150 5835 3321 5891; x_wconf 79' lang='lat' dir='ltr'><strong>nostri</strong></span> <span class='ocrx_word' id='word_1_927' title='bbox 3367 5833 3566 5889; x_wconf 63' lang='lat' dir='ltr'><strong>substi-</strong></span> 
     </span>
    </p>
   </div>
   <div class='ocr_carea' id='block_1_120' title="bbox 1970 5900 2795 5975">
    <p class='ocr_par' dir='ltr' id='par_1_120' title="bbox 1970 5900 2795 5975">
     <span class='ocr_line' id='line_1_120' title="bbox 1970 5900 2795 5975; baseline -0.01 -12"><span class='ocrx_word' id='word_1_928' title='bbox 1970 5915 2144 5975; x_wconf 88' lang='lat' dir='ltr'><strong>tuunt,</strong></span> <span class='ocrx_word' id='word_1_929' title='bbox 2180 5900 2645 5975; x_wconf 55' lang='lat' dir='ltr'><strong>aiztea&#39;legebatur</strong></span> <span class='ocrx_word' id='word_1_930' title='bbox 2672 5900 2795 5956; x_wconf 81' lang='lat' dir='ltr'><strong>llic.</strong></span> 
     </span>
    </p>
   </div>
  </div>
