4004 6332
461 299 531 355 ιι
1715 296 1775 355 S.
1817 294 2084 355 EUSEBII
2122 294 2511 355 HIERONYMI
3689 294 3761 355 48

463 411 691 466 culicem
734 411 1027 483 liquantes,
1076 419 1131 468 et
1172 410 1439 467 camelum
1487 411 1785 482 giutientes
1831 410 2060 482 (Matth.
2090 413 2139 474 Α
2170 413 2543 484 ingrediatur,
2589 412 2840 469 hortatur
2891 412 2937 486 (Ι
2973 412 3111 467 Tim.
3158 410 3236 485 v).
3264 409 3549 479 Simulque
3587 412 3767 465 consi-

466 505 644 574 axm).
679 503 849 563 Recte
879 520 1011 576 ergo
1038 514 1093 561 et
1116 505 1206 561 isti
1236 504 1584 560 simulatione
1608 505 1856 575 justitim,
1884 514 1944 560 ut
1972 522 2062 562 su-

460 616 558 671 pra
611 601 871 668 diximus,
917 603 1259 675 appellantur
1310 602 1635 673 hypocritae,
1683 602 1775 671 qui
1820 617 1917 672 per
1950 612 2063 657 tra-

464 695 589 749 bem
634 695 780 751 oculi
826 695 934 763 sui,
984 695 1251 751 festucam
1296 693 1350 749 in
1381 695 1540 750 oculo
1585 693 1770 750 fratris
1799 694 1882 749 sui
1921 694 2066 764 aspi-

462 787 640 843 ciunt.

540 881 721 952 (Vers.
755 881 837 952 6.)
880 880 1061 936 Nolite
1089 891 1325 936 sanctum
1355 883 1481 937 dare
1508 883 1743 937 canibus.
1779 882 2063 949 Sanctum,

466 970 624 1042 panis
656 986 739 1028 εει
770 973 1031 1029 ﬁliorum.
1056 972 1175 1029 Non
1199 973 1462 1031 debemus
1489 990 1620 1046 ergo
1649 974 1845 1031 tollere
1869 988 2068 1045 panem

463 1064 702 1121 ﬁliorum
730 1074 788 1120 et
813 1065 946 1122 dare
973 1081 1097 1121 eum
1126 1067 1373 1122 canibus.

542 1156 728 1228 Neque
754 1158 973 1214 mittatis
1017 1159 1332 1230 margaritas
1372 1167 1566 1215 vestras
1596 1169 1716 1214 ante
1758 1174 1965 1232 porcos,
2005 1174 2069 1213 ne

464 1254 597 1324 forte
623 1251 927 1306 conculcent
950 1268 1038 1307 eas
1066 1250 1285 1322 pedibus
1306 1252 1440 1319 suis,
1484 1262 1531 1307 et
1563 1252 1796 1308 conversi
1841 1253 2068 1308 disrum-

461 1354 586 1416 pant
615 1360 719 1399 vos.
756 1345 961 1400 Porcus
989 1360 1097 1402 non
1130 1346 1323 1415 recipit
1349 1354 1597 1400 ornatum
1622 1387 1637 1411 ,
1692 1345 1787 1417 qui
1817 1356 2069 1402 versatur

468 1442 522 1495 in
544 1439 988 1495 volutabrisluti.
1023 1439 1088 1493 Et
1107 1438 1266 1510 juxta
1292 1438 1584 1495 Proverbia
1615 1439 1925 1496 Salomonis
1960 1458 1971 1493 :
2006 1438 2069 1495 Si

468 1535 703 1591 habuerit
727 1534 979 1589 circulum
1007 1550 1224 1589 aureum
1248 1576 1263 1601 ,
1311 1532 1496 1605 fmdior
1513 1534 1769 1588 invenitur
1789 1532 2067 1604 (Prov.x1,

463 1627 580 1698 22.).
600 1624 827 1695 Quidam
842 1640 1007 1681 canes
1018 1640 1114 1681 eos
1136 1623 1246 1697 39
1266 1625 1490 1696 intelligi
1504 1625 1715 1691 volunt,
1739 1623 1831 1695 qui
1854 1634 1979 1699 post
2008 1625 2070 1679 li-

468 1720 592 1776 dem
608 1717 809 1776 Christi
825 1729 1171 1774 revertuntur
1191 1717 1258 1772 ad
1283 1721 1545 1772 vomitum
1571 1726 1917 1788 peccatorum
1937 1731 2067 1772 suo-

2168 509 2301 563 dera
2352 524 2512 580 quam
2565 509 2846 580 signanter
2886 507 2954 563 dc
2997 517 3229 578 utraque
3279 507 3363 561 via
3416 507 3627 561 locutus
3672 506 3761 561 sit.

2166 600 2277 675 40
2306 603 2408 659 Per
2439 604 2603 658 latam
2627 603 2781 659 multi
2824 602 3127 667 ambulant,
3160 610 3446 672 angustam
3479 599 3638 669 pauci
3680 600 3765 654 in-

2167 696 2412 750 veniunt.
2443 695 2634 751 Latam
2666 711 2772 751 non
2800 694 3120 766 quaerimus,
3148 709 3251 750 nec
3282 692 3607 749 inventione
3631 707 3766 763 opus

2167 797 2253 844 est
2286 806 2299 842 :
2331 799 2527 859 sponte
2554 804 2615 845 se
2649 788 2827 857 offert,
2862 799 2917 845 et
2963 788 3259 845 errantium
3304 787 3391 843 via
3424 795 3530 843 est.
3576 785 3763 859 Angu-

2169 892 2311 937 stam
2342 898 2494 954 vero,
2542 898 2643 939 nec
2683 898 2874 939 omnes
2909 884 3216 947 inveniunt,
3268 896 3370 939 nec
3401 881 3493 953 qui
3542 882 3768 937 invene-

2168 975 2299 1045 rint,
2329 977 2513 1032 statim
2539 976 2920 1046 ingrediuntur
2950 991 3047 1047 per
3075 991 3216 1031 eam.
3266 972 3547 1046 Siquidem
3590 973 3769 1040 multi,

2170 1067 2392 1124 inventa
2418 1069 2665 1124 veritatis
2706 1069 2791 1123 via
2818 1110 2833 1135 ,
2867 1069 3009 1139 capti
3053 1067 3238 1125 saeculi
3269 1065 3655 1139 voluptatibus,
3698 1066 3772 1124 de

2173 1160 2354 1218 medio
2381 1161 2580 1217 itinere
2628 1170 2999 1218 revertuntur.

2245 1252 2427 1323 (Vers.
2480 1254 2548 1309 15
2595 1253 2739 1325 seq.)
2784 1254 3046 1309 Attendite
3080 1272 3114 1309 a
3152 1254 3300 1322 falsis
3355 1252 3640 1327 prophetis,
3683 1254 3773 1325 qui

2169 1346 2377 1401 veniunt
2412 1345 2481 1400 ad
2504 1360 2591 1400 vos
2616 1346 2673 1400 in
2718 1346 3036 1401 vestimentis
3073 1347 3246 1401 ovium
3272 1362 3293 1402 :
3322 1347 3631 1402 intrinsecus
3659 1362 3773 1400 au—

2172 1450 2272 1495 tem
2297 1450 2414 1497 sunt
2448 1442 2560 1514 lupi
2590 1459 2825 1516 rapaces.
2870 1443 2914 1497 Α
2945 1442 3205 1515 fructibus
3237 1460 3413 1499 eorum
3451 1445 3773 1515 cognoscetis

2172 1551 2281 1590 eos.
2318 1534 2592 1605 Numquid
2624 1534 2881 1610 colligunt
2902 1536 2966 1590 de
2987 1538 3163 1608 spinis
3189 1553 3336 1602 uvas,
3363 1545 3454 1592 aut
3480 1539 3546 1592 de
3567 1537 3775 1592 tribulis

2171 1630 2303 1699 ﬁcus
2327 1629 2353 1683 .9
2393 1631 2468 1684 sic
2496 1630 2665 1685 omnis
2691 1632 2844 1685 arbor
2864 1631 2997 1686 bona
3024 1633 3231 1697 fructus
3254 1633 3413 1688 bonos
3442 1634 3565 1704 facit
3588 1649 3605 1687 :
3633 1633 3777 1688 mala

2171 1730 2341 1776 autem
2398 1722 2555 1777 arbor
2602 1723 2773 1778 malos
2827 1727 3026 1794 fructus
3079 1727 3227 1797 facit.
3288 1725 3356 1780 Et
3412 1725 3483 1782 de
3521 1726 3775 1783 omnibus

468 1829 593 1868 rum
623 1829 636 1865 :
666 1826 865 1882 porcos
893 1820 1075 1866 autem
1105 1825 1202 1866 eos
1230 1810 1324 1881 qui
1352 1810 1582 1867 necdum
1612 1810 1917 1881 Evangelia
1945 1826 2067 1867 cre-
2096 1801 2146 1863 B
2174 1822 2199 1850 ι
2229 1813 2451 1884 quidem
2492 1815 2726 1888 intelligi
2772 1826 2971 1885 potest,
3007 1820 3097 1888 qui
3138 1818 3285 1874 aliud
3318 1818 3504 1874 habitu
3550 1833 3615 1876 ac
3652 1834 3778 1874 ser-

471 1906 754 1971 diderunt,
782 1913 840 1960 et
868 1906 920 1959 in
949 1905 1066 1960 luto
1096 1903 1493 1960 incredulitatis
1523 1903 1776 1972 vitiisque
1834 1919 2067 1959 versan-

471 2010 580 2056 tur.
614 1998 730 2053 Non
753 1997 1011 2054 convenit
1043 1997 1205 2069 igitur
1232 1998 1393 2052 istius
1418 1996 1566 2051 modi
1612 1995 1929 2052 hominibus
1960 1997 2071 2051 cito

469 2094 857 2165 Evangelicum
904 2091 1131 2147 credere
1191 2092 1590 2162 margaritum,
1637 2106 1705 2146 ne
1749 2091 2073 2146 conculcent

471 2187 629 2253 illud,
661 2194 719 2244 et
746 2185 1002 2242 conversi
1034 2199 1134 2239 nos
1163 2183 1429 2254 incipiant
1457 2182 1750 2253 dissipare.

538 2282 724 2354 (Vere.
758 2282 789 2334 7
817 2279 960 2352 seq.)
1026 2278 1192 2333 Petite
1212 2319 1228 2344 ,
1273 2286 1319 2332 et
1353 2277 1563 2332 dabitur
1603 2277 1744 2332 vobis
1784 2294 1803 2333 :
1833 2279 2069 2349 quierite,

468 2390 517 2432 et
538 2375 843 2431 invenietis:
875 2374 1099 2443 pulsate,
1130 2384 1179 2427 et
1210 2373 1478 2441 aperietur
1502 2372 1663 2428 vobis.
1719 2371 1898 2427 Omnis
1937 2374 2077 2428 enim

464 2472 556 2545 qui
582 2471 728 2542 petit,
776 2469 963 2542 accipit
991 2484 1011 2536 ;
1040 2478 1086 2522 et
1113 2468 1204 2539 qui
1234 2468 1442 2532 quierit,
1486 2468 1725 2533 invenit;
1756 2476 1802 2521 et
1840 2468 2075 2539 pulsanti

467 2565 754 2637 aperietur.
779 2563 882 2617 Aut
911 2562 1027 2631 quis
1047 2568 1123 2616 est
1149 2577 1214 2616 ea:
1234 2559 1376 2616 vobis
1400 2560 1578 2626 homo,
1611 2578 1763 2630 quem
1789 2563 1835 2615 si
1867 2562 2076 2634 petierit

467 2659 611 2727 ﬁlius
640 2673 769 2712 suus
794 2671 1004 2728 panem,
1032 2656 1284 2726 numquid
1306 2656 1539 2727 lapidem
1560 2657 1790 2729 porriget
1836 2657 1883 2712 ei
1904 2660 1928 2711 ?
1969 2660 2073 2713 Aut

467 2750 515 2804 si
560 2748 751 2821 piscem
796 2746 1025 2815 petierit,
1079 2747 1336 2818 numquid
1373 2755 1659 2818 serpentem
1707 2748 1933 2819 porriget
1977 2750 2075 2805 ei?

466 2842 568 2911 Qui
620 2841 865 2898 carnalia
914 2855 1074 2911 supra
1122 2847 1371 2895 vetuerat
1409 2841 1701 2911 postulari,
1750 2841 1877 2911 quid
1925 2857 2074 2913 qua:-

466 2951 594 2991 rere
639 2934 943 2989 debeamus
982 2931 1245 2987 ostendit.
1279 2932 1336 2987 Si
1362 2932 1574 3003 petenti
1602 2934 1793 3001 datur,
1824 2944 1879 2989 et
1920 2950 2073 3006 quae-

469 3044 602 3087 rens
631 3027 861 3092 invenit,
893 3036 949 3082 et
976 3025 1212 3095 pulsanti
1241 3027 1485 3097 aperitur
1522 3047 1534 3083 :
1560 3042 1693 3099 ergo
1721 3027 1809 3083 cui
1838 3045 1946 3083 non
1976 3028 2074 3085 da-

470 3132 578 3189 tur,
615 3130 671 3177 et
700 3121 792 3193 qui
836 3134 944 3175 non
976 3119 1225 3188 invenit,
1266 3128 1322 3175 et
1350 3122 1435 3175 cui
1464 3135 1569 3175 non
1596 3123 1874 3192 aperitur,
1906 3137 2073 3193 appa-

470 3227 553 3271 ret
582 3213 725 3284 quod
756 3227 866 3268 non
895 3212 1035 3268 bene
1066 3212 1312 3280 petierit,
1360 3213 1640 3282 quaesierit
1665 3222 1719 3269 et
1749 3214 2068 3284 pulsaverit.

470 3308 765 3365 Pulsemus
807 3306 990 3376 itaque
1032 3302 1261 3374 januam
1314 3302 1545 3371 Christi,
1595 3306 1662 3360 de
1710 3322 1815 3377 qua
1865 3305 2070 3361 dictum

467 3412 598 3459 cst:
644 3399 776 3454 Htec
826 3406 982 3468 porta
1030 3396 1262 3461 Domini,
1305 3399 1437 3469 justi
1495 3400 1767 3453 intrabunt
1823 3417 1916 3470 per
1958 3417 2073 3456 eam

472 3492 595 3562 (Ps.
630 3508 799 3562 cxvn,
827 3490 970 3563 20);
1017 3498 1082 3546 ut
1122 3506 1245 3546 cum
1296 3492 1705 3559 intraverimus,
1752 3495 2075 3563 aperiantur

470 3588 631 3643 nobis
655 3585 901 3643 thesauri
925 3581 1231 3640 absconditi
1256 3592 1312 3637 et
1340 3582 1617 3638 tenebrosi
1645 3583 1698 3637 in
1734 3583 1954 3639 Christo
1973 3583 2072 3641 Je-

471 3696 561 3748 su,
595 3681 649 3734 in
671 3694 779 3751 quo
807 3688 889 3735 est
910 3677 1088 3732 omnis
1116 3677 1343 3732 scientia
1375 3675 1601 3745 (Coloss.
1635 3676 1720 3748 ιι).

549 3772 732 3845 (Vers.
765 3772 853 3837 Η,
880 3769 1001 3840 12.)
1041 3767 1104 3825 Si
1151 3786 1273 3841 ergo
1299 3785 1387 3824 vos
1434 3787 1551 3824 cum
1594 3773 1708 3827 sitis
1740 3774 1884 3836 mali,
1912 3776 2076 3831 nostis

472 3870 607 3922 bona
633 3865 761 3919 dare
790 3863 916 3934 ﬁliis
939 3864 1143 3930 vestris,
1174 3874 1368 3932 quanto
1392 3867 1560 3937 magis
1593 3864 1755 3920 Pater
1781 3875 1948 3923 vester
1986 3870 2076 3938 qui

469 3961 527 4014 in
565 3959 703 4015 ralis
754 3968 855 4028 est,
904 3957 1048 4012 dabit
1098 3956 1236 4012 bona
1272 3959 1560 4027 petentibus
1590 3960 1680 4015 se!
1737 3959 1925 4016 Omnia
1953 3979 2076 4035 ergo

475 4068 809 4122 quaecumque
856 4049 1013 4106 vultis
1060 4060 1116 4103 ut
1158 4051 1357 4118 faciant
1404 4044 1544 4107 vobis
1590 4053 1843 4123 homines,
1891 4067 1939 4111 et
1988 4074 2077 4114 vos

480 4146 632 4217 facite
660 4144 785 4198 illis.
823 4141 946 4197 Haec
968 4154 1041 4199 est
1067 4144 1204 4198 enim
1227 4143 1335 4199 Leo:
1356 4154 1403 4198 ct
1432 4145 1735 4218 PrOphetaa.
1768 4148 2073 4205 Notandum

476 4235 620 4307 quod
662 4234 946 4305 apostolos
973 4235 1153 4291 malos
1203 4236 1427 4303 dixerit,
1466 4237 1572 4293 nisi
1609 4238 1751 4296 forte
1799 4242 1901 4299 sub
1930 4242 2077 4313 Apo-

479 4331 741 4386 stolorum
772 4343 1004 4399 persona
1036 4345 1198 4385 omne
1231 4330 1512 4387 hominum
1543 4333 1834 4391 damnetur
1880 4352 2074 4409 genus,

477 4422 633 4491 cujus
680 4419 747 4475 ad
796 4423 1261 4491 comparationem
1293 4422 1497 4479 divina:
1543 4426 1848 4484 clementia:
1888 4430 1957 4484 ab
1997 4431 2080 4486 in-

479 4514 650 4571 fantia
690 4528 788 4570 cor
835 4514 901 4569 ad
951 4515 1161 4569 malum
1201 4516 1437 4586 positum
1466 4528 1570 4574 est.
1618 4520 1761 4592 Lege
1804 4521 2074 4580 ‘Genesim

482 4606 694 4679 (Cenes.
738 4606 878 4676 vut).
915 4606 1026 4662 Nec
1073 4608 1272 4662 mirum
1298 4609 1358 4666 .si
1402 4609 1649 4669 homines
1686 4613 1849 4686 hujus
1890 4619 2077 4674 saeculi

483 4699 617 4755 dicit
656 4700 852 4765 malos,
896 4715 1020 4756 cum
1072 4710 1128 4756 et
1177 4700 1379 4757 Paulus
1424 4707 1705 4774 apostolus
1762 4719 2079 4766 memoret:

486 4793 817 4848 Redimentes
849 4803 1049 4865 tempus
1078 4837 1093 4864 ,
1119 4794 1366 4865 quoniam
1394 4797 1503 4850 dies
1530 4798 1660 4852 mali
1699 4810 1818 4855 sunt
1856 4801 2081 4875 (Epltcs.

487 4903 543 4953 ν,
587 4887 713 4956 16).

563 4976 744 5049 (Vers.
791 4978 879 5044 i3,
916 4979 1027 5049 14.)
1066 4976 1269 5035 Intrate
1296 4998 1388 5051 per
1414 4993 1687 5054 angustam
1715 4998 1940 5057 portam,
1962 4990 2087 5062 quia

489 5075 597 5129 lata
629 5082 781 5143 porta
811 5082 856 5128 et
889 5075 1119 5146 spatiosa
1148 5076 1229 5129 via
1281 5086 1355 5129 est
1387 5093 1514 5147 qua.
1532 5078 1677 5134 ducit
1723 5084 1792 5135 ad
1839 5084 2084 5152 perditio-

486 5185 624 5233 nem,
657 5178 705 5222 et
732 5167 882 5221 multi
908 5177 1028 5221 sunt
1049 5169 1137 5238 qui
1163 5169 1360 5223 intrant
1389 5188 1480 5240 per
1500 5188 1631 5227 eam.
1669 5174 1839 5242 Quam
1866 5188 2087 5253 angusta

488 5270 660 5332 porta,
705 5269 757 5316 et
800 5270 945 5315 arcta
984 5260 1069 5314 via
1104 5270 1177 5315 est
1217 5279 1335 5332 qua:
1358 5263 1589 5321 ducitad
1618 5268 1773 5323 vitam
1796 5272 1819 5325 .'
1842 5280 1889 5326 et
1931 5276 2087 5345 pauci

494 5364 615 5408 sunt
659 5354 748 5421 qui
794 5353 1062 5408 inveniunt
1108 5369 1240 5409 eam.
1271 5354 1406 5411 Lata
1458 5361 1544 5413 via
1576 5369 1661 5416 est
1702 5365 1891 5419 sa‘culi
1938 5369 2092 5424 volu-

490 5455 631 5516 ptas,
683 5462 847 5517 quam
898 5455 1162 5517 appetunt
1212 5447 1482 5506 homines.
1528 5452 1794 5524 Angusta,
1831 5473 1952 5529 quae
1984 5476 2083 5531 per

488 5537 709 5595 labores
738 5548 794 5595 et
817 5538 1026 5610 jejunia
1071 5540 1341 5609 panditur,
1386 5560 1546 5615 quam
1590 5559 1645 5603 et
1674 5549 1969 5622 Apostolus
1993 5556 2080 5612 iu-

492 5646 712 5701 gressus
734 5641 820 5688 est
834 5632 899 5705 (ll
922 5630 1043 5688 Cor.
1061 5634 1232 5706 vt,x1)
1270 5653 1283 5690 :
1317 5646 1373 5692 et
1403 5646 1460 5693 ut
1488 5638 1805 5700 Timotheus
1835 5662 1934 5716 per
1959 5665 2079 5707 eam

545 5753 590 5828 ,ει
620 5744 1121 5831 ,γρουιιιιιιρηὶιιεηι
1158 5763 1291 5807 mss.
1318 5753 1490 5809 nostri
1531 5759 1803 5831 supplent.
1833 5762 2078 5826 ’Leviora

489 5814 597 5875 alia
617 5816 754 5874 infra
784 5814 1068 5890 castigant.

2171 1921 2334 1962 mone
2385 1907 2732 1977 promittunt,
2787 1909 2932 1965 aliud
2979 1925 3151 1981 opere
3210 1910 3609 1968 demonstrant.
3664 1911 3777 1969 Sed

2171 2000 2487 2072 specialiter
2532 2002 2600 2057 de
2647 2004 2918 2074 barreticis
2968 2004 3377 2075 intelligendum
3405 2015 3510 2075 est,
3549 2007 3639 2078 qui
3691 2007 3776 2061 vi-

2171 2092 2370 2151 dentur
2413 2094 2774 2161 continentia,
2824 2096 3117 2163 castitate,
3162 2096 3398 2168 jejunio,
3455 2098 3608 2169 quasi
3645 2113 3781 2170 qua-

2172 2191 2296 2247 dam
2329 2195 2552 2265 pietatis
2581 2211 2641 2251 se
2681 2205 2834 2252 veste
2863 2196 3228 2264 circumdare,
3262 2196 3596 2252 intrinsecus
3642 2212 3779 2254 vero

2178 2286 2443 2344 habentes
2471 2289 2712 2344 animum
2736 2298 3089 2357 venenatum,
3123 2290 3517 2361 simpliciorum
3544 2291 3773 2347 fratrum

2174 2382 2339 2437 corda
2384 2382 2691 2453 decipiunt.
2742 2383 2824 2438 Ex
2852 2383 3117 2440 fructibus
3147 2399 3279 2455 ergo
3323 2385 3544 2455 animae,
3575 2386 3780 2456 quibus

2174 2475 2547 2532 innocentiam
2603 2477 2669 2533 ad
2729 2478 2942 2533 ruinam
2995 2478 3237 2547 trahunt,
3298 2478 3441 2549 lupis
3492 2479 3780 2551 rapacibus

2175 2583 2367 2640 compa
2377 2578 2586 2626 rantur.

2246 2668 2269 2740 (
2294 2667 2449 2723 Vcrs.
2485 2669 2552 2724 18
2601 2668 2765 2739 seq.)
2809 2667 2932 2723 Non
2984 2676 3148 2738 potest
3197 2668 3353 2724 arbor
3392 2668 3525 2724 bona
3572 2672 3778 2742 fructus

2175 2759 2340 2815 malos
2374 2764 2584 2826 facere:
2612 2778 2774 2833 neque
2812 2761 2969 2817 arbor
2996 2762 3135 2817 mala
3165 2764 3366 2834 fructus
3401 2763 3558 2818 bonos
3584 2766 3776 2833 facere.

2177 2852 2359 2909 Omnis
2378 2854 2532 2909 arbor
2556 2870 2671 2923 qua:
2692 2871 2797 2911 non
2816 2857 2943 2928 facit
2971 2860 3201 2928 fructum
3223 2857 3437 2925 bonum,
3480 2855 3777 2926 eacidetur,

2172 2958 2222 3004 et
2254 2949 2307 3003 in
2335 2951 2505 3020 ignem
2531 2950 2780 3005 mittetur.
2816 2948 2989 3024 Igitur
3017 2967 3082 3006 ea:
3105 2951 3360 3022 fructibus
3387 2966 3566 3005 eorum
3588 2966 3783 3021 cogno.

2174 3044 2327 3097 scetis
2366 3059 2472 3099 eos.
2504 3042 2832 3113 Qumramus
2862 3045 2933 3101 ab
2954 3044 3280 3115 ,haareticis,
3326 3044 3418 3116 qui
3467 3043 3602 3100 duas
3635 3044 3783 3100 inter

2176 3151 2236 3191 se
2260 3135 2571 3192 contrarias
2619 3137 2809 3193 dicunt
2837 3152 2960 3194 esse
3008 3146 3258 3204 naturas,
3308 3136 3352 3193 si
3381 3136 3533 3207 juxta
3575 3136 3783 3193 intelli-

2177 3233 2416 3302 gentiam
2466 3248 2682 3300 eorum,
2733 3232 2904 3288 arbor
2939 3232 3080 3287 bona
3128 3232 3303 3287 malos
3349 3231 3564 3288 fructus
3599 3230 3785 3287 facere

2177 3340 2473 3395 numquam
2530 3334 2752 3396 potest,
2804 3324 3081 3395 quomodo
3139 3325 3354 3397 Moyses
3422 3324 3586 3380 arbor
3633 3322 3783 3379 bona

2176 3419 2493 3489 peccaverit
2519 3419 2584 3473 ad
2626 3432 2820 3488 aquam
2851 3415 3303 3473 contradictionis
3343 3416 3523 3489 (Deut.
3554 3416 3731 3486 χχιιι)
3762 3432 3777 3470 :

2180 3520 2238 3568 et
2273 3512 2465 3575 David.
2527 3511 2655 3569 Uria
2715 3511 3026 3578 interfecto,
3055 3526 3179 3568 cum
3226 3511 3531 3567 Bethsabee
3574 3524 3783 3566 concu-

2177 3603 2362 3660 buerit
2396 3603 2462 3672 (li
2515 3602 2643 3675 Reg.
2696 3603 2823 3675 x1):
2877 3602 3074 3659 Petrus
3121 3617 3340 3673 quoque
3409 3603 3463 3657 in
3519 3601 3788 3659 Passione

2176 3695 2205 3735 b
2240 3696 2454 3751 Domini
2503 3696 2740 3768 negarit,
2788 3696 2981 3753 dicens
3015 3715 3029 3751 :
3062 3695 3255 3752 Nescio
3296 3696 3560 3753 hominem
3588 3696 3779 3767 (Matt.

2176 3807 2320 3857 xxvr,
2352 3788 2442 3861 72)
2473 3808 2485 3845 :
2520 3801 2614 3844 aut
2647 3806 2749 3861 qua
2775 3791 3175 3860 consequentia
3204 3788 3397 3846 Jethro
3440 3804 3599 3846 socer
3625 3790 3783 3863 Moy-

2177 3884 2221 3937 si
2252 3883 2411 3938 arbor
2457 3882 2624 3950 mala,
2673 3883 2767 3953 qui
2798 3884 2983 3953 utique
3010 3881 3065 3936 in
3108 3882 3277 3938 Deum
3322 3882 3491 3938 Israel
3522 3898 3629 3937 non
3652 3896 3781 3938 cre-

2176 3974 2362 4039 debat,
2391 3974 2605 4030 dederit
2627 3976 2912 4030 consilium
2936 3975 3109 4048 Moysi
3133 3976 3338 4030 bonum
3368 3974 3567 4045 (Exod.
3600 3975 3783 4045 xvm):

2177 4074 2235 4122 et
2277 4065 2483 4122 Achior
2503 4066 2567 4120 ad
2593 4066 2999 4137 HoIOphernem
3027 4067 3232 4137 aliquid
3279 4066 3416 4123 utile
3452 4068 3524 4123 sit
3569 4067 3788 4123 locutus

2178 4159 2412 4232 (Iudith.
2447 4160 2504 4232 v)
2549 4179 2562 4215 :
2593 4171 2646 4216 et
2674 4161 2930 4217 Comicus
2953 4162 3151 4217 dixerit
3190 4160 3379 4233 (quod
3407 4160 3550 4217 bene
3578 4160 3789 4217 dictum

2186 4254 2483 4326 Apostolus
2521 4254 2941 4327 comprobavit)
2969 4274 2984 4313 :
3009 4255 3365 4321 Corrumpunt
3403 4272 3573 4311 mores
3624 4258 3790 4311 bonos

2177 4347 2623 4419 confabulationes
2666 4348 2904 4419 pessima:
2949 4348 2995 4416 (l
3020 4345 3143 4403 Cor.
3187 4347 3267 4421 v).
3313 4349 3525 4403 Etcum
3562 4362 3673 4404 non
3702 4349 3791 4405 in-

2182 4442 2435 4497 venerint
2479 4440 2608 4511 quid
2658 4440 3071 4513 respondeant;
3102 4456 3204 4497 nos
3251 4440 3571 4507 inferemus,
3613 4448 3671 4496 et
3688 4440 3795 4499 Ju-

2183 4532 2305 4588 dam
2337 4532 2520 4604 (Joan.
2554 4533 2693 4604 xm),
2721 4534 2970 4591 arborem
3013 4534 3285 4605 quondam
3320 4535 3539 4597 bonam,
3584 4533 3793 4592 fecisse

2183 4627 2390 4681 fructus
2444 4626 2614 4682 malos
2666 4635 2954 4698 postquam
3013 4619 3252 4696 prodidit
3308 4625 3416 4700 [Αι.
3469 4624 3784 4700 tradiderit]

2186 4717 2527 4775 Salvatorem
2557 4736 2570 4770 :
2598 4728 2654 4773 et
2682 4718 2913 4773 Saulum
2946 4717 3214 4791 (Philipp.
3248 4719 3329 4788 ιιι)
3379 4718 3637 4773 arborem
3669 4732 3795 4773 ma-

2184 4810 2290 4866 lam
2320 4827 2386 4867 eo
2411 4821 2657 4881 tempore
2683 4826 2796 4882 quo
2839 4812 3269 4882 persequebatur
3314 4808 3422 4884 51
3483 4810 3795 4867 Ecclesiam

2186 4906 2410 4971 Christi,
2434 4906 2631 4964 fecisse
2658 4915 2843 4978 postea
2875 4905 3090 4962 fructus
3117 4906 3311 4972 bonos,
3348 4904 3567 4976 quando
3598 4904 3652 4960 in
3691 4920 3794 4963 vas

2188 5000 2471 5056 electionis
2510 5001 2578 5056 de
2635 5011 2988 5070 persecutore
3033 5000 3326 5056 translatus
3365 5008 3453 5056 est
3502 4998 3643 5071 (Act.
3679 5000 3790 5074 rx).

2184 5093 2412 5149 Tamdiu
2452 5108 2584 5165 ergo
2630 5093 2770 5149 bona
2802 5095 2966 5151 arbor
3003 5094 3210 5150 fructus
3245 5109 3352 5151 non
3400 5092 3532 5150 facit
3559 5093 3743 5150 malos
3770 5137 3789 5165 ,

2185 5186 2446 5259 quamdiu
2506 5187 2563 5242 in
2609 5187 2873 5245 bonitatis
2915 5188 3099 5245 studio
3146 5196 3508 5259 perseverat:
3547 5195 3607 5244 et
3645 5191 3795 5247 mala

2186 5282 2350 5337 arbor
2409 5281 2616 5337 tamdiu
2685 5291 2871 5338 manet
2938 5283 2993 5338 in
3069 5282 3338 5340 fructibus
3404 5292 3793 5355 peccatorum,

2184 5374 2444 5446 quamdiu
2494 5373 2560 5430 ad
2608 5376 2983 5447 ptenitentiam
3048 5393 3154 5432 non
3201 5376 3566 5432 convertitur.
3614 5374 3799 5435 Nemo

2187 5468 2332 5526 enim
2355 5483 2683 5539 permanens
2706 5471 2759 5525 in
2791 5485 2858 5527 eo
2877 5470 3020 5542 quod
3045 5469 3163 5539 fuit,
3191 5469 3390 5541 incipit
3418 5468 3473 5526 id
3497 5483 3621 5527 esse
3642 5470 3798 5541 quod

2188 5563 2415 5621 necdum
2448 5562 2700 5635 coeperit.

2259 5656 2455 5729 (Vere.
2486 5656 2606 5729 21.)
2636 5656 2763 5713 Non
2808 5658 2975 5712 omnis
3017 5659 3106 5730 qui
3153 5658 3277 5714 dicit
3322 5656 3474 5727 mihi,
3524 5655 3792 5729 Domine,

2265 5767 2292 5808 ι)
2333 5769 2621 5829 Rhabhan.
2643 5816 2657 5841 ,
2686 5771 2989 5830 Dominum.
