4004 6332
199 300 252 361 ιθ
734 315 1387 379 COMMENTARIORUM
1428 320 1494 379 IN
1538 322 1997 387 EVANGELIUM
2036 330 2376 392 MAT'I‘IIEI
2415 335 2546 393 LIB.
2588 339 2630 393 l.
2677 340 2831 397 CAP.
2867 341 3005 400 VIII.
3441 348 3514 403 50

205 420 422 491 Domine,
450 423 677 484 intrabit
705 431 762 486 in
790 448 1002 504 regnum
1023 437 1300 503 ctelorum;
1332 437 1423 495 sed
1444 440 1533 509 qui
1562 440 1690 512 facit
1711 455 1800 496 υοο
1824 442 1880 505 Α

208 514 435 571 luntatem
487 518 674 577 Patris
727 527 848 591 mei,
877 529 963 597 qui
991 529 1043 583 in
1068 530 1210 584 cretis
1239 539 1337 599 est,
1369 532 1481 602 ipse
1508 534 1722 588 intrabit
1751 536 1804 588 in

206 625 399 684 regnum
440 614 718 671 caelorum.
751 618 909 676 Sicut
934 636 1096 693 supra
1122 623 1356 693 dixerat,
1386 640 1481 681 eos
1508 627 1602 698 qui
1635 626 1802 684 habe-

204 715 310 762 rent
355 717 569 764 vestem
625 711 753 767 vitae
792 713 947 770 bona:
972 760 987 784 ,
1030 732 1139 773 non
1181 718 1525 790 recipiendos
1573 729 1799 792 propter

202 797 504 868 dogmatum
546 803 891 874 nequitiam:
934 809 1005 863 ita
1047 826 1190 868 nunc
1228 813 1538 869 econtrario
1576 815 1799 882 asserit,

202 907 262 948 ne
286 894 364 949 his
389 894 615 966 quidem
644 901 1162 958 accommodandam
1196 904 1383 972 ﬁdem,
1414 907 1502 976 qui
1535 921 1656 962 cum
1687 909 1802 977 pol-

198 984 331 1041 leant
379 987 696 1058 integritate
737 989 895 1060 ﬁdei,
942 994 1175 1065 turpiter
1212 995 1420 1067 vivunt,
1451 1010 1505 1053 et
1537 997 1799 1053 doctrina:

198 1078 560 1149 integritatem
611 1084 771 1138 malis
826 1086 1086 1153 operibus
1138 1086 1449 1143 destruunt.
1495 1087 1797 1161 Utrumque

196 1173 330 1228 enim
360 1173 458 1230 Dei
480 1176 661 1231 servis
682 1179 1050 1235 necessarium
1074 1191 1180 1247 est,
1208 1192 1338 1238 utet
1361 1197 1501 1252 Opus
1520 1198 1795 1252 sermone,

195 1276 243 1321 et
269 1281 452 1322 sermo
484 1268 746 1338 operibus
776 1272 1187 1342 comprobetur.
1224 1273 1359 1331 Huic
1383 1277 1668 1332 sententiae
1700 1292 1796 1347 po-

194 1370 292 1416 test
348 1359 483 1416 illud
544 1362 716 1419 videri
753 1364 1123 1421 contrarium:
1167 1365 1339 1422 Nemo
1376 1379 1544 1438 potest
1583 1370 1755 1426 dicere
1778 1414 1794 1440 ,

196 1450 442 1508 Dominus
480 1452 661 1524 Iesus,
693 1458 795 1511 nisi
818 1458 875 1513 in
905 1458 1106 1531 Spiritu
1133 1470 1313 1515 sancto
1344 1461 1404 1533 (Ι
1432 1461 1553 1518 Cor.
1580 1479 1677 1530 χιι,
1712 1466 1792 1533 5).

192 1547 291 1603 Sed
331 1548 503 1605 moris
543 1559 629 1604 est
668 1549 1068 1623 Scripturarum
1106 1553 1250 1609 dicta
1291 1570 1391 1624 pro
1432 1554 1588 1611 factis
1646 1558 1794 1613 acci-

195 1658 332 1713 pere,
359 1653 421 1700 ut
449 1645 634 1701 statim
661 1645 715 1700 in
743 1649 1206 1719 consequentibus
1242 1650 1598 1721 approbatur,
1640 1650 1793 1707 rel'u-

198 1736 287 1791 tari
315 1751 411 1793 eos
436 1738 531 1808 qui
561 1737 773 1808 jactant
810 1740 929 1796 sine
964 1742 1226 1812 operibus
1263 1742 1467 1800 habere
1503 1744 1788 1801 scientiam

1975 449 2164 519 (Vers.
2194 454 2315 523 26.)
2346 453 2593 512 Fundata
2632 460 2768 513 enim
2808 471 2921 516 erat
2964 478 3124 534 supra
3172 472 3392 535 petram.
3442 467 3516 523 Et

1904 544 2070 598 omnis
2112 546 2198 612 qui
2226 548 2372 601 audit
2394 549 2546 604 verba
2568 567 2681 606 mea
2711 552 2839 621 lucc,
2868 565 2916 610 et
2938 571 3039 610 non
3066 558 3190 628 facit
3216 576 3299 627 ea,
3329 561 3515 616 similis

1903 638 2001 692 erit
2022 638 2130 694 uiro
2153 641 2332 696 stulto.
2360 643 2537 715 Super
2565 644 2703 701 hanc
2735 657 2943 723 petram
2977 650 3237 707 Dominus
3267 652 3515 710 fundavit

1904 726 2206 786 Ecclesiam
2240 733 2258 800 (
2274 732 2465 789 Matth.
2496 738 2630 807 xv):
2663 736 2733 792 ab
2761 737 2862 794 hac
2894 749 3044 809 petra
3078 743 3356 810 apostolus
3404 744 3511 801 Pe-

1906 829 2020 877 trus
2052 825 2276 881 sortitus
2298 836 2384 881 est
2415 843 2633 884 nomen.
2665 829 2842 900 Super
2878 831 3255 903 hujuscemodi
3303 848 3509 907 petram

1903 929 2013 968 non
2064 915 2410 974 inveniuntur
2449 923 2720 990 serpentis
2758 924 2985 994 vestigia
3016 925 3208 1000 (Prov.
3244 929 3405 998 xxx).
3436 930 3514 986 De

1901 1004 2005 1062 hac
2025 1018 2078 1063 et
2109 1008 2369 1078 pr0pheta
2419 1011 2659 1083 loquitur
2698 1016 3076 1075 conﬁdenter:
3126 1020 3325 1076 Statuit
3351 1039 3512 1093 super

1903 1111 2102 1169 petram
2149 1103 2302 1170 pedes
2346 1121 2485 1160 meos
2533 1104 2659 1177 (Ps.
2690 1124 2883 1175 χχχιχ,
2912 1111 2989 1180 5).
3023 1111 3096 1168 Et
3121 1113 3176 1169 in
3209 1116 3318 1171 alio
3346 1115 3508 1172 loco:

1905 1190 2064 1245 Petra
2084 1193 2342 1264 refugium
2364 1194 2647 1268 leporibus,
2678 1201 2792 1255 sive
2816 1200 3094 1258 herinaciis
3121 1204 3255 1279 (Ps.
3285 1222 3400 1274 cm,
3428 1208 3510 1279 8).

1900 1284 2170 1341 Timidum
2199 1290 2343 1343 enim
2369 1290 2570 1348 animal
2600 1292 2652 1347 in
2686 1302 2852 1363 petra:
2873 1311 3137 1354 cavernas
3158 1292 3227 1356 se
3269 1301 3465 1372 recipit
3492 1321 3507 1359 :

1897 1389 1954 1435 et
1972 1381 2111 1466 cutis
2137 1396 2350 1453 aspera,
2384 1392 2439 1439 et
2468 1393 2578 1440 tota
2607 1395 2812 1442 armata
2842 1389 3059 1461 jaculis,
3092 1393 3180 1448 tali
3209 1409 3270 1451 se
3315 1406 3503 1466 prote-

1898 1458 2078 1530 ctione
2102 1484 2323 1553 tutatur.
2359 1477 2513 1535 Unde
2532 1491 2586 1535 et
2612 1481 2784 1554 Moysi
2814 1483 3013 1541 dicitur
3035 1458 3104 1542 eo
3130 1497 3371 1561 tempore
3396 1507 3506 1563 quo

1898 1568 1966 1626 de
2007 1569 2245 1643 Egypto
2295 1571 2527 1644 fugerat,
2554 1581 2611 1630 et
2637 1575 2950 1646 Iepusculus
2980 1579 3192 1636 Domini
3221 1593 3374 1639 erat:
3406 1585 3504 1641 Sta

1897 1663 1951 1718 in
1981 1666 2237 1736 foramine
2262 1674 2436 1737 petrae,
2469 1675 2517 1720 et
2564 1671 2855 1738 posteriora
2902 1688 3015 1726 mea
3055 1674 3248 1732 uidebis
3297 1675 3506 1748 (Exod.

1899 1772 2094 1825 χχχιιι,
2125 1757 2246 1830 2t).

198 1828 421 1898 Domini,
442 1839 499 1887 et
525 1830 759 1887 audiunt
788 1848 815 1885 a
846 1832 1165 1893 Salvatore:
1201 1835 1461 1891 Discedite
1480 1855 1512 1892 a
1543 1854 1644 1903 me,
1669 1856 1791 1911 ope-
1822 1839 1869 1899 B
1968 1852 2162 1923 (Vers.
2190 1828 2283 1919 27,
2312 1853 2429 1917 28.)
2461 1854 2562 1924 Qui
2590 1857 2867 1928 wdi/icauit
2910 1859 3123 1915 domum
3161 1877 3312 1917 suam
3350 1879 3507 1936 super

200 1924 309 1977 ιιιήὶ
338 1923 655 1994 iniquitatis,
687 1928 861 1981 nescio
891 1944 976 1983 vos
1004 1926 1171 2000 (Luc.
1202 1927 1345 2002 χιιι).
1390 1930 1457 1984 Et
1494 1932 1791 2000 Apostolus

201 2017 247 2072 in
269 2017 406 2074 hunc
435 2032 663 2076 sensum
688 2019 965 2092 loquitur:
992 2021 1317 2094 Conﬁtentur
1345 2040 1401 2080 se
1424 2040 1575 2079 nosse
1594 2023 1789 2082 Deum:

206 2110 337 2181 factis
360 2120 533 2167 autem
557 2121 749 2186 negant
779 2112 918 2186 (Tit.
951 2130 991 2180 ι,
1022 2115 1135 2186 16).

266 2204 445 2277 (Vers.
478 2207 600 2277 22.)
634 2205 795 2262 Multi
823 2208 994 2263 dicent
1021 2209 1149 2264 mihi
1177 2209 1232 2266 in
1260 2209 1355 2265 illa
1389 2210 1474 2265 die
1495 2227 1514 2266 ε
1545 2209 1789 2281 Domine,

207 2294 439 2364 Domine,
484 2314 656 2352 nonne
692 2300 746 2353 in
783 2301 989 2355 nomine
1028 2311 1114 2356 tuo
1155 2303 1574 2375 praphetavimus
1596 2345 1611 2372 ,
1651 2315 1701 2361 et
1738 2307 1793 2361 in

207 2392 387 2445 nomine
412 2401 499 2446 tua
529 2391 791 2447 daemonia
820 2396 1088 2464 eiecimus,
1116 2404 1163 2450 et
1190 2396 1243 2450 in
1271 2398 1478 2452 nomine
1506 2410 1594 2452 tuo
1621 2400 1790 2454 uirtu-

210 2494 272 2538 tes
290 2484 472 2539 multas
509 2485 770 2556 fecimus?
808 2486 1180 2559 Prophetare,
1220 2501 1275 2546 et
1315 2492 1546 2547 virtutes
1586 2491 1790 2560 facere,

210 2583 256 2629 et
285 2574 543 2631 daemonia
583 2575 785 2648 ejicere
809 2621 826 2648 ,
868 2577 1136 2636 interdum
1176 2596 1285 2637 non
1324 2581 1442 2653 ejus
1483 2583 1667 2639 meriti
1710 2595 1795 2642 est

211 2670 285 2738 qui
320 2681 574 2740 operatur
598 2713 614 2741 ,
658 2673 753 2728 sed
794 2672 879 2728 vel
918 2674 1192 2733 invocatio
1243 2675 1367 2750 [ΑΙ.
1410 2678 1792 2754 invocatione]

212 2766 421 2821 nominis
445 2765 647 2823 Christi
673 2767 781 2825 hoc
822 2769 972 2841 agit,
1027 2771 1113 2827 vel
1161 2772 1232 2829 ob
1276 2773 1791 2833 condemnationem

210 2874 377 2918 eorum
413 2864 505 2934 qui
545 2862 842 2932 invocant,
873 2875 929 2922 et
955 2865 1242 2924 utilitatem
1270 2884 1459 2926 eorum
1487 2872 1581 2943 qui
1610 2871 1796 2929 vident

210 2962 257 3010 et
280 2954 518 3023 audiunt,
549 2957 911 3015 conceditur:
945 2973 1003 3016 ut
1027 2961 1156 3018 licet
1188 2963 1438 3022 homines
1492 2965 1797 3038 despiciant

206 3047 343 3118 signa
378 3048 670 3118 iacientes,
717 3061 899 3108 tamen
969 3054 1136 3110 Deum
1179 3056 1492 3125 honorent,
1533 3058 1601 3114 ad
1642 3059 1795 3129 cujus

207 3144 584 3219 invocationem
634 3145 774 3202 ﬁuut
816 3155 965 3203 tanta
1020 3148 1308 3206 miracula.
1364 3150 1501 3207 Nam
1557 3161 1614 3209 et
1663 3150 1794 3207 Saul

1893 1961 2145 2001 arenam:
2173 1956 2220 2001 et
2245 1948 2509 2004 descendit
2538 1950 2736 2019 pluvia;
2765 1961 2815 2008 et
2855 1962 3104 2010 venerunt
3145 1956 3367 2025 ﬂumina
3389 1997 3405 2024 ,
3458 1967 3509 2012 et

1893 2043 2149 2111 [laverunt
2174 2044 2330 2107 venti,
2360 2054 2410 2099 et
2432 2045 2698 2101 irruerunt
2716 2047 2771 2101 in
2802 2048 3016 2102 domum
3034 2048 3205 2119 illam,
3227 2059 3278 2105 et
3298 2050 3511 2107 cecidit:

1894 2144 1943 2189 et
1970 2136 2071 2205 fuit
2097 2138 2253 2191 ruina
2279 2141 2392 2211 ejus
2421 2156 2632 2211 magna.
2668 2139 2736 2195 Et
2758 2142 2953 2213 factum
2984 2151 3059 2198 est
3102 2160 3218 2198 cum
3258 2160 3506 2199 consum-

1895 2240 2077 2284 masset
2104 2229 2257 2286 Iesus
2284 2232 2435 2287 verba
2455 2233 2588 2299 lucc,
2620 2235 3016 2290 admirabantur
3046 2238 3211 2292 turba:
3230 2254 3388 2307 super
3414 2238 3511 2292 do-

1895 2325 2062 2379 ctrina
2081 2328 2213 2397 ejus.
2238 2326 2673 2385 Fondamentum
2698 2331 2842 2400 quod
2866 2332 3161 2401 Apostolus
3178 2331 3511 2389 architectus

1897 2416 2077 2485 posuit
2101 2418 2154 2489 (l
2178 2418 2297 2473 Cor.
2336 2420 2443 2493 ιιι),
2476 2438 2615 2477 unus
2638 2422 2748 2495 [ΑΙ.
2782 2424 2974 2498 unum]
3003 2434 3085 2481 est
3114 2426 3378 2482 Dominus
3408 2442 3511 2482 no-

1894 2518 2009 2567 ster
2037 2509 2197 2567 Iesus
2226 2512 2498 2570 Christus.
2531 2516 2710 2587 Super
2740 2520 2844 2573 hoc
2874 2517 3286 2577 fundamentum
3311 2520 3512 2578 stabile

1894 2608 1951 2656 et
1996 2600 2235 2672 ﬁrmum,
2267 2615 2323 2660 et
2350 2621 2450 2678 per
2478 2621 2538 2663 se
2570 2608 2793 2664 robusta
2822 2611 2966 2667 mole
2995 2611 3304 2681 fundatum,
3333 2613 3508 2668 aediﬁ-

1894 2703 2049 2750 catur
2093 2695 2297 2752 Christi
2337 2698 2605 2755 Ecclesia.
2630 2700 2807 2772 Super
2833 2717 3057 2758 arenam
3089 2703 3198 2776 43
3224 2719 3355 2760 vero
3385 2720 3508 2776 quae

1896 2785 2060 2842 ﬁuida
2088 2797 2191 2858 est,
2224 2799 2279 2845 et
2305 2793 2672 2863 coagmentari
2703 2809 2814 2849 non
2847 2803 3056 2865 potest,
3102 2811 3205 2852 nec
3247 2798 3300 2852 in
3344 2812 3510 2853 unam

1896 2883 2144 2951 copulam
2195 2884 2401 2956 redigi,
2448 2887 2627 2943 omnis
2671 2887 3048 2946 haereticorum
3093 2904 3275 2948 sermo
3299 2889 3367 2946 ad
3407 2890 3512 2946 hoc

1896 2975 2220 3043 aediﬁcatur,
2249 2988 2308 3034 ut
2338 2989 2579 3037 corruat.

1972 3069 2161 3142 (Vers.
2191 3072 2309 3145 29.)
2343 3072 2472 3128 Erat
2501 3075 2638 3130 enim
2662 3077 2854 3134 docens
2890 3094 2974 3134 eos
3022 3080 3156 3134 sicut
3202 3087 3510 3153 potestatem

1898 3158 2095 3218 habens
2120 3205 2135 3232 ,
2167 3173 2216 3218 et
2243 3182 2350 3221 non
2378 3167 2511 3221 sicut
2541 3166 2741 3225 Scrist
2767 3179 2816 3225 et
2844 3168 3123 3225 Pharisazt'.
3156 3170 3240 3225 llli
3268 3172 3411 3225 enim
3440 3186 3504 3225 ea

207 3241 252 3314 (I
276 3242 395 3315 Reg.
419 3246 500 3313 χ),
523 3253 581 3301 et
602 3244 822 3301 Balaam
848 3244 1038 3319 (Num.
1065 3249 1246 3317 χχιιι),
1270 3259 1326 3304 et
1349 3247 1587 3320 Caiphas
1609 3248 1791 3321 (Joan.
1827 3226 1876 3293 C
1907 3226 2181 3311 docebant
2227 3259 2490 3327 populos,
2540 3276 2661 3331 quae
2706 3264 2909 3333 scripta
2956 3273 3084 3319 sunt
3136 3262 3189 3318 in
3236 3263 3423 3336 Moyse
3455 3274 3514 3320 et

208 3335 277 3402 χι)
322 3338 818 3409 prophetaverunt,
871 3341 1183 3398 nescientes
1231 3344 1363 3414 quid
1410 3342 1692 3401 dicerent:
1741 3354 1797 3401 et

205 3425 398 3484 Pharao
436 3429 662 3503 (Cenes.
704 3432 819 3505 xm)
860 3440 916 3489 et
948 3433 1458 3493 Nabuchodonosor
1496 3437 1669 3511 (Dan.
1720 3437 1797 3511 ιι)

206 3524 413 3581 somniis
441 3524 621 3581 futura
648 3535 1005 3598 cognoscunt.
1039 3530 1103 3586 Et
1132 3531 1186 3586 in
1233 3533 1458 3588 Actibus
1506 3533 1797 3603 Apostolo—

205 3629 311 3670 rum
328 3616 416 3671 lilii
438 3616 628 3674 Sceva:
648 3617 967 3676 videbantur
985 3620 1182 3692 ejicere
1199 3622 1466 3680 daemonia
1492 3624 1632 3697 (Act.
1656 3625 1793 3697 χιχ).

205 3706 301 3763 Sed
325 3719 377 3765 et
402 3708 573 3766 ludas
599 3712 882 3781 apostolus
909 3727 1032 3770 cum
1060 3716 1244 3772 animo
1285 3717 1577 3787 proditoris
1626 3718 1799 3791 multa

202 3799 344 3871 signa
369 3802 507 3860 inter
529 3814 763 3861 caeteros
796 3807 1081 3877 Apostolus
1112 3809 1307 3866 fecisse
1338 3822 1614 3867 narratur.

269 3893 368 3968 5.2
394 3895 572 3965 (Vers.
605 3898 725 3966 25.)
758 3896 826 3952 Et
852 3909 970 3955 tunc
991 3902 1273 3972 conﬁtebor
1320 3904 1447 3973 illis,
1489 3908 1611 3976 quia
1651 3922 1803 3961 num-

206 4002 345 4056 quam
372 3990 485 4044 noui
510 4006 617 4045 vos.
647 3989 939 4062 Signanter
964 3993 1100 4049 dixit
1127 3996 1431 4065 conﬁtebor,
1464 3998 1586 4067 quia
1626 3997 1798 4053 multo

212 4092 327 4137 ante
373 4092 611 4154 tempore
661 4083 843 4142 dicere
891 4086 1361 4144 dissimulaverat:
1409 4107 1513 4144 non
1541 4091 1793 4148 novivos.

210 4171 319 4231 Non
344 4179 483 4234 novit
509 4179 776 4235 Dominus
800 4195 895 4237 eos
926 4183 1015 4253 qui
1048 4192 1293 4251 pereunt.
1332 4183 1569 4240 Observa
1617 4193 1795 4241 autem

215 4282 366 4339 quare
391 4272 679 4342 addiderit,
709 4291 990 4347 numquam
1017 4278 1137 4331 novi
1167 4294 1275 4346 vos,
1298 4278 1343 4334 si
1361 4279 1515 4349 juxta
1539 4280 1799 4351 quosdam

217 4359 384 4418 omnes
404 4365 649 4422 homines
669 4365 820 4422 inter
840 4368 1187 4426 rationabiles
1207 4385 1426 4443 semper
1450 4372 1647 4428 versati
1671 4383 1803 4430 sunt

220 4471 487 4521 creaturas.

281 4552 453 4624 (Vers.
479 4556 596 4628 24.)
633 4556 894 4613 Discedite
916 4576 949 4615 a
975 4575 1054 4614 me
1096 4560 1185 4631 qui
1231 4562 1516 4630 aperamini
1555 4563 1803 4634 iniquita-

222 4654 325 4702 tem.
354 4647 517 4704 Omnis
547 4667 669 4721 ergo
699 4654 789 4723 qui
812 4653 958 4707 audit
984 4653 1135 4707 verba
1163 4670 1279 4708 mea
1303 4655 1432 4722 Ita’c,
1475 4665 1523 4710 et
1553 4657 1678 4727 facit
1715 4674 1794 4724 ea,

222 4740 560 4797 assimilabitur
584 4746 694 4799 uiro
720 4745 964 4812 sapienti,
986 4746 1075 4817 qui
1096 4746 1369 4816 tcdiﬁcavit
1401 4747 1607 4801 domum
1654 4765 1800 4804 suam

223 4847 362 4901 supra
388 4847 601 4906 petram.
634 4837 751 4893 Non
777 4838 934 4902 dixit,
958 4840 1046 4902 qui
1074 4843 1269 4912 aperati
1295 4842 1415 4895 estis
1451 4841 1797 4909 iniquitatem,

223 4939 285 4982 ne
306 4929 559 4987 videretur
590 4933 785 4987 tollere
818 4933 1217 5003 patuitentiam,
1249 4933 1343 4989 sed
1373 4934 1463 5006 qui
1492 4936 1802 5006 operamini,

228 5016 319 5073 hoc
341 5031 433 5090 est,
462 5026 547 5093 qui
582 5039 754 5095 usque
780 5023 835 5079 in
866 5035 1187 5093 pra‘seutem
1216 5026 1429 5094 horam,
1463 5040 1587 5081 cum
1612 5025 1801 5093 judicii

226 5117 413 5184 tempus
439 5116 739 5184 advenerit,
768 5117 900 5173 licet
925 5133 1029 5190 non
1059 5117 1303 5174 habeatis
1331 5115 1640 5174 facultatem
1670 5132 1800 5189 pec-

224 5205 380 5275 candi,
410 5216 586 5263 tamen
617 5208 796 5263 adhuc
820 5207 1028 5263 habetis
1055 5208 1330 5265 affectum.

287 5297 461 5370 (Vers.
480 5302 597 5375 25.)
623 5300 694 5357 Et
712 5301 976 5358 descendit
996 5301 1195 5373 pluvia,
1219 5311 1265 5358 et
1295 5313 1539 5359 venerunt
1560 5305 1798 5374 flumina,

228 5399 269 5443 et
286 5392 515 5461 ﬂeverunt
542 5398 713 5453 venti:
732 5407 781 5450 et
812 5397 1072 5452 irruerunt
1099 5397 1151 5451 in
1179 5396 1389 5450 domum
1428 5398 1591 5467 illam,
1617 5406 1665 5452 et
1704 5414 1807 5452 non

227 5485 405 5542 cecidit.
435 5488 617 5543 Pluvia
664 5488 768 5544 ista
808 5504 931 5559 quae
961 5488 1179 5544 domum
1225 5490 1547 5545 subvertere
1595 5490 1809 5559 nititur,

224 5574 443 5637 diabolus
468 5591 567 5640 est.
594 5581 873 5645 Flumina,
907 5592 933 5620 λ
964 5598 1159 5639 omnes
1186 5585 1526 5654 Antichristi,
1556 5586 1647 5655 qui
1677 5600 1803 5640 con-

225 5675 297 5726 tra
332 5672 593 5731 Christum
645 5677 887 5745 sapiunt.
932 5676 1087 5731 Venti
1119 5677 1381 5746 Spiritalia
1412 5676 1518 5749 [AL
1549 5677 1807 5748 Spiritua-

225 5759 317 5838 les]
351 5768 595 5840 nequitia:
643 5768 699 5823 in
728 5768 1040 5825 caelestibus
1069 5767 1291 5841 (Ephes.
1325 5769 1426 5842 vi).

1900 3346 2209 3417 Prophetis.
2236 3348 2394 3406 Jesus
2422 3365 2571 3421 vero,
2601 3354 2756 3424 quasi
2788 3354 2932 3411 Deus
2957 3365 3012 3410 et
3040 3354 3304 3410 Dominus
3336 3355 3513 3428 ipsius

1900 3440 2095 3513 Moysi,
2145 3457 2244 3512 pro
2279 3442 2533 3500 libertate
2560 3445 2853 3503 voluntatis
2879 3461 3015 3516 suae,
3044 3447 3130 3503 vel
3160 3463 3222 3503 ea
3253 3464 3373 3518 qure
3406 3450 3510 3503 mi—

1900 3548 2002 3589 nus
2028 3533 2385 3604 videbantur,
2430 3537 2666 3594 addebat
2716 3540 2771 3595 in
2818 3540 2977 3611 lege;
3028 3540 3118 3595 vel
3159 3548 3508 3598 commutans

1902 3627 2233 3697 praedicabat
2264 3629 2316 3684 in
2341 3631 2599 3702 populos,
2649 3640 2707 3688 ut
2754 3648 2919 3702 supra
2968 3648 3188 3705 quoque
3233 3634 3505 3705 legimus:

1872 3736 1878 3742 ‘
1900 3717 2116 3775 Dictum
2140 3732 2215 3776 est
2236 3725 2463 3791 antiquis
2488 3741 2506 3778 :
2540 3724 2653 3797 Ego
2674 3736 2847 3782 autem
2874 3727 2992 3782 dico
3016 3728 3177 3783 vobis.

1975 3811 2128 3882 (Cap.
2148 3812 2357 3868 VIII.—
2371 3814 2509 3873 Vera
2549 3817 2633 3885 1.)
2657 3814 2786 3872 Cum
2808 3829 2980 3874 autem
3001 3820 3347 3875 descendisset
3367 3816 3524 3875 Iesus

1900 3904 2173 3972 demente,
2193 3916 2380 3962 secutae
2400 3916 2518 3963 sunt
2539 3925 2655 3963 eum
2679 3910 2842 3966 turba:
2861 3911 3056 3978 multm,
3072 3920 3119 3966 et
3134 3927 3249 3966 ecce
3273 3912 3512 3984 leprosus

1903 3997 2107 4053 veniens
2136 3999 2387 4054 adorabat
2413 4016 2547 4068 eum,
2582 4001 2778 4057 dicens.
2814 4003 2891 4059 De
2916 4013 3101 4059 monte
3143 4004 3376 4059 Domino
3414 4003 3513 4059 de-

1903 4093 2198 4149 scendente
2223 4136 2238 4160 ,
2279 4104 2574 4150 occurrunt
2616 4096 2810 4161 turbae,
2850 4097 2977 4167 quia
3007 4097 3073 4151 ad
3096 4096 3290 4152 altiora
3314 4111 3510 4153 ascen-

1904 4184 2035 4242 dere
2064 4202 2175 4243 non
2200 4188 2509 4244 valuerunt.
2546 4190 2611 4243 Et
2639 4190 2848 4260 primus
2877 4190 2928 4245 ei
2957 4190 3200 4246 occurrit
3242 4191 3509 4259 leprosos.

1902 4279 2145 4337 Necdum
2186 4281 2333 4337 enim
2365 4292 2579 4352 poterat
2607 4296 2727 4337 cum
2756 4282 2903 4354 lepra
2933 4291 3044 4338 tam
3074 4282 3426 4355 multiplicem
3458 4283 3515 4338 in

1905 4383 2092 4430 monte
2130 4373 2433 4430 Salvatoris
2471 4374 2663 4431 audire
2700 4390 3034 4432 sermonem.
3097 4375 3165 4431 Et
3215 4375 3513 4432 notandum

1905 4468 2047 4538 quod
2094 4468 2180 4525 hic
2225 4468 2434 4539 primus
2481 4469 2795 4539 specialiter
2842 4480 3062 4526 curatus
3103 4471 3211 4526 sit:
3245 4469 3511 4541 secundo,

1906 4575 2042 4632 puer
2071 4560 2454 4619 Centurionis:
2486 4564 2670 4633 tertio,
2701 4579 2891 4620 socrus
2916 4563 3089 4631 Petri,
3130 4563 3373 4621 febriens
3397 4565 3512 4638 (Al.

1907 4655 2238 4729 febricitans]
2270 4657 2320 4711 in
2360 4655 2772 4726 Capharnaum:
2820 4668 3015 4730 quarto
3047 4658 3189 4723 loco,
3219 4657 3313 4728 qui
3343 4657 3518 4714 oblati

1906 4756 2034 4804 sunt
2059 4749 2162 4805 eia
2208 4749 2481 4805 daemonio
2522 4751 2741 4816 vexati,
2791 4767 3022 4822 quorum
3075 4751 3300 4822 spiritus
3348 4751 3520 4807 verbo
3582 4780 3585 4781 ν

1907 4841 2178 4912 ejiciebat,
2210 4843 2427 4911 quando
2456 4858 2648 4899 omnes
2688 4843 2832 4900 male
2870 4843 3133 4900 habentes
3169 4845 3400 4899 curavit.
3446 4843 3515 4900 Et

1907 4950 2019 4990 ecce
2045 4934 2275 5007 leprosus
2298 4937 2503 4991 ueniens
2527 4935 2783 4990 adorabat
2809 4953 2945 4998 eum,
2969 4936 3168 4991 dicens.
3196 4935 3367 4992 Recte
3393 4946 3520 5006 post

1909 5028 2347 5098 praedicationem
2378 5037 2539 5099 atque
2569 5029 2873 5085 doctrinam
2904 5029 3047 5098 signi
3083 5028 3315 5084 oﬁ'ertur
3361 5044 3522 5085 occa-

1910 5123 2025 5178 sio:
2048 5130 2109 5179 ut
2130 5139 2227 5194 per
2247 5123 2500 5178 virtutem
2526 5123 2785 5178 miracula
2808 5122 2916 5196 [AL
2944 5123 3203 5178 virtutem
3229 5122 3519 5193 miraculi],

1914 5217 2219 5287 praeteritus
2245 5216 2386 5286 apud
2418 5216 2702 5272 audientes
2731 5231 2914 5273 sermo
2945 5216 3213 5274 ﬁrmetur.

1990 5310 2183 5381 (Vers.
2216 5308 2297 5380 2.)
2331 5309 2569 5376 Domine,
2598 5310 2643 5365 si
2675 5310 2772 5376 vis,
2797 5318 2942 5383 potes
2973 5326 3054 5365 me
3096 5309 3366 5364 mundare.
3419 5307 3526 5376 Qui

1916 5404 2250 5460 voluntatem
2282 5413 2456 5470 rogat,
2488 5405 2556 5460 de
2582 5404 2787 5460 virtute
2826 5420 2931 5458 non
2958 5402 3190 5459 dubitat.

1989 5497 2008 5566 (
2024 5496 2179 5552 Vers.
2208 5496 2292 5567 3.)
2323 5494 2390 5549 Et
2418 5496 2701 5552 extendens
2724 5496 2879 5551 Iesus
2908 5512 3141 5561 manum,
3167 5495 3332 5565 tetigit
3374 5510 3516 5563 eum,

1916 5590 2092 5646 dicens
2112 5606 2130 5644 :
2151 5587 2308 5656 Volo,
2333 5588 2605 5645 mundare.
2633 5588 2703 5643 Et
2720 5589 2988 5659 confestim
3014 5587 3264 5643 mundata
3287 5596 3361 5641 est
3384 5586 3534 5660 lepra

1916 5685 2051 5755 ejus.
2081 5680 2422 5737 Extendente
2448 5697 2668 5736 manum
2700 5681 2949 5742 Domino.
2976 5680 3160 5735 statim
3194 5680 3340 5750 lepra
3367 5678 3529 5752 fugit.

1917 5773 2196 5846 Simulque
2224 5773 2506 5829 considera
2551 5788 2713 5845 quam
2755 5771 2973 5827 humilis
3011 5780 3066 5828 et
3104 5773 3226 5830 sine
3264 5772 3535 5845 iactantia

292 5892 317 5921 ι
342 5884 544 5960 Vulgati
577 5894 740 5945 antea
783 5886 940 5956 libri,
985 5888 1228 5957 flumina,
1256 5887 1562 5944 Antichristi
1598 5888 1805 5961 absque
1832 5906 2031 5963 omnes,
2058 5906 2222 5963 quam
2253 5905 2440 5948 vocem
2473 5905 2605 5947 mss.
2641 5890 2992 5946 interserunt.
