4004 6332
480 309 514 364 ε,
528 307 544 360 ι
1727 297 1784 354 s.
1834 292 2114 356 casm
2141 295 2527 356 menum"
3714 281 3781 359 ae

481 422 786 495 responsio.
822 419 916 480 Ille
944 421 1176 486 dixerat,
1207 420 1254 474 si
1289 421 1366 475 vis
1388 434 1406 474 :
1450 418 1708 472 Dominus
1755 417 2073 488 respondit,
2104 415 2154 479 Α
2182 423 2236 472 et
2263 417 2439 486 Isaac,
2460 419 2708 486 ρειαί-οὑ,
2733 421 2785 474 in
2817 434 2974 492 regno
2996 420 3261 476 enatorum.
3287 421 3420 489 Quia
3445 421 3588 476 Deus
3611 423 3784 480 Abra-

480 518 620 572 solo.
667 515 765 573 ille
809 515 1178 587 prmium,
1229 523 1376 587 potes
1403 529 1484 568 me
1511 512 1791 567 mundare:
1823 511 2084 568 Dominus

471 609 671 682 jungit,
701 618 756 665 et
783 608 936 676 dicit,
963 610 1256 665 mundare:
1284 607 1406 664 Non
1427 613 1638 678 ergout
1659 607 1902 679 plerique
1932 607 2086 662 Lati-

481 712 682 759 norum
708 711 915 773 putant,
936 701 1276 774 jungendum
1291 709 1468 765 est,.ct
1491 701 1776 770 legendum
1796 702 1912 754 colo
1933 715 2084 754 mun-

482 797 644 851 dare:
665 795 760 852 sed
789 796 1106 866 separatim,
1134 805 1192 848 ut
1224 793 1479 864 primum,
1503 791 1668 858 dicat,
1692 790 1806 845 volo
1831 807 1850 846 :
1888 790 2088 846 deinde

483 890 758 961 imperans
787 889 955 954 dicat,
985 887 1234 941 inundare
1265 885 1372 959 [ΑΙ.
1407 887 1639 958 imperet
1665 883 1972 957 mundare].

553 984 744 1058 (Verr.
783 981 868 1055 4.)
909 981 980 1037 Et
1005 983 1082 1036 ait
1118 981 1200 1036 illi
1234 981 1426 1036 Iesus:
1468 980 1599 1035 Vide
1637 981 1827 1035 nemini
1865 981 2080 1034 dixeris.

482 1080 547 1134 Et
575 1093 634 1135 re
663 1090 789 1133 vera
819 1075 949 1148 quid
976 1086 1098 1133 erat
1130 1091 1358 1132 necesse
1406 1083 1462 1130 ut
1509 1089 1762 1131 sermone
1805 1075 2038 1146 jactaret
2066 1119 2081 1143 ,

479 1173 628 1246 quod
653 1185 886 1244 corpore
919 1171 1284 1242 praeferebat?

549 1265 660 1339 ᾇᾷ
694 1265 802 1321 Sed
831 1265 976 1329 vade,
1009 1263 1218 1318 ostende
1245 1273 1294 1319 te
1319 1263 1705 1319 sacerdotibus:
1731 1272 1776 1318 et
1798 1264 1930 1333 offer
1975 1281 2088 1321 mn-

479 1375 584 1415 nus
609 1359 751 1431 quod
779 1358 1022 1430 praecepit
1049 1357 1254 1428 Moyses
1278 1358 1330 1410 in
1357 1358 1702 1412 testimonium
1732 1357 1861 1416 illis.
1899 1359 2086 1415 Varias

481 1456 553 1508 ob
579 1463 772 1509 causas
801 1453 965 1506 mittit
982 1465 1102 1505 eum
1127 1451 1192 1504 ad
1216 1450 1545 1506 sacerdotes.
1572 1451 1831 1519 Primum,
1869 1462 2088 1524 propter

486 1545 863 1609 humilitatem,
881 1555 934 1599 ut
950 1544 1324 1600 sacerdotibus
1339 1545 1553 1600 deferre
1571 1552 1598 1582 "
1617 1546 1876 1601 benorcm
1905 1545 2087 1602 videa-

485 1651 590 1697 tur.
612 1639 741 1696 Erat
757 1640 1037 1711 enimlege
1058 1645 1405 1710 praeceptum,
1427 1648 1482 1694 ut
1504 1639 1598 1710 qui
1620 1639 1856 1695 mundati
1875 1640 2087 1696 fuerant

485 1752 512 1791 a
542 1737 713 1808 lepra,
745 1735 1002 1792 oli'errent
1046 1750 1268 1792 munera
1308 1735 1702 1791 sacerdotibus.
1757 1737 1978 1803 Deinde,
2030 1743 2086 1792 ut

2191 513 2313 568 bam
2343 515 2468 571 coeli
2496 515 2764 582 conditor,
2809 515 2971 572 Pater
2998 517 3198 572 Christi
3229 527 3332 585 est,
3366 517 3567 574 idcirco
3611 520 3663 574 in
3693 535 3785 576 re-

2184 621 2294 678 gno
2319 607 2584 663 caelorum
2613 619 2696 664 est
2723 617 2778 664 et
2807 609 3102 672 Abraham,
3152 625 3273 665 cum
3303 625 3410 680 quo
3448 611 3782 670 accubitum

2187 707 2314 755 sunt
2343 701 2624 766 nationes,
2660 717 2781 772 qua:
2807 701 3145 758 crediderint
3192 703 3244 758 in
3273 703 3548 760 Christum
3581 705 3785 763 Filium

2187 788 2484 846 Creatoris.
2545 791 2604 846 Et
2639 793 2728 848 ille
2761 794 2970 864 pariter
3027 809 3226 850 sensus
3257 796 3514 866 impletur
3535 839 3549 865 ,
3579 797 3648 854 de
3679 813 3788 870 quo

2187 899 2348 954 supra
2372 883 2631 952 diximus,
2663 887 2713 941 in
2741 888 3079 943 centurionis
3109 888 3212 944 fide
3235 890 3478 960 gentium
3505 891 3619 947 ﬁeri
3646 908 3788 964 prte-

2187 979 2485 1049 rogativam
2519 997 2534 1034 :
2580 979 2708 1036 dum
2741 980 2808 1036 ad
2867 981 3012 1037 illius
3037 981 3419 1040 credulitatem
3453 983 3522 1039 de
3551 984 3785 1044 Oriente

2188 1083 2241 1127 et
2271 1072 2567 1131 Occidente
2596 1073 2862 1130 credituri
2890 1075 3077 1146 populi
3121 1086 3643 1134 commemorantur.

2263 1167 2282 1239 (
2315 1167 2471 1222 Vers.
2507 1165 2634 1239 η.)
2689 1165 2825 1223 Filii
2866 1177 3038 1224 autem
3087 1171 3236 1241 regni
3263 1169 3538 1244 cjicienlur
3566 1172 3618 1225 in
3652 1181 3793 1229 tene-

2189 1261 2309 1315 bras
2328 1263 2626 1317 c.rteriores.
2655 1261 2820 1318 Filios
2841 1262 2992 1335 regni
3013 1261 3232 1319 Iudaeos
3256 1263 3628 1337 signiﬁcat,-in
3651 1281 3792 1338 quos

2190 1367 2318 1411 ante
2349 1357 2596 1426 regnavit
2625 1357 2789 1412 Deus.
2821 1356 3118 1429 Ejicientur
3147 1360 3198 1413 in
3231 1359 3464 1415 tenebras
3485 1363 3790 1420 exteriores.

2191 1447 2455 1504 Tenebras
2508 1461 2726 1520 semper
2769 1450 3062 1506 interiores
3106 1463 3262 1518 sunt,
3306 1468 3410 1507 non
3462 1455 3790 1512 exteriores.

2190 1541 2298 1600 Sed
2321 1543 2580 1615 quoniam
2611 1543 2700 1614 qui
2730 1558 2760 1598 a
2813 1543 3044 1600 Domino
3097 1543 3240 1600 foras
3268 1547 3576 1618 expellitur,
3603 1548 3793 1607 lumen

2191 1636 2502 1707 relinquit;
2561 1635 2766 1692 idcirco
2828 1637 3130 1694 exteriores
3187 1639 3427 1696 tenebrzc
3496 1641 3796 1699 nominata:

2192 1737 2340 1784 311M.

488 1797 2084 1901 mandatumridentcsleprosum,antcredercntSalvatori,
2121 1797 2167 1859 η
2267 1821 2352 1876 Ibi
2403 1823 2502 1877 erit
2546 1825 2698 1893 ﬂetus
2726 1832 2776 1878 ει
2827 1825 3022 1880 stridor
3076 1825 3328 1880 dentium.
3361 1826 3420 1884 Si
3449 1827 3607 1883 fletus
3663 1845 3800 1886 rcu-

485 1931 581 1978 aut
610 1937 716 1977 non
746 1921 1054 1978 crederent.
1084 1922 1140 1978 Si
1169 1922 1479 1992 crederent,
1504 1923 1878 1980 salvarentur:
1905 1925 1948 1979 si
1982 1939 2088 1980 non

485 2014 794 2082 crederent,
817 2013 1213 2071 inexcusabiles
1241 2013 1438 2072 forent.
1458 2016 1521 2070 Et
1537 2015 1696 2072 simul
1710 2031 1778 2072 ne
1795 2016 1936 2088 quod
1959 2017 2010 2070 in
2024 2031 2094 2072 eo

487 2109 788 2180 sepissime
805 2108 1256 2177 criminabantur,
1283 2109 1456 2181 legem
1476 2109 1752 2166 rideretur
1773 2108 2086 2178 infringere.

562 2202 751 2274 (Vere.
780 2203 993 2274 bseq.)
1036 2202 1262 2258 Accessit
1309 2203 1378 2256 ad
1425 2217 1538 2257 eum
1589 2203 1852 2269 centurio,
1899 2217 2091 2274 rogans

489 2313 628 2363 euut,
651 2307 698 2351 et
724 2298 932 2352 (licens:
969 2299 1213 2365 Domine,
1243 2298 1370 2370 puer
1401 2314 1544 2353 meus
1557 2300 1702 2372 jacet
1725 2297 1778 2352 in
1809 2300 1962 2352 domo
1991 2313 2089 2370 pa-

488 2394 766 2464 ralyticus,
815 2403 864 2446 et
913 2391 1050 2448 male
1096 2403 1379 2464 torquetur.
1437 2393 1504 2448 Et
1551 2393 1627 2447 ait
1647 2393 1727 2448 illi
1754 2393 1909 2447 Iesus
1936 2411 1947 2446 :
1979 2392 2090 2464 Ego

482 2487 702 2554 ueniam,
732 2495 780 2540 et
801 2485 829 2524 δ
857 2487 1049 2541 curabo
1075 2499 1208 2542 eum.
1240 2486 1308 2541 Et
1335 2488 1649 2559 respondens
1681 2487 1930 2552 centurio,
1977 2487 2092 2540 ait:

492 2579 732 2647 Domine,
767 2597 870 2636 non
897 2598 1011 2637 sum
1039 2581 1228 2655 dignus
1256 2590 1312 2637 ut
1341 2583 1498 2637 intres
1521 2584 1616 2636 sub
1654 2592 1842 2637 tectum
1879 2595 2090 2647 meum;

490 2672 810 2727 sedtantum
834 2674 918 2728 dic
958 2675 1128 2739 verba,
1169 2684 1219 2729 et
1264 2674 1535 2729 sanabitur
1584 2687 1712 2745 puer
1761 2689 1923 2729 meus.
1973 2673 2090 2730 Non

489 2763 754 2822 debemus
775 2765 1050 2836 jactantia:
1078 2781 1308 2838 arguere
1337 2765 1640 2832 Dominum,
1674 2768 1798 2838 quia
1825 2767 2005 2821 statim
2031 2779 2090 2822 se

488 2859 688 2916 iturum
733 2867 784 2916 et
828 2871 1142 2915 sanaturum
1182 2873 1305 2915 esse
1351 2857 1639 2929 promittit,
1673 2858 1867 2914 videns
1896 2867 2089 2914 centu-

485 2953 658 3008 rionis
685 2953 868 3017 fidem,
914 2952 1276 3008 humilitatem
1304 2995 1319 3020 ,
1361 2961 1416 3006 et
1464 2950 1830 3021 prudentiam.
1874 2949 2088 3018 Fidem,

491 3045 547 3100 in
575 3059 647 3101 eo
670 3044 812 3114 quod
840 3045 1073 3100 credidit
1099 3060 1165 3100 ex
1195 3044 1452 3116 gentibus
1476 3042 1828 3116 paralyticum
1855 3057 1884 3096 ει
1906 3042 2091 3099 Salva-

490 3148 609 3194 tore
652 3151 816 3209 posse
859 3142 1057 3193 sanari.
1109 3132 1510 3203 Humilitatem,
1565 3138 1709 3206 quod
1742 3135 2091 3208 sejudicarit

490 3233 790 3304 indignum,
819 3231 974 3302 cujus
1006 3241 1208 3289 tectum
1249 3231 1508 3287 Dominus
1549 3232 1796 3287 intraret.
1841 3231 2086 3288 Pruden-

491 3327 641 3391 tium,
673 3326 818 3396 quod
844 3325 983 3382 intra
1008 3312 1256 3396 corporis
1285 3338 1521 3396 tegmen,
1545 3325 1884 3381 divinitatem
1915 3325 2090 3381 laten-

489 3431 596 3477 tem
642 3418 884 3488 videret,
919 3421 1101 3476 sciens
1142 3433 1250 3476 non
1281 3419 1332 3475 id
1378 3417 1481 3474 sibi
1532 3418 1892 3490 profuturum,
1944 3418 2088 3490 quod

487 3516 651 3572 etiam
683 3515 754 3570 ab
784 3515 1080 3572 incredulis
1111 3515 1437 3580 videbatur;
1471 3515 1567 3570 sed
1601 3511 1651 3568 id
1693 3515 1836 3586 quod
1886 3513 2090 3570 latebat

487 3607 840 3667 intrinsecus.
873 3603 949 3663 De
975 3615 1079 3679 qua
1112 3608 1397 3679 prudentia
1431 3605 1533 3660 hoc
1557 3606 1740 3673 etiam,
1769 3607 1875 3661 ait:

562 3701 757 3775 (Vers.
797 3701 878 3772 9.)
913 3713 934 3741 ε
972 3697 1110 3755 Nam
1138 3709 1184 3756 et
1210 3717 1304 3774 ego
1347 3701 1500 3755 homo
1547 3717 1661 3754 sum
1705 3701 1800 3754 sub
1841 3709 2087 3770 potestate

487 3795 596 3873 [AL
615 3789 1196 3868 additurconstilulus],
1227 3791 1414 3850 habens
1433 3793 1524 3848 sub
1554 3811 1634 3849 me
1662 3795 1843 3850 milites
1865 3811 1882 3850 :
1903 3795 2087 3850 ctdico

483 3889 626 3955 huic,
667 3885 820 3956 uade,
861 3895 912 3944 et
951 3883 1132 3944 vadit:
1179 3898 1225 3942 et
1266 3885 1379 3960 alii,
1411 3889 1548 3956 aeni,
1579 3895 1629 3943 et
1662 3889 1832 3944 venit:
1865 3897 1914 3942 et
1942 3903 2087 3944 seruo

480 4004 614 4056 meo,
647 3989 730 4060 fac
757 3985 874 4053 hoc,
921 3990 969 4040 et
1011 3982 1158 4058 facit.
1210 3983 1410 4041 Volens
1455 3984 1746 4042 ostendere
1794 3981 2084 4042 Dominum

477 4096 697 4154 quoque
726 4095 834 4137 non
864 4093 960 4152 per
985 4069 1279 4136 adventum
1311 4085 1518 4133 tantum
1548 4079 1814 4148 corporis,
1846 4077 1941 4133 sed
1990 4093 2086 4150 per

475 4175 792 4248 angelorum
823 4165 1118 4231 ministeria
1143 4187 1304 4245 posse
1331 4175 1557 4246 implere
1587 4171 1728 4246 quod
1759 4171 1939 4231 vellet.

553 4267 748 4339 (Vers.
783 4267 894 4340 10.)
925 4259 1154 4323 Audiens
1201 4281 1372 4322 autem
1413 4265 1587 4336 Iesus,
1641 4266 1859 4324 miratus
1898 4276 1992 4336 est,
2035 4278 2084 4324 et

477 4353 805 4434 sequentibus
830 4373 882 4415 se
912 4361 1061 4416 dixit.
1097 4357 1124 4397 ἀ
1156 4359 1380 4416 Miratus
1409 4371 1494 4417 est
1527 4361 1673 4432 quod
1711 4359 1842 4416 vidit
1893 4370 2083 4417 centu-

476 4449 688 4510 rionem
715 4461 868 4510 suam
901 4452 1206 4523 intelligere
1235 4451 1594 4523 majesmtem.
1631 4449 1904 4510 Pcllendze
1935 4453 2078 4509 enim

473 4557 631 4605 erant
653 4547 736 4603 vel
760 4545 1104 4602 inllrmitatcs
1125 4557 1444 4617 corporum,
1470 4547 1553 4600 vel
1575 4545 1919 4600 fortitudines
1945 4562 2076 4601 con.

475 4641 677 4706 traria},
697 4639 896 4712 quibus
921 4637 1083 4694 homo
1107 4637 1174 4693 ad
1199 4637 1535 4693 debilitatem
1559 4653 1702 4708 saepe
1729 4635 2071 4704 conceditur,

475 4741 532 4789 et
562 4735 726 4790 verbo
755 4729 990 4802 Domini,
1020 4737 1075 4788 et
1105 4730 1420 4785 ministeriis
1445 4729 1782 4801 angelorum.

546 4825 709 4880 Amen
738 4821 853 4880 dico
880 4823 1040 4892 vobis,
1071 4839 1172 4878 non
1198 4819 1366 4878 inveni
1395 4831 1591 4878 tantam
1618 4821 1774 4893 ﬁdem
1804 4825 1854 4878 in
1885 4821 2068 4880 Israel.

472 4917 553 4974 De
581 4913 939 4988 praesentibus
964 4917 1228 4988 loquitur,
1262 4929 1369 4972 non
1397 4915 1465 4972 de
1494 4915 1746 4973 omnibus
1796 4927 1943 4973 retro
1976 4931 2070 4986 pa-

469 5012 725 5069 triarchis
751 5001 942 5086 55kt
969 5009 1280 5082 prophetis:
1316 5009 1419 5067 nisi
1451 5007 1590 5065 forte
1647 5007 1701 5066 in
1752 5011 2070 5067 centurione

470 5103 607 5162 ﬁdes
628 5107 866 5176 gentium
895 5103 1228 5178 prteponitur
1243 5097 1450 5159 lsraeli.

542 5199 735 5272 (γει-ε.
774 5191 886 5272 ll.)
917 5192 1049 5254 Dico
1077 5207 1246 5252 autem
1273 5189 1437 5263 vobis,
1459 5196 1599 5269 quod
1620 5193 1769 5251 multi
1789 5195 1850 5250 ab
1877 5195 2063 5252 Orien-

464 5296 513 5350 te
540 5303 590 5351 et
623 5291 901 5352 Occidente
929 5294 1148 5362 venient,
1199 5299 1244 5346 et
1293 5286 1584 5348 recumbent
1611 5305 1728 5346 cum
1774 5285 2057 5360 Abraham,

537 5515 562 5576 fl
591 5505 722 5576 Mss.
757 5503 1014 5569 Palatini,
1041 5505 1246 5576 deferre
1269 5502 1526 5570 videatur,
1549 5502 1750 5574 absque
1789 5503 2058 5561 honorem.

539 5574 566 5614 δ
597 5575 764 5641 Iidem
797 5592 955 5641 mss.,
988 5585 1037 5631 et
1059 5574 1249 5631 sonabo
1275 5588 1410 5629 eum.

537 5659 562 5732 ξ
593 5637 828 5703 Rursum
856 5637 1019 5704 iidem
1039 5657 1194 5716 mss.,
1225 5646 1354 5702 Ecce
1373 5661 1467 5718 ego
1488 5657 1600 5701 cum
1622 5647 1718 5701 sint
1744 5646 1920 5718 homo,
1946 5649 2064 5704 dico

463 5721 784 5865 “firmi.
814 5792 1032 5865 miratus
1061 5801 1154 5860 est,
1188 5806 1306 5865 Quas
1348 5791 1402 5847 in
1449 5798 1609 5865 antea
1643 5791 1892 5865 ,Υιδῧθίῖδ
1930 5792 2060 5852 dee-

463 5870 608 5932 rant,
642 5861 960 5935 imperfecto
983 5869 1169 5933 sensu,
1196 5861 1328 5921 mss.
1362 5864 1539 5922 nostri
1570 5861 1865 5923 sufﬁciunt.

2197 1916 2368 1970 lorum
2419 1924 2505 1972 est
2532 1957 2546 1981 ,
2606 1925 2662 1971 ct
2691 1916 2909 1990 stridor;
2935 1916 3184 1974 dentium
3227 1935 3348 1973 ossa
3404 1919 3797 1981 demonstrat:

2197 2023 2322 2063 vera
2371 2019 2606 2080 estergo
2633 2025 2927 2081 corporum
2960 2021 3016 2068 et
3060 2014 3383 2070 eorumtlcm
3419 2016 3800 2076 membrorum

2195 2118 2318 2173 qua:
2347 2104 2681 2168 ceciderant,
2706 2106 3061 2161 resurrectio.

2263 2191 2455 2268 (Vers.
2493 2194 2621 2267 Η.)
2657 2194 2858 2252 Etcum
2886 2199 3102 2253 venisset
3127 2197 3278 2254 Jesus
3301 2201 3353 2254 in
3386 2203 3596 2256 domum
3626 2202 3800 2275 Petri,

2193 2289 2322 2344 cidit
2370 2305 2578 2344 socrum
2627 2293 2740 2363 ejus
2779 2294 3042 2364 jacentem
3071 2300 3120 2347 et
3163 2295 3536 2366 febricitantem
3567 2299 3676 2372 (ΑΙ.
3723 2304 3796 2370 [ευ

2194 2383 2460 2454 brientcm]
2493 2401 2512 2439 .'
2539 2393 2587 2440 et
2615 2386 2779 2457 tetigit
2813 2403 3022 2442 manum
3071 2389 3186 2459 ejus
3213 2433 3226 2456 ,
3273 2399 3318 2444 et
3350 2389 3547 2445 dimisit
3576 2409 3690 2446 eam
3721 2394 3803 2463 [c-

2195 2480 2319 2535 bris.
2354 2478 2618 2550 Tangitur
2650 2495 2842 2537 manus
2898 2482 3180 2549 mulieris,
3212 2495 3266 2539 ct
3297 2487 3502 2540 sanatis
3534 2488 3802 2558 operibus

2195 2574 2336 2642 ejus,
2375 2582 2719 2642 peccatorum
2753 2575 3040 2630 inﬁrmitas
3074 2576 3224 2645 fugit.
3277 2576 3478 2632 Natura
3513 2577 3801 2636 hominum

2196 2669 2351 2723 istius
2371 2669 2516 2723 modi
2535 2679 2640 2734 est,
2657 2679 2711 2722 ut
2734 2679 2853 2740 post
2879 2670 3082 2724 febrem
3107 2672 3280 2742 magis
3297 2682 3318 2708 ε’
3339 2673 3644 2728 lassescant
3666 2688 3798 2728 cor-

2195 2779 2326 2834 pora
2361 2780 2374 2817 :
2405 2773 2460 2818 et
2489 2763 2786 2834 incipiente
2818 2764 3072 2829 sanitate,
3098 2768 3470 2837 a-gmtationis
3501 2769 3637 2823 mala
3672 2785 3801 2826 sen-

2195 2859 2350 2914 tiant.
2396 2855 2594 2914 Verum
2618 2860 2823 2914 sanitas
2845 2874 2962 2929 quae
2991 2859 3273 2915 confertur
3294 2876 3324 2915 a
3353 2861 3608 2928 Dutnino,
3641 2861 3660 2899 τ
3699 2871 3787 2917 to-

2195 2960 2308 3007 tum
2341 2951 2502 3006 simul
2533 2951 2742 3017 reddit,
2774 2966 2873 3008 nec
2911 2951 3111 3008 sufncit
3137 2968 3258 3009 esse
3281 2963 3525 3008 sanatam
3555 2972 3570 3021 ;
3606 2955 3707 3011 sed
3744 2965 3802 3014 ut

2194 3047 2428 3108 ἐπίτασις
2457 3045 2793 3100 fortitudinis
2824 3044 3118 3111 indicetur,
3148 3045 3392 3101 additum
3420 3056 3503 3102 est
3538 3065 3552 3102 :

2264 3137 2283 3211 (
2309 3137 2467 3193 Vers.
2507 3137 2592 3192 15.
2615 3136 2635 3211 )
2660 3136 2730 3192 Et
2751 3138 2995 3204 surrexit,
3019 3147 3067 3192 ct
3085 3139 3414 3193 ministrabat
3435 3140 3531 3195 eis.
3553 3140 3647 3196 Illa
3681 3158 3800 3199 ma-

2196 3245 2297 3286 nus
2329 3231 2688 3300 ministrabat,
2725 3245 2846 3302 qnte
2876 3241 2930 3286 ct
2953 3239 3093 3286 tacta
3126 3231 3318 3297 fuerat,
3355 3245 3410 3290 et
3430 3245 3641 3292 sanata.

2267 3321 2460 3398 (Vcrs.
2491 3325 2674 3379 ili-l8.
2707 3328 2728 3396 )
2771 3324 2989 3393 Vespere
3018 3337 3190 3380 autem
3219 3331 3377 3398 facta,
3414 3327 3722 3382 obtulerunt
3752 3331 3800 3385 ei

2196 3420 2386 3472 multos
2417 3418 2676 3472 dwmonia
2722 3417 2966 3472 habentes
2990 3436 3009 3474 .'
3037 3429 3084 3473 et
3102 3419 3342 3493 ejiciebat
3374 3422 3588 3493 spiritus
3615 3423 3794 3492 verba,

2189 3520 2241 3565 et
2269 3525 2444 3564 omnes
2495 3509 2630 3563 male
2661 3509 2908 3566 habentes
2941 3512 3140 3565 curavit
3167 3510 3278 3586 [ΑΙ.
3304 3511 3542 3584 curabat]
3569 3556 3580 3572 .
3613 3523 3670 3568 ut
3701 3515 3799 3568 ad-

2192 3603 2497 3673 implerctur
2548 3603 2689 3665 quod
2737 3604 2929 3657 dictum
2975 3613 3054 3658 est
3095 3621 3186 3675 per
3211 3603 3410 3659 Isaiam
3439 3607 3793 3678 prophetam,

2191 3695 2439 3751 dicentem
2464 3710 2482 3749 :
2514 3691 2639 3766 Ipse
2662 3695 2992 3766 inﬁrmitates
3019 3707 3219 3751 nostras
3241 3700 3462 3766 accepit,
3487 3707 3536 3753 et
3565 3711 3798 3771 (egrota-

2188 3794 2348 3848 tiones
2374 3800 2579 3846 nostras
2604 3793 2844 3863 portavit.
2869 3791 3062 3846 Videas
3085 3803 3253 3846 autem
3276 3793 3430 3848 Jestts
3454 3795 3630 3848 turbas
3653 3796 3800 3850 mul-

2188 3893 2268 3939 tas
2299 3886 2495 3939 circum
2517 3901 2592 3951 se,
2617 3886 2779 3956 jussit
2815 3883 3103 3956 discipulos
3135 3886 3210 3938 ire
3237 3896 3383 3940 (rarts
3415 3891 3624 3956 fretum.
3655 3886 3796 3943 Om-

2189 3995 2306 4047 nes,
2342 3993 2448 4034 non
2500 3993 2683 4044 mane,
2731 3990 2838 4034 non
2869 3977 3118 4044 meridie,
3152 3977 3246 4033 sed
3279 3978 3344 4032 ad
3375 3993 3656 4049 vesperam
3689 3997 3793 4037 cu-

2187 4083 2400 4138 rautur,
2455 4070 2674 4144 quando
2702 4073 2781 4127 sol
2815 4070 3172 4126 occubiturus
3192 4079 3280 4126 est
3331 4088 3343 4124 :
3385 4071 3606 4142 quando
3656 4089 3794 4143 gra-

2187 4181 2313 4222 num
2349 4166 2515 4220 tritici
2545 4164 2656 4238 ω
2701 4165 2753 4220 in
2782 4174 2927 4221 terra
2954 4165 3220 4232 moritur,
3255 4174 3313 4220 ut
3345 4166 3544 4221 multos
3573 4166 3793 4224 fructus

2183 4258 2373 4316 aderat
2405 4258 2600 4329 (Joan.
2638 4255 2769 4327 xu).

2256 4353 2275 4424 (
2302 4353 2455 4408 Vers.
2491 4351 2578 4420 19,
2607 4348 2739 4422 20.)
2773 4349 2843 4405 Et
2868 4352 3116 4406 accedens
3147 4369 3281 4406 unus
3313 4352 3521 4419 Scriba,
3553 4354 3627 4406 ait
3655 4353 3745 4410 illi
3771 4371 3792 4410 .'

2185 4445 2458 4520 Magister,
2489 4461 2674 4516 sequar
2705 4456 2753 4502 te
2805 4463 3130 4519 quocumque
3157 4448 3298 4502 ieris.
3350 4446 3416 4501 Et
3455 4449 3581 4502 dicit
3613 4450 3660 4502 ei
3689 4449 3792 4504 Je-

2183 4557 2272 4595 sus
2301 4557 2320 4595 :
2378 4537 2568 4611 Vulpes
2599 4541 2774 4611 foveas
2805 4539 3021 4608 habent,
3054 4550 3104 4594 ct
3150 4542 3382 4596 volucres
3415 4541 3527 4596 creti
3574 4542 3734 4598 nidos
3769 4562 3792 4601 :

2180 4631 2228 4688 F
2231 4633 2351 4689 ilius
2371 4644 2540 4688 autem
2567 4631 2791 4689 hominis
2818 4652 2922 4689 non
2951 4635 3102 4690 habet
3135 4636 3222 4690 ubi
3242 4647 3400 4709 caput
3420 4653 3570 4692 suum
3620 4641 3792 4695 recli-

2176 4737 2278 4783 net.
2310 4728 2500 4785 Scriba
2531 4729 2638 4784 lste
2667 4728 2824 4800 legis,
2861 4731 2950 4799 qui
2982 4737 3192 4786 tantum
3246 4733 3484 4788 litteram
3543 4745 3791 4792 noverat

2175 4823 2540 4891 occidentem,
2572 4823 2619 4879 si
2651 4823 2882 4880 dixisset
2904 4843 2916 4876 :
2938 4825 3186 4888 Domine,
3212 4841 3412 4896 sequar
3436 4837 3486 4882 te
3509 4841 3790 4898 quocum-

2173 4937 2279 4994 que
2307 4919 2458 4987 ieris,
2512 4935 2622 4975 non
2653 4917 2846 4976 luisset.
2871 4921 3122 4991 repulsus
3149 4937 3178 4976 a
3207 4921 3436 4976 Domino
3462 4937 3476 4986 ;
3516 4922 3614 4977 sed
3647 4926 3785 4994 quia

2175 5015 2492 5086 magistron
2529 5031 2692 5068 unum
2722 5011 2790 5070 de
2839 5013 3092 5086 pluribus
3121 5015 3447 5080 testimabat,
3480 5023 3534 5069 et
3560 5015 3788 5072 littera-

2176 5119 2263 5164 tor
2291 5119 2434 5175 erat,
2467 5107 2610 5178 quod
2637 5108 3040 5178 significantius
3060 5107 3249 5165 Graece
3280 5109 3501 5176 dicitur,
3530 5131 3786 5186 γραμμαο

2170 5207 2326 5274 τεὺς,
2355 5211 2539 5260 etnon
2571 5204 2873 5276 spiritualis
2905 5203 3119 5260 auditor
3146 5221 3159 5259 :
3195 5204 3322 5262 ideo
3353 5219 3459 5260 non
3498 5205 3660 5260 habet
3698 5207 3786 5262 lo-

2170 5309 2291 5351 cum
2353 5297 2406 5351 iu
2456 5310 2566 5368 quo
2617 5295 2787 5367 possit
2838 5295 2998 5352 Jesus
3040 5295 3313 5352 reclinare
3367 5308 3530 5367 caput
3579 5312 3777 5354 suum.

2244 5508 2560 5579 cCorrupte
2597 5507 2912 5579 legebatur,
2969 5505 3245 5570 lacessant,
3300 5521 3397 5576 pro
3455 5504 3776 5579 lassrsrant,

2165 5577 2954 5654 quem_etpaulo'superius
3013 5594 3257 5635 errorem
3293 5592 3460 5649 penes
3508 5577 3778 5637 Martian.

2167 5649 2600 5708 emendavimus.

2241 5721 2261 5762 ί
2293 5723 2410 5777 Duo
2442 5738 2600 5792 mss.,
2629 5732 2736 5780 tota
2764 5724 2922 5779 simul
2944 5722 3134 5792 reddit,
3163 5740 3254 5780 nec
3277 5723 3458 5794 suﬁicit
3487 5739 3602 5780 esse
3630 5732 3764 5786 tan.

2165 5803 2274 5855 tum
2303 5804 2560 5852 sanatam.
