4004 6332
223 350 288 407 55
734 340 1384 401 COMMENTARIORUM
1426 341 1491 398 IN
1532 340 1804 400 EVANGE

1926 342 1981 399 Η
2018 340 2360 400 ΜΔΤΊἭιΕῐ
2400 339 2529 397 LIB.
2574 342 2616 397 Ι.
2656 338 2810 396 CAP.
2855 338 2947 395 IX.
3435 340 3507 403 δι

223 460 520 521 Ostenditur
548 467 731 516 autem
751 460 931 526 nobis,
960 468 1014 517 et
1046 460 1115 516 ob
1140 457 1245 517 hoc
1264 458 1511 516 Scribam
1538 458 1794 529 repudia—
1819 461 1867 523 Α
1899 457 2183 513 rabantur.
2236 455 2335 513 Sin
2370 465 2556 513 autem
2583 455 2707 527 quis
2739 455 3088 512 contentiosa
3114 455 3351 513 voluerit
3377 471 3494 527 eos,

221 564 342 622 tum,
370 552 512 624 quod
533 552 812 624 signorum
832 551 1025 607 videns
1046 550 1499 621 magnitudinem,
1521 551 1679 622 sequi
1700 566 1795 607 νο-
1897 553 1988 624 qui
2020 552 2381 619 mirabantur,
2414 551 2586 608 fuisse
2629 551 2926 621 discipulos
2946 593 2961 613 .
3017 549 3494 623 respondebimus,

221 647 366 705 luerit
392 647 730 703 Salvatorem
762 686 777 711 ,
833 655 890 700 ut
943 647 1091 702 lucra
1147 661 1214 703 ex
1256 660 1484 717 operum
1516 644 1795 701 miraculis
1897 652 2044 701 recte
2073 643 2321 701 homines
2339 645 2671 715 appellatos,
2696 644 2793 716 qui
2821 644 3052 702 necdum
3103 654 3497 717 πονοι-δωρο-

220 749 494 815 quareret,
531 741 629 797 hoc
646 739 795 798 idem
822 740 1178 807 desiderans,
1211 740 1355 812 quod
1381 750 1436 796 et
1464 740 1651 798 Simon
1684 740 1795 797 Μει-
1898 738 2121 794 tentiam
2150 736 2471 796 Saluatoris.

216 849 306 911 gus
327 851 354 890 a
375 834 538 891 Petro
564 848 752 890 emere
783 833 1029 889 voluerat
1051 832 1187 903 (Act.
1222 831 1360 903 vui).
1388 831 1536 888 Talis
1562 847 1696 903 ergo
1727 832 1792 888 li-
1970 833 2151 904 (Vera.
2183 833 2274 901 30,
2304 835 2423 905 5i.)
2456 833 2595 901 Quid
2625 834 2769 889 nobis
2800 843 2853 889 et
2884 833 2999 902 tibi,
3028 832 3156 890 Iesu
3183 832 3296 890 Fili
3348 833 3496 891 Dei?

219 927 306 984 des
340 927 488 997 juste
526 926 801 983 sententia
832 924 942 999 [ΑΙ.
971 926 1126 996 juxta
1176 923 1531 997 sententiam]
1583 924 1795 980 Domini
1906 925 2102 981 Venisti
2140 927 2239 981 huc
2264 935 2384 982 ante
2405 936 2602 1000 tempus
2629 937 2865 999 torquere
2891 945 3008 984 nos.
3034 927 3169 984 Erat
3194 938 3369 984 autem
3395 945 3501 985 non

215 1020 611 1089 condemnatur,
644 1029 701 1078 et
721 1019 925 1076 dicitur
950 1020 1001 1075 ei
1037 1039 1051 1075 :
1080 1018 1224 1087 Quid
1258 1035 1345 1075 me
1382 1027 1609 1093 propter
1648 1017 1794 1075 divi-
1897 1019 2052 1094 longe
2075 1021 2142 1075 ab
2169 1020 2279 1077 illis
2307 1037 2432 1094 gres:
2456 1038 2734 1092 porcorum
2778 1023 3063 1078 multorum
3110 1039 3343 1095 pascens.
3376 1023 3502 1080 οω-

217 1116 308 1173 tias
328 1124 379 1172 et
401 1116 589 1172 smculi
611 1114 765 1172 lucra
795 1115 948 1185 cupis
980 1113 1157 1184 sequi,
1191 1128 1314 1171 cum
1346 1121 1513 1169 tantae
1536 1113 1637 1168 sim
1666 1128 1796 1182 pan-
1897 1130 2075 1169 mones
2103 1123 2277 1170 autem
2300 1114 2553 1187 rogabant
2580 1131 2719 1182 eum,
2749 1115 2997 1172 dicentes.
3029 1116 3148 1172 Non
3198 1117 3507 1174 voluntatis

214 1208 419 1282 portatis
444 1250 460 1274 ,
495 1219 555 1264 ut
588 1223 658 1264 ne
681 1206 1036 1279 hospitiolum
1068 1205 1288 1280 quidem
1322 1204 1579 1273 habeam,
1609 1214 1664 1261 et
1686 1220 1795 1263 non
1898 1208 2003 1263 ista
2031 1208 2306 1264 cunlessio
2330 1219 2441 1274 est,
2473 1224 2636 1280 quam
2688 1210 2974 1279 praemium
3021 1210 3273 1281 sequitur
3322 1210 3502 1266 cunti-

214 1319 322 1361 tneo
347 1314 466 1359 utar
498 1303 690 1359 tecto?
1896 1303 2089 1369 tentis,
2126 1303 2222 1359 sed
2255 1304 2600 1359 necessitatis
2627 1304 2894 1370 extorsio,
2924 1319 3048 1372 qua:
3099 1305 3247 1375 cogit
3275 1303 3499 1373 invitos,

273 1395 458 1469 (Vers.
492 1392 628 1465 Si.)
675 1393 826 1449 Alius
855 1402 1031 1447 autem
1047 1392 1111 1447 de
1135 1389 1411 1462 discipulis
1441 1391 1551 1463 ejus
1582 1392 1653 1444 ait
1674 1391 1753 1446 illi
1776 1407 1795 1446 :
1895 1394 2047 1450 velut
2075 1394 2123 1450 si
2148 1397 2293 1451 servi
2324 1395 2558 1467 fugitivi,
2590 1406 2718 1467 post
2748 1397 2986 1453 multum
3016 1398 3278 1467 temporis
3312 1397 3495 1454 donli-

211 1487 430 1555 Dontine,
457 1487 698 1561 permitte
726 1504 806 1541 nte
858 1488 1085 1556 primum
1112 1486 1209 1550 ire,
1251 1492 1300 1539 et
1347 1485 1567 1557 sepelire
1594 1495 1795 1556 patrem
1897 1504 2026 1545 num
2077 1505 2235 1546 suum
2264 1489 2488 1547 videant
2518 1508 2532 1544 :
2560 1490 2700 1546 nihil
2738 1490 2890 1546 aliud
2936 1492 3043 1545 nisi
3075 1492 3144 1548 de
3172 1491 3501 1548 verberibus

212 1602 378 1641 meum.
407 1583 549 1652 Quid
576 1583 759 1639 simile
787 1593 871 1638 est
900 1583 1042 1637 inter
1069 1579 1317 1636 Scribam
1344 1588 1401 1636 et
1419 1579 1747 1649 discipulum
1771 1579 1794 1633 ?
1896 1583 2276 1654 deprecantur.
2299 1584 2390 1642 Sic
2411 1596 2468 1641 et
2492 1585 2778 1641 daemones
2802 1594 3098 1643 cernentes
3124 1587 3414 1642 Dominum
3442 1588 3495 1642 in

213 1677 292 1733 Ille
328 1677 651 1749 magistrum
686 1687 871 1742 vocat,
906 1675 996 1731 hic
1038 1675 1325 1731 Dominum
1347 1673 1663 1730 conﬁtetur.
1693 1672 1793 1732 llle
1902 1680 2063 1735 terris
2088 1691 2320 1751 repente
2344 1683 2576 1746 versari,
2610 1682 2676 1738 ad
2700 1682 3030 1753 jndicandos
3058 1698 3121 1739 se
3149 1685 3368 1740 venisse
3387 1699 3507 1741 cre-

210 1781 406 1845 prupter
425 1771 655 1845 pietatis
675 1770 1043 1837 occasionem,
1068 1769 1134 1825 ad
1163 1768 1541 1841 sepeliendum
1573 1778 1790 1840 patrem
1891 1772 2113 1830 debent.
2143 1775 2442 1832 Praesentia
2471 1776 2801 1845 Salvatoris,
2848 1787 3122 1834 tormenta
3140 1789 3267 1835 sunt
3296 1779 3504 1835 daemo-

209 1866 276 1922 ire
293 1865 563 1923 desiderat
599 1884 614 1920 :
645 1866 747 1923 iste
768 1877 1084 1921 secuturum
1114 1879 1177 1920 se
1224 1864 1469 1935 quolibet
1504 1879 1629 1919 esse
1660 1878 1788 1933 pro-
1818 1854 1868 1918 Β
1895 1881 2045 1921 num.
2098 1866 2454 1940 Ridiculeqne
2509 1879 2699 1939 putant
2724 1870 2970 1943 quidam,
3006 1871 3314 1935 daemonesf
3339 1874 3487 1929 seire

209 1959 369 2027 mittit,
401 1976 510 2017 non
536 1960 861 2033 magistrum
886 1972 1158 2030 quaerens,
1191 1958 1287 2014 sed
1319 1973 1388 2014 ex
1418 1958 1677 2028 magistro
1706 1957 1790 2013 lu-
1896 1957 2093 2014 Filium
2118 1960 2235 2026 Dei,
2266 1972 2322 2018 et
2350 1962 2630 2019 diabolum
2662 1965 2955 2034 ignorare;
2985 1978 3056 2020 eo
3080 1963 3227 2033 quod
3270 1966 3501 2021 minoris

211 2066 361 2107 crum.
1895 2051 2118 2107 malitia:
2172 2054 2280 2109 sint
2328 2054 2419 2111 isti
2469 2070 2632 2128 quam
2680 2055 2778 2112 ille
2826 2057 2987 2128 cujus
3028 2056 3302 2115 satellites
3347 2070 3498 2117 sunt.

265 2142 450 2214 (Vers.
471 2144 606 2215 22.)
642 2143 798 2199 Jesns
823 2153 999 2200 autem
1021 2144 1093 2198 ait
1124 2142 1206 2198 illi
1231 2159 1251 2198 :
1270 2159 1485 2215 sequere
1510 2161 1609 2210 me,
1631 2152 1678 2199 et
1708 2144 1791 2199 di-
1892 2140 2026 2197 Cum
2056 2146 2234 2202 omnis
2264 2146 2492 2203 scientia
2522 2148 2914 2219 discipulorum
2945 2150 3013 2205 ad
3050 2151 3375 2221 magistrum
3405 2167 3498 2210 re-

213 2238 332 2293 mitte
354 2237 823 2311 mortuossepelire
842 2245 1075 2292 mortuos
1090 2253 1230 2292 suos.
1263 2237 1510 2292 Mortuus
1536 2246 1641 2305 εει,
1671 2237 1791 2306 qui-
1894 2234 2119 2291 ferenda
2149 2239 2242 2303 sit,
2272 2248 2327 2295 et
2357 2249 2466 2295 tam
2499 2240 2798 2311 daemones,
2828 2258 2991 2313 quam
3040 2243 3293 2301 diabolus
3321 2247 3501 2317 suspio

208 2346 411 2402 cumque
438 2347 558 2389 non
589 2331 787 2390 credit.
823 2331 882 2389 Si
904 2341 1084 2388 autem
1114 2340 1390 2389 mortuum
1418 2332 1616 2401 sepelit
1641 2347 1791 2388 mor-
1893 2334 2005 2388 cari
2034 2334 2208 2406 magis
2240 2335 2439 2392 Filium
2475 2338 2593 2404 Dei,
2644 2339 2759 2412 ω
2779 2356 2941 2411 quam
2971 2356 3136 2399 nosse
3159 2342 3500 2414 intelligendi

211 2433 330 2490 tuus,
362 2439 467 2479 non
509 2424 786 2482 debemus
814 2439 999 2481 curam
1048 2426 1253 2480 habere
1280 2433 1641 2490 mortuorum,
1694 2423 1789 2481 sed
1893 2435 2022 2485 Sunt
2042 2426 2153 2498 [Λι.
2183 2426 2340 2501 sint].
2374 2427 2545 2484 Nemo
2567 2431 2703 2485 enim
2734 2431 2946 2487 Patrem
2968 2435 3131 2504 novit,
3164 2436 3266 2490 nisi
3302 2436 3497 2503 Filias,

210 2520 471 2577 virentium
508 2539 523 2577 :
576 2536 645 2577 ne
667 2520 795 2576 dum
829 2521 1055 2578 solliciti
1079 2534 1262 2576 sumus
1287 2519 1356 2577 de
1406 2520 1656 2586 mortuis,
1690 2535 1791 2579 uos
1892 2520 1919 2561 δ
1944 2532 1991 2576 et
2013 2522 2096 2575 cui
2126 2518 2343 2575 voluerit
2368 2519 2542 2578 Filius
2562 2526 3027 2597 reuelareUIattlt.
3061 2543 3139 2597 ιι,
3167 2529 3283 2602 27).

209 2628 391 2687 quoque
412 2615 631 2670 mortui
654 2614 1013 2687 appellemur.
1964 2615 2146 2687 (Vere.
2179 2615 2273 2683 52,
2306 2615 2421 2688 55.)
2444 2615 2509 2675 Si
2553 2619 2697 2691 ejicis
2745 2637 2861 2690 nos,
2891 2623 3035 2678 mitte
3073 2639 3165 2679 nos
3198 2624 3254 2678 in
3294 2640 3500 2697 gregem

265 2707 442 2781 (Vers.
480 2706 628 2779 23.)
660 2705 730 2761 Et
777 2707 1083 2763 ascendente
1109 2723 1170 2761 eo
1209 2707 1265 2761 in
1290 2707 1604 2774 naviculam,
1630 2708 1793 2764 secuti
1894 2723 2191 2778 porcorum.
2218 2706 2285 2764 Et
2312 2710 2386 2764 ait
2406 2709 2516 2766 illis
2545 2726 2565 2765 :
2612 2710 2718 2768 Ite.
2742 2713 2808 2767 At
2828 2714 2909 2768 illi
2934 2724 3205 2783 exeuntes,
3252 2718 3499 2772 abierunt

208 2810 303 2854 sant
324 2816 433 2855 eum
452 2799 711 2871 discipuli
748 2804 864 2876 ejus
896 2817 913 2854 :
942 2809 991 2854 et
1021 2815 1135 2856 ecce
1179 2809 1348 2854 motus
1376 2817 1594 2871 magnus
1619 2802 1789 2872 factus
1894 2803 1949 2857 in
1979 2819 2183 2873 porcos.
2216 2800 2287 2858 Et
2325 2818 2437 2859 ecce
2466 2820 2654 2875 magno
2694 2805 2889 2878 irnpetu
2912 2806 3043 2861 abiit
3086 2816 3227 2863 totus
3251 2824 3383 2880 grex
3405 2823 3499 2881 per

209 2903 268 2950 est
292 2895 336 2949 in
361 2897 509 2961 mari,
536 2895 618 2950 ita
648 2904 703 2949 ut
728 2895 967 2951 nauicula
996 2894 1285 2967 operiretur
1330 2894 1593 2965 ﬂuctibus.
1619 2894 1791 2963 Quin-
1895 2913 2123 2969 prteceps
2148 2897 2203 2953 in
2230 2913 2394 2961 mare,
2423 2908 2471 2953 et
2494 2900 2689 2954 mortui
2710 2910 2831 2955 sunt
2862 2902 2917 2955 in
2940 2902 3108 2971 aquis.
3139 2902 3383 2959 Pastores
3403 2920 3500 2959 aI-

212 2996 303 3043 tutn
345 2988 568 3059 signum
598 2988 753 3055 fecit,
786 2988 1006 3059 quando
1027 2988 1334 3045 ascendens
1363 3003 1557 3045 navem
1589 2989 1656 3045 de
1685 2989 1790 3046 Ca-
1895 2999 1996 3044 tem
2024 2993 2299 3061 fugerunt;
2327 2999 2378 3045 et
2423 2992 2681 3048 seruientes
2705 2994 2761 3048 in
2799 2994 3081 3062 civitatem,
3130 2998 3501 3052 nuntiaverant

212 3082 503 3151 pliamaum,
537 3080 724 3139 ventis
746 3081 1039 3154 imperavit
1058 3090 1114 3136 et
1143 3082 1298 3138 mari.
1328 3081 1580 3150 Sextum,
1612 3098 1789 3154 quau-
1895 3081 2006 3137 haec
2032 3084 2229 3151 omnia,
2262 3093 2311 3139 et
2336 3084 2401 3139 de
2452 3085 2534 3139 liis
2578 3086 2672 3157 qui
2714 3087 2980 3143 daemonia
3025 3089 3336 3147 habuerant.
3377 3093 3496 3146 Non

214 3174 271 3229 do
296 3177 343 3230 in
392 3177 635 3248 regione
689 3174 1094 3233 Gerasenorum
1126 3175 1278 3232 dedit
1328 3185 1652 3247 potestatem
1680 3177 1793 3234 ἀξε-
1898 3175 2043 3244 quod
2098 3177 2439 3233 concesserit
2485 3177 2738 3236 Salvator
2764 3180 3107 3238 dictionibus
3159 3182 3306 3255 quod
3338 3191 3496 3255 pete-

213 3272 440 3330 monibus
467 3273 528 3330 in
568 3285 786 3343 porcos.
817 3271 1121 3342 Septimum
1148 3313 1164 3337 ,
1197 3272 1414 3343 quando
1459 3270 1567 3345 47
1615 3272 1792 3343 ingre-
1818 3255 1868 3324 C
1900 3268 2054 3333 bant,
2084 3268 2241 3338 dixit,
2272 3270 2343 3325 ite
2369 3286 2387 3324 :
2409 3270 2505 3327 sed
2524 3282 2580 3325 ut
2599 3286 2696 3342 per
2718 3272 3160 3331 interiectionem
3179 3290 3496 3347 porcorum,

216 3368 347 3425 dicos
370 3371 664 3427 civitatem
695 3384 876 3436 suam,
908 3369 1269 3440 paralyticum
1308 3368 1608 3425 secundum
1636 3381 1796 3423 cura-
1895 3361 2210 3418 hominibus
2238 3362 2431 3420 salutis
2447 3364 2665 3420 occasio
2682 3366 3041 3434 praeberetur.
3068 3367 3327 3424 Pastores
3344 3368 3495 3425 enim

219 3462 280 3520 vit
304 3463 351 3521 in
376 3464 610 3522 lectulo.
633 3460 847 3523 Primus
867 3463 1014 3520 enim
1042 3463 1372 3536 paralyticos
1399 3470 1487 3520 est
1513 3477 1646 3534 puer
1665 3476 1795 3520 cen-
1897 3456 1998 3512 isla
2028 3466 2343 3519 cernentes,
2377 3457 2562 3513 statim
2615 3462 2872 3515 nuntiant
2919 3459 3153 3518 civitati.
3200 3460 3505 3518 Erubescat

220 3558 442 3617 turionis.
1897 3549 2250 3617 Manichmus,
2274 3550 2318 3605 si
2339 3550 2407 3606 de
2434 3550 2631 3608 eadem
2655 3551 2985 3619 substantia,
3004 3560 3061 3610 et
3084 3568 3153 3610 ex
3180 3554 3375 3610 eodem
3400 3568 3501 3609 an-

276 3650 454 3723 (Vers.
486 3649 591 3719 24,
626 3648 757 3723 25.)
788 3649 912 3723 Ipse
942 3666 1061 3705 rero
1116 3649 1433 3706 dormiebat.
1471 3651 1541 3706 Et
1564 3666 1798 3705 aceesse-
1897 3654 2048 3700 ctore
2081 3644 2364 3700 hominum
2390 3645 2804 3717 bestiarumque
2820 3656 2953 3703 sunt
2979 3647 3198 3711 animae.
3228 3647 3504 3717 quomodo

221 3752 320 3797 rant
339 3742 400 3798 ad
428 3758 577 3813 eum,
607 3750 656 3799 et
682 3743 1059 3798 suscitarerunt
1085 3759 1222 3807 eum,
1254 3741 1521 3797 dicentes:
1548 3739 1793 3808 Domine,
1899 3739 1969 3794 ob
1990 3738 2149 3794 unius
2180 3736 2420 3794 hominis
2449 3737 2709 3804 salutem,
2740 3738 2851 3794 duo
2878 3738 3047 3794 millia
3072 3754 3361 3810 porcorum
3390 3738 3511 3795 sul-

220 3834 341 3889 sslva
384 3851 503 3905 nos,
568 3835 823 3907 perimus.
857 3833 924 3889 Et
953 3835 1081 3890 dicit
1117 3836 1193 3891 eis
1221 3834 1412 3891 Iesus:
1444 3835 1584 3905 Quid
1628 3835 1799 3891 timidi
1899 3832 2197 3888 locantur?

220 3928 341 3993 estis,
369 3929 588 3987 modij
611 3928 783 3999 fidei?
810 3927 981 3998 Hujus
1012 3930 1148 4001 signi
1185 3939 1374 4002 typum
1406 3931 1457 3986 in
1482 3929 1622 3986 Jona
1664 3931 1799 4000 legi-
1975 3926 2169 3997 (Vera.
2198 3924 2289 3982 54.
2318 3924 2337 3995 )
2368 3923 2435 3979 Et
2463 3940 2575 3980 ecce
2603 3933 2710 3978 tota
2739 3925 2921 3980 civitas
2961 3926 3088 3980 exiit
3111 3924 3314 3980 obviam
3331 3923 3460 3979 Jesu
3487 3963 3505 3991 ,

226 4032 323 4075 mus
348 4018 499 4093 (Ion.
539 4018 619 4091 ι),
671 4020 918 4093 quando,
948 4021 1165 4077 caeteris
1194 4023 1648 4094 periclitantibus,
1682 4024 1801 4095 ipse
1902 4031 1950 4077 et
1989 4021 2098 4077 uiso
2129 4037 2208 4084 eo,
2239 4019 2492 4091 rogabant
2513 4035 2653 4086 eum,
2682 4027 2736 4072 ut
2763 4019 3011 4074 transiret
3038 4034 3070 4072 a
3093 4017 3282 4088 ﬁnibus
3303 4033 3503 4073 eorum.

225 4126 424 4174 secum
446 4127 558 4186 est,
589 4124 646 4172 et
667 4115 895 4185 dormit,
927 4124 982 4173 et
1019 4116 1359 4182 suscitatur;
1391 4126 1449 4174 et
1477 4118 1708 4190 imperio
1736 4133 1801 4176 ac
1902 4114 2060 4183 Quod
2088 4125 2283 4186 rogant
2306 4123 2366 4170 ut
2391 4122 2636 4170 transeat
2659 4128 2689 4168 a
2723 4112 2921 4168 ﬁnibus
2941 4126 3159 4180 eorum,
3186 4126 3293 4167 non
3319 4110 3389 4167 de
3414 4126 3510 4166 su-

227 4220 542 4271 sacramento
570 4210 845 4282 passionis
873 4226 987 4268 suae
1014 4212 1210 4268 liberat
1237 4212 1584 4271 suscitantes.
1907 4210 2095 4281 perbia
2146 4209 2254 4265 hoc
2281 4207 2504 4277 iaciunt,
2558 4218 2617 4262 ut
2645 4206 2891 4264 nonnulli
2915 4206 3277 4273 arbitrantur,
3307 4205 3405 4262 sed
3439 4206 3510 4263 de

287 4303 470 4376 (Vera.
491 4304 628 4377 26.)
653 4304 799 4361 Tunc
817 4323 1052 4379 surgens,
1082 4308 1353 4378 imperavit
1380 4310 1540 4365 uentis
1562 4317 1609 4365 et
1632 4310 1801 4366 mari:
1907 4304 2214 4362 humilitate
2238 4319 2343 4375 qua
2371 4318 2433 4360 se
2459 4302 2752 4371 praesentia
2776 4301 2993 4356 Domini
3027 4300 3281 4373 indignos
3297 4301 3509 4373 judica-

228 4399 491 4470 etjactaest
513 4400 870 4469 tranquillitas
895 4417 1102 4475 magna.
1124 4400 1190 4456 Et
1210 4416 1274 4457 ex
1295 4401 1398 4459 hoc
1411 4401 1805 4471 locointelligi-
1908 4399 2059 4464 bant,
2100 4396 2243 4453 sicut
2285 4404 2341 4453 et
2366 4396 2555 4452 Petrus
2596 4398 2648 4451 in
2691 4402 2917 4466 captura
2946 4395 3179 4466 piscium
3207 4394 3410 4452 cadens
3439 4393 3507 4448 ad

230 4505 331 4547 mus
355 4493 495 4567 quod
524 4507 721 4549 omnes
748 4502 1017 4550 creaturae
1045 4493 1282 4550 sentiant
1306 4494 1641 4549 Creatorem.
1675 4493 1806 4560 Qui-
1906 4506 2079 4562 genus
2112 4489 2409 4548 Salvatoris
2433 4530 2447 4554 ,
2476 4488 2551 4544 ait
2579 4505 2601 4543 :
2630 4486 2732 4542 Exi
2760 4504 2793 4541 a
2825 4503 2909 4542 me
2929 4531 2945 4555 ,
2982 4484 3238 4555 Domine,
3275 4486 3401 4558 quia
3432 4486 3511 4539 vir

230 4584 317 4642 bus
336 4588 477 4647 enim
509 4589 823 4659 iucrepstur
849 4587 957 4661 [AL
988 4602 1128 4657 quas
1147 4585 1495 4659 increpavit],
1527 4596 1583 4643 et
1605 4586 1804 4657 quibus
1827 4648 1877 4661 _
1909 4595 2148 4659 peccator
2174 4601 2288 4640 sum
2316 4582 2485 4652 (Luc.
2518 4600 2571 4649 ν,
2598 4581 2680 4653 8).

232 4681 507 4751 imperatur
560 4648 683 4756 [ΑΛ.
720 4648 1049 4754 imperavitj,
1110 4648 1353 4737 sentiunt
1403 4648 1800 4750 imperantem:
1826 4648 1883 4713 Β
1910 4648 1919 4659 Ι
1980 4680 2157 4751 (Cap.
2191 4648 2522 4733 ΙΧέ-νετε.
2548 4648 2599 4742 l,
2630 4648 2715 4746 i2.)
2746 4676 2812 4729 Et
2843 4675 3125 4729 ascendens
3156 4673 3311 4728 Iesus
3337 4678 3391 4727 in
3418 4689 3515 4728 na-

232 4789 324 4832 non
348 4791 535 4835 errore
562 4776 967 4839 haereticorum.
997 4777 1089 4846 qui
1120 4777 1302 4832 omnia
1334 4784 1523 4846 putant
1552 4777 1806 4831 animan-
1908 4774 2132 4829 viculam
2158 4771 2540 4843 transfretavit,
2592 4778 2641 4823 et
2676 4770 2812 4824 venit
2843 4769 2898 4822 in
2924 4768 3180 4821 civitatein
3223 4782 3395 4821 suam.
3443 4762 3515 4819 Et

233 4871 324 4938 lia;
350 4880 375 4910 ⁸
395 4872 494 4930 sed
521 4871 807 4942 majestate
833 4869 1153 4937 conditoris,
1177 4885 1299 4941 qua:
1318 4869 1462 4941 apud
1499 4884 1599 4925 nos
1620 4869 1809 4925 insen-
1910 4886 2027 4925 ecce
2045 4867 2327 4937 offerebant
2348 4867 2392 4921 ei
2422 4865 2767 4938 paralyticum
2786 4865 3042 4934 jacentem
3058 4863 3115 4916 in
3137 4859 3292 4917 lecto.
3326 4858 3517 4914 Videas

233 4962 415 5036 sibilia,
444 4964 525 5025 illi
552 4964 841 5023 sensibilia
867 4974 1017 5023 sunt.
1914 4976 2084 5020 autem
2106 4961 2140 5016 J
2148 4977 2263 5017 esus
2293 4960 2451 5030 ﬁdem
2481 4960 2715 5023 illorum,
2749 4955 2886 5010 dixit
2907 4952 3200 5028 paralytico
3224 4968 3243 5008 :
3275 4952 3518 5023 Conﬁde,

295 5056 477 5127 (Vers.
505 5058 701 5115 27-29.
728 5058 749 5131 )
776 5057 946 5113 Porro
979 5057 1210 5115 hontines
1240 5058 1414 5112 mirati
1444 5067 1562 5113 sunt
1581 5059 1810 5126 ,.dicen-
1916 5058 2015 5129 ﬁli,
2048 5055 2377 5111 remittuntur
2424 5052 2515 5107 tibi
2545 5058 2758 5123 peccata
2783 5059 2894 5103 tua.
2924 5047 3216 5103 Civitatem
3245 5046 3366 5119 ejus
3408 5060 3519 5100 non

236 5155 299 5202 tes
323 5166 341 5203 :
361 5150 545 5219 Qualis
570 5161 648 5208 est
673 5152 778 5218 hic,
808 5153 935 5222 quia
953 5153 1087 5206 venti
1113 5159 1163 5208 et
1191 5166 1329 5208 mare
1356 5151 1599 5207 obediunt
1624 5154 1673 5206 ei
1694 5155 1719 5208 ?
1740 5151 1810 5207 Et
1920 5152 2081 5207 aliam
2106 5147 2460 5219 intelligimus
2482 5159 2645 5214 quam
2667 5143 2964 5211 Nazaretb,
2991 5142 3134 5198 unde
3154 5150 3210 5197 et
3230 5140 3522 5196 Nazarzeus

237 5256 337 5297 me
356 5244 743 5303 uenissetlesus
768 5255 913 5301 trans
943 5246 1133 5316 fretum
1153 5246 1209 5301 in
1230 5245 1488 5317 regionem
1518 5246 1814 5303 Geraseno-
1919 5244 2225 5317 appellatus
2254 5250 2362 5297 est.
2395 5238 2727 5295 Obtnlerunt
2755 5244 2942 5293 autem
2971 5236 3025 5290 ei
3043 5277 3058 5302 ,
3104 5243 3166 5289 ut
3189 5248 3350 5303 supra
3377 5232 3524 5288 dixi-

238 5350 360 5403 rum,
390 5349 727 5396 occurrerunt
755 5339 803 5395 ei
827 5339 932 5393 duo
962 5339 1206 5395 habentes
1229 5339 1507 5407 daemonia,
1538 5341 1601 5394 de
1629 5357 1816 5396 monu—
1923 5356 2044 5399 mns
2066 5383 2080 5408 ,
2123 5335 2422 5397 secundum
2468 5333 2832 5406 paralyticum
2880 5332 3153 5403 iacentem
3199 5330 3254 5383 in
3296 5326 3527 5395 lectulo,

242 5434 410 5487 mentis
448 5443 707 5500 exeuntes,
738 5433 858 5489 stevi
887 5433 1061 5500 nimis,
1084 5432 1158 5488 ita
1195 5440 1250 5488 ut
1277 5446 1437 5488 nemo
1456 5442 1627 5505 posset
1650 5442 1821 5490 trans-
1925 5434 2052 5507 quia
2082 5433 2205 5503 ipse
2234 5428 2448 5501 ingredi
2475 5443 2583 5483 non
2612 5424 2853 5481 valebat.
2892 5421 3099 5478 Videns
3142 5427 3328 5476 autem
3366 5419 3530 5475 Jesus

243 5522 309 5577 ire
332 5542 422 5595 per
445 5527 576 5583 uiam
600 5527 773 5582 illam.
807 5524 872 5581 Et
894 5542 1009 5582 ecce
1036 5527 1391 5582 clamauerunt
1420 5526 1671 5583 dicentes.
1701 5526 1822 5585 Non
1927 5544 2039 5584 non
2078 5525 2198 5596 ejus
2223 5522 2390 5579 ﬁdem
2422 5520 2513 5592 qui
2544 5517 2903 5583 oﬂ‘erebatur,
2938 5514 3033 5571 sed
3057 5527 3248 5599 eorum
3271 5513 3365 5583 qui
3394 5511 3531 5569 olfe-

246 5615 508 5690 discipnli,’
531 5621 629 5678 sed
656 5628 856 5689 nautae,
880 5630 935 5677 et
962 5620 1145 5677 ca-teri
1168 5621 1259 5691 qui
1288 5621 1342 5676 in
1373 5620 1498 5676 navi
1521 5630 1699 5689 erant,
1726 5622 1828 5678 mi-
1928 5620 2143 5686 rebant,
2175 5614 2307 5672 dixit
2346 5612 2653 5685 paralytico
2687 5629 2701 5665 :
2753 5606 3001 5677 Con/ide,
3050 5606 3128 5675 ﬁli
3152 5647 3166 5671 ,
3190 5606 3526 5660 remittuntur

313 5833 336 5861 ι
368 5825 581 5885 Addunt
604 5827 825 5899 quidam
868 5843 1001 5887 mss.
1033 5827 1301 5886 sensibilia
1324 5844 1475 5885 esse:
1506 5828 1599 5886 alii
1650 5843 1819 5887 econ-
1998 5825 2027 5864 ι)
2054 5821 2553 5899 ιηιεγβθτυηιμὰιιο
2582 5817 2757 5899 Palat.
2783 5829 2927 5899 lusa.
2953 5815 3098 5874 sacri
3139 5821 3323 5873 textus
3343 5812 3528 5880 verba.

247 5900 404 5954 trario
428 5886 745 5959 insensibilia
769 5915 902 5956 esse.
966 5886 997 5887 Si
1664 5886 1703 5887 ﬂ
1928 5913 2087 5971 neque
2118 5894 2318 5953 Filium
2339 5895 2452 5965 quis
2483 5891 2621 5948 novit
2646 5890 2747 5945 nisi
2774 5886 2953 5947 Pater.
