4004 6332
424 354 495 411 55
1667 353 1727 410 S.
1768 350 2040 412 EUSEBII
2076 349 2458 412 HIERONYMI
3644 355 3715 413 56

417 468 511 524 tibi
539 477 751 541 peccata
776 475 886 524 tua.
919 468 966 524 Ο
992 467 1126 524 mira
1156 468 1459 536 humilitas,
1488 470 1806 541 despectum
1843 478 1900 526 et
1919 469 2013 525 dc—
2039 469 2096 532 A
2118 470 2278 528 loco:
2311 471 2412 527 Dic
2431 481 2487 528 tu
2533 483 2741 546 peccata
2769 485 2874 544 tua,
2925 484 2982 530 ut
3014 475 3319 548 justiﬁceris
3369 472 3525 547 (Isai.
3562 489 3713 542 XLIII,

420 561 608 630 bilem,
636 561 874 633 totisque
898 561 1267 617 membrorum
1290 562 1645 634 compagibus
1669 561 2015 629 dissolutum,

420 653 591 725 ﬁlium
617 662 796 722 vocat,
845 668 1005 725 quem
1037 653 1351 710 sacerdotes
1402 670 1509 711 non
1546 654 1909 726 dignabantur
1938 663 2018 709 at-

2119 564 2234 636 26).
2265 566 2575 622 Matthaaum
2607 582 2667 623 se
2704 580 2758 624 et
2782 570 3127 639 publicanum
3164 570 3430 639 nominat,
3454 579 3511 626 ut
3530 578 3717 625 osten-

2119 657 2211 713 dat
2240 659 2565 731 legentibus,
2600 662 2808 716 nullum
2837 662 3040 718 debere
3067 663 3296 718 salutem
3322 662 3636 733 desperare,
3667 662 3714 717 si

418 747 651 820 ῑὶηεθΐθο
696 748 805 804 Αυι
835 757 989 805 certe
1028 748 1149 803 ideo
1202 749 1407 818 ﬁlium.
1437 750 1560 820 quia
1593 748 1943 804 dimittuntur
1969 746 2019 803 ei
2117 751 2188 807 ad
2217 752 2443 807 meliora
2469 769 2767 810 conversus
2793 753 2902 822 sit;
2933 770 3054 811 cum
3082 755 3200 824 ipse
3242 755 3309 811 de
3341 756 3629 825 publicano
3658 754 3716 809 in

420 848 645 911 peccata
678 854 795 896 sua.
825 839 983 896 Juxta
1018 840 1376 910 tropologiam
1429 840 1699 896 interdum
1726 840 1903 894 anima
1930 840 2019 909 ja-

420 946 552 988 cens
596 933 649 987 in
706 947 938 1003 corpore
963 947 1093 999 suo,
1126 932 1255 987 totis
1301 932 1672 988 membrorum
1726 932 2020 988 virtutibus

418 1023 728 1090 dissolutis,
775 1039 804 1077 a
838 1022 1077 1093 perfecto
1117 1023 1344 1080 doctore
1384 1023 1615 1080 ollertur
1643 1023 1881 1080 curanda
1912 1024 2021 1078 Do-

420 1119 593 1186 mino,
625 1116 736 1189 59
760 1132 880 1186 quae
920 1117 965 1170 si
1013 1115 1391 1172 misericordia
1433 1117 1554 1186 ejus
1611 1128 1800 1172 sanata
1832 1116 2017 1183 fuerit,

411 1217 621 1264 tantum
675 1208 891 1265 roboris
931 1207 1168 1277 accipit,
1202 1219 1262 1264 ut
1290 1218 1470 1280 portet
1523 1210 1710 1265 statim
1752 1210 2017 1266 lectulum

419 1315 601 1358 suum.

490 1393 671 1464 (Vers.
702 1394 759 1460 '5,
787 1392 870 1464 4.)
897 1392 961 1446 Et
982 1409 1096 1449 ecce
1122 1395 1338 1467 quidam
1357 1396 1421 1451 de
1444 1395 1644 1452 Scribis
1664 1396 1912 1453 dixerunt
1933 1398 2023 1452 in-

424 1497 508 1542 tra
536 1504 590 1561 se
622 1502 639 1540 :
664 1485 770 1540 llic
797 1484 1142 1556 blasphemal.
1174 1486 1243 1541 Et
1267 1504 1383 1543 cum
1412 1489 1621 1543 vidisset
1642 1486 1796 1544 Jesus
1826 1491 2021 1561 cogita-

427 1560 595 1634 tiones
616 1592 815 1645 eorum,
856 1579 991 1633 dixit
1022 1595 1042 1634 :
1077 1579 1147 1635 Ut
1188 1580 1313 1651 quid
1344 1582 1578 1652 cogitatis
1600 1583 1739 1636 mala
1766 1583 1820 1637 in
1848 1560 2021 1637 cordi-

421 1673 514 1728 bus
544 1674 726 1727 vestris
753 1674 778 1727 ?
796 1672 1052 1744 Legimus
1076 1675 1127 1728 in
1172 1673 1466 1745 Propheta,
1499 1675 1769 1732 dicentem
1798 1677 1968 1733 Deum
2002 1695 2015 1734 :

421 1764 540 1835 Ego
566 1782 679 1820 sum
729 1767 815 1836 qui
867 1766 1015 1820 deleo
1064 1767 1364 1838 iniquitates
1394 1777 1507 1822 tuas
1534 1767 1692 1840 (lsai.
1726 1784 1873 1837 xmtt,
1898 1768 2015 1839 25).

2119 846 2431 913 apostolum
2466 847 2536 901 sit
2575 856 2801 917 repente
2849 857 3109 904 mutatus.
3136 846 3328 919 Argnit
3353 849 3408 903 in
3447 847 3549 903 hoc
3591 848 3717 903 loco

2119 936 2459 1010 Porphyrius
2502 949 2554 994 et
2603 940 2852 995 Julianus
2910 943 3202 1012 Augustus,
3263 941 3717 1009 velrimperitiam

2121 1028 2364 1086 historici
2392 1031 2725 1096 mentientis,
2749 1031 2834 1086 vel
2859 1031 3143 1087 stultitiam
3175 1046 3365 1088 eorum
3392 1030 3484 1102 qui
3532 1031 3720 1087 statim

2121 1124 2296 1179 secuti
2319 1123 2426 1179 sint
2447 1123 2811 1193 Salvatorem,
2835 1125 2992 1195 quasi
3023 1124 3469 1180 irrationabiliter
3484 1123 3724 1194 quemli-

2120 1218 2213 1274 bet
2245 1227 2527 1275 vocantem
2555 1218 2835 1274 hominem
2856 1219 2963 1273 sint
2988 1218 3183 1287 secuti,
3204 1232 3326 1274 cum
3356 1227 3519 1273 tanta:
3543 1218 3723 1274 virtu-

2050 1304 2057 1310 ’
2123 1320 2227 1379 tes,
2262 1322 2522 1383 tantaque
2547 1315 2698 1383 signa
2722 1316 3120 1384 praecesserint,
3145 1329 3265 1385 qute
3291 1313 3594 1384 Apostolus
3624 1327 3724 1367 an-

2120 1415 2335 1476 tequam
2383 1407 2689 1474 crederent,
2743 1406 2949 1463 vidisse
3004 1422 3111 1462 non
3149 1406 3374 1462 dubium
3427 1414 3529 1462 est.
3560 1404 3724 1464 Certe

2122 1502 2297 1571 fulgor
2343 1504 2479 1574 ipse,
2533 1513 2588 1559 et
2615 1503 2872 1574 majestas
2925 1503 3225 1559 divinitatis
3280 1503 3539 1569 occultae,
3599 1520 3723 1573 qua:

2121 1596 2282 1650 etiam
2311 1595 2366 1649 in
2400 1593 2427 1624 ⁸
2458 1594 2693 1650 humana
2725 1593 2862 1651 facie
2910 1595 3208 1662 relucebat,
3244 1608 3311 1649 ex
3343 1594 3521 1662 primo
3547 1594 3614 1649 ad
3660 1608 3723 1650 se

2122 1689 2369 1744 videntes
2392 1690 2611 1743 trahere
2637 1697 2846 1759 poterat
2874 1696 3118 1757 aspectu.
3140 1688 3198 1745 Si
3229 1687 3373 1744 enim
3400 1688 3453 1742 in
3473 1698 3724 1757 magnele

2123 1782 2302 1852 lapide
2331 1790 2385 1837 et
2411 1782 2646 1837 succinis
2676 1780 2793 1836 haec
2821 1796 2944 1836 esse
2981 1781 3068 1835 vis
3097 1780 3320 1847 dicitur,
3356 1789 3413 1835 ut
3442 1781 3673 1835 annulos
3703 1822 3720 1846 ,

425 1854 836 1928 Consequenter
863 1872 997 1929 ergo
1024 1844 1253 1922 Scriba},
1278 1858 1400 1928 quia
1429 1859 1703 1916 hominem
1731 1862 2017 1931 putabant,

2131 1844 2483 1944 et'stipulam,
2510 1885 2563 1930 et
2591 1874 2825 1930 festucas
2845 1874 2950 1929 sibi
2995 1874 3275 1944 copulant,
3305 1844 3509 1944 quanto
3549 1844 3726 1945 magis

428 1962 487 2009 et
508 1955 674 2010 verba
704 1953 799 2009 Dei
826 1968 936 2009 non
991 1954 1387 2026 intelligebant,
1420 1966 1651 2026 arguunt
1703 1971 1827 2011 eum
1876 1956 2023 2011 blas-

431 2047 686 2120 phemiae.
722 2045 830 2104 Sed
858 2047 1115 2103 Dominus
1168 2047 1359 2103 videns
1386 2049 1742 2119 cogitationes
1790 2063 1977 2104 eorum
2002 2090 2018 2116 ,

427 2140 671 2197 ostendit
700 2155 760 2197 se
788 2140 979 2208 Deum,
1008 2141 1100 2212 qui
1134 2142 1304 2212 possit
1351 2142 1532 2199 cordis
1575 2142 1789 2199 occulta
1820 2157 2023 2213 cogno-

428 2249 607 2302 scere,
641 2244 694 2290 et
723 2234 1124 2305 quodammodo
1153 2246 1337 2293 tacens
1357 2238 1596 2308 loquitur
1626 2253 1639 2290 :
1671 2236 1878 2291 Eadem
1905 2250 2024 2291 ma-

423 2327 627 2399 jestate
655 2339 709 2384 et
740 2329 979 2399 potentia
1017 2344 1122 2400 qua
1150 2331 1510 2401 cogitationes
1534 2339 1751 2386 vestras
1780 2328 2019 2398 intueor,

429 2436 654 2493 possum
704 2430 760 2478 et
797 2422 1106 2479 hominibus
1142 2435 1362 2494 peccata
1410 2424 1709 2481 dimittere.
1737 2427 1813 2480 Ex
1864 2427 2023 2483 vobis

430 2515 722 2587 intelligite
745 2516 874 2588 quid
909 2518 1246 2590 paralyticus
1277 2529 1667 2590 consequatur.

499 2611 683 2685 (Vers.
715 2612 770 2683 5,
801 2611 885 2685 6.)
917 2612 1058 2678 Quid
1085 2621 1160 2667 est
1190 2613 1400 2683 facilius
1438 2614 1609 2668 dicere
1639 2630 1658 2668 :
1688 2614 2025 2669 dimittuntur

427 2706 520 2760 tibi
569 2714 778 2776 peccata
810 2715 900 2760 tua
923 2723 943 2773 ;
971 2723 1040 2759 an
1065 2706 1281 2761 dicere:
1310 2723 1462 2779 surge
1484 2716 1534 2761 et
1556 2706 1805 2761 ambula?
1833 2706 1905 2762 Ut
1925 2723 2023 2762 au-

427 2807 529 2852 tem
558 2798 759 2866 sciatis,
789 2800 911 2871 quia
940 2798 1113 2854 Filius
1156 2800 1382 2855 hominis
1421 2800 1576 2855 habet
1614 2810 1916 2873 potestatem
1972 2803 2029 2857 in

428 2900 566 2946 terra
596 2892 890 2946 dimittendi
922 2900 1149 2960 peccata,
1183 2901 1306 2946 tunc
1331 2893 1405 2946 ait
1429 2893 1740 2964 paralytica.
1765 2894 1912 2949 Inter
1941 2893 2027 2948 di-

430 2998 582 3049 cere,
611 2992 667 3040 et
698 2985 900 3051 lacere,
934 2986 1100 3041 multa
1127 2985 1386 3041 distantia
1416 2994 1519 3043 est.
1551 2986 1745 3043 Utrum
1792 2989 1901 3043 sint
1927 3001 2027 3057 pa-

429 3081 664 3151 ralytico
694 3094 916 3151 peccata
950 3080 1200 3149 dimissa,
1242 3081 1393 3138 solus
1416 3092 1666 3149 noverat,
1718 3082 1813 3152 qui
1843 3082 2027 3138 dimit-

430 3173 603 3229 tebat.
640 3174 807 3244 Surge
836 3183 1020 3229 autem
1041 3183 1098 3230 et
1134 3173 1367 3240 ambula,
1395 3186 1501 3229 tam
1526 3174 1619 3230 ille
1663 3176 1753 3246 qui
1800 3189 2030 3231 consur-

2127 1966 2390 2022 Dominus
2441 1968 2682 2022 omnium
2718 1976 3090 2023 creaturarum
3121 1966 3188 2022 ad
3219 1981 3279 2023 se
3306 1967 3525 2023 trahere
3553 1976 3728 2037 pote-

2127 2068 2235 2127 rat,
2267 2073 2405 2129 quos
2435 2059 2653 2115 volebat
2673 2059 2699 2114 ?

2198 2152 2380 2225 (Vers.
2413 2153 2481 2209 lO
2512 2150 2751 2224 seq.)Et
2793 2154 2988 2223 factum
3037 2161 3131 2220 est,
3188 2151 3538 2207 discumbente
3562 2169 3621 2207 eo
3670 2153 3728 2207 in

2125 2245 2304 2311 domo,
2334 2260 2451 2300 ecce
2469 2246 2620 2300 multi
2638 2245 2899 2318 publicani
2913 2254 2960 2300 et
2982 2256 3275 2316 peccatores
3292 2246 3572 2313 venientes,
3605 2245 3718 2299 dis-

2126 2336 2431 2391 cumbebant
2483 2352 2600 2390 cum
2619 2334 2748 2390 Iesu
2792 2346 2839 2390 et
2888 2335 3159 2407 discipulis
3204 2338 3339 2408 ejus.
3384 2335 3453 2390 Et
3498 2337 3731 2393 videntes

2127 2428 2416 2497 Pharisaei,
2447 2431 2687 2485 dicebant
2747 2431 3023 2501 discipulis
3051 2433 3163 2503 ejus
3192 2446 3209 2485 :
3244 2432 3419 2500 Quare
3462 2448 3576 2486 cum
3624 2448 3730 2505 pu-

2128 2526 2350 2581 blicanis
2377 2536 2424 2580 et
2454 2525 2810 2596 peccatoribus
2851 2525 3131 2580 manducat
3153 2526 3400 2596 magister
3420 2535 3581 2579 vester
3612 2526 3636 2579 ?
3663 2524 3731 2579 At

2127 2616 2282 2671 Iesus
2310 2617 2548 2683 audiens,
2579 2616 2694 2670 ait:
2725 2614 2849 2669 Non
2889 2625 2965 2669 est
2986 2632 3117 2685 opus
3152 2616 3350 2670 medico
3393 2614 3683 2670 valentibus
3710 2658 3728 2683 ,

2128 2713 2219 2767 sed
2249 2714 2381 2767 male
2430 2711 2750 2766 habentibus.
2802 2709 3003 2765 Euutes
3033 2720 3204 2764 autem
3235 2710 3416 2764 discite
3465 2710 3592 2781 quid
3620 2719 3722 2764 est.

2131 2802 2399 2860 Videbunt
2423 2803 2767 2874 publicanum
2798 2818 2827 2857 a
2875 2802 3112 2871 peccatis
3141 2801 3207 2857 ad
3241 2801 3465 2857 meliora
3490 2817 3731 2857 conver-

2128 2912 2269 2964 sum,
2294 2896 2472 2952 locum
2522 2897 2798 2952 invenisse
2845 2895 3217 2965 pmnitentiae;
3265 2886 3429 2951 et'ob
3457 2894 3509 2951 id
3561 2895 3731 2951 etiam

2131 2990 2233 3059 ipsi
2261 3007 2369 3046 non
2410 2989 2707 3060 desperant
2733 2990 2989 3053 salutem,
3046 3003 3227 3059 neque
3257 3003 3393 3043 vero
3422 2988 3476 3043 in
3535 2989 3731 3058 pristi-

2133 3083 2217 3138 nis
2250 3083 2398 3137 vitiis
2432 3090 2835 3151 permanentes,
2886 3082 3113 3137 veniunt
3134 3080 3201 3136 ad
3239 3080 3447 3148 Jesum,
3481 3089 3539 3135 ut
3589 3080 3736 3135 Pha-

2136 3175 2281 3230 risaei
2307 3184 2363 3229 et
2383 3174 2591 3230 Scribae
2623 3180 3008 3238 murmurant;
3041 3171 3137 3227 sed
3160 3173 3532 3241 pteiiitentiam
3564 3188 3736 3243 agen-

428 3266 614 3339 gebat,
645 3282 806 3337 quam
830 3268 883 3321 hi
915 3268 1006 3338 qui
1059 3275 1481 3338 consurgentem
1513 3245 1794 3334 videbant,
1827 3283 2024 3339 appro—
2050 3245 2097 3310 (Ἰ
2130 3275 2297 3333 tes,ut
2327 3281 2563 3336 sequens
2598 3266 2806 3320 Domini
2839 3280 3025 3321 sermo
3053 3263 3347 3335 signiﬁcat,
3378 3264 3567 3320 dicens
3602 3281 3617 3319 :

427 3360 561 3417 bare
581 3369 855 3432 poterant.
886 3360 974 3417 Fit
1011 3361 1177 3432 igitur
1201 3362 1425 3418 carnale
1460 3363 1702 3434 signum,
1732 3373 1792 3418 ut
1816 3364 2018 3433 probe-

428 3462 519 3509 tur
563 3454 874 3523 spirituale,
910 3469 1234 3525 quamquam
1287 3453 1533 3525 ejusdem
1588 3455 1807 3510 virtutis
1850 3456 1938 3521 sit,
1973 3464 2029 3512 et

427 3549 677 3620 corporis
705 3556 761 3603 et
780 3549 978 3603 anima:
1029 3548 1159 3603 vitia
1205 3547 1502 3606 dimittere.
1554 3550 1622 3603 Et
1678 3549 1837 3605 datur
1868 3550 2027 3604 nobis

424 3641 803 3712 intelligentia,
838 3649 1061 3712 propter
1087 3650 1312 3713 peccata
1363 3642 1649 3712 plerasque
1679 3642 1788 3714 [ΑΙ.
1837 3643 2027 3713 pleris-

430 3732 560 3806 que]
589 3734 812 3789 evenire
847 3748 1138 3803 corporum
1180 3733 1508 3790 debilitates.
1551 3734 1624 3789 Et
1659 3733 1863 3790 idcirco
1922 3736 2029 3791 lor-

424 3839 525 3886 san
575 3824 928 3880 dimittuntur
974 3826 1126 3895 prius
1177 3834 1398 3895 peccata
1429 3835 1518 3882 tua
1549 3826 1658 3897 [Αἰ.
1712 3836 1845 3881 tacet
1877 3826 2025 3900 tua],

434 3926 498 3972 ut
521 3918 702 3973 causis
721 3917 1023 3972 debilitatis
1051 3917 1271 3986 ablatis,
1301 3920 1505 3974 sanitas
1526 3921 1869 3976 restituatur.

504 4011 692 4083 (Vers.
723 4012 777 4075 7,
811 4009 893 4083 8.)
920 4010 1112 4086 Surge,
1142 4012 1264 4066 tolle
1308 4013 1499 4067 lectum
1528 4023 1693 4082 tuum,
1743 4023 1790 4068 et
1821 4017 1952 4069 vade
1973 4015 2028 4069 in

428 4106 641 4161 domum
693 4114 853 4160 tuam.
889 4104 960 4159 Et
987 4106 1235 4174 surrexit,
1268 4115 1315 4160 et
1337 4106 1464 4161 abiit
1512 4108 1564 4161 in
1616 4107 1825 4162 domum
1852 4126 2022 4164 suam.

434 4197 688 4253 Videntes
719 4208 891 4252 autem
940 4198 1124 4266 turbae,
1185 4198 1465 4255 timuerunt
1512 4208 1562 4253 et
1609 4201 2030 4272 gloriﬁcaverunt

431 4288 622 4350 Deum,
651 4290 738 4359 qui
763 4289 909 4344 dedit
940 4299 1245 4360 potestatem
1269 4292 1425 4345 talem
1453 4292 1762 4348 hominibus.
1809 4294 1875 4348 Et
1914 4295 2031 4349 ani-

429 4397 518 4437 ma
549 4382 842 4454 paralytica
886 4383 930 4437 si
964 4384 1285 4451 surrexerit,
1318 4385 1364 4438 si
1405 4384 1692 4453 pristinum
1725 4386 1893 4441 robur
1942 4401 2029 4442 re-

428 4476 801 4547 cuperaverit,
830 4484 1017 4546 portat
1041 4476 1241 4532 lectum
1269 4476 1493 4532 suumin
1516 4493 1623 4547 quo
1635 4477 2027 4546 jaeebatantea

427 4570 720 4637 dissoluta,
751 4578 808 4625 et
828 4578 1011 4641 portat
1050 4570 1202 4626 illum
1241 4572 1296 4626 in
1349 4570 1573 4626 domum
1595 4570 1856 4626 virtutum
1902 4589 2029 4628 sua-

430 4679 575 4721 rum.

505 4753 687 4829 (Vers.
718 4753 801 4825 9.)
831 4751 903 4810 Et
924 4770 1042 4809 cum
1084 4754 1327 4808 transiret
1353 4753 1474 4809 inde
1497 4754 1671 4823 Iesus,
1706 4758 1830 4811 uidit
1863 4759 2020 4813 homi-

428 4864 545 4903 nem
566 4847 818 4902 sedentem
838 4847 893 4901 in
920 4846 1132 4912 telonio,
1148 4845 1458 4902 Matthwum
1478 4850 1700 4905 nomine.
1729 4850 1797 4905 Et
1817 4854 1889 4905 ait
1908 4852 1986 4907 illi
2010 4869 2029 4905 :

428 4938 658 5010 Sequere
709 4955 809 4993 me.
863 4937 931 4991 Et
987 4954 1200 5009 surgens
1255 4947 1459 4993 secutus
1517 4951 1593 4995 est
1640 4958 1772 4996 eunt.
1828 4943 2026 4998 Caneri

428 5030 780 5101 evangelistm
809 5039 1029 5101 propter
1077 5032 1459 5087 verecundiam
1500 5042 1557 5090 et
1586 5033 1846 5088 honorem
1887 5034 2017 5089 Mat-

427 5123 578 5192 thaei,
608 5126 901 5181 noluerunt
926 5139 1050 5179 eum
1094 5128 1313 5180 nomine
1342 5127 1615 5197 appellare
1647 5128 1888 5199 vulgato,
1925 5129 2021 5183 sed

425 5216 701 5285 dixerunt,
753 5216 886 5272 Levi
918 5216 1159 5287 :duplici
1187 5217 1385 5289 quippe
1438 5218 1708 5274 voeabulo
1736 5220 1853 5275 fuit.
1904 5221 2022 5291 ipse

425 5319 606 5366 autem
638 5309 945 5376 Mattbaeus,
978 5310 1275 5366 secundum
1324 5312 1454 5367 illud
1481 5312 1625 5383 quod
1679 5313 1788 5385 50
1811 5329 1842 5370 a
1869 5315 2024 5370 Salo-

426 5420 591 5461 mone
620 5406 930 5476 prmcipitur
953 5402 1062 5477 [ΑΙ.
1120 5404 1343 5479 dicitur]
1370 5424 1383 5459 :
1414 5407 1599 5462 Justus
1643 5419 1912 5463 accusator
1949 5418 2023 5464 est

423 5499 505 5552 sui
534 5498 587 5551 in
619 5496 874 5567 principio
922 5497 1171 5553 sermonis
1202 5496 1387 5569 (Prov.
1412 5513 1567 5564 xvut,
1596 5498 1705 5569 l7).
1736 5498 1803 5554 Et
1831 5500 1883 5554 in
1914 5500 2026 5557 alio

496 5660 523 5689 η
552 5651 645 5725 llis
684 5652 900 5724 gemina
922 5663 1070 5722 sunt,
1103 5669 1223 5725 qua:
1256 5653 1417 5710 habet
1446 5653 1589 5710 infra
1622 5654 1676 5711 in
1710 5669 1829 5725 cap.
1865 5673 1959 5713 χχι
1991 5674 2009 5715 :

421 5738 487 5779 ex
517 5724 712 5794 quibus
737 5736 915 5802 tamen
935 5725 1194 5802 colligas,
1224 5740 1332 5781 non
1357 5727 1711 5802 existimasse
1741 5724 2010 5802 llierony-

421 5810 596 5860 mum,
626 5797 901 5867 proprium
925 5796 1128 5869 Christi
1154 5799 1402 5867 corporis
1433 5796 1577 5852 istud
1616 5800 1921 5869 exstitisse,
1945 5796 2010 5857 ac

419 5870 663 5924 nativum
702 5869 893 5938 decus,
927 5868 1023 5926 sed
1053 5870 1352 5938 majestatis
1381 5869 1649 5943 fulgorem
1690 5871 1757 5928 ad
1788 5868 2007 5944 aliquod

2204 3361 2383 3434 (Vers.
2412 3361 2525 3432 l5.)
2557 3360 2974 3415 Misericordiam
3003 3361 3143 3425 volo,
3175 3367 3347 3414 etnon
3378 3360 3729 3430 sacriﬁcium.

2135 3454 2257 3510 Non
2284 3458 2425 3511 enim
2443 3458 2558 3510 veni
2574 3472 2756 3511 vocare
2777 3457 2974 3527 justas,
2997 3455 3087 3510 sed
3125 3462 3443 3528 peccatores.
3485 3454 3605 3510 Ibat
3630 3471 3733 3510 au—

2130 3558 2242 3605 tem
2266 3549 2527 3605 Dominus
2576 3549 2641 3605 ad
2673 3549 2922 3605 convivia
2972 3560 3343 3620 peccatorum,
3372 3558 3429 3604 ut
3482 3551 3735 3606 occasio-

2133 3663 2259 3702 nem
2294 3647 2525 3702 haberet
2570 3645 2825 3713 docendi,
2875 3653 2934 3700 et
2987 3645 3299 3714 Spirituales
3347 3640 3732 3701 invltatoribus

2132 3743 2246 3795 suis
2268 3740 2539 3810 praeberet
2583 3740 2754 3795 cibos.
2783 3739 3028 3809 Denique
3056 3754 3179 3793 cum
3232 3738 3550 3810 frequenter
3598 3754 3727 3809 per-

2131 3849 2261 3906 gere
2282 3834 2348 3890 ad
2396 3833 2641 3889 convivia
2693 3832 3056 3898 describatur,
3111 3832 3240 3887 nihil
3274 3830 3512 3888 refertur
3556 3832 3731 3898 aliud,

2131 3929 2235 3984 nisi
2264 3928 2393 3999 quid
2424 3927 2495 3982 ibi
2535 3927 2750 3994 fecerit,
2784 3926 2911 3997 quid
2943 3925 3215 3992 docuerit,
3270 3937 3324 3979 ut
3352 3935 3403 3980 et
3434 3926 3732 3980 humilitas

2133 4020 2351 4075 Domini
2407 4019 2586 4075 eundo
2606 4019 2674 4073 ad
2722 4028 3059 4088 peccatores,
3090 4026 3147 4073 et
3188 4018 3426 4089 potentia
3458 4017 3728 4073 doctrina!

2132 4114 2248 4184 ejus
2295 4113 2350 4168 in
2393 4114 2756 4169 conversione
2797 4112 3182 4184 paenitentiam
3226 4111 3727 4169 demonstraretur.

2131 4206 2285 4275 Quod
2320 4215 2498 4261 autem
2550 4207 2837 4277 sequitur:
2898 4203 3316 4259 Misericordiam
3355 4203 3494 4267 volo,
3525 4211 3573 4256 et
3621 4220 3728 4257 non

2131 4298 2445 4367 sacriﬁcium
2484 4296 2637 4366 (Osee
2679 4312 2756 4361 vr,
2799 4295 2878 4366 6).
2906 4296 3019 4350 Et:
3056 4293 3177 4349 Non
3223 4295 3335 4349 veni
3384 4310 3566 4348 uacare
3619 4293 3726 4365 51

2121 4392 2317 4462 justas,
2351 4388 2441 4443 sed
2462 4398 2777 4460 peccatores,
2823 4386 2891 4442 de
2946 4387 3206 4457 propheta
3233 4384 3519 4456 proferens
3575 4390 3734 4440 testi-

2135 4481 2402 4548 monium,
2435 4479 2656 4550 sugillat
2703 4478 2925 4534 Scribas
2949 4486 3006 4533 et
3034 4478 3364 4538 Phariszeos,
3411 4476 3504 4546 qui
3544 4475 3731 4546 justus

2133 4587 2192 4628 se
2224 4571 2584 4637 aestimantes,
2609 4579 2955 4641 peccatorum
2978 4578 3032 4626 et
3051 4570 3465 4639 publicanorum
3496 4582 3729 4623 consor-

2053 4644 2107 4704 D
2135 4666 2207 4721 tia
2247 4664 2611 4720 declinabant.

2199 4756 2382 4829 (Vers.
2418 4756 2532 4828 14.)
2566 4754 2711 4810 Tunc
2728 4763 3056 4810 accesserunt
3073 4755 3142 4809 ad
3156 4772 3275 4810 eum
3300 4754 3545 4827 discipuli
3555 4753 3588 4808 J
3597 4772 3729 4809 aan-

2130 4852 2233 4918 nis,
2264 4851 2489 4904 dicentes
2528 4867 2547 4906 :
2596 4851 2769 4917 Quare
2796 4866 2889 4903 nos
2928 4858 2977 4905 et
3003 4847 3589 4921 Phariswi-jejunamus
3621 4852 3733 4919 fre-

2129 4956 2366 5018 quenter.
2394 4945 2640 5012 discipuli
2684 4952 2854 4998 autem
2907 4945 2985 4997 tui
3008 4961 3112 4998 non
3148 4945 3391 5015 jejunant
3420 4944 3445 4998 1’
3476 4942 3729 5011 Superba

2129 5037 2503 5107 interrogatio,
2528 5047 2585 5092 et
2612 5037 2772 5106 plena
2804 5036 3103 5108 supercilio
3135 5035 3559 5091 Pharistcorum.
3591 5032 3731 5091 Cer-

2130 5140 2205 5196 te,
2233 5140 2287 5186 ut
2316 5131 2461 5186 aliud
2492 5145 2599 5185 non
2625 5130 2904 5195 dicamus,
2930 5130 3382 5199 reprehendenda
3407 5129 3600 5201 jejunii
3641 5131 3729 5201 ja-

2132 5228 2352 5283 ctantia.
2383 5225 2494 5281 Nec
2520 5233 2771 5296 poterant
2802 5223 3056 5294 discipuli
3075 5223 3301 5280 Joannis
3331 5240 3437 5279 non
3465 5238 3589 5280 esse
3620 5226 3726 5281 sub

2130 5319 2284 5385 vitio,
2310 5319 2398 5388 qui
2420 5316 2895 5372 calumniabantur
2924 5332 3071 5383 eum,
3121 5331 3282 5387 quem
3314 5315 3560 5371 sciebant
3606 5331 3724 5371 ma-

2129 5412 2285 5482 gistri
2314 5410 2537 5466 vocibus
2580 5408 2957 5479 pradicatum,
3012 5418 3068 5463 et
3109 5408 3476 5479 jungebantur
3528 5406 3727 5464 Phari-

2131 5504 2279 5568 szeis,
2303 5516 2439 5573 quos
2469 5517 2498 5557 a
2526 5502 2736 5558 Joanne
2791 5509 3056 5557 noverant
3082 5500 3497 5566 condemnatos,
3526 5498 3554 5539 δ
3595 5516 3723 5558 cum

2120 5669 2335 5730 tempus
2366 5659 2634 5724 induisse,
2663 5674 2787 5714 cum
2833 5659 2885 5713 in
2925 5658 3009 5714 sui
3055 5674 3251 5729 rapere
3305 5659 3723 5718 admirationem

2120 5732 2391 5806 homines,
2434 5746 2650 5806 eosque
2687 5732 2791 5806 sibi
2840 5732 2928 5806 vel
2960 5731 3163 5785 invitos
3194 5731 3368 5806 voluit
3393 5732 3720 5806 adjuugere.

2120 5804 2245 5861 Vid.
2277 5804 2435 5871 epist.
2466 5803 2557 5871 65,
2588 5802 2653 5855 ad
2686 5801 3040 5872 Principiam,
3068 5819 3218 5858 num.
3250 5803 3281 5858 8
3312 5816 3430 5860 not.

2193 5876 2221 5918 δ
2251 5875 2507 5944 Voculas,
2543 5890 2659 5929 cum
2687 5875 2783 5942 ait,
2818 5872 3161 5931 Martiantcus
3193 5876 3464 5946 reposuit.
