4004 6332
220 349 279 405 57
698 337 1354 400 COMMENTARIORUM
1392 338 1458 397 ΙΝ
1503 337 1951 397 EVANGELIUM
1997 337 2331 397 ΜΛΤΊἮΕΙ
2371 336 2499 396 LIB.
2542 337 2585 397 l.
2623 336 2778 395 CAP.
2821 336 2919 395 lX.
3402 334 3476 392 58

216 462 279 519 ait
300 459 504 533 (Supra.
526 472 603 524 nt,
636 456 692 529 7)
725 474 738 511 :
770 455 1051 512 Generatio
1085 455 1405 527 viperarum,
1450 454 1567 527 quis
1598 464 1767 510 osten-
1795 459 1850 520 Α
1873 456 1995 513 alite
2029 454 2050 495 ί
2091 456 2284 514 sordes
2327 457 2446 529 ejus
2487 470 2609 529 quae
2658 456 2954 514 multorum
3010 455 3224 514 libidini
3288 454 3476 526 subju-

217 556 282 612 dit
306 554 432 609 vobis
454 557 629 626 fugere
652 549 717 606 ab
739 552 818 607 ira
836 559 1052 605 uentura
1073 550 1099 604 ?

274 649 437 721 (Vers.
468 647 582 713 15.)
608 643 677 699 Ει
721 644 795 698 ait
839 643 949 698 illis
990 642 1147 699 Iesus
1173 659 1191 696 :
1242 641 1511 713 Numquid
1552 650 1770 715 possunt

215 743 296 815 ﬁlii
312 740 474 815 sponsi
498 738 671 811 lugere
691 738 940 808 quamdiu
978 754 1095 791 cum
1122 736 1232 792 illis
1260 746 1333 792 est
1371 751 1593 803 sponsus
1616 736 1640 790 ἶ)
1673 733 1774 789 Ve-

213 839 332 893 niant
353 847 515 890 autem
539 834 644 888 dies
675 848 793 888 cum
815 833 1082 904 auferetur
1108 832 1172 887 ab
1199 832 1274 887 eis
1300 848 1544 905 sponsus,
1570 839 1618 885 et
1648 839 1772 885 tunc

206 928 503 1004 jejunabunt.
531 925 778 997 Sponsus
794 923 1046 981 Christus
1077 941 1093 981 :
1143 940 1342 995 sponsa
1387 923 1631 981 Ecclesia
1663 932 1768 980 est.

212 1024 275 1080 De
299 1023 391 1078 hoc
420 1030 606 1077 sancto
632 1021 1018 1093 spiritualique
1043 1021 1341 1087 connubio,
1370 1019 1618 1089 Apostoli
1643 1026 1775 1075 sunt

211 1115 474 1189 procreati,
506 1114 599 1187 qui
628 1115 817 1186 lugere
847 1122 874 1152 α
905 1130 1012 1169 non
1047 1125 1279 1184 possunt
1321 1112 1578 1183 quamdiu
1607 1127 1774 1184 spon-

210 1224 307 1265 sam
328 1209 375 1263 in
403 1207 639 1263 thalamo
666 1205 871 1273 vident,
902 1215 956 1261 et
978 1206 1158 1261 sciunt
1188 1218 1447 1277 sponsum
1489 1218 1611 1259 esse
1646 1218 1770 1260 cum

211 1313 404 1371 sponsa.
427 1297 654 1366 Quando
673 1312 807 1353 vero
833 1298 1149 1353 transierint
1172 1297 1400 1367 nuptiae,
1423 1306 1477 1353 et
1503 1295 1774 1366 passionis

215 1408 267 1447 ac
284 1390 692 1447 resurrectionis
724 1399 940 1460 tempus
965 1388 1272 1455 advenerit,
1303 1398 1431 1444 tunc
1460 1387 1646 1459 sponsi
1679 1386 1773 1443 lilii

210 1480 520 1555 jejunabunt.
539 1482 799 1539 Nonnulli
826 1492 1018 1551 putant
1039 1481 1243 1537 idcirco
1264 1491 1388 1553 post
1403 1480 1522 1536 dies
1542 1479 1775 1552 quadra-

209 1578 329 1648 ginta
351 1576 643 1643 Passionis,
661 1576 867 1646 jejunia
886 1575 1088 1632 debere
1107 1575 1371 1632 committi
1400 1591 1414 1630 :
1441 1576 1565 1631 licet
1588 1575 1771 1630 statim

209 1670 302 1727 dies
326 1669 670 1726 Pentecostes
691 1678 749 1725 et
767 1669 1002 1739 Spiritus
1024 1679 1246 1725 sanctus
1274 1668 1595 1732 adveniens,
1627 1665 1656 1706 δ
1686 1668 1771 1722 in-

208 1762 361 1820 dicant
377 1763 529 1820 nobis
550 1762 925 1819 festivitatem.
953 1762 1101 1820 Etex
1124 1762 1286 1835 hujus
1311 1764 1601 1820 occasione
1621 1763 1774 1818 testi-

209 1857 365 1921 monii,
393 1857 711 1923 Montanus,
733 1856 939 1921 Prisca,
988 1866 1044 1912 et
1089 1856 1384 1912 Maximilla
1432 1856 1597 1912 etiam
1652 1862 1774 1926 post
1804 1863 1852 1924 Β

206 1949 769 2008 Pentecostenfaciunt
804 1950 1279 2023 quadragesimam
1332 1966 1347 2006 :
1394 1949 1537 2020 quod
1591 1948 1774 2005 ablato

205 2061 392 2115 sponso,
420 2045 513 2101 lilii
534 2046 729 2114 sponsi
757 2044 993 2100 debeant
1016 2044 1284 2116 jejunare.
1313 2044 1567 2101 Ecclesiae
1590 2053 1769 2099 autem

206 2139 508 2195 consuetudo
532 2139 608 2194 ad
639 2137 957 2212 passionem
982 2138 1191 2193 Domini
1226 2146 1283 2193 et
1319 2137 1776 2193 resurrectionem

207 2247 281 2303 per
296 2231 648 2287 humilitatem
671 2232 854 2288 carnis
874 2231 1039 2293 venit.
1062 2240 1120 2285 ut
1137 2229 1400 2301 spirituali
1419 2230 1618 2301 saginae
1634 2228 1777 2300 jeju-

206 2326 278 2381 nio
293 2325 529 2398 corporis
560 2339 949 2396 preparemur.
974 2323 1137 2380 Juxta
1165 2334 1187 2363 ο
1214 2324 1571 2394 tropologiam
1593 2334 1775 2379 autem

208 2419 472 2484 sciendum,
498 2420 651 2491 quod
677 2419 930 2490 quamdiu
950 2434 1179 2493 sponsus
1207 2419 1486 2475 nobiscum
1516 2427 1619 2486 est,
1640 2429 1693 2474 et
1721 2418 1774 2474 in

208 2511 355 2569 latitia
366 2528 583 2583 sumus,
599 2529 698 2570 nec
706 2514 954 2585 jejunare
970 2528 1279 2584 possumus,
1298 2528 1397 2569 nec
1411 2512 1620 2583 lugere.
1639 2511 1774 2568 Cum

207 2617 352 2661 autem
369 2607 458 2664 ille
472 2614 707 2681 propter
723 2616 939 2679 peccata
954 2622 984 2661 a
1002 2605 1158 2662 nobis
1171 2605 1458 2661 recesserit
1475 2602 1526 2669 ά,
1544 2612 1675 2660 tunc
1693 2604 1777 2659 in-

206 2698 449 2757 dicendum
469 2702 746 2774 jejunium
771 2716 919 2766 esse,
951 2709 1078 2757 tunc
1102 2700 1279 2755 luctus
1304 2698 1677 2770 recipiendus.

259 2795 417 2865 (Vera.
459 2795 557 2866 16,
588 2794 705 2867 17.)
748 2794 919 2850 Nemo
967 2804 1141 2849 autem
1187 2793 1420 2849 immittit
1469 2792 1780 2847 commissu-

203 2902 293 2942 ram
324 2890 478 2961 panni
522 2890 682 2943 rudis
711 2889 765 2943 in
797 2888 1153 2944 vestimentum
1192 2897 1333 2943 retus
1363 2885 1475 2959 [AL
1503 2886 1777 2942 vestimen-

207 2986 245 3033 to
260 2979 435 3053 reteri].
468 2980 641 3037 Tollit
663 2982 800 3036 enim
821 2981 1198 3054 plenitudinem
1230 2982 1342 3052 ejus
1371 2996 1403 3033 a
1434 2980 1734 3035 uestimento
1760 3021 1776 3047 ,

203 3081 242 3124 et
263 3069 354 3146 5a
374 3077 517 3147 pejor
550 3074 781 3130 scissura
813 3074 895 3143 ﬁt.
922 3073 1105 3145 Neque
1131 3074 1341 3128 mittunt
1384 3073 1562 3128 uinum
1589 3089 1777 3128 novum

204 3163 382 3221 intres
405 3177 611 3223 veteres
634 3184 653 3221 :
677 3167 911 3239 alioquin
947 3177 1268 3236 rumpuntur
1305 3176 1477 3233 utres,
1515 3177 1566 3222 et
1599 3169 1776 3222 vinum

1872 552 2071 609 cuerit.

1948 644 2133 716 (Vers.
2160 645 2251 711 18,
2279 644 2393 718 19.)
2428 644 2562 702 Ecce
2599 647 2842 720 princeps
2876 661 3013 701 unus
3050 644 3263 700 accessit
3290 653 3316 692 Β
3343 686 3360 713 ,
3417 650 3467 698 et

1876 739 2126 795 adorabat
2150 757 2291 807 eum,
2320 741 2497 796 dicens
2529 757 2548 795 :
2582 739 2726 796 Filia
2754 757 2868 797 mea
2902 740 3055 794 modo
3086 739 3332 810 defuncta
3355 747 3432 793 est
3457 752 3477 793 :

1875 832 1967 887 sed
1998 834 2144 902 veni,
2170 834 2377 902 impone
2404 849 2616 888 manum
2645 842 2786 888 tuam
2812 832 2921 907 [ΑΙ.
2949 840 3090 889 tacet
3117 830 3286 903 tuam]
3318 846 3478 902 super

1875 940 2025 991 eam,
2066 934 2113 980 et
2147 928 2299 980 vivet.
2330 923 2398 979 Et
2425 941 2640 997 surgens
2668 923 2822 980 Iesus
2843 966 2857 990 ,
2891 924 3199 994 sequebatur
3242 939 3385 989 eum,
3428 930 3476 978 et

1875 1019 2130 1091 discipuli
2159 1024 2294 1095 ejus.
2319 1018 2582 1076 Octavum
2612 1020 2828 1090 signum
2860 1025 2965 1085 est,
2999 1018 3054 1074 in
3084 1031 3193 1087 quo
3221 1017 3479 1089 princeps

1875 1114 2131 1172 suscitari
2175 1113 2413 1184 postulat
2444 1112 2610 1168 tiliam
2640 1127 2830 1179 suam,
2876 1111 3068 1168 nolens
3095 1110 3164 1166 de
3211 1110 3475 1183 mysterio

1875 1223 2019 1263 verte
2048 1208 2488 1264 circumcisionis
2515 1207 2778 1271 excludi;
2818 1205 2912 1262 sed
2961 1206 3237 1262 subintrat
3276 1202 3477 1259 mulier

1875 1297 2141 1369 sanguine
2170 1298 2368 1363 ﬂuens,
2400 1307 2457 1354 et
2477 1307 2670 1353 octavo
2696 1282 2921 1352 sanatur
2948 1296 3092 1362 loco,
3123 1307 3178 1351 ut
3211 1295 3473 1365 principis

1883 1390 1995 1446 lilia
2023 1389 2092 1446 de
2115 1392 2219 1446 hoc
2244 1391 2465 1447 exclusa
2494 1406 2726 1447 numero
2755 1390 2939 1445 veniat
2972 1389 3040 1444 ad
3070 1403 3295 1453 nonum,
3319 1387 3473 1457 juxta

1878 1484 2016 1541 illud
2064 1487 2209 1558 quod
2251 1486 2305 1541 in
2349 1485 2569 1556 psalmis
2619 1484 2822 1540 dicitur
2865 1501 2881 1540 :
2931 1482 3204 1555 £thiopia
3244 1480 3371 1554 [AL
3404 1479 3470 1534 de

1876 1575 2188 1652 £thiopia]
2219 1579 2493 1650 prteveniet
2521 1593 2708 1632 manus
2731 1578 2843 1647 ejus
2869 1575 2976 1631 Deo
3006 1574 3128 1647 (Ps.
3158 1589 3326 1636 vatt,
3351 1573 3468 1643 52).

1878 1672 1946 1728 Ει
1991 1689 2003 1727 :
2052 1671 2180 1726 Cum
2229 1671 2495 1726 intrauerit
2539 1669 2810 1744 plenitudo
2837 1671 3096 1742 gentium,
3141 1675 3264 1722 tunc
3306 1668 3474 1720 omnis

1880 1767 2054 1823 Israel
2093 1766 2266 1823 salvus
2306 1768 2394 1838 ﬁet
2426 1765 2606 1840 (Rom.
2639 1781 2716 1831 xl,
2746 1764 2841 1830 25,
2863 1763 2980 1835 26).

1950 1860 2138 1930 (Vere.
2164 1860 2294 1932 20.)
2324 1859 2391 1915 Et
2432 1876 2548 1916 ecce
2574 1860 2760 1914 mulier
2796 1874 2914 1930 quis
2951 1857 3222 1931 sanguinis
3272 1858 3478 1928 ﬂuxum

1876 1955 2173 2030 patiebatur
2219 1953 2493 2009 duodecim
2542 1953 2714 2019 annis,
2748 1952 2966 2007 accessit
3018 1958 3181 2016 retro,
3210 1956 3261 2005 et
3310 1950 3481 2023 tetigit

1879 2048 2134 2118 ﬁmbriam
2160 2048 2445 2103 uestimenti
2466 2050 2598 2121 ejus.
2632 2046 2689 2102 In
2714 2046 2820 2121 53
2845 2044 3148 2117 Evangelio
3173 2043 3476 2101 secundum

1878 2141 2080 2199 Lucam
2123 2140 2407 2209 scribitur,
2439 2140 2584 2212 quod
2631 2139 2897 2211 principis
2927 2139 3034 2196 lilia
3058 2139 3351 2195 duodecim
3380 2155 3478 2194 an-

1877 2250 1981 2292 nos
2024 2234 2248 2290 haberet
2279 2235 2456 2290 aetatis
2487 2231 2642 2304 (Luc.
2676 2230 2828 2304 vm).
2866 2230 3004 2288 Nora
3048 2247 3184 2303 ergo
3231 2229 3376 2302 quod
3398 2245 3467 2287 eo

1881 2338 2133 2400 tempore
2184 2327 2303 2383 hare
2333 2326 2550 2396 mulier,
2585 2325 2638 2382 id
2683 2334 2788 2394 est,
2818 2326 3065 2398 gentium
3099 2324 3329 2396 populus
3358 2338 3474 2381 cte-

1879 2422 2023 2494 perit
2073 2429 2366 2493 aegrotare,
2416 2434 2527 2490 quo
2571 2433 2708 2490 gens
2738 2417 2861 2492 [Αι.
2894 2417 3103 2491 genus]
3156 2416 3468 2473 Judteorum

1876 2514 2205 2573 crediderat.
2238 2512 2353 2569 Nisi
2381 2513 2528 2570 enim
2559 2528 2625 2568 ex
2653 2513 3065 2583 comparatione
3101 2513 3364 2567 virtutum
3394 2510 3477 2565 vi-

1879 2611 2016 2667 tium
2061 2625 2168 2664 non
2217 2607 2544 2664 ostenditur.
2580 2608 2705 2662 lla‘c
2751 2615 2932 2661 autem
2978 2604 3177 2661 mulier
3216 2604 3478 2675 sanguine

1876 2702 2076 2773 ilucns,
2104 2718 2210 2758 non
2253 2704 2305 2757 in
2345 2701 2530 2769 domo,
2562 2717 2666 2755 non
2698 2699 2753 2755 in
2786 2698 2920 2754 urbe
2950 2698 3167 2753 accedit
3191 2694 3258 2752 ad
3288 2696 3479 2751 Domi-

1878 2814 2031 2864 num,
2061 2799 2186 2868 quia
2213 2796 2368 2868 juxta
2393 2795 2590 2866 Legem
2612 2793 2844 2849 urbibus
2864 2789 3256 2847 cxcludehatur
3287 2787 3474 2861 (Leuit.

1876 2908 1971 2959 xv,
2002 2890 2169 2947 Num.
2203 2889 2260 2963 v)
2286 2907 2300 2957 ;
2328 2889 2423 2946 sed
2467 2891 2519 2945 in
2554 2888 2774 2956 itinere,
2798 2884 3112 2943 ambulante
3142 2882 3394 2949 Domino,
3420 2892 3479 2937 ut

1876 2984 2007 3041 dum
2058 2984 2236 3055 pergit
2279 2982 2345 3039 ad
2392 2982 2580 3049 aliam,
2608 2980 2713 3037 alia
2746 2987 3054 3035 curaretur.
3088 2976 3244 3034 Unde
3289 2975 3479 3031 dicunt

1877 3089 1933 3135 et
1957 3077 2189 3150 apostoli
2219 3097 2233 3135 :
2266 3077 2423 3134 Vobis
2442 3076 2651 3144 quidem
2674 3074 2937 3146 Oportebat
2970 3072 3247 3143 pradicari
3270 3070 3477 3127 verbum

1883 3171 2017 3240 Dei;
2043 3172 2133 3227 sed
2151 3172 2400 3244 quoniam
2426 3186 2515 3225 ros
2530 3168 2809 3242 judicastis
2836 3167 3081 3238 indignos
3100 3165 3289 3234 salute,
3310 3173 3482 3219 trans-

204 3255 471 3327 eﬂ'snditur,
494 3271 552 3315 et
579 3269 718 3315 utres
738 3269 973 3325 pereunt.
1007 3259 1116 3315 Sed
1139 3261 1313 3315 vinum
1340 3277 1526 3315 novum
1546 3262 1603 3315 in
1629 3271 1772 3316 utres
1800 3253 1848 3319 C
1881 3266 2145 3340 gredimur
2174 3264 2243 3319 ad
2264 3274 2438 3336 gentes
2466 3262 2610 3333 (Act.
2642 3276 2758 3325 snt,
2785 3261 2905 3331 lli).

205 3364 331 3405 novos
367 3354 609 3421 mittunt,
650 3363 699 3409 et
751 3354 901 3409 ambo
947 3364 1337 3408 conservantur.
1391 3354 1524 3410 Haec
1565 3354 1660 3410 illo
1700 3355 1775 3409 lo-

205 3453 356 3511 attente
376 3446 442 3501 ad
486 3463 605 3502 eos.
629 3446 787 3515 Quod
841 3446 990 3511 dicit,
1025 3445 1129 3502 hoc
1149 3455 1238 3503 est
1268 3463 1285 3506 :
1334 3448 1518 3503 Donec
1552 3458 1778 3504 renatus

206 3537 306 3606 quis
328 3537 502 3605 luerit,
533 3549 596 3595 et
643 3540 821 3596 veteri
850 3540 1074 3596 homine
1105 3539 1379 3611 deposito,
1420 3556 1518 3612 per
1567 3543 1777 3613 passio—

205 3643 307 3685 nem
330 3647 520 3700 meam,
554 3646 760 3688 novum
793 3633 1069 3690 hominem
1111 3633 1350 3690 induerit
1379 3676 1395 3701 ,
1447 3648 1556 3690 non
1600 3644 1779 3705 potest

206 3726 446 3782 severiora
473 3726 680 3798 jejunii
702 3736 760 3782 et
787 3728 1139 3783 continentiae
1161 3727 1441 3783 sustinere
1467 3737 1775 3800 praecepta,

207 3831 264 3873 ne
291 3835 379 3890 per
418 3821 807 3878 austeritatem
856 3821 1098 3888 nimiam,
1127 3823 1292 3878 etiam
1327 3834 1352 3861 ο
1390 3822 1775 3880 credulitatem

204 3926 338 3981 quam
383 3931 526 3972 nunc
589 3914 796 3972 trahere
840 3915 1083 3983 videtur,
1136 3916 1372 3971 amittat.
1430 3916 1549 3971 Duo
1593 3926 1775 3972 autem

133 4067 145 4081 ,
209 4007 424 4077 exempla
453 4008 669 4080 posuit,
701 4016 759 4062 et
787 4008 985 4063 utrium
1025 4018 1273 4064 veterum
1303 4017 1357 4064 et
1389 4023 1679 4072 novorum,
1723 4018 1779 4064 et

206 4100 504 4156 vestimenti.
542 4098 780 4156 Veteres
805 4109 956 4156 utres
984 4100 1251 4156 debemus
1287 4100 1597 4172 intelligere
1626 4100 1779 4158 Scri-

202 4189 285 4246 bas
307 4202 357 4247 et
375 4193 709 4250 Pharisaeos.
742 4194 964 4265 Plagula
994 4194 1305 4251 vesﬁmenti
1337 4197 1484 4264 novi,
1510 4204 1567 4250 et
1590 4194 1775 4250 vinum

205 4296 394 4352 novum,
424 4295 698 4358 prmeepta
759 4285 1089 4358 Evangelica
1137 4288 1445 4352 sentienda,
1496 4304 1616 4358 quae
1667 4305 1774 4343 non

205 4388 401 4446 possunt
422 4382 704 4436 sustinere
730 4378 928 4448 Judaei,
953 4396 1022 4437 ne
1045 4380 1220 4452 major
1239 4382 1475 4438 scissura
1502 4380 1617 4437 llat.
1643 4382 1776 4437 Tale

205 4474 311 4540 quid
344 4485 398 4532 et
418 4476 633 4534 Galatte
666 4477 849 4533 lacere
878 4476 1197 4547 cupiebant,
1229 4487 1285 4531 ut
1317 4492 1442 4534 cum
1478 4477 1776 4548 Evangelia

205 4563 339 4638 [regis
364 4577 642 4641 praecepta
673 4568 986 4637 miscerent,
1018 4580 1075 4625 et
1121 4570 1176 4625 in
1228 4570 1442 4626 utribus
1488 4570 1773 4626 veteribus

1953 3358 2135 3431 (Vers.
2159 3356 2282 3428 21.)
2306 3355 2521 3411 Dicebat
2548 3354 2685 3411 enim
2730 3355 2871 3408 intra
2898 3369 2954 3408 se
2979 3369 2999 3408 :
3031 3350 3093 3408 Si
3122 3351 3339 3421 tetigero
3368 3358 3483 3402 tan-

1882 3463 1990 3509 tum
2012 3452 2371 3507 uestimentum
2399 3453 2531 3522 ejus,
2563 3447 2709 3503 salva
2732 3462 2840 3501 ero.
2873 3445 2937 3500 At
2971 3442 3126 3499 Iesus
3176 3457 3479 3508 conversus,

1881 3555 1930 3603 et
1980 3545 2158 3601 videns
2197 3560 2347 3614 eam,
2399 3542 2554 3598 dixit.
2602 3540 2761 3598 Juxta
2810 3538 3008 3609 Legem
3057 3537 3148 3608 qtti
3193 3535 3478 3590 mulierem

1881 3647 2277 3697 menstruatam
2336 3644 2431 3691 aut
2458 3634 2716 3689 ﬂuentem
2749 3631 3012 3703 sanguine
3044 3627 3315 3699 tetigerit,
3374 3627 3478 3681 im-

1882 3733 2121 3791 mundus
2153 3740 2238 3787 est
2268 3728 2455 3804 (Leuit.
2492 3728 2642 3800 xxv).
2680 3726 2785 3782 Ista
2814 3724 2940 3780 ideo
2968 3723 3135 3795 tangit
3167 3721 3477 3788 Dominum,

1883 3835 1943 3882 ut
1969 3824 2249 3897 sanguinis
2281 3822 2411 3878 vitio
2440 3822 2601 3877 etiam
2625 3818 2744 3887 ipsa
2770 3825 3075 3873 curaretur.

1956 3918 2134 3991 (Vers.
2170 3916 2290 3988 22.)
2322 3914 2558 3985 Conﬁde,
2591 3910 2727 3984 ﬁlia,
2760 3912 2889 3979 ﬁdes
2914 3919 3005 3964 tua
3028 3907 3229 3963 saluam
3254 3915 3302 3962 te
3327 3906 3483 3977 fecit:

1881 4020 1930 4067 et
1956 4011 2101 4066 salva
2129 4014 2268 4077 facta
2288 4019 2361 4064 est
2382 4006 2564 4061 mulier
2593 4021 2656 4060 ex
2682 4003 2777 4058 illa
2802 4002 2953 4057 hora.
2989 4000 3117 4056 Ideo
3166 3997 3275 4053 lilia
3300 4037 3316 4064 ,
3355 3996 3478 4066 quia

1883 4104 2022 4160 ﬁdes
2047 4113 2134 4158 tua
2167 4113 2220 4158 te
2244 4102 2449 4156 salvam
2480 4097 2631 4154 fecit.
2663 4096 2774 4151 Nec
2799 4094 2955 4159 dixit,
2987 4092 3121 4147 tides
3153 4100 3244 4145 tua
3287 4100 3340 4145 te
3369 4089 3479 4143 sal-

1882 4213 2003 4254 vam
2049 4198 2253 4251 iactura
2300 4203 2423 4257 est,
2480 4191 2574 4247 sed
2616 4190 2824 4246 salvam
2865 4200 2916 4242 te
2956 4185 3106 4243 fecit.
3146 4184 3205 4240 ln
3231 4198 3301 4240 eo
3329 4182 3479 4239 enim

1880 4292 2029 4364 quod
2057 4289 2370 4354 credidisti,
2398 4287 2512 4358 jam
2536 4286 2681 4341 salva
2718 4284 2856 4338 facta
2890 4296 2969 4338 es.

1955 4384 2134 4459 (Vers.
2162 4381 2279 4453 25.)
2306 4380 2374 4435 Et
2402 4395 2518 4434 cum
2532 4378 2749 4433 venisset
2775 4374 2933 4431 Iesus
2961 4376 3016 4430 in
3043 4374 3255 4429 domum
3275 4371 3481 4444 princi-

1882 4478 1964 4549 pis
1996 4493 2015 4532 :
2051 4487 2098 4531 et
2123 4474 2335 4529 uidisset
2392 4472 2664 4537 tibicines,
2701 4480 2749 4526 et
2790 4468 2997 4522 turbam
3040 4466 3476 4529 tumultuantem,

1881 4571 2102 4626 dicebat.
2134 4568 2320 4640 Usque
2349 4565 2511 4622 hodie
2538 4564 2713 4635 puella
2746 4562 2889 4634 jacet
2930 4562 2983 4617 in
3018 4562 3182 4615 domo
3221 4558 3485 4630 principis

206 4661 452 4720 mitterent
481 4663 675 4719 vinum
706 4677 905 4718 novum
932 4680 948 4729 ;
975 4663 1073 4718 sed
1104 4663 1400 4734 Apostolus
1454 4666 1523 4719 ad
1568 4680 1664 4719 eos
1693 4664 1774 4719 lo-
1800 4656 1854 4718 D
1880 4676 2119 4733 mortua,
2142 4673 2199 4720 et
2232 4663 2325 4734 qui
2351 4660 2605 4717 videntur
2638 4657 2883 4727 magistri
2908 4656 3158 4711 tibicines
3187 4661 3335 4717 sunt,
3364 4668 3484 4708 car-

204 4754 394 4823 quitur:
428 4757 475 4812 0
499 4757 755 4812 insensati
778 4755 889 4828 [AL
922 4757 1244 4831 insipientes]
1274 4756 1476 4814 Galate:
1501 4759 1522 4813 !
1544 4759 1661 4831 quis
1691 4775 1778 4814 uos

202 4849 445 4916 jascinauit
487 4852 697 4908 ueritati
728 4866 833 4906 non
868 4851 1078 4907 obedire
1115 4850 1315 4922 (Galat.
1347 4867 1427 4918 tu,
1457 4850 1553 4921 l)?
1580 4852 1778 4909 Sermo

204 4944 343 5014 igitur
374 4946 737 5018 Evangelicus
767 4946 1028 5017 apostolis
1059 4947 1263 5016 potius,
1285 4962 1448 5018 quam
1489 4946 1700 5003 Scribis
1724 4956 1779 5003 et

201 5035 470 5096 Pharisaeis
512 5049 601 5097 est
626 5037 1021 5106 infundendus,
1056 5040 1148 5111 qui
1174 5040 1441 5109 majorum
1467 5039 1780 5096 traditioni-

204 5126 292 5184 bus
312 5131 609 5203 depravati,
622 5130 994 5189 sinceritatem
1019 5142 1420 5203 praeceptorum
1434 5131 1639 5190 Christi
1664 5151 1773 5190 non

206 5233 439 5290 poterant
476 5224 775 5280 custodire.
809 5222 929 5279 Alia
954 5234 1039 5281 est
1067 5226 1213 5282 enim
1254 5227 1462 5297 puritas
1488 5228 1777 5298 virginalis

202 5313 395 5381 animae,
424 5326 482 5374 et
518 5317 665 5375 nulla
693 5316 893 5388 prioris
920 5317 1037 5375 vitii
1082 5322 1406 5390 contagione
1446 5319 1695 5392 pollutae,
1724 5330 1780 5378 et

263 5461 287 5528 ξ
311 5453 477 5528 Addit
508 5453 681 5528 Βαδὺ.
709 5460 865 5524 atque
888 5456 1155 5528 jejunare.

265 5523 465 5606 ljHaud
516 5525 655 5581 bene
699 5523 860 5580 antea
886 5523 1227 5606 :légebatur,
1262 5531 1521 5606 indicent.
1569 5531 1773 5606 Recole

203 5592 358 5682 EpiSI.
388 5600 657 5682 iu_nos_tra
688 5592 1010 5655 recensione
1046 5600 1140 5668 41,
1161 5592 1229 5657 ad
1259 5602 1595 5675 Marcellam,
1628 5620 1686 5660 n.
1716 5605 1771 5669 5,

203 5678 250 5721 et
281 5687 396 5735 qua:
426 5671 503 5725 ibi
534 5670 908 5726 observamus.
1583 5670 1590 5675 ’

206 5812 232 5822 Α
263 5750 287 5779 ο
313 5740 432 5822 Duo
461 5756 617 5822 mss...
656 5738 820 5822 Juxta
860 5740 986 5822 legis
1023 5754 1200 5822 autem
1236 5747 1583 5822 tropologiam
1613 5766 1631 5804 :
1657 5764 1775 5806 rec-

203 5812 296 5894 tius
316 5814 434 5894 alii2
457 5811 622 5870 Juxta
650 5811 798 5894 leges.
816 5811 988 5894 autem
1007 5811 1329 5894 tropologiar'
1347 5811 1640 5889 sciindum,
1664 5831 1773 5879 etc.

263 5882 287 5921 δ
316 5885 537 5944 Addunt
565 5896 677 5944 tres
705 5882 934 5944 Palatini
961 5882 1103 5947 mss:
1125 5901 1175 5948 et
1205 5882 1504 5951 iactauerit.

1882 4776 2006 4817 men
2038 4758 2268 4831 lugubre
2307 4764 2585 4811 canentes.
2630 4751 2814 4807 Turba
2856 4764 3075 4822 quoque
3122 4747 3434 4803 Judaeorutn
3461 4788 3477 4813 ,

1881 4871 1990 4913 non
2011 4864 2098 4912 est
2137 4853 2295 4909 turba
2346 4848 2684 4907 credentium
2712 4888 2730 4916 ,
2787 4847 2885 4903 sed
2933 4844 3089 4900 turba
3146 4842 3481 4899 tumultuan-

1883 4953 2136 5116 tiu(giers.
2167 5040 2287 5113 24.)
2338 5038 2601 5104 Recedite,
2626 5052 2728 5091 non
2757 5044 2831 5090 est
2861 5034 2998 5089 enim
3041 5041 3249 5088 mortua
3283 5032 3481 5107 puella,

1881 5139 1973 5195 sed
2019 5139 2230 5194 dormit.
2280 5135 2348 5192 Et
2390 5132 2692 5191 deridebant
2741 5147 2880 5186 eum.
2927 5130 3066 5200 Quia
3122 5129 3234 5185 Deo
3291 5129 3482 5184 vivunt

1875 5246 2084 5288 omnia.

1948 5322 2131 5395 (Vers.
2161 5321 2284 5395 25.)
2307 5320 2373 5376 Et
2399 5336 2517 5376 cum
2544 5322 2707 5395 ejecta
2742 5326 2869 5374 esset
2897 5317 3072 5383 turba,
3102 5315 3334 5371 intravit.
3359 5311 3478 5370 Non

1955 5473 1977 5501 ο
2006 5462 2217 5520 Vitiose
2250 5460 2381 5529 legit
2414 5458 2783 5527 Martianteus,
2810 5457 3187 5514 crudelitatem.

1956 5532 1978 5575 ί
2008 5535 2216 5592 Placuit
2262 5524 2401 5586 hanc
2429 5547 2562 5589 mss.
2587 5524 2833 5587 omnium
2891 5540 2998 5583 tam
3042 5540 3254 5590 eorum,
3280 5524 3476 5583 uuihus

1882 5623 2003 5672 nos,
2034 5622 2197 5678 quam
2248 5604 2444 5678 quibus
2472 5603 2819 5678 blartittttmtts
2861 5609 3146 5678 u_sus_est._
3175 5596 3471 5678 lectimtem

1882 5668 2148 5750 praeferre
2194 5668 2320 5733 huic
2358 5675 2541 5743 alteri,
2570 5691 2691 5746 qum
2731 5675 2783 5750 in
2814 5669 3052 5750 vulgatis
3093 5668 3475 5750 obtinebatuet

1881 5740 1991 5807 alia
2015 5753 2151 5825 ejus,
2182 5765 2300 5823 qua:
2326 5740 2610 5825 multarum
2643 5745 2873 5825 sordium
2898 5740 3103 5825 libidini
3134 5740 3474 5823 subjacucrit.

1956 5834 1981 5873 Β
2012 5814 2230 5880 iduum
2258 5818 2431 5877 nostri
2465 5834 2594 5874 mss.
2630 5818 2699 5872 ad
2725 5816 2908 5872 Iesum
2935 5821 3166 5884 :estque
3204 5828 3390 5869 revera
3419 5814 3473 5869 in

1878 5895 2089 5969 aliquot
2127 5892 2332 5956 Grmcis
2372 5889 2796 5963 exemplaribus,
2828 5887 3123 5969 προσελθὼν
3151 5892 3229 5963 τῷ
3268 5885 3462 5947 Ἰησοῦ.
