4004 6332
486 312 557 371 39
1742 314 1801 370 8.
1844 312 2120 379 EUSEBII
2163 312 2548 375 HIERONYMI
3711 324 3781 383 60

490 430 635 487 enim
665 436 826 485 erant
853 428 1027 502 digni,
1057 437 1115 485 ut
1144 427 1390 485 viderent
1422 427 1740 500 mysterium
1786 443 2077 501 rcsurgen-
2110 428 2160 493 Α
2186 429 2347 500 eiecto
2377 432 2657 501 daemonio,
2682 433 2891 493 loculus
2916 444 2991 491 est
3014 446 3207 492 mutus.
3234 436 3566 496 Undecimus
3595 448 3779 498 mutus

490 522 581 588 tis,
611 521 701 594 qui
752 520 1168 578 resuscitantem
1218 519 1452 590 indignis
1494 521 1841 576 contumeliis
1867 521 2085 578 deride-

494 614 645 672 bant.

562 707 747 780 (Vers.
778 706 898 779 26.)
930 706 997 762 Et
1026 708 1187 762 tenuit
1214 722 1422 761 manum
1442 707 1574 777 ejus.
1596 705 1663 763 Et
1690 709 1917 764 surrexit
1942 708 2084 780 puel-

491 798 659 857 la:Et
685 801 809 857 exiit
842 806 985 872 fama
1013 800 1126 855 haec
1154 802 1210 854 in
1238 800 1530 855 universam
1554 811 1747 857 terram
1780 802 1945 857 illam.
1972 801 2084 861 Nisi

493 893 641 966 prius
676 893 951 949 mundatm
977 893 1179 947 fuerint
1209 908 1401 948 manus
1429 893 1740 949 Iudaeorum
1770 938 1783 962 ,
1811 911 1930 967 qute
1959 910 2086 951 san-

488 990 654 1062 guine
686 990 859 1060 plente
886 996 1032 1056 sunt,
1060 1004 1335 1061 synagoga
1365 1004 1553 1045 eorum
1593 999 1804 1046 mortua
1846 1005 1952 1049 non
1998 1007 2088 1047 re-

489 1091 696 1154 surget.

568 1177 749 1247 (Vers.
786 1175 904 1249 27.)
951 1175 1016 1231 Et
1054 1185 1354 1231 transeunte
1386 1177 1507 1234 inde
1547 1177 1709 1246 Iesu,
1755 1178 1921 1232 secuti
1965 1186 2087 1233 sunt

490 1287 609 1327 eum
635 1270 740 1324 duo
768 1269 912 1333 carri,
949 1268 1237 1325 clamantes
1266 1311 1280 1337 ,
1311 1278 1359 1325 et
1408 1271 1637 1324 dicentes
1662 1279 1710 1325 ο.
1742 1270 2087 1327 Transeunte

494 1379 594 1435 per
616 1364 839 1419 domum
869 1364 1134 1435 principis
1157 1364 1389 1419 Domino
1415 1363 1525 1437 54
1549 1365 1701 1434 Iesu,
1732 1374 1788 1422 et
1829 1375 2088 1437 pergente

496 1456 564 1512 ad
596 1458 817 1512 domum
842 1472 996 1513 suam
1017 1501 1032 1526 ,
1083 1458 1221 1513 sicut
1264 1474 1429 1529 supra
1483 1459 1713 1530 legimus
1746 1476 1759 1513 :
1790 1460 2089 1519 Ascendetts

498 1551 815 1619 nat'iculam,
872 1552 1217 1621 transfretavit
1248 1558 1296 1606 tt
1326 1552 1460 1607 venit
1504 1553 1558 1607 in
1606 1552 1861 1609 civitatem
1901 1570 2086 1624 suam,

495 1644 805 1699 clamabant
835 1644 942 1699 duo
968 1645 1120 1712 caeci,
1149 1643 1396 1701 dicentes
1431 1661 1445 1699 :
1478 1643 1725 1701 Miserere
1772 1647 1937 1701 nostri
1954 1687 1968 1712 ,
2008 1646 2090 1713 [ili

500 1735 673 1791 Dauid
707 1747 802 1793 :ct
824 1746 1004 1793 tamen
1037 1753 1143 1793 non
1178 1747 1439 1793 curantur
1465 1738 1518 1797 in
1542 1739 1759 1807 itinere,
1774 1755 1883 1794 non
1910 1748 2090 1795 trans-

2188 521 2423 593 linguam
2455 526 2643 596 recipit
2682 527 2749 582 ad
2782 528 3139 600 loquendum.
3172 529 3330 598 Quod
3358 540 3545 588 autem
3580 530 3776 590 Grates

2188 614 2385 675 dicitur
2411 620 2609 692 κωφὸν,
2640 620 2814 692 magis
2852 623 3041 679 tritum
3072 632 3157 679 est
3186 638 3444 680 sermone
3470 628 3772 698 communi,

2189 720 2247 767 ut
2268 713 2462 768 surdus
2492 714 2665 785 magis
2695 730 2859 785 quam
2891 728 3064 772 mutus
3094 718 3457 789 intelligatur.
3484 718 3589 774 Sed
3612 720 3784 776 moris

2187 812 2273 860 est
2296 804 2700 877 Scripturarum
2732 810 2888 883 κωφὸν
2913 809 3313 878 indifferenter,
3350 810 3434 865 vel
3469 818 3669 866 mutum
3697 811 3781 868 vel

2187 898 2403 953 surdum
2433 899 2639 955 dicere.
2665 900 3032 970 Spiritualiter
3052 911 3234 958 autem
3266 903 3409 957 sicut
3436 903 3568 959 creci
3588 906 3775 960 lumen

2190 992 2462 1062 recipiunt
2486 1010 2499 1047 :
2526 994 2604 1049 sic
2632 1004 2686 1050 et
2712 994 2848 1050 muti
2866 995 2932 1051 ad
2960 995 3293 1067 loquendum
3320 996 3506 1067 lingua
3544 996 3781 1066 laxatur,

2189 1096 2247 1143 ut
2274 1088 2605 1145 conﬁteatur
2629 1105 2778 1158 eum,
2810 1105 2971 1161 quem
2999 1098 3162 1147 antea
3200 1090 3526 1161 denegabat.

2263 1182 2445 1254 (Vers.
2475 1182 2700 1254 35,54.)
2736 1183 2802 1239 Et
2834 1184 3040 1238 miratte
3084 1193 3207 1239 sunt
3256 1183 3424 1238 turbat
3445 1226 3459 1249 ,
3504 1184 3735 1239 dicentes
3767 1198 3788 1239 .°

2192 1274 2495 1348 Numquam
2530 1277 2773 1348 apparuit
2792 1277 2870 1332 sic
2897 1277 2953 1331 in
2980 1275 3171 1332 Israel.
3211 1275 3470 1332 Pharisaei
3502 1284 3674 1333 autem
3700 1276 3789 1332 di-

2190 1369 2371 1423 cebant
2425 1388 2437 1423 :
2491 1368 2557 1422 In
2616 1370 2853 1442 principe
2890 1370 3271 1425 dwmoniorum
3313 1370 3453 1442 ejicit
3499 1368 3787 1433 daemones.

2191 1461 2373 1518 Turba
2396 1460 2492 1517 Dei
2522 1476 2686 1532 opera
2720 1462 3053 1530 conﬁtetur,
3086 1472 3142 1517 et
3170 1461 3342 1517 dicit:
3372 1460 3676 1533 Numquam
3713 1461 3792 1518 sic

2190 1558 2435 1627 apparuit
2464 1557 2518 1611 in
2547 1554 2738 1612 Israel.
2771 1558 2828 1613 In
2873 1558 3032 1612 turba
3062 1557 3341 1614 confessio
3372 1556 3655 1612 nationum
3679 1564 3790 1615 est.

2193 1648 2454 1705 Pharisaei
2484 1658 2664 1706 autem
2690 1649 2815 1721 quia
2842 1651 3100 1706 virtutem
3147 1650 3243 1706 Dei
3268 1664 3466 1719 negare
3492 1665 3600 1704 non
3629 1658 3792 1720 pote-

2192 1749 2337 1806 rant,
2371 1756 2534 1813 opera
2558 1742 2963 1799 calumniantur
2990 1753 3043 1797 et
3064 1742 3261 1799 dicunt
3285 1761 3299 1797 :
3329 1740 3394 1796 In
3420 1743 3655 1815 principe
3681 1743 3797 1797 dte-

500 1832 693 1902 itorie,
724 1839 783 1888 ut
815 1833 1111 1902 putabant;
1154 1831 1251 1888 sed
1284 1841 1571 1902 postquam
1604 1832 1754 1887 venit
1785 1831 1837 1888 in
1866 1831 2086 1889 domum
2119 1834 2168 1899 B
2195 1836 2485 1890 mortiorum
2543 1834 2683 1906 ejicit
2738 1835 3001 1891 daemones
3046 1853 3066 1891 :
3110 1851 3211 1907 per
3261 1850 3412 1891 suam
3456 1835 3794 1891 calumniam

500 1940 679 1991 suam,
713 1926 982 1982 accedunt
1020 1926 1086 1979 ad
1109 1941 1233 1982 eum
1264 1968 1278 1989 ,
1323 1935 1374 1980 et
1409 1927 1687 1981 introeunt
1725 1942 1737 1980 :
1771 1933 1827 1981 et
1856 1925 2092 1995 primum

498 2030 688 2072 eorum
713 2017 1002 2072 discutitur
1034 2016 1192 2083 ﬁdes,
1228 2026 1283 2072 nt
1324 2017 1405 2072 sic
1428 2032 1572 2072 verae
1599 2016 1726 2073 ﬁdei
1758 2017 1944 2077 lumen
1995 2032 2090 2072 ac-

498 2111 723 2183 cipiant.
748 2112 920 2168 Priori
948 2115 1104 2184 signo
1130 2111 1271 2185 quod
1305 2111 1663 2182 exposuimus
1703 2112 1772 2166 de
1823 2111 2092 2182 principis

502 2205 645 2277 ﬁlia,
692 2215 746 2263 ct
789 2206 857 2262 de
910 2207 1323 2267 lia-morrbousa
1354 2205 1463 2278 [Αι.
1508 2204 1788 2279 morbosa]
1820 2206 2086 2275 muliere,

498 2311 900 2371 consequenter
923 2301 1026 2358 hoc
1050 2300 1303 2372 jungitur
1333 2318 1346 2353 :
1380 2310 1435 2354 ut
1468 2299 1611 2370 quod
1643 2298 1715 2353 ibi
1748 2313 1897 2355 mors
1924 2308 1979 2353 et
2005 2298 2093 2363 de-

499 2393 700 2463 bilitas,
735 2394 821 2452 hic
843 2396 1063 2453 caecitas
1095 2396 1520 2453 demonstraret.
1559 2393 1796 2464 Uterque
1818 2393 1963 2449 enim
1998 2408 2097 2464 po-

507 2489 664 2560 pulus
690 2506 867 2549 caecus
896 2500 1040 2555 erat,
1070 2490 1307 2548 Domino
1341 2505 1436 2557 per
1477 2489 1582 2547 hoc
1620 2488 1880 2545 sarculum
1913 2497 2094 2543 trans-

501 2594 702 2652 eunte,
752 2593 807 2641 et
843 2587 1099 2657 cupiente
1140 2584 1339 2640 reverti
1385 2582 1453 2638 ad
1501 2582 1720 2638 domum
1767 2595 1942 2637 suam.
1988 2579 2093 2648 Qui

501 2676 604 2732 nisi
634 2676 869 2734 confessi
897 2677 1125 2744 fuerint,
1169 2686 1223 2732 et
1266 2673 1830 2731 dixerintzMiset‘ere
1882 2672 2088 2742 nostri,

500 2771 579 2841 [ili
606 2768 807 2836 David;
834 2779 888 2828 et
917 2772 1290 2841 interrogante
1313 2769 1466 2834 Jesu,
1499 2766 1719 2823 Creditis
1735 2770 1858 2840 quia
1882 2781 2094 2840 possunt

502 2862 599 2918 hoc
628 2863 834 2933 facere?
882 2861 1262 2933 responderint
1308 2860 1355 2914 ei
1388 2877 1400 2913 :
1435 2858 1626 2929 Utique
1650 2901 1665 2925 ,
1700 2857 1953 2926 Domine,
2010 2858 2095 2912 lu-

505 2970 630 3012 men
664 2955 953 3027 pristinum
984 2972 1092 3011 non
1116 2953 1399 3025 recipient.
1449 2953 1507 3009 ln
1546 2953 1656 3008 alio
1693 2952 2047 3023 Evangelista
2073 2995 2089 3022 ,

507 3065 647 3105 unus
678 3063 854 3106 caecus
882 3049 1159 3115 scribitur,
1192 3048 1383 3105 scissis
1412 3047 1678 3115 vestibus,
1709 3060 1763 3103 et
1787 3048 1839 3102 in
1862 3047 2093 3107 Jericho

502 3143 723 3209 sedens,
754 3143 844 3215 qui
887 3143 954 3198 ab
1000 3142 1266 3213 apostolis
1305 3141 1628 3213 prohibetur
1672 3142 1939 3208 clamare;
1994 3140 2092 3197 sed

2196 1942 2369 1999 usque
2400 1928 2560 1984 hodie
2580 1928 2606 1983 J
2619 1928 2895 1984 udatorum
2920 1927 3298 1984 inﬁdelitatem
3319 1928 3794 1985 demonstrantes.

2267 2020 2451 2091 (Vers.
2481 2019 2597 2094 55.)
2628 2020 2694 2075 Et
2718 2020 2971 2077 circuibat
2989 2018 3143 2077 Iesus
3166 2037 3343 2076 omnes
3370 2021 3605 2079 ciuitates
3631 2030 3679 2075 et
3701 2037 3796 2075 ca-

2195 2114 2346 2172 stella
2377 2114 2565 2169 docens
2596 2116 2650 2170 in
2677 2116 2958 2188 syrtagogis
2984 2131 3188 2179 eorum,
3210 2125 3259 2169 et
3290 2113 3585 2187 prmdicans
3612 2112 3798 2168 Evan-

2195 2207 2392 2280 gelium
2418 2209 2585 2278 regni,
2622 2217 2670 2262 et
2703 2224 2895 2262 curans
2934 2224 3133 2263 omnem
3166 2208 3469 2278 languorem
3505 2217 3555 2262 et
3587 2223 3796 2263 omnem

2195 2301 2570 2371 inﬁrmitatem.
2603 2299 2798 2356 Cernis
2840 2300 2981 2370 quod
3011 2300 3297 2371 aequaliter
3321 2312 3376 2357 et
3406 2300 3551 2356 villis
3572 2345 3588 2372 ,
3617 2309 3675 2357 et
3701 2316 3800 2356 ur-

2196 2394 2380 2460 bibus,
2407 2403 2461 2449 et
2486 2394 2741 2459 castellis,
2774 2392 2825 2448 id
2858 2403 2961 2459 est,
2997 2403 3049 2448 et
3081 2395 3293 2464 magnis
3321 2403 3378 2449 et
3398 2394 3582 2464 parvis
3608 2394 3797 2449 Evan-

2195 2488 2391 2559 gelium
2421 2489 2825 2558 praedicaverit,
2854 2498 2912 2543 ut
2952 2504 3059 2545 non
3089 2488 3475 2547 considerares
3521 2489 3797 2546 nobilium

2198 2584 2521 2654 potentiam,
2579 2584 2674 2640 sed
2716 2584 2948 2640 salutem
2982 2582 3347 2638 credentium.
3378 2582 3661 2638 Circuibat
3713 2583 3796 2639 ci-

2197 2680 2415 2743 vitales,
2453 2678 2554 2733 hoc
2583 2677 2790 2734 habens
2819 2678 3005 2749 operis
3036 2676 3179 2747 quod
3207 2676 3563 2737 mandaverat
3593 2676 3795 2733 Pater:

2196 2782 2249 2827 et
2280 2772 2420 2827 hunc
2449 2772 2712 2838 esuriem,
2739 2779 2798 2826 ut
2818 2770 3068 2826 doctrina
3093 2785 3188 2825 sua
3214 2770 3394 2824 salvos
3421 2769 3634 2825 faceret
3660 2769 3787 2824 inﬁ-

2196 2862 2369 2919 deles.
2400 2862 2641 2919 Docebat
2668 2870 2847 2918 autem
2871 2863 2923 2917 in
2953 2861 3244 2932 synagogis
3274 2871 3328 2916 et
3354 2861 3503 2916 villis
3534 2862 3799 2934 Evange-

2198 2957 2327 3012 lium
2351 2957 2499 3027 regni
2529 2973 2541 3010 :
2576 2966 2628 3011 et
2656 2965 2780 3027 post
2803 2955 3250 3025 prtedicationem
3284 2965 3447 3026 atque
3473 2953 3793 3011 doctrinam

2196 3052 2427 3108 curabat
2449 3066 2665 3106 omnem
2694 3050 3034 3122 languorem,
3059 3057 3115 3105 et
3136 3064 3355 3104 omnem
3382 3048 3795 3115 inﬁrmitatem;

2199 3156 2257 3201 ut
2281 3145 2478 3215 quibus
2502 3159 2683 3200 sermo
2709 3159 2816 3199 nou
2842 3150 3127 3207 suaserat,
3167 3156 3330 3212 Opera
3375 3140 3795 3211 persuaderent.

504 3253 601 3309 per
648 3236 1036 3308 impudentiam
1091 3236 1282 3307 recipit
1323 3236 1610 3293 sanitatem
1652 3235 1849 3307 (Marc.
1878 3233 1954 3307 Χ).
1990 3234 2094 3304 Qui
2119 3232 2164 3297 C
2198 3240 2275 3294 De
2303 3239 2534 3294 Domino
2561 3238 2781 3308 proprie
2804 3237 3040 3292 dicitur:
3072 3234 3284 3291 Cursus
3321 3251 3535 3291 omnem
3568 3237 3802 3305 languo-

504 3330 662 3386 locus
693 3331 911 3401 proprie
940 3332 1004 3386 ad
1034 3330 1277 3401 gentium
1314 3328 1570 3399 populum
1617 3329 1893 3399 pertinet,
1939 3339 1993 3385 et
2039 3329 2095 3384 in

511 3440 612 3481 suo
638 3424 992 3495 exponondus
1014 3432 1097 3479 est
1121 3423 1412 3481 volumine.

577 3518 761 3591 (Vers.
794 3519 886 3585 9.8,
917 3518 1036 3593 9.9.)
1068 3519 1314 3574 Miserere
1338 3520 1526 3583 nostri,
1558 3520 1637 3589 ﬁli
1667 3518 1857 3576 David.
1895 3516 1924 3558 δ
1965 3516 2096 3573 Cum

509 3621 681 3667 autem
710 3612 922 3666 venisset
950 3612 1002 3666 in
1033 3613 1263 3677 doutum,
1290 3623 1614 3668 accesssruttt
1634 3612 1701 3666 ad
1723 3628 1838 3669 eum
1869 3612 2017 3679 circi,
2051 3620 2099 3667 et

508 3705 641 3760 dixit
670 3707 743 3760 eis
763 3704 920 3760 Iesus
952 3723 963 3759 :
998 3702 1238 3771 Creditis,
1263 3706 1386 3777 quia
1423 3704 1521 3758 hoc
1553 3721 1761 3775 possunt
1798 3705 1970 3776 facere
2011 3720 2100 3759 t'o-

510 3798 629 3853 bis?
657 3797 852 3853 Dicunt
883 3799 927 3852 ei
956 3814 974 3853 :
1003 3797 1217 3869 Utique,
1252 3796 1493 3853 Domine.
1534 3797 1680 3853 Tunc
1720 3798 1885 3870 tetigit
1918 3797 2099 3854 oculos

505 3907 703 3958 eorum,
736 3892 909 3945 dicens
941 3890 1281 3947 :Secundum
1310 3892 1467 3962 ﬁdem
1511 3902 1729 3949 vestram
1770 3893 1865 3963 ﬁat
1918 3892 2085 3949 vobis.

511 3981 581 4037 Et
606 3984 771 4053 aperti
798 3992 919 4038 sunt
952 3984 1091 4038 oculi
1120 4000 1316 4039 eorum.
1352 3983 1587 4039 Audiant
1634 3983 1871 4039 Marcion
1903 3992 1960 4039 et
1989 3984 2101 4040 Ma-

515 4076 782 4143 nichwtts,
816 4085 868 4132 ct
901 4077 1084 4132 eteteri
1119 4077 1397 4141 lia-retici,
1452 4078 1543 4147 qui
1575 4086 1728 4132 vetus
1771 4078 1973 4134 laniant
2006 4077 2100 4135 ln-

510 4178 873 4226 strumentum
906 4189 920 4226 :
956 4180 1009 4226 et
1038 4171 1604 4227 discantSalvatorem
1632 4172 1898 4243 appellari
1927 4173 2099 4229 ﬁlium

512 4261 721 4329 David;
756 4267 799 4319 si
832 4263 972 4318 enim
1007 4281 1113 4321 non
1157 4275 1241 4321 est
1273 4275 1430 4321 natus
1478 4264 1533 4320 in
1568 4280 1736 4322 carne
1760 4307 1775 4333 ,
1826 4266 2102 4338 quomodo

507 4370 732 4413 vocatur
764 4358 906 4413 ﬁlius
931 4359 1097 4414 David
1121 4361 1146 4414 Σ)

583 4450 765 4518 (Vers.
801 4451 893 4518 30,
923 4451 1040 4521 5|.)
1070 4452 1135 4506 Et
1164 4454 1505 4508 comminatus
1552 4463 1625 4509 est
1659 4452 1768 4509 illis
1792 4452 1981 4521 Iesus,
2021 4456 2104 4510 di-

508 4559 628 4600 cens
652 4559 672 4598 :
703 4543 884 4599 Videte
910 4561 971 4599 ne
997 4546 1114 4615 quis
1141 4546 1286 4600 sciat.
1323 4543 1373 4599 It
1383 4545 1417 4600 li
1445 4557 1617 4601 autent
1635 4556 1876 4603 exeuntes
1894 4588 1910 4614 ,
1941 4547 2103 4613 cli/Ta-

2200 3348 2313 3388 rem
2346 3342 2402 3387 et
2440 3346 2654 3387 omnem
2686 3329 3060 3385 inﬁrmitatem
3083 3370 3098 3396 ,
3124 3327 3260 3383 nihil
3288 3330 3490 3399 quippe
3509 3328 3557 3382 ei
3591 3328 3800 3400 impos-

2199 3426 2359 3483 sibile
2390 3434 2495 3481 est.

2273 3520 2457 3594 (Vers.
2488 3520 2608 3589 56.)
2668 3518 2857 3574 Videas
2879 3527 3052 3572 autem
3077 3516 3287 3583 turbas,
3311 3517 3553 3571 misertus
3582 3524 3658 3570 est
3697 3517 3798 3586 eis,

2198 3616 2321 3687 quia
2343 3623 2488 3669 erant
2508 3612 2695 3678 vexati,
2745 3619 2792 3665 et
2814 3613 3053 3683 jaceutes
3085 3609 3214 3663 sicut
3245 3624 3361 3663 oves
3399 3625 3503 3663 non
3541 3607 3795 3664 habentes

2199 3715 2476 3778 pastorem.
2509 3703 2658 3758 Tunc
2681 3704 2809 3757 dicit
2836 3701 3110 3774 discipulis
3145 3702 3279 3756 suis.
3331 3700 3557 3756 Vexatio
3608 3700 3801 3773 gregis

2199 3809 2255 3856 et
2281 3799 2460 3855 ovium
2478 3808 2640 3869 atque
2662 3799 2966 3864 turbarum,
3003 3805 3283 3866 pastorum
3307 3795 3488 3866 culpa,
3512 3806 3568 3850 et
3600 3796 3800 3851 vitium

2202 3897 2581 3965 magistrorum
2616 3902 2719 3948 est.
2758 3890 2913 3947 Unde
2945 3890 3213 3960 sequitur.

2274 3986 2453 4059 (Vers.
2489 3987 2579 4052 57,
2611 3984 2729 4057 38.)
2761 3984 2945 4039 Messis
2975 3985 3180 4056 quidem
3206 3984 3393 4049 multa,
3436 3984 3667 4056 operarii
3696 4001 3803 4039 ait.

2202 4090 2302 4136 tem
2331 4080 2506 4153 pauci.
2547 4078 2748 4150 Rogate
2788 4093 2909 4150 ergo
2950 4076 3228 4131 Dominum
3280 4076 3457 4132 messis
3483 4118 3497 4142 ,
3540 4086 3596 4131 stt
3628 4078 3805 4133 mittat

2203 4176 2469 4247 operarios
2507 4174 2560 4226 in
2584 4188 2799 4227 messem
2826 4187 2995 4225 suam.
3022 4169 3213 4225 Messis
3243 4169 3411 4225 multa
3471 4169 3809 4241 pepulorum

2204 4266 2475 4337 signiﬁcat
2504 4264 2912 4320 multitudinem
2945 4281 2959 4319 :
2988 4263 3098 4335 53
3120 4262 3359 4333 operarii
3401 4263 3582 4333 pauci,
3627 4278 3809 4333 penn-

2206 4361 2340 4414 riam
2373 4358 2779 4426 magistrorum.
2812 4356 2880 4412 Et
2920 4356 3156 4425 imperat
3183 4364 3237 4409 ut
3277 4364 3467 4425 rogent
3504 4354 3805 4412 Dominum

2205 4453 2419 4518 messis.
2469 4460 2576 4509 uts
2601 4452 2777 4508 mittat
2804 4450 3088 4522 operarios
3129 4450 3183 4505 in
3217 4464 3448 4506 litassent
3499 4465 3675 4506 suam.
3706 4450 3805 4508 Isti

2207 4557 2333 4604 sunt
2363 4547 2625 4618 operarii,
2649 4546 2719 4603 de
2735 4546 2936 4619 quibus
2965 4546 3209 4617 loquitur
3229 4544 3542 4612 Psalmista,
3561 4545 3759 4605 dicens
3784 4565 3800 4601 :

512 4645 778 4692 moverunt
804 4653 920 4691 eum
940 4638 994 4692 in
1019 4645 1126 4692 tata
1152 4647 1291 4693 terra
1326 4639 1439 4694 illa.
1476 4639 1545 4694 Et
1574 4640 1842 4696 Dominus
1873 4632 2100 4712 propter
2127 4632 2181 4693 D
2209 4641 2310 4709 Qui
2330 4642 2589 4696 seminant
2617 4640 2670 4694 in
2698 4640 2974 4711 lacrymis,
3002 4638 3059 4692 in
3090 4638 3283 4709 gaudio
3324 4646 3534 4691 metent.
3580 4636 3802 4707 Euntes,

514 4731 874 4788 humilitatem
900 4730 1109 4803 fugiens
1120 4732 1397 4802 iactantia:
1417 4734 1671 4805 gloriam,
1698 4733 1800 4789 hoc
1823 4749 2103 4805 praecepe-

514 4834 605 4882 rat
641 4843 654 4880 :
688 4834 745 4881 et
771 4824 849 4881 illi
886 4836 1110 4898 propter
1136 4827 1453 4885 memoriam
1500 4828 1691 4898 gratiae
1729 4843 1836 4883 non
1871 4836 2105 4900 possunt

508 4928 694 4977 tacere
721 4921 1068 4977 beneﬁcium.
1097 4921 1228 4977 Nota
1260 4937 1389 4993 ergo
1431 4922 1631 4993 aliquid
1662 4922 1804 4979 inter
1846 4939 1906 4980 se
1944 4936 1963 4963 ε
1987 4924 2106 4995 jus-

517 5030 637 5072 sum
670 5031 793 5074 esse
815 5018 1171 5074 contrarium.
1195 5016 1336 5073 Caeci
1379 5017 1464 5071 isti
1499 5019 1549 5072 in
1584 5014 1803 5073 decimo
1833 5027 2103 5075 curantur

511 5109 654 5166 loco.

587 5202 768 5273 (Vers.
802 5201 920 5273 δὲ.)
951 5202 1183 5276 Egressis
1204 5212 1377 5258 autent
1403 5203 1512 5259 illis
1532 5245 1546 5270 ,
1588 5220 1703 5260 ecce
1738 5204 2034 5260 obtulerunt
2058 5207 2106 5262 ei

515 5299 769 5354 hominem
821 5308 1023 5354 mutum
1065 5297 1124 5367 ιι,
1178 5301 1491 5356 dcemonium
1537 5302 1806 5356 habentem
1846 5317 1867 5357 :
1909 5311 1956 5357 et
2001 5302 2108 5375 55

589 5432 911 5503 “Supplent
964 5434 1079 5500 pari
1126 5449 1402 5491 consensu
1434 5449 1564 5491 mss.
1598 5434 1775 5506 nostri,
1827 5435 2102 5506 reliquum

512 5506 867 5571 versiculum,
896 5506 1138 5560 miserere
1187 5509 1367 5571 nostri,
1399 5507 1476 5575 ﬁli
1518 5506 1704 5561 David.
1745 5505 1876 5563 Cum
1925 5505 2101 5563 autem

515 5576 733 5646 venisset
764 5578 993 5646 domum,
1016 5588 1343 5633 accesserunt
1364 5578 1433 5632 ad
1459 5595 1572 5634 cum
1589 5581 1741 5634 caeci.

589 5644 618 5684 ιδ
666 5647 762 5703 Hic
806 5665 945 5722 vero
982 5644 1175 5722 totam,
1226 5666 1344 5719 quu
1394 5650 1521 5706 hinc
1561 5650 1934 5722 subsequitur,
1970 5649 2105 5707 Cum

521 5720 939 5791 autemrenisset,
966 5732 1100 5790 etc,
1124 5721 1422 5794 Scriptum
1437 5720 1763 5795 pericopem'
1782 5724 1945 5781 iidem
1967 5737 2104 5779 mss.

516 5799 718 5846 tacent.

606 5872 627 5901 ο
658 5862 765 5923 Pro
788 5867 995 5940 justum
1016 5910 1032 5941 ,
1070 5878 1180 5928 tres
1209 5881 1341 5929 mss.
1362 5869 1570 5939 justum
1624 5866 1855 5942 legunt,
1913 5867 2109 5943 sicque

2204 4735 2369 4801 ibant,
2400 4743 2451 4788 et
2485 4733 2696 4804 flebant,
2731 4741 2999 4803 portantes
3023 4732 3223 4787 sentina
3254 4747 3372 4786 sua.
3404 4730 3682 4787 Venientes
3708 4749 3809 4788 att-

2206 4841 2307 4885 tem
2354 4828 2555 4882 uenient
2598 4844 2713 4881 cum
2749 4827 3133 4891 exsultatione,
3194 4834 3458 4896 portantes
3512 4827 3809 4897 manipulos

2206 4942 2329 4981 suos
2357 4923 2532 4999 (Psal.
2563 4939 2729 4989 θην,
2755 4924 2809 4990 '7,
2842 4923 2918 4993 8).
2949 4922 3017 4976 Et
3045 4930 3102 4976 ut
3131 4920 3371 4991 apertius
3414 4919 3630 4990 loquar,
3658 4935 3810 4977 mes.

2207 5021 2281 5077 sis
2314 5019 2500 5086 multa,
2535 5018 2715 5073 omnis
2746 5017 2903 5073 turba
2932 5014 3273 5072 credentium
3298 5023 3405 5069 est.
3429 5011 3680 5083 Operarii
3711 5029 3812 5071 au.

2214 5122 2322 5169 tem
2353 5112 2535 5184 pauci,
2568 5121 2622 5167 et
2669 5109 2934 5178 apostoli,
2993 5117 3049 5164 et
3103 5109 3410 5163 imitatores
3457 5120 3647 5162 eorum
3715 5107 3809 5177 qui

2214 5208 2505 5265 mittuntur
2531 5204 2599 5261 ad
2631 5218 2888 5261 messem.
3386 5258 3389 5259 ν

2290 5300 2447 5373 (Cap.
2473 5299 2777 5357 X.—-Vers.
2811 5297 2891 5368 l.)
2931 5295 2995 5351 Et
3019 5295 3314 5351 convocatis
3345 5294 3619 5350 duodecim
3644 5296 3810 5351 disci-

2212 5434 2569 5490 Rhabbauus.

2282 5503 2309 5544 ἀ
2385 5504 2808 5563 Vetustissimos
2868 5504 3199 5561 Veronensis
3258 5500 3618 5557 Bibliotltecte
3666 5502 3817 5560 liber

2213 5578 2636 5648 Evangeliorum
2665 5576 2847 5644 addit,
2884 5585 2931 5631 et
2962 5575 3180 5630 surdum
3206 5591 3223 5630 :
3254 5584 3550 5644 utramque
3593 5575 3812 5632 scilicet

2210 5650 2363 5722 vocis
2386 5656 2554 5722 κωφοῦ
2582 5648 3117 5722 interpretationem.

2287 5731 2312 5760 ο
2338 5718 2856 5794 Duo'ntss.,ejiciut,
2882 5735 2981 5790 pro
3012 5719 3225 5794 mittat;
3256 5722 3446 5794 sl_eque
3474 5718 3634 5794 paqu
3656 5728 3804 5789 post,

2213 5796 2265 5849 in
2297 5793 2643 5849 exsultatione
2667 5789 3008 5862 metent,’pro
3035 5791 3249 5863 gaudio.
3282 5789 3351 5849 Et
3370 5803 3520 5861 mox,
3546 5792 3810 5849 mittentes

2216 5866 2430 5938 sentina,
2466 5878 2566 5939 pro
2592 5872 2878 5938 portantes.
