4004 6332
225 317 283 375 61
722 306 1379 369 COMMENTARIORUM
1420 305 1484 363 IN
1524 303 1783 367 EVANGI

1898 306 1977 366 JM
2019 307 2359 369 ΜΔΤΤΗΑΞΙ
2398 309 2526 366 LIB.
2570 310 2609 367 Ι.
2654 308 2808 367 CAP.
2851 308 2918 364 Χ.
3406 309 3479 367 6Q

225 433 344 503 pulit
371 430 495 496 suis.
522 429 657 485 dedit
687 428 799 485 illis
831 436 1131 501 potestatem
1173 426 1456 500 spirituum
1477 423 1775 481 ίυιηιιηιαοο
1803 427 1857 489 Δ
1881 424 1991 499 ges]
2023 470 2038 496 ,
2072 443 2138 485 ex
2193 427 2452 487 ﬁrmitate
2493 438 2549 486 et
2598 428 2973 502 magnitudine
3028 426 3152 485 tidei
3213 425 3480 486 nominati

222 540 341 591 rant,
363 533 415 581 ut
436 524 669 596 rjiccrent
696 539 805 591 eos,
854 532 903 579 et
937 532 1179 577 curarent
1235 537 1436 577 omnem
1476 520 1785 591 languorem

221 632 262 677 et
300 636 487 675 onmem
530 620 904 690 inﬁrmitatem.
942 618 1215 690 Benignus
1244 626 1299 673 et
1324 618 1571 674 clemens
1603 614 1784 670 Domi-

220 729 308 771 nus
330 728 390 771 ac
414 712 697 783 magister,
732 728 838 769 non
868 712 1077 769 invidet
1096 712 1273 768 servis
1301 719 1463 781 atque
1500 707 1782 779 discipulis

218 808 421 865 virtutes
439 820 591 862 suas.
619 806 681 860 Et
715 807 855 861 sicut
901 806 1018 877 ipse
1067 814 1353 859 curaverat
1398 817 1617 858 omnem
1667 802 1785 856 lan-

215 915 415 975 guorem
444 908 498 956 et
525 914 747 961 omnem
802 898 1174 957 inﬁrmitatem
1202 940 1217 966 ,
1261 895 1523 967 apostolis
1561 909 1784 966 quoque

214 994 311 1050 suis
336 992 520 1048 tribuit
548 1001 899 1064 potestatem,
934 1000 990 1047 ut
1018 999 1282 1047 curarent
1310 1004 1526 1049 omnem
1559 991 1785 1057 languo.

215 1104 315 1147 rem
337 1130 351 1155 ,
397 1097 453 1142 et
500 1102 719 1143 omnem
752 1087 1127 1143 inﬁrmitatem
1173 1086 1226 1141 in
1256 1085 1434 1157 plebe.
1471 1084 1580 1140 Sed
1612 1083 1783 1140 multa

212 1183 447 1239 distantia
472 1191 558 1237 cst
581 1182 725 1236 inter
756 1181 956 1237 habere
982 1189 1037 1237 et
1070 1180 1315 1235 tribuere
1336 1224 1350 1247 ,
1387 1178 1594 1233 donare
1618 1186 1669 1231 et
1693 1191 1784 1231 ac-

212 1280 396 1348 cipere.
440 1274 551 1331 Iste
601 1276 987 1345 quodcumque
1041 1275 1194 1344 agit,
1249 1279 1518 1342 potestate
1566 1270 1787 1327 Domini

210 1373 339 1444 agit:
371 1370 469 1439 illi,
485 1371 534 1426 si
557 1369 687 1440 quid
712 1369 942 1439 faciunt,
968 1368 1399 1424 imbecillitatem
1419 1381 1573 1426 suam
1599 1373 1654 1420 et
1673 1366 1785 1419 vir-

210 1474 358 1520 tutem
390 1463 606 1521 Domini
627 1465 981 1531 conﬁtentur,
1011 1462 1259 1518 dicentes
1289 1479 1302 1515 :
1338 1459 1401 1514 In
1426 1464 1632 1515 nomine
1656 1458 1784 1515 Jesu

209 1576 361 1631 surge,
387 1566 433 1615 et
456 1560 672 1619 ambula
695 1560 831 1631 (Act.
864 1572 945 1622 Iit,
973 1557 1053 1630 6).
1086 1556 1394 1613 Notandum
1423 1566 1605 1611 autetn
1636 1553 1785 1625 quod

211 1653 254 1707 in
273 1651 593 1709 duodecimo
619 1652 765 1717 loco,
790 1660 1034 1723 potestas
1062 1652 1341 1720 signorum
1369 1647 1636 1719 apostolis
1656 1660 1787 1701 con-

207 1745 425 1801 cedatur.

1884 534 2033 580 80M.

1955 617 2027 674 Et
2051 618 2218 675 Iudas
2248 620 2563 676 lscltarioles
2588 631 2637 690 ο,
2669 620 2757 692 qui
2789 629 2836 674 et
2859 619 3076 674 tradidit
3112 634 3250 674 um.
3299 617 3398 675 Vel
3447 631 3479 674 a

1884 713 2004 769 vico
2035 723 2129 768 aut
2157 714 2294 770 urbe
2323 714 2379 769 in
2405 728 2517 784 quo
2546 723 2702 768 ortus
2732 721 2839 779 est,
2867 712 2954 768 vel
2978 727 3045 767 ex
3079 711 3226 768 tribu
3257 709 3479 767 lsacltar

1884 807 2204 862 vocabulum
2232 808 2510 877 sumpsit:
2546 819 2602 862 ut
2632 808 2869 879 quodam
2925 807 3181 863 vaticinio
3236 806 3288 861 in
3340 820 3477 860 con-
3577 848 3590 866 .

1886 899 2272 956 demnutionen
2305 901 2389 958 sui
2418 911 2578 956 natus
2608 901 2700 956 sit.
2744 899 2963 956 lsaclrar
3007 901 3153 955 enim
3204 898 3483 969 interpre-

1888 1001 2031 1047 tatur
2059 1009 2271 1057 merces,
2307 1002 2366 1048 ut
2392 993 2731 1064 signiﬁcetur
2759 993 2993 1064 pretium
3023 991 3341 1063 proditoris.
3366 1048 3385 1062 ε

1958 1085 2143 1158 (Vers.
2174 1087 2227 1153 5,
2264 1086 2345 1157 6.)
2403 1084 2470 1141 In
2510 1087 2645 1141 uiam
2674 1087 2901 1158 gentium
2929 1102 2992 1140 ne
3016 1085 3245 1139 abieritis
3276 1099 3295 1139 :
3323 1092 3372 1138 et
3423 1084 3480 1140 in

1887 1180 2112 1235 civitates
2134 1180 2590 1235 Samaritanorum
2627 1197 2692 1234 ne
2726 1179 3037 1234 intraueritis
3060 1194 3079 1234 :
3102 1178 3190 1232 sed
3215 1178 3388 1251 potius
3411 1176 3482 1231 ita

1888 1273 1957 1326 ad
1987 1290 2101 1329 oves
2130 1289 2245 1344 qua:
2274 1275 2538 1343 perierunt
2567 1274 2753 1329 domus
2783 1272 2972 1328 Israel.
2996 1273 3112 1328 Non
3141 1282 3223 1326 est
3253 1282 3480 1327 contra-

1888 1368 2002 1423 rius
2044 1366 2197 1421 lorus
2236 1367 2340 1422 iste
2380 1367 2428 1422 ei
2472 1379 2745 1439 praecepto
2796 1366 2940 1438 quod
2999 1379 3187 1436 postea
3236 1364 3480 1421 dicitur:

1890 1460 2085 1515 Euntcs
2114 1462 2290 1515 docete
2311 1477 2486 1515 omnes
2514 1470 2711 1530 gentes,
2739 1460 3056 1528 baptizantes
3082 1476 3167 1513 eos
3188 1459 3242 1512 in
3266 1458 3478 1513 nomine

1895 1556 2088 1620 Putris,
2114 1554 2334 1622 etFitii,
2373 1567 2420 1611 et
2443 1556 2676 1625 Spiritus
2703 1556 2871 1610 sancti
2930 1554 3090 1626 (Mat.
3137 1568 3325 1620 xxvttt,
3363 1551 3480 1622 19).

1889 1649 2021 1718 Quia
2073 1649 2175 1705 hoc
2215 1658 2341 1705 ante
2371 1650 2850 1713 resurrectionem,
2886 1648 3018 1703 illud
3065 1657 3186 1718 post
3235 1658 3485 1701 resurre-

1891 1745 2129 1802 ctionem
2159 1742 2185 1781 ά
2224 1752 2551 1816 prteccptum
2578 1752 2681 1799 est.
2712 1742 2784 1799 Et
2804 1741 3089 1811 oportebat
3119 1740 3355 1811 primum
3387 1735 3486 1792 ad.

267 1836 443 1908 (Vera.
472 1836 559 1907 Ξ.)
604 1836 899 1895 Duodecim
937 1844 1111 1895 autent
1155 1832 1520 1905 apostolorum
1566 1831 1779 1887 nomina

1898 1851 2106 1899 rentum
2140 1840 2341 1897 Christi
2370 1841 2622 1895 nuntiare
2642 1838 2867 1902 Judmis,
2895 1852 2962 1890 ne
2984 1836 3186 1906 justam
3217 1833 3484 1889 traherent

207 1938 304 1984 sunt
337 1930 467 1985 lucc.
495 1929 799 2002 Catalogus
819 1931 1197 2001 apostolorum
1241 1931 1482 1999 punitur,
1524 1935 1578 1981 ut
1629 1933 1785 1982 extra

208 2025 397 2095 hosqui
421 2025 879 2096 pseudoapostoli
910 2023 1074 2081 futuri
1101 2032 1247 2089 sunt,
1293 2022 1675 2081 excludantur.

260 2115 428 2189 (Vera.
462 2114 545 2188 5.)
573 2115 796 2177 Primus
821 2116 1006 2174 Simon
1029 2159 1044 2184 ,
1089 2117 1178 2188 qui
1221 2115 1414 2171 dicitur
1461 2112 1652 2171 Petrus
1677 2155 1693 2179 ,
1736 2123 1786 2169 et

206 2210 414 2269 Andreas
454 2215 629 2283 frater
658 2215 772 2284 ejus
808 2228 827 2267 :
856 2210 1084 2267 Iacobus
1137 2210 1373 2265 Zebcdaai
1399 2254 1413 2277 ,
1462 2220 1508 2265 et
1553 2207 1787 2264 Joannes

204 2309 341 2379 frater
367 2308 482 2377 ejus
511 2323 531 2362 :
552 2307 856 2379 Philippus
886 2316 933 2362 ct
973 2305 1390 2361 Bartholomatus
1419 2345 1435 2372 ,
1483 2304 1708 2360 Thomas
1736 2313 1785 2359 et

211 2398 457 2455 llattltwus
473 2398 824 2471 publicanus,
839 2410 884 2454 et
907 2398 1137 2455 Iacobus
1156 2399 1379 2470 Alpltazi,
1396 2409 1443 2453 et
1468 2398 1785 2453 Thaddaztts.

206 2490 436 2551 Ordinem
466 2494 858 2565 apostolorum
887 2505 944 2551 et
971 2497 1224 2551 meritum
1249 2493 1697 2563 uniuscujusque,
1730 2492 1789 2548 il-

207 2586 293 2643 lius
314 2586 413 2643 fuit
431 2588 801 2653 distribuere,
830 2590 921 2660 qui
952 2589 1132 2644 cordis
1159 2604 1356 2644 arcana
1387 2590 1635 2645 rimatur.
1669 2588 1787 2644 Pri-

206 2693 305 2735 mus
324 2681 599 2736 scribitur
629 2681 822 2739 Simon
849 2723 867 2749 ,
924 2689 1289 2751 cognomento
1324 2682 1550 2747 Petrus;
1605 2680 1671 2735 ad
1704 2681 1785 2735 di-

207 2773 523 2830 stinctionem
556 2773 793 2831 alterius
825 2774 1087 2842 Simonis,
1121 2775 1211 2845 qui
1237 2774 1540 2845 appellatur
1570 2772 1786 2828 Chana-

206 2881 358 2934 nzeus,
382 2868 449 2923 de
477 2868 613 2924 vico
638 2865 828 2924 Chana
854 2869 1093 2925 Galilaae
1112 2910 1125 2932 ,
1160 2870 1251 2924 ubi
1282 2885 1474 2938 aquam
1520 2868 1787 2924 Dominus

206 2962 342 3015 vertit
372 2961 426 3015 iu
456 2962 658 3017 vinum
690 2958 878 3032 (Joan.
919 2960 1001 3033 tt).
1041 2961 1306 3017 Iacobum
1354 2976 1569 3031 quoque
1600 2961 1785 3029 appel-

205 3050 264 3107 lat
288 3052 563 3119 Zebedaei,
595 3055 720 3125 quia
746 3063 803 3110 et
827 3054 964 3110 alius
994 3055 1245 3124 sequitur
1283 3054 1525 3109 Jacobus
1549 3053 1783 3123 Alphtei.

205 3143 259 3201 Et
290 3146 668 3216 apostolorum
707 3148 857 3217 paria
892 3146 1019 3218 juga
1050 3156 1076 3184 α
1107 3147 1408 3203 consociat.
1456 3146 1640 3216 Jungit
1688 3146 1788 3200 Pe-

1887 1937 2323 1996 cxcusationem.
2348 1934 2597 1989 dicentes
2620 1931 2746 1989 ideo
2774 1948 2834 1986 se
2868 1930 3152 1986 Dominum
3183 1928 3483 1998 rejecisse',

1888 2033 2012 2103 quia
2045 2031 2111 2086 ad
2141 2041 2331 2100 gentes
2359 2039 2413 2084 et
2442 2029 2509 2083 ad
2537 2027 2909 2083 Samaritanus
2936 2024 3217 2095 apostolos
3245 2021 3478 2078 miserit.

1887 2128 2045 2183 Juxta
2079 2126 2433 2197 tropologiam
2465 2139 2598 2179 vero
2628 2122 2944 2193 praecipitur
2973 2119 3131 2174 nobis
3161 2121 3252 2189 qui
3281 2115 3482 2174 Christi

1886 2236 2174 2277 censemur
2201 2219 2439 2287 nomine,
2476 2234 2543 2274 ne
2566 2218 2619 2273 in
2640 2217 2727 2273 via
2749 2217 2991 2287 gentium
3014 2223 3069 2270 et
3100 2212 3481 2269 haereticorum

1887 2317 2229 2372 ambulemus
2259 2329 2474 2381 errore,
2509 2324 2561 2368 ut
2600 2327 2832 2385 quorum
2865 2311 3060 2381 religio
3098 2317 3345 2380 separata
3373 2315 3479 2373 est,

1887 2421 2170 2482 separetur
2195 2419 2250 2465 et
2280 2410 2409 2464 vita.

1961 2504 2140 2576 (Vers.
2174 2502 2227 2568 7,
2276 2503 2359 2574 8.)
2406 2501 2603 2560 Euntcs
2643 2509 2816 2555 autem
2862 2497 3164 2569 prwdicate,
3218 2495 3485 2550 dicentes:

1886 2599 2007 2671 quia
2038 2595 2471 2677 appropinquavit
2515 2609 2733 2665 regnum
2773 2591 3040 2654 oculorum,
3093 2589 3327 2659 infirmos
3374 2585 3484 2659 58

1889 2700 2087 2756 curate,
2112 2698 2341 2743 mortuos
2362 2689 2624 2753 suscitote,
2658 2686 2887 2755 leprosos
2916 2682 3187 2747 mundare,
3222 2682 3482 2735 daemones

1888 2782 2180 2855 cjicitc.Nc
2219 2781 2535 2837 hominibus
2576 2777 2873 2835 rusticanis
2920 2784 2974 2832 et
3020 2775 3229 2845 absque
3277 2770 3481 2842 eloquii

1892 2886 2175 2932 venustate
2206 2874 2436 2931 indoctis
2459 2882 2513 2929 et
2544 2872 2839 2927 illitteratis
2868 2883 3029 2924 nemo
3054 2866 3326 2927 crederet,
3358 2864 3484 2933 pol-

1890 2970 2176 3027 licentibus
2206 2985 2368 3040 regna
2414 2953 2705 3031 mulorum,
2739 2964 2832 3019 dat
2872 2970 3197 3033 potestatem
3238 2960 3486 3013 inﬁrmos

1890 3080 2104 3130 curare,
2130 3064 2381 3135 leprosos
2411 3060 2696 3123 mundare,
2727 3058 3001 3113 daemones
3027 3053 3252 3123 ejicere,
3283 3060 3341 3106 ut
3368 3064 3484 3105 ma-

1888 3158 2225 3229 gnitudinem
2261 3156 2653 3222 promissorum
2703 3151 2896 3222 probet
2940 3147 3257 3219 magnitudo
3299 3148 3483 3215 siguov

206 3247 329 3294 "'"m
379 3250 434 3296 θι
489 3238 783 3297 Andream
840 3240 1066 3305 ἷτθίνεδν
1124 3256 1231 3294 ml"
1265 3249 1370 3296 '3'“
1404 3254 1569 3295 εθτιιθ
1621 3233 1855 3310 (μιασιο
1892 3272 2034 3311 rum.
2068 3254 2134 3308 Et
2182 3252 2309 3323 quia
2340 3265 2558 3318 sctmter
2610 3248 2751 3303 dona
2803 3243 3103 3315 Spiritnalia
3157 3242 3225 3315 (si
3272 3254 3485 3296 merces

206 3333 291 3408 57
319 3337 534 3405 spiritu.
579 3333 846 3391 Jacobutn
873 3343 931 3390 et
956 3336 1258 3397 Joannem,
1288 3334 1378 3404 qui
1413 3349 1606 3405 partem
1663 3348 1786 3389 cor-

207 3429 336 3495 poris
384 3429 817 3499 relinquentes,
875 3445 1067 3483 verum
1123 3429 1340 3485 Patrem
1400 3430 1575 3484 secuti
1635 3438 1786 3485 sunt.

207 3518 493 3591 Philippum
527 3532 593 3578 et
626 3521 1093 3578 Bartltolomtcutn
1118 3562 1133 3588 ,
1169 3521 1432 3577 Thomam
1480 3536 1701 3593 quaque
1731 3529 1786 3576 et

207 3614 493 3672 Matthazum
532 3616 918 3688 publicanum.
948 3616 1151 3672 Cameri
1182 3617 1537 3687 evangelista:
1582 3618 1632 3671 in
1656 3632 1789 3671 con-

203 3707 459 3776 iunctione
482 3710 805 3776 nominum,
840 3711 1077 3780 primum
1106 3719 1315 3779 ponunt
1348 3710 1695 3775 Mattbzeum;
1729 3717 1785 3764 et

205 3812 367 3871 postea
404 3804 722 3871 Thomam,
768 3819 869 3859 nec
921 3804 1196 3875 publicani
1247 3817 1445 3859 nomen
1501 3805 1789 3859 ascrilmut

202 3894 683 3970 [ALascribitur],
712 3913 784 3954 ne
832 3898 1068 3969 antiqua:
1112 3898 1549 3954 conversationis
1598 3913 1785 3953 recor-

204 3988 376 4046 dantes
400 3990 679 4063 sugillare
712 3990 1128 4061 Evangelisram
1159 3991 1495 4045 viderentur.
1516 3990 1621 4045 Iste
1649 4006 1786 4045 vero

204 4082 271 4151 (ut
297 4097 456 4152 supra
479 4083 757 4154 diximus)
786 4091 842 4137 et
871 4092 995 4153 post
1018 4083 1286 4138 Thomam
1321 4099 1380 4138 se
1409 4085 1583 4153 ponit,
1611 4095 1662 4139 et
1687 4100 1786 4154 pu-

203 4171 451 4231 blicanum
475 4176 756 4247 appellat,
788 4186 848 4231 ut
870 4175 957 4231 ubi
976 4176 1257 4231 abundarit
1289 4178 1561 4249 iniquitas,
1597 4195 1784 4247 super-

202 4267 401 4329 abuxdct
421 4281 468 4327 ct
497 4271 677 4343 gratia
705 4270 887 4341 (Rom.
923 4286 975 4337 ν,
1004 4270 1121 4342 Q0).

262 4363 435 4436 (Vera.
465 4367 560 4435 4.)
592 4364 779 4425 Simon
821 4366 1150 4421 chanattatus.
1194 4365 1314 4435 Ipse
1344 4378 1423 4421 est
1464 4366 1559 4437 qui
1599 4368 1650 4421 in
1668 4368 1783 4425 alio

203 4455 523 4529 Evangelista
545 4458 658 4532 [ΑΙ.
679 4458 993 4533 Evangelio]
1009 4460 1267 4515 scribitur
1288 4459 1491 4515 Zelotes
1514 4460 1776 4534 (Luem).

204 4547 362 4606 Chatta
375 4552 601 4623 quippe,
616 4553 760 4611 zelus
789 4554 1195 4623 interpretatur.
1213 4552 1546 4609 Thadtlteum
1563 4564 1781 4625 aposto-

1892 3351 2068 3408 mcdia
2092 3348 2180 3419 sit)
2204 3348 2399 3402 viliora
2433 3346 2589 3410 tinut,
2614 3341 2927 3414 adjungitur
2953 3338 3196 3393 avaritia:
3220 3334 3481 3392 condemo

1892 3446 2059 3499 natio.

1960 3538 2134 3593 Gratis
2160 3533 2451 3604 occepistis,
2475 3532 2638 3604 gratis
2666 3529 2806 3582 date.
2844 3526 2955 3593 Ego
2984 3525 3242 3595 magister
3285 3531 3340 3577 et
3371 3520 3479 3574 Do-

1889 3633 2066 3687 minus
2095 3630 2296 3699 absque
2321 3626 2499 3697 pretio
2549 3624 2652 3679 hoc
2683 3622 2837 3677 vobis
2877 3618 3067 3686 tribui,
3120 3625 3173 3670 et
3218 3631 3314 3669 vos
3363 3614 3483 3670 sine

1890 3724 2059 3794 pretio
2091 3722 2242 3787 date,
2276 3733 2345 3773 ne
2384 3715 2658 3786 Evangelii
2693 3712 2865 3784 gratia
2889 3718 3288 3779 corrumpatur.

1960 3818 2139 3890 (Vcrs.
2173 3817 2228 3883 9,
2262 3815 2375 3883 i0.)
2450 3811 2631 3867 Nolite
2660 3809 2922 3882 possidere
2951 3821 3158 3866 aurum,
3192 3818 3353 3870 neque
3394 3815 3481 3853 ar-

1887 3924 2113 3985 gentum,
2141 3927 2299 3981 neque
2322 3906 2590 3981 pecuniam
2612 3905 2662 3956 in
2686 3903 2831 3956 zonis
2856 3899 3054 3954 uestris.
3082 3896 3204 3950 Non
3227 3909 3401 3965 peram
3424 3893 3477 3946 in

1886 4008 1988 4073 via,
2024 4022 2182 4076 neque
2211 4004 2340 4057 duas
2366 4001 2587 4063 tunicas,
2618 4012 2776 4066 neque
2804 3991 3164 4055 calciamenta,
3190 4002 3352 4053 neque
3381 3986 3482 4038 vir—

1886 4118 2003 4173 gam
2033 4109 2076 4151 ο.
2114 4098 2313 4165 Dignus
2333 4105 2407 4150 est
2445 4093 2580 4147 enim
2625 4088 2892 4158 operarius
2946 4082 3059 4138 cibo
3111 4097 3226 4136 suo.
3275 4079 3482 4133 Conse-

1886 4170 2115 4261 quentcr
2144 4189 2259 4242 hate
2285 4186 2375 4241 dat
2406 4191 2679 4254 praecepta
2719 4172 3246 4247 evangelizatoribus
3274 4170 3476 4229 veritas

1888 4289 1980 4353 tis,
2014 4284 2215 4356 quibus
2247 4291 2373 4335 ante
2400 4278 2613 4334 dixerat
2667 4294 2681 4327 :
2736 4272 2914 4326 Gratis
2966 4267 3257 4333 accepistis,
3314 4264 3477 4335 gratis

1887 4380 2025 4434 date.
2052 4378 2108 4432 Si
2141 4375 2284 4431 enim
2318 4373 2396 4427 sic
2427 4370 2744 4441 praedicant,
2770 4374 2833 4421 ut
2875 4362 3112 4436 pretium
3167 4374 3280 4415 non
3330 4359 3475 4414 acci-

1885 4477 2058 4547 piant,
2091 4468 2369 4543 snpcrilna
2401 4476 2480 4522 est
2514 4463 2635 4519 auri
2674 4460 2995 4532 argentique
3040 4465 3094 4511 et
3130 4467 3478 4510 nummorum

1888 4566 2186 4638 possessio.
2215 4562 2348 4617 Nam
2380 4560 2427 4615 si
2456 4558 2779 4613 habuissent
2819 4566 3010 4609 aurum
3056 4559 3114 4605 et
3167 4556 3475 4618 argentum,

203 4640 725 4710 luto,Ecclesiastica
753 4645 1156 4702 traditbistoria
1173 4647 1395 4701 missum
1414 4647 1777 4705 Edessaubad
1810 4637 1861 4699 D
1888 4659 2209 4715 videbamur
2238 4668 2345 4711 ηοιι
2374 4666 2539 4707 causa
2581 4648 2773 4703 salutis
2819 4645 3123 4709 hominum,
3171 4639 3266 4696 sed
3311 4651 3479 4693 causa

202 4736 453 4807 Ahgarum
487 4755 673 4810 regem
704 4738 983 4805 Osroenze,
1012 4740 1103 4810 qui
1151 4741 1219 4794 ab
1268 4741 1599 4810 evangelista
1633 4742 1777 4800 Luca

200 4829 348 4888 ludas
393 4832 589 4891 Jacobi
632 4832 834 4889 dicitur
872 4852 884 4887 :
925 4842 979 4887 et
1036 4832 1167 4888 alibi
1220 4834 1526 4905 appellatur
1569 4836 1783 4892 chteus

203 4926 324 4996 (Act.
368 4927 436 4999 ι),
493 4928 642 5000 quod
674 4930 1065 4999 interpretatur
1095 4929 1380 4984 corculum.
1413 4928 1782 4987 Credendum-

202 5035 293 5091 que
318 5033 399 5078 est
429 5039 556 5080 cum
589 5022 761 5079 fuisse
785 5023 1096 5079 trinomium
1129 5042 1142 5078 :
1172 5024 1322 5081 Sicut
1347 5025 1558 5093 Simon,
1596 5025 1783 5083 Petrus

205 5116 379 5187 (Marc.
405 5119 523 5191 tu);
573 5129 631 5176 et
658 5118 777 5175 Filii
807 5119 1082 5188 Zebedaei,
1116 5118 1414 5192 Boancrges
1440 5121 1548 5194 [ΑΙ.
1588 5123 1785 5180 Bauer-

262 5316 288 5344 ι
311 5308 488 5363 Antea
517 5315 668 5383 erat,
687 5307 969 5383 fugaque;
1011 5305 1067 5359 in
1096 5320 1209 5361 uno
1235 5306 1478 5383 alterove
1527 5323 1658 5363 mss.
1682 5312 1776 5383 ju-

208 5393 525 5449 gaqttteque.
558 5378 807 5443 Rhahb.,
839 5379 986 5449 paria
1016 5386 1231 5449 utroque
1271 5380 1552 5432 consociat.

268 5448 376 5505 b’lu
410 5448 730 5506 Erasmiana
770 5448 1009 5505 editione
1048 5448 1344 5519 depravata
1391 5451 1644 5516 legimus,
1699 5453 1776 5509 Ad

194 5520 490 5589 'Altagarum
508 5537 679 5594 regem
697 5521 1073 5594 Cltosdroettte;
1103 5526 1155 5575 in
1182 5522 1469 5577 Marianum
1488 5523 1741 5580 similiter
1759 5567 1774 5592 ,

205 5594 275 5646 Ad
292 5591 1121 5666 Abagarurniregem‘Cltosidenw.
1156 5594 1415 5666 Ntttlll'tllll
1442 5610 1629 5649 verum
1659 5607 1772 5661 est;

206 5678 297 5734 nec
312 5662 426 5719 scio
453 5662 729 5734 quodnam
763 5662 926 5719 fuerit
952 5681 1180 5734 regnum
1215 5664 1656 5734 Cbosdroeuum,
1692 5668 1778 5723 vcl

205 5732 541 5791 chosidennm.
572 5737 719 5791 Vera
749 5736 932 5806 itaque
961 5732 1120 5792 lectio
1143 5736 1257 5791 haec
1278 5749 1360 5791 est
1388 5754 1546 5807 quam
1588 5732 1778 5794 omnes

208 5809 562 5883 nise-codices
591 5809 837 5864 retinent
862 5825 881 5883 ξ
914 5808 1279 5883 {id/thymum
1311 5826 1479 5883 regem
1507 5810 1773 5866 Osroenw.

213 5873 329 5933 Erat
360 5895 520 5951 porro
534 5881 763 5936 (Ismene
793 5879 875 5936 vel
906 5873 1192 5953 θεώ-θεῖτε,
1223 5873 1567 5953 γεείἇδγνίεε
1589 5884 1643 5943 in
1667 5883 1778 5940 Me-

1886 4753 2023 4808 lucri
2062 4748 2382 4820 praedicare.
2409 4744 2589 4815 Neque
2630 4758 2701 4798 ws
2733 4741 2786 4795 in
2825 4738 3067 4793 sacculis.
3109 4733 3212 4802 Qui
3263 4732 3481 4788 divitias

1885 4845 2236 4901 detruncarat
2263 4839 2372 4911 (At.
2403 4835 2733 4908 detruncat],
2764 4830 3162 4905 propemodum
3194 4835 3250 4883 et
3280 4839 3477 4882 neces-

1887 4937 2031 4993 saria
2060 4935 2184 4991 vita:
2214 4938 2481 5002 amputat,
2505 4938 2565 4984 ut
2599 4926 2832 4997 apostoli
2858 4925 3115 4981 doctores
3164 4934 3310 4974 vera:
3352 4915 3482 4972 reli-

1887 5032 2090 5104 gionis,
2113 5030 2203 5101 qui
2232 5025 2588 5084 instituebant
2607 5022 2717 5097 [ΑΙ.
2743 5015 3109 5087 instruebant]
3144 5012 3326 5069 omnia
3357 5025 3483 5104 pro-

1888 5101 2124 5179 videntia
2178 5120 2271 5176 Dei
2322 5116 2645 5190 gubernari,
2679 5116 2892 5186 seipsos
2936 5108 3293 5167 ostenderent
3344 5101 3480 5159 nihil

1884 5308 2201 5375 sopotamize
2230 5302 2469 5360 conlluio
2496 5318 2509 5355 :
2538 5300 2594 5355 in
2619 5314 2724 5375 qua
2755 5298 2961 5375 Edessa
2991 5303 3046 5375 et
3089 5284 3482 5375 Niccply‘triutn

1886 5356 2609 5447 Biiééé',"jii2{ta'nuptialem
2635 5356 2868 5447 ilumcn.
2890 5367 3050 5447 Untle
3072 5360 3259 5447 populi,
3278 5356 3480 5447 Osrmrti

1885 5453 2028 5521 apud
2063 5437 2443 5523 Stephanum.
2484 5445 2666 5523 M_Alt_'l‘.
2691 5473 2763 5484 —
2788 5442 2953 5523 Olim,
2987 5437 3283 5506 Abagarum
3306 5443 3478 5498 regem

1887 5514 2197 5579 C'Itosidene:
2224 5520 2347 5574 Viti.
2384 5518 2581 5572 Euseb.
2609 5518 2645 5570 Ι.
2679 5532 2717 5583 t,
2746 5530 2795 5569 c.
2834 5514 2918 5568 15.
3154 5577 3183 5583 _
3226 5577 3238 5583 _
3323 5571 3333 5581 _

1960 5609 1980 5633 ε
2015 5577 2349 5649 Conciuttius
2380 5590 2547 5644 no~tri
2576 5577 2733 5650 mssi,
2762 5585 2906 5640 Inda
2937 5588 3114 5635 autent
3145 5577 3472 5640 Schariotes,

1885 5669 1963 5723 vel
1993 5684 2022 5719 (ι
2051 5667 2184 5730 rica,
2216 5666 2268 5718 in
2297 5678 2401 5733 quo
2431 5672 2576 5715 ortus
2603 5668 2696 5724 est,
2734 5658 2812 5711 vel
2842 5673 2903 5711 ea:
2934 5655 3091 5719 tribu,
3123 5656 3232 5704 etc.

1958 5738 1985 5777 (1
2020 5732 2529 5794 νὶριυινίιιςοητίῑιίι
2557 5746 2769 5799 vocem,
2803 5732 3136 5802 prtrceptum.

1963 5821 1985 5848 θ
2015 5808 2233 5865 Addunt
2259 5805 2479 5876 quidam
2509 5817 2642 5860 mss.
2664 5805 2718 5856 in
2740 5797 2918 5856 manu.
2941 5797 3077 5854 Tum
3106 5802 3480 5871 mercenarius,

1890 5898 1989 5955 pro
2019 5880 2314 5954 operarius,
2338 5878 2546 5948 legunt.
