4004 6332
476 306 550 363 65
1736 308 1792 366 S.
1835 305 2110 365 EUSEBII
2147 305 2534 366 HIERONYMI
3235 312 3243 324 '
3696 320 3766 378 64

474 426 722 496 cogitare
745 423 812 482 de
838 426 1105 482 crastino.
1135 425 1260 481 Non
1281 440 1459 496 peram
1485 424 1540 479 in
1565 426 1668 480 uia.
1693 424 1774 481 Ex
1801 424 1905 480 hoc
1935 439 2078 496 prze-
2102 427 2153 489 Α
2182 440 2474 484 mansurus
2505 437 2611 500 est,
2641 430 2736 487 sed
2765 432 3069 503 accipiens,
3096 434 3199 491 hoc
3228 433 3375 490 enim
3399 433 3618 504 dicitur,
3647 436 3767 507 quis

476 528 635 590 cepto
683 519 860 590 arguit
904 517 1263 589 philosophos
1296 558 1313 584 ,
1373 516 1465 589 qui
1513 518 1675 587 vulgo
1733 517 2078 587 appellantur

480 617 509 650 ⁸
531 609 943 680 Baetroperitas,
971 610 1116 683 quod
1146 619 1557 678 contemptores
1604 610 1788 666 saeculi
1814 621 1870 666 et
1895 610 2077 666 omnia

479 719 581 777 pro
602 704 778 761 nihilo
801 704 1086 769 ducentes,
1108 703 1394 762 cellarium
1420 719 1607 761 secum
1637 705 1932 760 vehebant.
1970 702 2079 758 Ne-

480 813 578 869 que
605 798 739 854 duas
768 798 992 853 tunicas.
1014 796 1075 853 In
1097 798 1311 853 duabus
1336 797 1534 852 tunicis
1559 797 1779 853 videtur
1819 796 1949 852 mihi
1981 796 2079 851 du-

485 890 610 961 plex
640 891 938 947 ostendere
966 892 1378 947 vestimentum.
1410 888 1530 945 Non
1562 904 1671 962 quo
1701 889 1754 945 in
1786 890 1920 945 locis
1946 888 2082 960 Scy-

485 985 616 1042 thim
645 995 700 1042 et
725 986 935 1058 glaciali
970 986 1093 1042 nive
1119 985 1425 1056 rigentibus
1455 1000 1560 1040 una
1589 985 1711 1054 quis
1755 984 1933 1041 tunica
1982 984 2081 1040 de-

480 1076 609 1134 beat
635 1092 763 1134 esse
783 1086 1077 1135 contentus
1104 1097 1117 1133 :
1146 1078 1242 1134 sed
1264 1094 1374 1150 quo
1398 1079 1450 1133 in
1479 1079 1662 1133 tunica
1683 1079 2072 1133 vestimentum

482 1167 854 1239 intelligamus
889 1187 902 1224 :
933 1184 1001 1225 ne
1031 1169 1139 1224 alio
1170 1169 1544 1237 vestiti,aliud
1576 1170 1738 1228 nobis
1766 1169 2071 1226 futurorum

485 1261 682 1318 timore
706 1277 1007 1319 servemus.
1036 1261 1222 1335 Neque
1247 1262 1604 1318 calciamenta.
1639 1262 1707 1319 Et
1753 1263 1905 1319 Plato
1934 1278 2074 1331 pra:—

481 1357 629 1426 eepit
654 1356 792 1413 duas
818 1357 1072 1428 corporis
1098 1359 1443 1414 summitates
1475 1374 1582 1414 non
1625 1373 1749 1414 esse
1795 1358 2080 1423 velandus,

484 1461 587 1503 nec
608 1448 893 1505 assuelieri
916 1448 1118 1505 debere
1139 1450 1385 1505 mollitiei
1413 1450 1607 1521 capitis
1627 1458 1686 1506 et
1708 1450 1925 1520 pedum.
1943 1448 2079 1507 Cum

488 1544 609 1599 hazc
637 1544 783 1599 enim
818 1542 1109 1599 habuerint
1142 1543 1477 1611 firmitatem,
1531 1552 1727 1600 caetera
1774 1545 2082 1602 robustiora

488 1648 637 1691 sunt.
676 1637 857 1710 Neque
875 1638 1074 1710 virgam
1098 1652 1118 1693 :
1137 1637 1239 1706 Qui
1263 1637 1479 1693 Domini
1504 1637 1769 1694 habemus
1793 1637 2081 1706 auxilium,

491 1730 671 1787 baculi
704 1731 1021 1804 praesidium
1052 1747 1151 1788 cur
1175 1734 1520 1803 quaeramus?
1544 1734 1651 1807 59
1677 1734 1748 1789 Et
1778 1735 1901 1804 quia
1949 1750 2084 1805 quo-

2177 517 2234 574 in
2264 535 2326 576 ea
2352 520 2546 593 dignus
2573 537 2657 579 est
2680 522 2787 597 [Αι.
2813 525 2982 599 ﬁt],ut
3006 526 3175 600 magis
3195 541 3256 583 se
3281 528 3496 583 noverit
3523 528 3767 599 accipere

2179 617 2433 684 gratiam,
2464 632 2625 688 quam
2657 619 2811 675 dare.

2253 706 2555 778 (Vers.12,
2591 708 2707 781 15.)
2769 710 3028 769 latrantes
3046 724 3219 769 autem
3261 714 3494 781 domum,
3548 715 3769 772 salutate

2178 816 2313 855 eam.
2343 801 2410 855 Et
2431 802 2689 875 siquidem
2717 807 2877 877 fuerit
2904 806 3087 861 domus
3116 806 3213 862 illa
3241 808 3423 882 digna,
3467 809 3632 863 veniet
3657 826 3761 881 pact:

2181 902 2365 947 nostra
2394 910 2547 965 super
2573 912 2683 951 eam
2714 899 2835 952 :sin
2861 907 3033 953 autem
3084 915 3187 953 non
3227 901 3338 972 60
3384 901 3542 971 fuerit
3587 901 3770 974 digna,

2180 1005 2287 1060 pan:
2314 1000 2479 1044 vestra
2522 991 2591 1044 ad
2628 1009 2715 1046 vos
2762 1004 3059 1048 revertetur.
3116 993 3345 1051 Occulte
3389 995 3771 1050 salutationem

2183 1080 2398 1135 Hebrmi
2461 1097 2524 1137 ac
2570 1083 2693 1156 Syri
2745 1085 3014 1141 sermonis
3065 1088 3355 1155 expressit.
3404 1086 3559 1154 Quod
3627 1089 3771 1143 enim

2184 1171 2375 1229 Graece
2397 1173 2615 1241 dicitur,
2649 1185 2836 1255 χαῖρε,
2867 1190 2919 1232 et
2956 1177 3168 1247 Latine,
3203 1195 3326 1247 ove,
3375 1179 3479 1234 hoc
3510 1180 3774 1236 Hebraico

2182 1269 2431 1341 Syroque
2459 1285 2713 1326 sermone
2753 1272 3257 1356 appellatnrsuost
3296 1287 3433 1328 LACH
3482 1256 3578 1356 (15
3594 1255 3770 1345 ωήω)

2185 1360 2301 1415 sive
2336 1371 2358 1400 ο
2389 1376 2559 1417 ssnon
2589 1377 2807 1418 causa
2829 1364 2993 1447 (πῦρ
3014 1347 3212 1435 D1513),
3237 1364 3289 1418 id
3318 1372 3422 1427 est,
3453 1347 3556 1435 poi:
3584 1373 3773 1419 tecum.

2185 1455 2339 1524 Quod
2369 1464 2546 1510 autem
2573 1456 2836 1526 praecipit,
2874 1458 2985 1511 tale
3019 1467 3132 1511 est:
3162 1457 3504 1512 lntroeuntes
3530 1457 3775 1525 domum,

2186 1564 2374 1621 pacem
2408 1550 2779 1619 imprecamini
2834 1550 3063 1620 hospiti,
3107 1559 3162 1606 ct
3209 1561 3467 1621 quantum
3514 1552 3568 1607 in
3626 1552 3779 1609 vobis

2186 1650 2289 1710 est,
2324 1640 2613 1696 discordia:
2654 1641 2795 1696 bella
2820 1641 3025 1697 sedate.
3071 1642 3167 1698 Sin
3217 1651 3398 1696 autem
3447 1652 3565 1697 orta
3619 1641 3781 1697 fuerit

2185 1733 2668 1799 contradictio,vos
2688 1733 2995 1788 mercedem
3024 1732 3298 1790 habebitis
3321 1734 3389 1789 de
3411 1734 3593 1789 oblata
3614 1748 3779 1804 pace:

488 1822 785 1879 dummodo
810 1824 986 1881 nudos
1011 1837 1066 1883 et
1094 1825 1382 1897 expeditos
1411 1826 1475 1881 ad
1504 1827 1907 1897 praedicandum
1951 1843 2083 1899 apo-
2115 1820 2162 1880 Β
2189 1826 2266 1882 illi
2296 1827 2526 1894 bellum,
2546 1827 2649 1898 qui
2680 1824 2788 1900 [ΑΙ.
2821 1826 2987 1899 quod]
3019 1825 3220 1884 habere
3257 1828 3556 1899 voluerint,
3591 1827 3772 1899 possi-

484 1919 656 1976 Stolos
687 1918 938 1987 miserat,
963 1929 1020 1977 et
1048 1921 1182 1977 dura
1216 1921 1508 1978 videbatur
1538 1936 1661 1980 esse
1689 1923 1931 1979 conditio
1964 1939 2081 1979 ma-

484 2014 804 2085 gistrorum,
834 2016 1186 2073 severitatem
1223 2018 1482 2087 praecepti
1513 2019 1760 2090 sequenti
1811 2020 2079 2076 sententia

495 2109 842 2175 temperavit,
885 2107 1077 2164 dicens
1112 2126 1125 2163 :
1159 2108 1358 2181 Dignus
1386 2121 1459 2165 est
1505 2112 1772 2181 aperarius
1818 2112 1930 2168 cibo
1968 2131 2079 2169 suo.

487 2198 745 2266 Tantum,
775 2200 966 2273 inquit,
993 2202 1247 2273 accipite,
1272 2215 1538 2273 quantum
1571 2204 1624 2259 in
1649 2204 1792 2260 victu
1812 2216 1864 2261 et
1889 2206 2082 2262 vestitu

487 2290 645 2348 vobis
679 2294 1052 2349 necessarium
1082 2302 1187 2350 est.
1215 2294 1372 2352 Unde
1396 2306 1455 2353 et
1485 2297 1782 2368 Apostolus
1808 2300 2041 2369 replicat
2067 2318 2081 2355 :

492 2383 756 2440 Habentes
773 2386 965 2440 uictum
993 2395 1041 2441 et
1055 2387 1317 2454 vestitum,
1335 2387 1419 2444 Itis
1439 2390 1666 2445 contenti
1688 2391 1849 2446 simus
1873 2389 1915 2462 (l
1942 2390 2081 2448 Tim.

486 2491 561 2544 Vt,
590 2477 673 2550 8).
708 2477 776 2534 Et
837 2480 887 2533 in
931 2479 1039 2536 alio
1087 2480 1210 2537 loco
1245 2499 1259 2536 :
1291 2479 1640 2537 Communicet
1685 2493 1859 2539 autem
1903 2486 1947 2540 is
1997 2487 2086 2557 qui

493 2570 849 2627 catecbisatur
869 2570 897 2611 ι’
926 2573 1080 2628 verbo
1102 2574 1150 2629 ei
1169 2574 1261 2644 qui
1297 2591 1351 2630 se
1376 2575 1663 2631 catechisat
1686 2578 1739 2631 in
1769 2579 1908 2631 omni
1951 2578 2085 2633 bono

488 2661 691 2735 (Colat.
716 2678 791 2730 Vl,
825 2662 922 2735 6):
955 2674 1012 2720 ut
1037 2681 1267 2736 quorum
1311 2666 1566 2738 discipuli
1592 2679 1804 2724 metunt
1833 2656 2084 2739 spiritua-

484 2754 579 2826 lia,
612 2767 901 2815 consortes
926 2773 1025 2815 eos
1047 2758 1246 2816 faciant
1280 2761 1581 2817 carnalium
1607 2777 1831 2819 suorum
1858 2782 1871 2817 :
1896 2781 2002 2820 non
2029 2768 2080 2821 in

486 2851 733 2919 avaritia,
768 2852 864 2909 sed
897 2853 950 2909 in
985 2855 1341 2911 necessitate.
1367 2855 1496 2912 Haec
1527 2857 1791 2913 hismrice
1822 2858 2080 2915 diximus.

483 2944 757 3001 Caeterum
784 2946 1087 3002 secundum
1128 2962 1434 3020 anagogen,
1467 2964 1574 3004 non
1625 2949 1757 3006 licet
1803 2951 2078 3021 magistris

487 3055 679 3096 aurum
706 3047 763 3096 et
791 3049 1100 3110 argentum,
1131 3049 1188 3097 et
1220 3043 1506 3113 pecuniam
1548 3058 1668 3114 qure
1693 3043 1745 3098 in
1774 3045 1927 3098 zonis
1976 3053 2077 3110 est,

489 3136 790 3205 possidere.
822 3137 1029 3194 Aurum
1058 3154 1207 3211 saepe
1235 3142 1485 3213 legimus,
1520 3156 1618 3212 pro
1645 3156 1845 3209 sensu;
1879 3158 2079 3213 argen-

2187 1922 2384 1978 debunt
2398 1964 2411 1977 .

2260 2015 2440 2086 (Vers.
2472 2012 2585 2085 M.)
2615 2012 2684 2068 Et
2713 2014 3017 2086 quicumque
3060 2031 3164 2069 non
3191 2016 3437 2085 receperit
3463 2030 3571 2083 vos,
3601 2031 3768 2085 neque

2185 2107 2412 2161 audierit
2437 2122 2699 2162 sermones
2728 2117 2942 2173 vestros,
2974 2116 3211 2162 exeuntes
3253 2107 3396 2176 {oras
3416 2107 3481 2162 de
3499 2108 3676 2164 domo.
3698 2107 3777 2162 vel

2186 2202 2408 2266 civitate,
2433 2201 2658 2256 excutite
2684 2201 2943 2269 puluerem
2973 2200 3036 2254 de
3065 2200 3283 2273 pedibus
3328 2201 3530 2255 vestris.
3590 2200 3775 2255 Pulvis

2187 2297 2461 2351 excutitur
2487 2298 2554 2352 de
2593 2295 2838 2366 pedibus.
2890 2295 2943 2350 in
2994 2296 3367 2351 testimonium
3426 2297 3632 2352 laboris
3677 2297 3780 2363 sui,

2188 2388 2330 2457 quod
2364 2389 2594 2459 ingressi
2628 2389 2740 2444 sint
2779 2389 3081 2454 civitatem,
3110 2397 3167 2445 et
3191 2388 3506 2458 praedicatio
3545 2399 3768 2460 aposto-

2189 2482 2290 2537 lica
2319 2482 2386 2536 ad
2417 2482 2540 2537 illos
2571 2497 2742 2553 usque
2763 2481 3098 2553 pervenerit.
3132 2466 3260 2537 Sive
3284 2484 3555 2538 excutitur
3579 2482 3774 2553 pulvis,

2189 2588 2246 2633 ut
2271 2578 2404 2633 nihil
2429 2578 2498 2634 ab
2519 2578 2600 2633 eis
2624 2578 2909 2647 recipiant,
2961 2593 3029 2633 ne
3067 2577 3135 2632 ad
3162 2577 3371 2632 victum
3415 2576 3639 2649 quidem
3687 2592 3783 2635 ne-

2188 2671 2509 2741 cessarium,
2542 2670 2631 2740 qui
2665 2668 3023 2739 Evangelium
3055 2669 3392 2739 spreverint.

2262 2762 2448 2836 (Vers.
2503 2761 2614 2835 15.)
2672 2761 2835 2817 Amen
2899 2762 3017 2815 dico
3066 2760 3208 2815 vobis
3244 2805 3258 2831 ,
3311 2759 3638 2816 tolerabilius
3686 2761 3782 2816 erit

2194 2865 2349 2911 terra’
2375 2856 2721 2909 Sodomorum
2765 2865 2813 2910 et
2842 2852 3300 2909 Gomorrhworum
3329 2855 3386 2909 in
3431 2856 3516 2909 die
3558 2854 3781 2927 judicii,

2186 2965 2344 3019 quam
2364 2946 2447 3002 illi
2468 2948 2684 3001 civitati.
2714 2946 2769 3004 Si
2801 2946 3139 3001 tolerabilius
3184 2946 3286 3001 erit
3315 2956 3473 3003 terra!
3506 2946 3778 3004 Sodomo-

2187 3057 2305 3096 rum
2335 3051 2389 3097 et
2417 3039 2897 3097 Gomorrhaeorum
2933 3038 3038 3111 [AL
3082 3037 3463 3111 Gomorrheis]
3502 3055 3668 3110 quam
3706 3040 3782 3095 illi

2187 3132 2392 3189 civitati
2425 3148 2546 3197 quae
2586 3147 2696 3187 non
2732 3132 3001 3203 receperit
3052 3132 3430 3203 Evangelium,
3482 3143 3540 3188 et
3576 3133 3787 3190 idcirco

488 3234 625 3292 tum,
657 3243 756 3299 pro
788 3244 1078 3297 sermone;
1127 3248 1223 3297 ωε,
1268 3248 1368 3303 pro
1407 3247 1575 3300 voce;
1610 3233 1727 3290 ιιςιεο
1772 3234 1931 3289 nobis
1976 3250 2084 3290 non
2115 3216 2158 3279 C
2193 3225 2555 3290 tolerabilius,
2591 3225 2716 3296 quia
2765 3224 3019 3280 Sodomis
3061 3235 3115 3280 et
3161 3225 3482 3282 Gomorrhis
3520 3240 3626 3282 nan
3683 3228 3783 3283 fuit

487 3318 617 3375 licet
646 3321 712 3377 ab
740 3321 863 3377 aliis
891 3325 1168 3394 accipere,
1195 3327 1289 3383 sed
1312 3326 1440 3383 data
1464 3344 1494 3383 a
1525 3328 1754 3383 Domino
1780 3330 2085 3400 possidere.

494 3409 682 3482 Neque
711 3411 1095 3472 haereticorum
1127 3426 1184 3474 et
1214 3418 1667 3489 philosophorum
1701 3436 2080 3492 perversaequc

490 3503 759 3561 doctrinae
784 3511 1068 3579 suscipere
1087 3509 1432 3582 disciplinas,
1465 3528 1573 3567 non
1619 3513 1807 3569 saeculi
1847 3513 2088 3584 pondere

490 3599 664 3669 premi
691 3645 706 3669 ,
741 3617 917 3671 neque
944 3603 1150 3673 duplici
1176 3619 1300 3662 esse
1322 3607 1527 3674 animo,
1558 3623 1737 3679 neque
1783 3609 1948 3680 pedes
1987 3626 2086 3663 no-

488 3700 635 3746 stros
657 3692 957 3751 mortiferis
983 3697 1218 3753 vinculis
1233 3697 1467 3770 alligari,
1495 3700 1589 3757 sed
1613 3713 1857 3758 sanctam
1889 3712 2087 3759 terram

491 3782 891 3856 ingredientes,
921 3803 1044 3845 esse
1075 3790 1282 3857 nudos;
1308 3807 1484 3864 neque
1511 3792 1717 3851 habere
1742 3797 1946 3867 virgam
1971 3813 2090 3866 qua:

494 3888 740 3933 vertatur
773 3880 823 3933 in
851 3881 1161 3951 colubrum,
1201 3899 1378 3954 neque
1410 3886 1463 3941 in
1493 3887 1675 3956 aliquo
1703 3890 1956 3959 prtesidio
1981 3906 2092 3946 car-

496 3969 582 4026 nis
622 3972 777 4029 inniti
803 3972 1002 4046 (Exod.
1037 3992 1109 4042 tv,
1147 3978 1208 4043 7;
1241 3977 1310 4034 IV
1354 3978 1482 4052 Reg.
1542 3986 1721 4051 avni),
1771 3984 1895 4054 quia
1931 3985 2086 4040 istius

496 4065 642 4120 modi
677 4067 827 4137 virga
872 4077 930 4125 et
980 4069 1212 4126 baculus
1249 4072 1585 4129 arundineus
1610 4082 1694 4130 est
1712 4074 2087 4148 (Isai.xxxvn),

491 4172 653 4229 quem
683 4158 730 4214 si
761 4162 1039 4229 paululum
1085 4166 1377 4235 presseris,
1426 4165 1714 4239 frangitur,
1754 4178 1812 4225 et
1868 4186 2087 4226 manum

493 4250 794 4308 transforat
818 4254 1204 4313 incumbentis.

570 4345 757 4413 (Vers.
792 4346 910 4419 Η.)
962 4348 1031 4404 1η
1092 4368 1466 4422 quamcumque
1511 4354 1650 4410 enim
1695 4356 1955 4411 civitatem
2002 4368 2093 4413 aut

495 4438 769 4493 castellum
798 4440 1142 4507 intraveritis,
1169 4443 1486 4517 interrogate
1530 4448 1647 4517 quis
1698 4448 1753 4502 in
1794 4465 1855 4503 ea
1903 4450 2093 4523 dignus

495 4531 583 4600 sit,
607 4542 655 4588 et
699 4534 769 4588 ibi
813 4547 1035 4605 manete,
1066 4537 1232 4593 donec
1257 4542 1469 4595 excutis.
1517 4539 1697 4611 Super
1752 4542 2093 4600 ordinatione

2192 3321 2573 3393 praedicatum,
2605 3321 2733 3376 huic
2771 3331 2948 3375 autem
2983 3320 3336 3389 prtedicatum
3379 3322 3473 3387 sit,
3500 3330 3556 3377 et
3599 3333 3783 3378 tamen

2190 3429 2299 3469 non
2320 3415 2585 3484 receperit
2615 3413 3000 3484 Evangelium:
3033 3427 3167 3484 ergo
3194 3413 3335 3469 inter
3355 3424 3676 3484 peceatores
3706 3416 3787 3472 di-

2193 3522 2356 3563 versa
2387 3507 2649 3576 supplicia
2689 3514 2834 3562 sunt.

2265 3601 2448 3674 (Vers.
2477 3598 2590 3671 16.)
2648 3598 2782 3653 Ecce
2803 3615 2898 3670 ego
2929 3599 3077 3654 mitto
3105 3615 3193 3654 vos
3220 3599 3352 3654 sicut
3391 3617 3508 3655 oues
3539 3602 3591 3655 in
3613 3603 3787 3656 medio

2194 3692 2455 3759 luporum.
2486 3691 2689 3759 Lupos,
2729 3689 2951 3746 Scribas
2998 3700 3054 3747 et
3100 3690 3404 3747 Pharismos
3449 3703 3631 3761 vocat,
3693 3695 3785 3765 qui

2192 3796 2320 3840 sunt
2350 3785 2537 3839 clerici
2565 3784 2905 3841 Iudaeorum.

2272 3879 2450 3950 (Vers.
2487 3880 2573 3947 i7,
2612 3878 2745 3951 18.).
2791 3878 2970 3934 Estote
2998 3896 3118 3953 ergo
3163 3881 3452 3951 prudentes
3497 3882 3627 3936 sicut
3682 3899 3789 3938 ser-

2197 3982 2396 4045 pentes,
2429 3983 2477 4027 et
2520 3973 2778 4043 simplices
2817 3974 2949 4027 sicut
2972 3973 3239 4029 columbae.
3282 3973 3467 4029 Cavete
3508 3985 3681 4029 autent
3725 3977 3788 4030 ab

2194 4065 2489 4120 hominibus
2516 4082 2534 4120 .'
2558 4064 2765 4119 tradent
2791 4066 2926 4119 enim
2951 4081 3037 4119 vos
3068 4066 3121 4121 in
3159 4067 3417 4131 conciliis,
3447 4077 3495 4120 et
3529 4067 3585 4121 in
3632 4086 3790 4140 syna-

2195 4159 2339 4230 gogis
2366 4158 2472 4213 suis
2493 4157 2832 4227 ﬂagellabant
2862 4174 2971 4222 vos,
3028 4168 3078 4212 et
3125 4159 3203 4216 ad,
3235 4160 3485 4227 praesides
3537 4171 3584 4214 et
3640 4177 3789 4235 regas

2196 4251 2456 4305 ducemini
2483 4261 2697 4320 prapler
2722 4267 2823 4317 me,
2854 4250 2906 4304 in
2935 4252 3284 4306 testimonium
3318 4252 3424 4307 illis
3452 4261 3498 4307 et
3524 4255 3787 4325 gentibus.

2197 4344 2270 4402 Ut
2299 4361 2399 4415 per
2420 4345 2758 4415 prudentiam
2789 4345 3038 4401 devitent
3066 4346 3312 4416 insidias,
3345 4362 3443 4419 per
3469 4349 3793 4420 simplicita-

2200 4448 2309 4493 tem
2334 4453 2439 4494 nou
2469 4438 2664 4494 faciant
2689 4436 2716 4475 ά
2746 4439 2970 4494 malum.
3005 4439 3293 4511 Serpentis
3327 4440 3529 4497 astutia
3569 4444 3797 4513 ponitur

2202 4536 2254 4590 in
2288 4535 2597 4604 exemplum
2628 4551 2641 4587 :
2672 4535 2795 4604 quia
2848 4544 2961 4591 toto
2987 4546 3012 4573 θ
3036 4551 3266 4605 corpore
3308 4537 3550 4592 occultat
3605 4550 3793 4609 caput,

498 4626 740 4698 episc0pi
771 4639 822 4683 et
854 4627 1070 4684 diaconi
1098 4631 1299 4687 Paulus
1331 4632 1571 4703 loquitur
1605 4680 1618 4703 ,
1656 4634 1873 4707 Oportet
1920 4645 2090 4690 autem
2123 4617 2176 4677 Ῑ)
2199 4637 2255 4685 et
2283 4627 2413 4683 illud
2441 4628 2491 4682 in
2520 4643 2627 4696 quo
2651 4627 2763 4682 vita
2788 4636 2894 4694 est,
2924 4629 3184 4700 protegit.
3217 4629 3292 4683 Ita
3324 4640 3379 4684 et
3409 4645 3512 4685 nos
3541 4639 3659 4687 toto
3693 4649 3792 4702 pc-

499 4734 587 4773 eos
616 4730 664 4774 et
688 4721 1039 4776 testimonium
1060 4722 1244 4779 habere
1265 4724 1452 4779 bonum
1472 4726 1535 4780 ab
1567 4726 1647 4781 his
1673 4729 1763 4799 qui
1794 4728 1921 4798 foris
1949 4738 2088 4783 sunt.

498 4808 545 4885 (l
570 4810 705 4865 ’l‘im.
743 4828 823 4881 ttt,
860 4813 938 4883 7).
972 4816 1217 4885 Apostoli
1262 4833 1455 4874 novam
1484 4818 1830 4875 introeuntes
1874 4821 2091 4887 urbem,

499 4904 643 4959 scire
668 4918 775 4960 non
809 4915 1063 4971 poterant
1087 4907 1212 4979 quis
1238 4910 1425 4974 qualis
1461 4921 1629 4966 esset.
1689 4911 1834 4982 Ergo
1890 4912 2093 4983 hospes

500 4995 641 5052 fama
670 4997 956 5069 eligendus
985 5011 1065 5056 est
1093 5001 1307 5073 populi,
1335 5011 1390 5057 et
1417 5002 1624 5074 judicio
1652 5006 1981 5072 vicinorum,
2024 5023 2093 5062 ne

502 5091 907 5163 przedicationis
930 5094 1165 5162 dignitas
1188 5095 1538 5166 suscipientis
1567 5096 1786 5153 infamia
1832 5099 2090 5169 deturpe-

505 5191 612 5239 tur.
642 5181 775 5239 Cum
806 5186 1082 5242 universis
1109 5187 1342 5243 debeant
1374 5189 1693 5260 prtedicare,
1728 5191 1926 5263 hospes
1956 5207 2096 5248 unus

501 5278 743 5350 eligitur,
802 5294 907 5335 non
959 5278 1208 5336 tribuens
1247 5281 1569 5338 beneficium
1608 5284 1656 5339 ei
1705 5284 1793 5353 qui
1847 5284 1985 5353 apml
2035 5298 2095 5339 se

577 5425 605 5455 ιι
633 5416 841 5473 Vitiose
868 5432 1035 5486 penes
1070 5417 1391 5484 Victoriam,
1426 5418 1833 5487 Bactroperatw.
1887 5419 2095 5476 Nomen

504 5503 535 5545 a
566 5488 762 5561 baculo
792 5497 847 5543 et
875 5503 1008 5561 pera
1035 5490 1215 5544 sortiti
1248 5500 1396 5546 sunt.
1430 5490 1761 5546 Paschasius
1802 5490 2098 5547 Rathertus

505 5562 650 5635 hunc
672 5559 787 5616 fere
815 5559 991 5635 locum
1020 5577 1085 5616 ex
1121 5562 1454 5635 Hieronymo
1498 5565 1847 5629 esscrihens,
1876 5562 2092 5631 Gutum,

505 5633 706 5707 inquit,
743 5632 967 5707 cohibet,
1005 5642 1054 5687 et
1097 5634 1271 5707 arguit
1306 5632 1662 5706 philosophos,
1712 5636 1803 5706 qui
1852 5637 2096 5689 dicuntur

506 5702 991 5779 Bachnionitte(Al.
1018 5704 1141 5761 cod.
1162 5702 1572 5779 Bactroperita’)
1594 5707 1683 5779 qui
1712 5702 1889 5762 omnia
1918 5708 2099 5764 mundi

506 5791 601 5850 pro
630 5774 798 5850 nihilo
824 5775 1063 5832 ducentes
1091 5778 1307 5834 cellaria
1333 5794 1502 5834 secum
1527 5774 1779 5850 ferebant.

575 5846 604 5888 δ
632 5847 884 5906 Martian.
908 5864 1098 5908 vocem
1128 5850 1283 5906 verbo
1309 5846 1759 5924 pratermiserat.

2196 4725 2371 4781 riculo
2400 4725 2653 4794 corporis
2698 4733 2862 4790 caput
2907 4732 3173 4790 nostrum,
3233 4723 3322 4792 qui
3377 4723 3632 4779 Christus
3686 4737 3792 4792 est,

2191 4818 2589 4873 custodiamus.
2619 4815 2948 4882 Simplicitas
2988 4816 3363 4871 columbarum
3416 4832 3483 4871 ex
3554 4817 3794 4888 Spiritus

2193 4913 2369 4969 sancti
2402 4913 2586 4979 specie
2612 4911 3045 4967 demonstratur.
3108 4908 3265 4966 Unde
3292 4910 3427 4966 dicit
3473 4920 3529 4968 et
3559 4915 3795 4982 Aposto-

2193 5006 2313 5062 lus:
2349 5004 2552 5059 Malitia
2579 5005 2785 5078 parvuli
2812 5012 2968 5058 estote
2993 5003 3035 5075 (Ι
3054 5002 3172 5058 Cor.
3209 5020 3317 5067 stv,
3338 5004 3457 5075 ΩΟ).

2270 5097 2452 5163 (Vers.
2480 5095 2568 5161 l9,
2595 5096 2716 5167 20.)
2776 5095 2905 5150 Cum
2931 5104 3102 5150 autem
3133 5096 3333 5151 tradent
3373 5115 3481 5165 vos,
3523 5099 3684 5154 nolite
3709 5116 3798 5153 co-

2201 5192 2369 5264 gitare
2392 5190 2498 5262 61
2528 5190 2786 5261 quomodo
2815 5201 2905 5244 aut
2924 5190 3050 5262 quid
3083 5190 3390 5261 loquamini.
3418 5191 3635 5248 Dabitur
3659 5195 3795 5248 enim

2201 5284 2343 5340 vobis
2370 5285 2424 5339 in
2445 5283 2544 5337 illa
2569 5284 2697 5337 hora
2722 5282 2848 5353 quid
2870 5283 3173 5353 loquamini.
3231 5282 3355 5338 Non
3395 5284 3532 5339 enim
3556 5286 3681 5340 estis
3702 5302 3791 5340 vos

2281 5429 2303 5457 ο
2335 5417 2453 5473 Non
2485 5416 2858 5487 improbarim,
2899 5417 3040 5485 quod
3089 5419 3261 5473 nostri
3320 5420 3613 5488 pra-ferunt
3662 5435 3794 5475 mss.

2205 5488 2565 5551 Salamalaclt,
2595 5489 3051 5554 quemadmodum
3083 5500 3137 5544 et
3179 5490 3232 5542 in
3284 5506 3391 5545 uno
3442 5491 3611 5556 Regio
3659 5494 3790 5548 240.

2201 5562 2414 5618 Latinis
2447 5561 2634 5615 itidem
2666 5560 2924 5626 scriptum
2956 5560 3152 5614 litteris
3182 5560 3493 5616 (Iotelerius
3528 5563 3755 5618 invenit.

2235 5631 2305 5759 .dd.
2323 5634 2549 5689 Rectius
2600 5642 2742 5687 tacet
2787 5630 2997 5687 Rhabb.
3054 5631 3269 5697 malum,
3297 5632 3572 5704 refertque
3619 5636 3684 5689 ad
3711 5637 3790 5690 in-

2235 5725 2243 5759 l
2288 5722 2384 5759 tas.

2201 5722 2680 5834 “agiliterserunt
2700 5775 2810 5833 duo
2831 5789 2965 5833 mss.
2991 5774 3223 5832 Palatini
3255 5775 3601 5848 periclitante.
