4004 6332
218 309 278 365 65
728 304 1378 366 COMMENTARIORUM
1422 308 1484 366 ΙΝ
1530 308 1777 367 EVANGI

1887 312 1978 368 UM
2021 311 2352 373 ΜΑΤΊῚΙᾹΞΙ
2395 315 2526 372 LIB.
2571 314 2611 370 I.
2653 314 2810 373 CAP.
2853 315 2922 372 Χ.
3401 318 3470 376 68

214 425 291 493 qui
317 423 596 493 loquimini,
619 425 706 480 sed
726 427 954 496 Spiritus
973 427 1149 484 Patris
1171 430 1323 484 vestri
1348 431 1438 501 qui
1461 429 1690 495 loquitur
1710 430 1763 483 iu
1789 431 1844 492 Α
1871 435 1997 501 quia
2024 434 2207 490 veniet
2239 436 2356 490 dies
2383 435 2599 506 judicii,
2651 435 2705 489 in
2733 449 2842 505 quo
2891 444 2945 488 et
2978 443 3158 490 vestra
3190 435 3387 503 virtus,
3419 442 3476 492 et

214 518 347 571 vobis.
397 520 562 588 Supra
600 520 800 575 dixerat
828 539 845 574 :
894 522 1124 577 Tradent
1152 525 1287 578 enim
1312 541 1399 579 vos
1429 527 1480 578 in
1508 526 1763 595 conciliis,

197 619 251 684 et
277 612 321 663 in
345 613 614 686 synagOgis
636 616 741 668 suis
781 616 1122 688 ﬂagellabant
1142 634 1230 671 vos
1249 661 1264 687 ,
1293 627 1340 672 et
1363 619 1432 671 ad
1456 619 1700 688 prtesitles
1719 629 1768 673 et

210 718 332 772 reges
359 705 615 757 ducentini
655 716 860 778 propter
903 725 999 761 me.
1042 709 1177 764 Cum
1215 725 1345 777 ergo
1370 719 1587 779 propter
1610 709 1769 766 Chri-

206 805 328 850 stum
355 797 614 854 ducamur
651 799 718 854 ad
755 800 999 870 judices,
1046 803 1380 858 voluntatem
1413 813 1623 860 tantum
1664 820 1766 860 no-

204 900 350 946 stram
396 909 497 962 pro
541 895 754 949 Christo
795 894 1057 950 debemus
1089 896 1306 952 oll'erre.
1350 897 1620 952 Ceterum
1653 898 1768 969 ipse

203 985 422 1040 Christus
441 987 529 1056 qui
554 987 606 1041 in
633 987 791 1041 nobis
815 986 1044 1055 habitat,
1072 989 1324 1060 loquetur
1350 1005 1448 1060 pro
1466 1007 1546 1058 se,
1571 1001 1626 1046 et
1649 992 1768 1062 Spi-

203 1085 318 1138 ritus
346 1086 510 1141 sancti
541 1087 712 1157 gratia
742 1089 794 1142 in
821 1089 1208 1157 reSpondendo
1241 1088 1658 1144 ministrabitur.

256 1177 424 1248 (Vers.
454 1179 576 1251 21.)
609 1179 798 1235 Tradet
829 1192 1002 1236 autem
1025 1185 1187 1254 frater
1210 1168 1426 1254 fratreni
1443 1181 1498 1236 in
1524 1189 1765 1247 mortem,

197 1281 236 1326 et
261 1281 393 1343 pater
428 1275 616 1343 ﬁlium,
647 1287 696 1330 et
727 1278 992 1350 insurgmt
1021 1278 1117 1344 ﬁlii
1159 1278 1213 1332 in
1245 1285 1503 1345 parentes,
1537 1285 1583 1330 et
1606 1282 1769 1328 morte

194 1385 266 1423 eos
306 1369 551 1438 efﬁcient.
585 1369 651 1424 Et
695 1373 838 1426 eritis
882 1373 1004 1427 odio
1051 1373 1287 1428 cronibus
1340 1382 1548 1444 propter
1582 1386 1769 1424 nomen

195 1479 358 1518 meum.
383 1462 495 1519 Hoc
528 1465 582 1518 in
613 1469 1088 1534 persecutionibus
1114 1468 1226 1521 tieri
1259 1467 1457 1521 crebro
1480 1465 1764 1519 videmus:

196 1570 279 1610 nec
308 1555 438 1608 ullus
469 1565 554 1612 est
574 1556 718 1613 inter
739 1573 835 1612 eos
858 1558 994 1614 [idus
1021 1558 1271 1625 allectus,
1291 1575 1522 1629 quorum
1551 1558 1767 1612 diversa

195 1645 309 1700 ﬁdes
336 1658 434 1701 est.

251 1739 414 1809 (Vt-rs.
434 1740 554 1810 22.)
575 1741 680 1808 Qui
707 1752 876 1798 autent
903 1744 1296 1813 perseveraverit
1320 1759 1482 1814 usque
1504 1743 1557 1794 iu
1585 1741 1764 1811 finem,

1877 541 2067 581 eorum
2102 529 2339 598 nequitia
2373 528 2864 584 demonstrabitur.

1943 617 2126 688 (Vers.
2157 619 2446 690 27.)Quod
2477 621 2592 674 dico
2621 620 2761 674 vobis
2786 620 2839 673 iu
2866 619 3106 686 tenebris,
3127 620 3281 675 dicite
3299 619 3354 674 in
3382 620 3471 674 lu-

1870 712 2042 776 mine;
2063 721 2112 766 et
2133 713 2269 782 quod
2297 714 2351 766 in
2401 729 2530 768 aure
2557 712 2775 783 auditis,
2809 712 3090 784 prazdicate
3128 729 3282 784 super
3312 719 3465 767 tecta.

1871 805 2027 871 Quod
2059 805 2290 860 audistis
2323 807 2373 860 in
2403 807 2691 878 mysterio,
2718 805 2960 876 apertius
2984 805 3304 876 pra'dieate:
3331 804 3474 875 quod

1869 895 2146 952 didicistis
2177 899 2493 954 abscondite
2525 896 2635 970 [AL
2669 895 2986 971 absconse],
3033 899 3252 968 publice
3300 898 3479 969 loqui-

1870 993 2000 1046 mini
2034 991 2215 1061 :quod
2245 1007 2342 1048 vos
2371 993 2579 1047 erudivi
2625 993 2677 1046 in
2731 993 2965 1062 parvulo
2993 991 3198 1048 Judtese
3236 993 3381 1059 loco,
3418 993 3472 1048 in

1870 1083 2142 1140 universis
2169 1085 2416 1151 urbibus,
2449 1094 2504 1140 et
2523 1085 2577 1140 in
2606 1094 2724 1141 toto
2753 1086 2958 1141 mundo
2980 1089 3246 1142 audacter
3275 1087 3477 1143 edicite

1899 1180 1979 1234 Αι.
2014 1180 2225 1235 dicitel.

1899 1180 1979 1234 Αι.
2014 1180 2178 1235 dicite
2212 1221 2225 1232 .

1872 1178 1892 1251 [
1945 1273 2130 1345 (Vers.
2162 1178 2280 1344 £8.)
2306 1275 2368 1329 Et
2400 1276 2562 1330 nolite
2589 1275 2766 1329 timere
2782 1290 2868 1330 eos
2889 1275 2978 1344 qui
2999 1274 3239 1330 occidunt
3259 1290 3474 1348 corpus,

1871 1367 2105 1420 animam
2144 1377 2320 1421 autem
2372 1385 2475 1421 non
2504 1378 2719 1439 possunt
2769 1368 3023 1422 occidere.
3066 1369 3120 1424 Si
3160 1370 3248 1439 qui
3276 1383 3476 1437 corpus

1868 1458 2141 1522 occidunt,
2168 1461 2403 1514 animam
2429 1476 2536 1514 non
2565 1469 2790 1528 possunt
2815 1459 3068 1514 occidere
3099 1477 3111 1512 :
3139 1475 3268 1530 ergo
3290 1462 3472 1516 anima

1871 1552 2159 1608 invisibilis
2190 1563 2245 1609 et
2285 1555 2644 1622 incorporalis
2673 1563 2776 1619 est,
2810 1552 3109 1610 secundum
3141 1558 3470 1611 crassiorem

1873 1645 1996 1699 dico
2030 1645 2204 1699 nostri
2231 1647 2484 1714 corporis
2510 1647 2898 1702 substantiam.
2933 1645 3031 1700 Vel
3054 1662 3120 1701 eo
3152 1658 3302 1703 certe
3333 1657 3470 1703 tem-

1873 1751 2009 1806 pore
2041 1739 2316 1806 punietur,
2349 1749 2403 1792 et
2449 1739 2713 1808 supplicia
2765 1740 2986 1808 sentiet,
3021 1739 3240 1810 quando
3291 1741 3479 1811 pristi-

195 1834 260 1885 lu'c
285 1835 449 1888 salvus
479 1837 597 1889 erit.
624 1836 744 1891 Non
765 1838 910 1892 enim
935 1839 1192 1908 coepisse,
1210 1837 1304 1892 sed
1330 1835 1627 1908 perfecisse
1660 1836 1767 1888 vir-
1799 1827 1849 1890 B
1878 1848 2005 1886 num
2036 1847 2236 1902 corpus
2267 1834 2565 1902 receperit,
2615 1841 2676 1888 ut
2721 1848 2844 1888 cum
2895 1849 3008 1904 quo
3055 1837 3324 1905 peccavit,
3353 1852 3479 1894 cum

195 1929 300 1983 tutis
328 1941 427 1985 est.

250 2020 411 2090 (Vers.
441 2023 534 2086 25,
567 2023 694 2095 24.)
722 2023 852 2078 Cum
896 2034 1068 2079 autem
1105 2035 1472 2098 persequentur
1495 2041 1581 2080 vos
1609 2025 1664 2079 in
1702 2027 1774 2079 ci-

192 2117 317 2171 vitate
343 2119 458 2184 ista,
497 2119 670 2191 fugite
697 2122 748 2173 in
765 2121 942 2175 aliam.
975 2120 1138 2175 Amen
1171 2123 1290 2176 dico
1318 2121 1478 2186 vobis,
1511 2138 1616 2174 non
1651 2137 1774 2175 con-

194 2213 480 2268 summabilis
511 2215 754 2269 civitates
793 2213 981 2284 Israel,
1024 2217 1186 2271 donec
1215 2217 1382 2271 veniat
1415 2217 1557 2286 ﬁlius
1605 2218 1770 2270 homi-

192 2305 272 2358 nis.
301 2304 413 2359 Non
457 2315 539 2361 est
583 2306 879 2380 discipulus
926 2326 1084 2380 supra
1111 2310 1439 2380 magistrum,
1483 2327 1574 2362 nec
1597 2326 1773 2364 seruus

193 2414 319 2468 super
338 2399 610 2456 dominum
663 2419 833 2456 suum.
863 2402 1074 2474 Sufﬁcit
1123 2402 1378 2473 discipulo
1425 2413 1482 2457 ut
1530 2403 1596 2457 sit
1643 2404 1773 2457 sicut

195 2495 404 2563 magister
431 2497 594 2566 ejus;
627 2504 676 2549 et
706 2511 871 2558 servo,
921 2497 1053 2550 sicut
1105 2497 1346 2551 dominus
1377 2500 1508 2569 ejus.
1548 2498 1658 2552 lloc
1707 2497 1772 2552 ad

195 2582 304 2638 illud
333 2596 542 2656 tempus
595 2587 947 2643 referendum
986 2599 1090 2653 est,
1132 2603 1252 2644 cum
1294 2590 1360 2643 ad
1421 2589 1773 2659 praedicatio-

194 2690 292 2730 nem
347 2679 580 2747 apostoli
641 2679 1019 2746 mittebantur,
1054 2681 1250 2748 quibus
1277 2693 1329 2737 et
1381 2682 1606 2752 proprie
1635 2682 1773 2737 dici-

196 2780 265 2826 tur
292 2794 304 2828 :
334 2772 396 2828 In
419 2776 554 2828 riam
586 2776 824 2846 gentium
852 2793 916 2830 ne
943 2777 1198 2844 abieritis,
1227 2789 1276 2832 et
1315 2781 1369 2832 in
1413 2779 1646 2832 civitates
1680 2777 1777 2833 Sa-

193 2869 544 2923 maritanorum
615 2887 681 2924 ne
737 2872 1051 2926 intraveritis
1111 2871 1336 2941 (Supra,
1380 2873 1527 2941 eod.)
1563 2916 1578 2939 ,
1631 2871 1773 2943 quod

193 2962 612 3028 persecutionem
651 2963 842 3017 timere
871 2978 978 3018 non
1009 2963 1241 3019 debeant
1274 2963 1380 3037 [ΑΙ.
1415 2974 1469 3020 et
1495 2964 1773 3036 debeant],

193 3049 269 3104 sed
295 3050 586 3108 declinare.
627 3051 783 3120 Quod
811 3052 1027 3124 quidem
1068 3054 1316 3109 videmus
1371 3054 1479 3126 [AL
1517 3052 1774 3124 vidimus]

192 3142 235 3196 in
258 3144 511 3213 principio
565 3145 767 3200 fecisse
797 3147 1087 3203 credentes
1115 3165 1129 3202 :
1160 3148 1377 3218 quando
1406 3157 1522 3204 orta
1553 3149 1774 3204 .leroso-

1884 1927 2004 1995 ipso
2033 1935 2087 1979 et
2121 1926 2400 1996 puniatur.

1950 2019 2056 2073 Sed
2082 2021 2254 2090 potius
2273 2021 2444 2074 timete
2470 2037 2586 2074 eum
2620 2022 2709 2087 qui
2730 2032 2896 2094 potest
2924 2033 2973 2078 et
3012 2026 3261 2091 animam,
3282 2034 3331 2081 et
3363 2044 3484 2082 cor-

1878 2131 1973 2184 pus
2003 2114 2216 2185 perdere
2239 2114 2293 2169 in
2313 2113 2620 2186 gehennam.
2655 2114 2862 2170 Nomen
2903 2116 3167 2188 gebeunte,
3200 2121 3254 2174 in
3284 2122 3485 2177 veteri-

1878 2206 1978 2261 bus
2009 2207 2161 2262 libris
2211 2223 2317 2262 non
2365 2208 2662 2278 invenitur,
2695 2208 2792 2264 sed
2849 2209 3084 2278 primum
3133 2227 3161 2264 a
3195 2212 3482 2272 Salvatore

1876 2301 2120 2369 ponitur.
2148 2300 2468 2368 Quaeramus
2491 2317 2621 2372 ergo
2645 2318 2765 2373 quae
2795 2304 2864 2358 sit
2893 2308 3169 2361 sermonis
3201 2306 3362 2378 hujus
3386 2323 3480 2364 oc-

1876 2396 2046 2448 casio.
2079 2394 2281 2449 ldnlum
2319 2395 2446 2448 Baal
2476 2396 2813 2464 luissejuxta
2838 2396 3144 2454 Jerusalem
3169 2400 3236 2454 ad
3268 2401 3484 2458 radices

1880 2491 2083 2544 ιιιοιιιὶε
2106 2487 2294 2551 Moria,
2342 2490 2394 2544 in
2426 2489 2625 2559 quibus
2657 2489 2807 2546 Siloe
2836 2489 2974 2558 ﬂuit,
3007 2509 3114 2547 non
3145 2495 3317 2549 semel
3339 2495 3480 2567 legi-

1879 2597 2000 2636 mus
2025 2582 2114 2653 (ιιι
2134 2581 2369 2654 Reg.xt).
2388 2580 2516 2638 Haec
2533 2582 2691 2637 vallis
2708 2581 2735 2621 ι)
2751 2593 2805 2637 et
2825 2585 2973 2652 parvi
2997 2586 3176 2656 campi
3207 2586 3487 2656 planities,

1879 2675 2091 2746 irrigua
2139 2687 2257 2730 erat
2287 2687 2340 2732 et
2370 2691 2681 2745 nemorosa,
2736 2677 3002 2748 plenaque
3058 2679 3295 2749 deliciis,
3325 2689 3379 2735 et
3408 2682 3490 2736 lu-

1877 2771 2050 2825 eusin
2075 2785 2141 2826 ea
2173 2770 2318 2826 idolo
2358 2781 2731 2826 consecratus.
2780 2771 2836 2825 lu
2894 2781 3096 2827 tantam
3152 2783 3335 2829 autem
3384 2774 3489 2830 de-

1881 2866 2138 2920 mentiam
2186 2866 2413 2935 populus
2466 2864 2632 2920 Israel
2681 2875 2932 2930 venerat,
2961 2876 3019 2923 ut
3043 2868 3262 2925 deserta
3295 2869 3487 2942 templi

1881 2959 2079 3014 vicinia
2105 2960 2174 3014 ibi
2215 2960 2424 3015 hosuas
2455 2960 2784 3031 immolaret,
2815 2974 2868 3016 et
2916 2963 3151 3034 rigorem
3202 2965 3491 3037 religionis

1879 3051 2087 3106 deliciae
2105 3051 2415 3118 vincerent,
2450 3053 2699 3123 liliosque
2743 3069 2870 3109 suos
2897 3054 3183 3112 daemoniis
3225 3057 3485 3114 incende-

1885 3159 2012 3204 rent
2040 3149 2123 3203 vel
2173 3150 2472 3204 initiarent.
2507 3150 2573 3205 Et
2603 3151 2979 3220 appellabatur
3006 3153 3158 3208 locus
3185 3153 3278 3210 ille
3298 3154 3493 3226 gehen-

190 3233 322 3306 lymis
353 3241 768 3306 persecutione,
797 3240 1031 3311 dispersi
1063 3252 1189 3296 sunt
1245 3243 1295 3296 in
1341 3243 1649 3298 universam
1682 3244 1772 3298 Ju-
1804 3226 1851 3289 C
1885 3260 2026 3309 nom,
2055 3243 2105 3297 id
2136 3255 2240 3308 est,
2274 3244 2426 3298 vallis
2472 3243 2706 3298 ﬁliorum
2759 3244 2876 3316 [Αι.
2910 3245 3041 3318 lilii]
3077 3246 3337 3302 Hennom.
3373 3249 3487 3306 Iloc

190 3328 356 3398 dteam,
382 3343 438 3388 ut
459 3331 848 3389 tribulationis
872 3336 1091 3389 occasio
1118 3334 1274 3391 ﬁeret
1308 3335 1586 3405 Evangelii
1616 3339 1780 3393 semi-

193 3425 392 3481 narium.
425 3427 812 3498 Spiritualiter
832 3438 1014 3484 autem
1047 3443 1339 3499 pessumus
1385 3430 1565 3486 dicere
1598 3449 1610 3486 :
1640 3432 1777 3487 Cum

192 3525 431 3588 persecuti
462 3538 578 3578 nos
602 3522 808 3579 fuerint
829 3524 883 3579 in
913 3541 1015 3578 una
1041 3526 1287 3590 civitate,
1322 3527 1422 3579 hoc
1452 3535 1555 3591 est,
1589 3528 1640 3579 in
1675 3543 1781 3581 uno

192 3612 582 3682 Scripturarum
615 3615 754 3670 libro
794 3616 879 3670 vel
912 3615 1249 3685 testimonio,
1285 3632 1381 3672 nos
1421 3616 1689 3684 fugiamus
1715 3617 1781 3674 ad

192 3705 306 3760 alias
331 3710 613 3777 civitates,
633 3707 684 3762 id
715 3718 818 3770 est.
849 3709 915 3762 ad
939 3707 1042 3764 alia
1071 3710 1782 3778 volumina.Quamviscon-

196 3802 428 3856 tentiosus
469 3802 648 3856 luerit
681 3812 1028 3872 persecutor,
1058 3814 1185 3858 ante
1239 3804 1557 3873 prtesidium
1589 3805 1782 3861 Salva-

195 3896 307 3948 toris
331 3897 615 3960 adveniet,
641 3913 803 3966 quam
827 3898 1157 3953 adversariis
1177 3898 1408 3954 victoria
1426 3900 1780 3955 concedatur.

254 3989 414 4059 (Vers.
440 3990 572 4060 ‘25.)
602 3990 665 4045 Si
695 3994 1120 4061 patremfamilias
1148 3992 1433 4048 Beelzebub
1448 4004 1780 4060 vocaverunt,

195 4094 360 4152 quanto
389 4085 565 4156 magis
586 4085 894 4139 domesticos
933 4089 1044 4157 ejus
1070 4087 1091 4140 .'
1123 4087 1206 4141 Ne
1230 4104 1348 4160 ergo
1371 4089 1644 4142 timueritis
1675 4105 1780 4143 eos.

196 4173 500 4246 Beelzebub,
540 4178 745 4232 idolum
771 4187 856 4233 est
901 4177 1138 4246 Acaron,
1166 4178 1312 4250 quod
1355 4189 1580 4235 vocatur
1604 4179 1656 4235 in
1679 4180 1786 4237 Re-

195 4280 300 4336 gum
327 4272 610 4325 Volumina
656 4269 854 4324 idolum
887 4287 1076 4326 must
1101 4271 1190 4341 (IV
1220 4271 1352 4344 Reg.
1383 4275 1446 4340 ι).
1482 4273 1632 4338 Beel,
1665 4273 1785 4341 ipse

197 4369 269 4413 est
315 4360 417 4428 Bel,
451 4362 578 4418 sive
603 4361 739 4416 Baal
768 4379 788 4415 :
816 4361 990 4416 Zebub
1020 4374 1199 4420 autem
1232 4381 1411 4418 musca
1456 4364 1785 4439 dicitur.62

196 4450 478 4524 Principem
516 4469 654 4525 ergo
707 4454 1102 4511 dzemoniorum
1157 4471 1222 4512 ex
1256 4457 1593 4526 spurcissimi
1652 4458 1782 4512 idoli

199 4549 524 4616 appellabant
542 4549 930 4620 \’ocabu|o,qui
951 4565 1134 4605 musca
1169 4549 1386 4617 dicitur,
1440 4561 1659 4620 propter
1683 4551 1782 4605 im-

1884 3334 2092 3406 Regnm
2126 3336 2378 3390 volumen
2431 3335 2522 3405 (IV
2556 3336 2690 3410 Reg.
2723 3337 2903 3409 χχιιι),
2937 3347 2992 3393 et
3033 3338 3492 3411 Paralipomenon

1884 3428 1949 3496 (ll
1985 3426 2114 3480 Par.
2151 3427 2369 3500 χχχιιι),
2397 3436 2453 3483 et
2477 3427 2748 3485 Jeremias
2784 3429 2920 3502 (Jer.
2953 3446 3048 3497 vu,
3089 3447 3179 3487 χιχ
3223 3443 3274 3488 et
3318 3436 3494 3507 χχχιι)

1884 3523 2127 3578 scribunt
2150 3525 2490 3594 plenissime.
2525 3523 2593 3578 Et
2637 3526 3004 3581 comminatur
3033 3527 3176 3581 Deus
3223 3543 3283 3584 se
3311 3529 3493 3585 locum

1887 3617 2062 3687 ipsum
2096 3615 2446 3685 impleturum
2505 3617 2864 3689 cadaveribus
2891 3618 3000 3691 63
3031 3631 3399 3689 mortuorum,
3434 3631 3495 3678 ut

1887 3724 2228 3778 nequaquam
2285 3719 2512 3763 vocetur
2562 3709 2776 3780 Topbet
2817 3720 2872 3765 et
2903 3710 3028 3765 Baal
3062 3728 3077 3777 ;
3117 3712 3216 3769 sed
3267 3722 3495 3772 vocetur

1889 3800 2272 3873 Polyandrium
2302 3845 2316 3869 ,
2367 3801 2416 3856 id
2448 3811 2554 3868 est,
2589 3801 2824 3855 tumulus
2881 3814 3222 3859 mortuorum.
3285 3805 3493 3864 Futura

1887 3907 2019 3963 ergo
2046 3893 2312 3963 supplicia
2334 3903 2388 3948 et
2410 3907 2584 3963 poena:
2615 3902 2912 3965 perpetuae,
2942 3896 3139 3966 quibus
3164 3909 3490 3966 peccatores

1887 3986 2165 4041 crueiandi
2196 3997 2345 4053 sttnt,
2373 3987 2532 4056 hujus
2562 3986 2666 4041 loci
2700 3987 2972 4042 vocabulo
2999 3987 3352 4046 denotantur.
3383 3992 3494 4047 Du-

1889 4079 2084 4150 plicem
2123 4090 2303 4135 autem
2337 4093 2457 4135 esse
2493 4079 2824 4150 gehennam,
2853 4081 3004 4135 nimii
3044 4082 3185 4152 ignis
3212 4093 3267 4139 et
3319 4085 3490 4156 frigo-

1892 4176 1989 4242 ris,
2020 4175 2072 4227 in
2095 4173 2197 4229 Job
2231 4174 2549 4244 plenissime
2586 4175 2818 4244 legimus
2846 4172 2990 4246 (Job.
3020 4177 3188 4249 χχιν).

1961 4267 2146 4338 (Vers.
2178 4267 2249 4323 ’29
2295 4283 2451 4337 seqq.
2487 4265 2680 4321 Nonne
2707 4269 2810 4322 duo
2845 4286 3081 4340 passeres
3113 4288 3228 4326 asse
3254 4285 3492 4346 t'eneunt,

1889 4369 1937 4415 et
1970 4376 2103 4413 unus
2129 4375 2192 4413 ea:
2218 4359 2324 4413 illis
2352 4375 2454 4413 non
2487 4360 2637 4414 cadet
2656 4377 2815 4430 super
2837 4370 3029 4415 terram
3065 4363 3176 4418 sine
3213 4363 3378 4420 Patre
3404 4383 3492 4421 tte-

1889 4453 2038 4508 stro?
2073 4451 2244 4506 Vestri
2287 4459 2462 4505 autem
2509 4462 2558 4506 et
2586 4451 2768 4524 capilli
2794 4455 2974 4526 capitis
3023 4472 3203 4512 omnes
3232 4462 3494 4515 numerati

1891 4555 2033 4600 sunt.
2073 4544 2251 4599 Nolite
2278 4562 2402 4616 ergo
2431 4546 2638 4614 timere,
2681 4547 2860 4601 multis
2895 4549 3194 4618 passeribus
3249 4552 3491 4609 meliores

203 4645 660 4714 munditiam,qu:e
691 4643 1016 4697 exterminat
1037 4643 1360 4698 suavitatem
1387 4642 1669 4714 olei(Eccl.
1698 4643 1777 4714 ι).
1810 4626 1860 4686 Ῑ)
1887 4641 2011 4694 estis
2036 4655 2144 4693 vos.
2164 4637 2344 4693 Omnis
2365 4639 2587 4710 ergoqui
2618 4641 2951 4710 confitebitur
2965 4659 3044 4697 me
3060 4658 3231 4697 coram
3255 4628 3486 4701 homini-

263 4733 431 4802 (Vers.
461 4736 590 4807 26.)
621 4734 772 4790 Nihil
802 4736 940 4790 enim
977 4744 1212 4807 apertum
1253 4745 1326 4790 est
1355 4738 1495 4806 quod
1518 4752 1622 4790 non
1641 4751 1783 4790 reve-

199 4825 389 4894 labitur,
412 4839 465 4886 et
487 4829 757 4884 occultum
787 4829 924 4899 quod
951 4846 1054 4884 non
1081 4831 1288 4884 scietur.
1323 4829 1392 4884 Et
1430 4830 1704 4901 quomodo
1728 4830 1780 4885 in

202 4924 433 4987 pnesenti
477 4922 683 4978 saeculo
714 4923 1008 4977 multorum
1039 4923 1166 4977 vitia
1201 4923 1558 4978 uesciuntur?
1581 4923 1687 4980 Sed
1715 4922 1784 4979 de

201 5008 371 5068 loturo
396 5024 423 5052 ιι
459 5025 714 5086 tempore
743 5013 852 5086 [ΑΙ.
885 5012 1110 5086 saeculo]
1149 5013 1427 5082 scribitur,
1448 5015 1665 5086 quando
1701 5015 1786 5084 ju-

201 5103 384 5164 diCabit
413 5093 805 5166 Deusocculta
856 5108 966 5180 [Αἰ.
1014 5107 1354 5181 abscondita]
1385 5107 1692 5175 hominum,
1733 5116 1791 5165 et

204 5197 524 5258 illuminabit
549 5201 786 5258 latebras
817 5202 1184 5266 tenebrarum,
1221 5209 1279 5256 et
1309 5201 1597 5257 manifesta
1627 5201 1790 5257 faciet

205 5297 414 5352 consilia
443 5297 717 5354 cordium.
763 5297 827 5351 Et
853 5305 937 5352 est
967 5311 1202 5352 sensus:
1235 5295 1418 5352 Nolite
1448 5297 1642 5352 timere
1668 5311 1792 5367 per-

207 5401 506 5446 secutorum
537 5391 826 5456 saevitiam,
886 5399 943 5447 et
996 5389 1494 5461 blasphemantium
1553 5391 1785 5460 rabiem,

276 5581 296 5608 ⁸
323 5571 394 5629 Ita
421 5576 601 5646 legunt
626 5573 843 5631 codices
873 5587 1006 5628 mss.
1033 5568 1483 5646 quamplures_,_id
1515 5577 1620 5646 est,
1645 5568 1784 5624 Bec-

213 5646 380 5702 censis
413 5641 719 5703 monasterii
779 5662 937 5711 unus,
969 5641 1103 5700 alter
1160 5641 1615 5767 sgvaa-Majoris,
1648 5656 1788 5695 unus

215 5720 510 5767 monasterii
552 5721 733 5767 Restm
794 5717 972 5767 Marias
1011 5730 1173 5767 super
1252 5715 1416 5767 ivam.
1467 5725 1521 5767 et
1560 5724 1787 5767 quartus

215 5720 511 5774 numasterii
552 5721 733 5776 Beata;
792 5717 972 5773 Mariae
1011 5730 1173 5785 super
1202 5715 1416 5778 Divam,
1467 5725 1521 5768 et
1560 5724 1787 5785 quartus

217 5785 459 5844 Ecclesiae
476 5790 858 5848 Narbonensis.
876 5787 1020 5843 Editi
1040 5783 1244 5859 legunt,
1267 5787 1330 5840 de
1361 5787 1536 5859 futuro
1566 5783 1780 5859 steculo,

215 5868 266 5916 et
293 5872 474 5932 postea
514 5864 758 5922 retinent
800 5856 1114 5917 abscondita
1135 5873 1235 5931 pro
1275 5859 1472 5914 occulta
1499 5856 1786 5924 hominum,

1888 4734 2002 4803 bus,
2034 4735 2369 4804 conﬁtcboret
2389 4751 2484 4808 ego
2504 4750 2622 4789 eum
2653 4751 2827 4790 coram
2856 4734 3016 4791 Patre
3041 4754 3153 4792 meo
3170 4740 3331 4810 quiin
3353 4741 3492 4796 caelis

1887 4835 1983 4880 est.
2055 4827 2157 4893 Qui
2215 4836 2386 4881 autem
2453 4827 2711 4900 negaverit
2788 4843 2868 4882 me
2928 4844 3102 4882 coram
3174 4831 3492 4901 hominibus,

1888 4919 2081 4991 negabo
2133 4928 2182 4973 et
2244 4936 2338 4993 ego
2359 4937 2476 4975 eum
2532 4936 2709 4974 coram
2739 4918 2900 4976 Patre
2959 4938 3070 4978 meo
3121 4925 3209 4994 qui
3239 4926 3292 4979 in
3351 4925 3495 4981 ctzlis

1890 5022 1985 5068 est.
2024 5012 2203 5068 Haeret
2247 5012 2350 5068 sibi
2395 5028 2579 5069 sermo
2608 5012 2947 5079 Dominicus,
2971 5025 3025 5070 et
3047 5018 3332 5087 sequentia
3358 5031 3497 5088 pen-

1891 5104 2018 5161 dent
2049 5121 2115 5160 ex
2159 5106 2554 5176 superioribus.
2601 5105 2846 5162 Prudens
2872 5107 3064 5176 lector,
3091 5121 3227 5164 eave
3270 5122 3494 5178 semper

1893 5199 2334 5269 superstitiosam
2357 5198 2764 5269 intelligentiam
2791 5215 2807 5265 ;
2838 5209 2896 5254 ut
2925 5215 3033 5256 non
3069 5211 3167 5257 tuo
3191 5201 3382 5257 sensui
3415 5209 3500 5256 at-

1896 5305 2165 5364 tcmperes
2213 5293 2551 5364 Scripturas,
2582 5295 2676 5350 sed
2707 5295 3011 5366 Scripturis
3035 5297 3227 5368 iungas
3271 5312 3495 5356 sensum

1893 5398 2068 5455 tuum,
2101 5399 2154 5445 et
2182 5387 2450 5459 intelligas
2495 5387 2626 5458 quid
2667 5399 2950 5459 sequatur.
2993 5389 3170 5460 Supra
3225 5389 3492 5448 dixerat:

1896 5577 1949 5624 et
1972 5566 2327 5639 mauifestabit
2357 5579 2459 5636 pro
2491 5565 2772 5639 manifesta
2795 5566 2969 5639 faciet.
2999 5564 3174 5639 Msa'r.

1969 5639 1996 5679 b
2025 5637 2210 5694 Nostri
2239 5654 2369 5692 mss.
2399 5647 2457 5694 et
2475 5637 2690 5706 quidam
2721 5637 2887 5708 penes
2907 5637 3301 5707 Martianaeum,
3328 5638 3493 5697 olim-

1896 5726 2000 5783 que
2031 5711 2163 5766 editi
2191 5711 2338 5778 libri,
2361 5719 2410 5764 et
2455 5725 2618 5783 parva
2642 5711 2811 5783 campi
2840 5708 3080 5782 planities
3115 5725 3134 5764 :
3167 5718 3278 5767 tum
3317 5728 3504 5771 nutu—

1898 5780 2017 5839 rosa
2042 5799 2140 5855 pro
2170 5780 2463 5839 nemorosa
2483 5797 2650 5852 penes
2674 5780 2992 5839 Victorium.
