4004 6332
504 311 575 372 67
619 305 624 310 ’
1749 311 1810 371 S.
1851 311 2128 372 EL'SEBII
2165 309 2544 372 HIERONYMI
3729 314 3798 373 68

503 427 688 486 Nolite
713 429 893 485 timere
919 445 1008 484 eos
1033 429 1124 502 qui
1150 429 1392 486 occidunt
1421 444 1634 499 corpus,
1671 430 1902 485 animant
1929 441 2098 486 autem
2127 433 2176 494 Α
2204 442 2401 506 patrem
2437 450 2614 501 suum,
2645 441 2694 488 et
2733 432 2899 504 ﬁliam
2919 431 3164 488 adversus
3183 439 3398 486 matrem
3430 446 3601 496 suam,
3625 438 3671 484 et
3702 448 3794 483 nu-

506 538 608 578 non
631 533 843 596 possunt
892 523 1126 581 occidere
1163 541 1183 580 :
1217 539 1363 580 nunc
1410 522 1656 596 loquitur
1675 534 2102 596 consequenter,

506 617 698 674 Nonne
722 620 825 674 duo
845 635 1080 691 passeres
1107 635 1221 674 asse
1247 628 1486 688 veneunt,
1521 626 1565 672 et
1595 636 1729 675 unus
1771 635 1835 673 ea:
1856 617 1963 672 illis
2003 634 2104 672 non

505 709 654 768 cadet
677 726 837 782 super
873 717 1066 766 terram
1092 712 1204 776 sine
1227 709 1389 766 Patre
1407 719 1572 767 oestro
1599 711 1624 765 Ζ)
1655 711 1722 766 Et
1751 721 1834 768 est
1865 726 2061 767 sensus
2089 727 2102 762 :

505 803 567 862 Si
605 821 766 876 parva
817 805 1070 862 animalia
1113 817 1169 860 et
1197 804 1326 860 vilia
1355 805 1562 876 absque
1597 805 1712 861 Deo
1743 813 1970 860 auctore
2000 821 2108 859 non

505 898 786 969 decidunt,
816 909 873 955 et
924 900 976 956 in
1001 900 1257 955 munibus
1285 908 1371 956 est
1403 899 1768 970 providentia,
1804 909 1860 956 et
1903 915 2026 971 quas
2054 899 2108 953 in

507 989 598 1048 bis
629 992 871 1062 peritura
900 1003 1051 1060 sunt,
1084 995 1204 1049 sine
1239 994 1331 1049 Dei
1361 994 1642 1050 voluntate
1689 1008 1796 1050 non
1829 1002 2056 1064 pereunt
2092 1010 2107 1046 :

505 1100 604 1150 vos
625 1085 720 1157 qui
747 1085 944 1142 salerni
968 1088 1122 1153 estis,
1157 1103 1266 1144 non
1279 1087 1494 1144 debetis
1519 1089 1712 1144 timere
1730 1087 1878 1160 quod
1905 1087 2112 1158 absque

507 1180 606 1238 Dei
637 1181 832 1236 vivatis
867 1182 1236 1248 providentia.
1267 1183 1376 1240 Iste
1415 1198 1611 1238 sensus
1656 1190 1712 1238 et
1743 1199 1904 1253 supra
1933 1182 2113 1238 dictus

507 1283 630 1333 est:
660 1273 924 1344 Respicite
952 1275 1189 1331 volatilia
1211 1273 1347 1340 cteli,
1376 1277 1620 1346 quoniam
1649 1293 1756 1330 non
1789 1283 1989 1343 serunt,
2018 1290 2112 1328 ne-

507 1385 610 1440 que
632 1377 851 1436 metunt,
875 1385 1042 1441 neque
1063 1379 1381 1443 congregant
1404 1370 1456 1422 in
1472 1367 1695 1430 horrea:
1717 1378 1764 1423 et
1779 1367 1942 1423 Pater
1953 1378 2115 1421 vester

508 1461 729 1516 caelestis
759 1461 926 1535 pascit
947 1461 1064 1516 illa.
1115 1459 1306 1517 Nonne
1327 1477 1414 1517 nos
1453 1471 1480 1500 ι
1514 1462 1679 1532 pluris
1703 1462 1822 1516 estis
1860 1461 2012 1515 illis?
2037 1458 2115 1516 Ac

507 1554 770 1627 deinceps
802 1573 816 1610 :
849 1555 1185 1613 Considerate
1211 1558 1325 1612 lilia
1355 1559 1468 1629 agri
1492 1558 1752 1627 quomodo
1773 1565 2030 1624 crescunt,
2061 1562 2117 1610 tt

510 1649 744 1720 reliqua.
778 1650 841 1708 Si
867 1664 1040 1707 autem
1089 1653 1267 1724 fenum
1305 1653 1419 1722 agri
1445 1653 1584 1723 quod
1623 1651 1782 1706 hodie
1801 1662 1896 1720 est,
1925 1660 2117 1706 cteros

511 1745 566 1801 in
586 1746 850 1800 clibauum
874 1747 1116 1813 mittitur,
1143 1744 1286 1802 Deus
1314 1748 1387 1801 sic
1408 1749 1577 1813 restit,
1603 1754 1794 1816 quanto
1823 1744 1984 1814 magis
2005 1760 2112 1810 vos,

2207 543 2324 582 rum
2343 527 2592 582 adversus
2613 542 2817 581 socrum
2844 542 3028 592 suam;
3049 535 3096 580 et
3121 525 3316 579 inimici
3344 524 3588 591 hominis,
3617 523 3782 576 dome-

2207 619 2328 674 stici
2354 622 2486 692 ejus.
2514 619 2612 675 llic
2639 619 2797 673 locus
2823 633 2990 688 prope
3037 616 3242 672 eisdem
3278 615 3462 672 verbis
3493 615 3546 670 in
3578 613 3798 670 Miclnea

2207 710 2476 782 prepheta
2523 713 2786 768 scribitur
2835 710 3026 784 (Misit.
3072 709 3190 782 tu).
3227 709 3295 766 Et
3348 708 3648 765 notandum
3680 705 3800 762 ubi-

2209 823 2447 878 cumque
2509 807 2578 864 de
2639 809 2816 864 veteri
2857 807 3208 864 Testamento
3275 802 3645 860 testimonium
3710 815 3805 872 po-

2211 902 2380 970 nitur,
2409 913 2590 958 utrum
2632 916 2827 958 sensus
2855 909 3082 970 tantum,
3127 916 3194 954 an
3229 905 3286 954 et
3311 895 3340 936 υ
3362 912 3544 954 sermo
3570 909 3805 953 consen-

2211 995 2332 1052 tiat.

2285 1090 2469 1162 (Vers.
2495 1087 2612 1161 '57.)
2629 1089 2733 1156 Qui
2755 1098 2896 1144 amat
2916 1097 3117 1160 patrem
3145 1096 3238 1140 aut
3259 1093 3474 1142 matrem
3507 1085 3626 1158 plus
3653 1098 3807 1148 quam

2213 1202 2316 1252 me,
2351 1202 2455 1240 non
2484 1197 2556 1240 est
2587 1202 2668 1240 me
2697 1185 2908 1257 dignus.
2938 1182 3009 1238 Et
3027 1183 3118 1254 qui
3147 1191 3289 1238 amat
3310 1181 3481 1252 ﬁlium
3525 1189 3618 1235 aut
3641 1177 3808 1246 ﬁliam

2214 1295 2373 1349 super
2399 1295 2502 1346 me,
2527 1295 2634 1333 non
2658 1287 2733 1334 est
2761 1296 2843 1334 me
2873 1279 3086 1349 dignus.
3112 1277 3214 1346 Qui
3247 1287 3270 1317 ε
3297 1284 3423 1331 ante
3443 1273 3807 1346 prmmiserat:

2218 1370 2342 1426 Non
2391 1374 2506 1426 veni
2558 1388 2734 1440 pacem
2768 1372 2989 1438 mittere,
3021 1371 3112 1425 sed
3157 1367 3396 1440 gladium
3424 1383 3442 1434 ;
3467 1375 3525 1422 et
3565 1364 3813 1422 dividere

2216 1465 2472 1522 homines
2501 1465 2784 1522 adversum
2819 1475 3028 1536 patrem
3073 1471 3130 1518 et
3159 1472 3414 1528 matrem,
3463 1471 3518 1517 et
3564 1474 3810 1527 socrum,

2219 1575 2288 1615 ne
2313 1559 2434 1630 quis
2461 1560 2719 1630 pietatem
2739 1557 2989 1629 religioni
3021 1555 3338 1622 anteferret,
3357 1552 3812 1624 subjecitdicens,

2223 1656 2328 1722 Qui
2349 1665 2488 1709 amat
2515 1655 2624 1728 65
2663 1663 2862 1727 patrem
2894 1662 2987 1706 aut
3036 1661 3251 1706 matrem
3281 1651 3398 1722 plus
3427 1665 3582 1722 quam
3617 1663 3720 1702 me.
3751 1645 3818 1701 Et

2221 1747 2274 1802 in
2308 1747 2537 1804 Cantica
2587 1748 2817 1817 legimus
2880 1745 3230 1801 Canticorum
3283 1743 3594 1799 :Ordinate
3645 1743 3704 1795 in
3738 1756 3820 1795 me

513 1839 920 1908 modicteﬁdei'!
944 1839 1179 1908 Quidam
1201 1850 1392 1896 cnacte
1419 1839 1560 1896 duos
1591 1837 2115 1910 passeres,animam
2145 1823 2196 1888 Β
2224 1841 2526 1896 charitatem
2553 1839 2732 1913 (Cant.
2761 1859 2820 1908 ιι.
2854 1841 2935 1912 4).
2963 1839 3060 1896 Hic
3085 1839 3221 1895 ordo
3245 1839 3296 1893 in
3326 1837 3473 1894 omni
3500 1835 3703 1892 aﬁectu
3733 1850 3821 1892 ne-

516 1941 572 1989 et
592 1948 798 2003 corpus
819 1933 1273 2003 interpretantur.
1307 1933 1562 2003 Quinque
1588 1948 1806 2005 quoque
1837 1945 2115 2003 passeres,

509 2027 815 2084 secundum
840 2027 1044 2082 Lucam
1075 2027 1229 2100 (Luc.
1257 2030 1380 2098 xu),
1403 2027 1497 2098 qui
1535 2027 1746 2084 duobus
1785 2027 1996 2082 assibus
2023 2043 2117 2082 ve-

514 2128 706 2190 neunt,
735 2121 803 2176 ad
836 2137 1029 2178 sensus
1081 2122 1342 2178 referunt.
1375 2123 1484 2179 Sed
1513 2123 1788 2194 quomodo
1819 2121 1913 2176 illa
1946 2122 2108 2178 intel-

516 2214 742 2287 ligentia
777 2225 893 2279 toto
922 2215 1236 2286 Evangelici
1257 2216 1527 2271 sermonis
1550 2217 1766 2286 corpori
1797 2225 2112 2284 coaptetur,

515 2325 626 2366 non
658 2324 842 2380 parvae
869 2307 1208 2364 difficultatis
1236 2319 1340 2364 est.
1381 2308 1552 2364 Vestri
1581 2318 1810 2364 autemet
1833 2308 2014 2381 capilli
2030 2325 2119 2362 ca-

511 2403 636 2478 pitis
660 2419 835 2458 ontnes
857 2404 1116 2459 numerati
1155 2413 1296 2458 sunt.
1329 2402 1508 2458 Nolite
1533 2408 1674 2476 ergo;
1688 2406 1869 2459 timere
1885 2419 1906 2470 ;
1939 2404 2118 2458 multis

517 2497 815 2568 passeribus
837 2498 1074 2552 meliores
1087 2497 1209 2552 estis
1229 2513 1337 2552 vos.
1358 2495 1701 2552 Manifestius
1745 2498 1998 2567 superior
2021 2511 2121 2552 no-

519 2596 651 2644 strae
677 2589 1042 2660 expositionis
1072 2604 1266 2646 sensus
1281 2605 1574 2661 expressus
1607 2600 1692 2646 est
1717 2609 1729 2646 :
1753 2590 1900 2663 quod
1924 2589 2121 2646 timere

518 2695 628 2738 non
651 2681 767 2756 64
809 2681 1050 2740 debeant
1099 2698 1195 2740 eos
1224 2683 1314 2755 qui
1343 2695 1569 2756 possunt
1609 2686 1865 2741 occidere
1894 2698 2113 2754 corpus,

515 2782 574 2831 et
591 2776 832 2831 animam
860 2791 968 2831 non
991 2786 1243 2847 possunt,
1273 2780 1530 2848 quoniam
1563 2779 1744 2835 sisine
1771 2779 1865 2834 Dei
1891 2779 2120 2834 scientia

520 2881 694 2939 parva
715 2884 938 2940 quoque
979 2869 1239 2926 animalia
1269 2886 1375 2926 non
1407 2871 1688 2940 decidunt,
1723 2879 1928 2942 quanto
1949 2870 2120 2941 magis

521 2957 710 3031 hoc,
743 2963 835 3034 qui
859 2963 1156 3033 apostolica
1200 2965 1364 3020 fultus
1395 2966 1469 3020 sit
1495 2965 1758 3036 dignitate
1785 2967 1797 3019 Ξ
1823 2963 1979 3034 Quod
2025 2981 2122 3019 au-

520 3063 634 3114 tem
661 3055 739 3111 ait
771 3075 782 3110 :
818 3058 970 3112 vestri
991 3068 1162 3112 autem
1183 3069 1230 3113 et
1247 3057 1426 3132 capilli
1455 3061 1639 3132 capitis
1670 3075 1844 3112 omnes
1865 3057 2122 3112 numerati

519 3155 664 3214 sunt,
683 3149 1007 3206 immensam
1056 3149 1157 3206 Dei
1193 3165 1324 3222 erga
1369 3151 1618 3207 homines
1666 3149 1910 3206 ostendit
1939 3151 2123 3222 provi-

2222 1935 2499 1992 ccssarius
2527 1938 2776 1991 est.Ama
2809 1945 2934 2006 post
2959 1934 3126 1990 Deum
3157 1945 3386 2004 patrem,
3417 1945 3539 1985 ama
3563 1937 3817 1996 matrem,

2221 2045 2342 2086 ama
2366 2031 2526 2085 filios.
2557 2029 2614 2086 Si
2645 2040 2824 2085 autent
2867 2029 3170 2086 necessitas
3192 2028 3423 2093 venerit,
3453 2034 3513 2082 ut
3537 2039 3700 2081 amor
3729 2039 3824 2095 pa-

2221 2134 2436 2180 rentum
2468 2139 2531 2180 ac
2563 2123 2799 2178 ﬁliorum
2851 2123 2947 2179 Dei
2977 2123 3150 2177 amori
3203 2128 3572 2190 comparetur,
3606 2125 3663 2174 et
3716 2132 3823 2174 non

2221 2220 2392 2290 possit
2433 2229 2727 2289 utrumque
2775 2218 3004 2285 servari,
3049 2216 3231 2271 odium
3283 2217 3334 2268 in
3388 2217 3742 2284 suos,pietas
3772 2213 3824 2267 in

2224 2314 2395 2370 Deum
2425 2313 2622 2386 sit[Al.
2649 2310 2777 2385 est].
2798 2311 2912 2366 Non
2944 2325 3074 2382 ergo
3107 2309 3384 2380 prohibuit
3405 2323 3588 2362 atiiare
3613 2317 3827 2378 patrem

2219 2418 2312 2463 aut
2339 2416 2592 2470 matrem,
2621 2407 2715 2463 sed
2740 2406 3019 2476 signanter
3041 2401 3276 2458 addidit:
3307 2401 3414 2470 Qui
3437 2408 3578 2456 amat
3606 2409 3814 2471 patrem

2221 2509 2316 2555 aut
2341 2509 2556 2555 matrem
2587 2500 2706 2572 plus
2733 2515 2888 2570 quam
2920 2514 3020 2552 me.

2296 2593 2480 2667 (Vers.
2512 2595 2602 2661 58,
2633 2593 2749 2664 59.)
2790 2591 2859 2646 Et
2894 2591 2985 2664 qui
3016 2607 3120 2646 non
3163 2590 3350 2662 accipit
3371 2603 3571 2644 crucem
3603 2602 3757 2642 suam
3780 2596 3828 2640 et

2223 2692 2454 2762 sequitur
2483 2708 2580 2758 me,
2615 2706 2718 2743 non
2750 2696 2824 2742 est
2851 2703 2932 2742 me
2961 2688 3170 2759 dignus.
3196 2685 3298 2752 Qui
3327 2681 3575 2738 invenerit
3599 2679 3719 2754 [AL
3749 2682 3832 2736 in-

2223 2784 2378 2858 venit]
2409 2785 2636 2839 animum
2664 2799 2833 2848 suam,
2877 2780 3057 2854 perdet
3098 2779 3288 2844 illaut;
3315 2787 3362 2830 et
3413 2779 3504 2849 qui
3533 2775 3829 2848 perdiderit

2225 2881 2451 2934 animum
2477 2896 2627 2933 suam
2653 2889 2859 2950 propter
2882 2894 2980 2942 me,
3008 2875 3226 2928 inreniet
3247 2888 3381 2928 eam.
3413 2871 3469 2927 In
3497 2870 3607 2927 alio
3638 2869 3830 2926 Evan-

2213 2974 2363 3043 gelia
2403 2973 2658 3027 scribitur
2690 2989 2702 3024 :
2741 2971 2842 3038 Qui
2885 2985 2988 3023 non
3020 2967 3206 3040 accipit
3239 2983 3438 3020 crucem
3475 2980 3624 3018 suam
3649 2967 3831 3036 quott-

2225 3067 2331 3122 die.
2355 3066 2433 3122 Ne
2457 3066 2627 3122 semel
2659 3074 2910 3135 putemus
2933 3062 3181 3118 ardorem
3211 3060 3335 3116 fidei
3359 3071 3516 3130 posse
3546 3055 3828 3122 sufficere,

2226 3174 2445 3228 semper
2479 3174 2611 3214 crux
2642 3156 2906 3229 portanda
2954 3165 3059 3223 est,
3096 3162 3153 3210 ut
3181 3167 3400 3224 semper
3429 3165 3528 3207 nos
3549 3149 3834 3206 Christum

521 3241 788 3312 dentiam,
841 3251 898 3298 et
922 3240 1252 3298 ineﬁ‘ahilcm
1283 3241 1465 3312 signat
1501 3243 1779 3312 allectum,
1807 3242 1954 3314 quod
1987 3242 2119 3296 nihil
2149 3225 2197 3291 C
2230 3225 2416 3307 ama-re
2444 3225 2759 3306 ἀοοεεηίιυε,

523 3345 773 3393 nostrum
803 3335 967 3392 lateat
1016 3335 1214 3402 Deum,
1245 3345 1301 3390 et
1331 3335 1497 3392 etiam
1525 3351 1695 3405 parva
1743 3343 1800 3390 et
1843 3336 2020 3390 otiose
2051 3334 2133 3414 (ιε-ι

524 3437 614 3486 cta
643 3427 763 3498 ejus
785 3428 1074 3486 scientiam
1123 3445 1232 3484 non
1267 3427 1496 3500 fugiant.
1529 3428 1791 3485 Derident
1819 3427 2129 3498 intelligen-

522 3519 658 3577 tiam
696 3519 1122 3576 ecclesiasticam
1156 3521 1209 3575 in
1240 3519 1348 3576 hoc
1385 3520 1508 3576 loco
1529 3561 1542 3588 ,
1583 3525 1677 3591 qui
1735 3521 1916 3578 carnis
1946 3536 2129 3576 resur-

526 3614 834 3672 rectionem
861 3625 1085 3685 negant,
1132 3614 1286 3684 quasi
1320 3630 1420 3671 nos
1453 3627 1509 3670 et
1550 3615 1786 3687 capillos
1813 3615 1905 3688 qui
1937 3630 2130 3671 nume-

528 3706 636 3762 rati
702 3713 848 3775 sunt,
909 3716 965 3766 et
997 3721 1030 3762 a
1085 3715 1308 3763 tonsore
1374 3707 1565 3777 decisi,
1631 3723 1826 3766 omnes
1883 3709 2128 3764 dicamus

527 3815 845 3872 resurgere,
867 3815 994 3857 cum
1039 3802 1296 3858 Salvator
1322 3819 1430 3858 non
1461 3802 1659 3860 dixerit
1691 3822 1703 3858 :
1729 3803 1911 3859 Vestri
1943 3811 2127 3858 autem

529 3905 589 3956 et
613 3897 800 3968 capilli
829 3897 1024 3968 capitis
1049 3912 1240 3954 omnes
1268 3898 1520 3954 solvendi
1548 3907 1706 3968 sunt,
1736 3898 1832 3954 sed
1860 3897 2132 3954 numerati

531 3997 684 4046 sunt.
715 3988 819 4046 Ubi
847 4005 1112 4046 numerus
1138 3999 1243 4058 est,
1275 3991 1506 4047 scientia
1541 3991 1752 4048 numeri
1782 3991 2135 4047 demonstra-

531 4091 644 4149 tur,
666 4099 776 4139 non
807 4083 1052 4154 ejusdem
1087 4084 1300 4140 numeri
1331 4085 1697 4142 conservatio.

607 4176 795 4248 (Vers.
821 4177 940 4248 54.)
967 4176 1151 4232 Nolite
1173 4178 1438 4248 arbitrari,
1453 4181 1574 4250 quia
1599 4179 1711 4234 veni
1726 4195 1906 4251 pacem
1935 4179 2136 4232 mittere

527 4271 587 4327 in
615 4281 844 4327 terram:
869 4269 994 4327 Non
1012 4272 1128 4328 veni
1146 4289 1325 4344 pacem
1357 4276 1576 4340 mittere,
1607 4274 1697 4330 sed
1739 4272 1992 4345 gladium.
2035 4271 2140 4326 Stt-

537 4380 634 4438 pra
666 4365 920 4422 dixerat:
957 4366 1105 4434 Quod
1127 4367 1400 4423 dirorobis
1427 4369 1482 4422 in
1510 4367 1753 4434 tenebris,
1780 4367 1939 4422 dicite
1962 4366 2017 4419 in
2055 4365 2138 4419 lu-

539 4458 680 4514 mine
705 4467 792 4526 ;et
811 4459 953 4530 quod
977 4461 1026 4513 in
1071 4475 1200 4515 aure
1236 4461 1455 4528 auditis,
1482 4462 1763 4535 pradicate
1799 4476 1955 4530 super
1978 4468 2135 4514 tecta.

538 4549 698 4608 Nunc
727 4551 894 4608 infert
936 4553 1065 4624 quid
1095 4563 1220 4625 post
1261 4555 1709 4627 prtedicationem
1739 4562 2021 4626 sequatur.
2054 4551 2136 4607 Ad

2300 3344 2482 3416 (Vcrs.
2508 3343 2626 3414 40.)
2668 3342 2772 3408 Qui
2795 3342 2978 3410 recipit
3004 3357 3113 3406 vos,
3161 3355 3241 3392 me
3268 3337 3486 3408 recipit;
3515 3345 3564 3392 et
3612 3335 3708 3406 qui
3759 3352 3838 3391 me

2227 3439 2442 3508 recipit,
2499 3437 2680 3506 recipit
2713 3453 2828 3490 eum
2871 3435 2960 3506 qui
3005 3449 3089 3489 me
3122 3434 3282 3488 misit.
3322 3425 3477 3488 'Ordo
3527 3429 3838 3501 pulcherri-

2230 3546 2372 3601 mus.
2405 3531 2484 3587 Ad
2531 3530 2968 3599 prmdicationem
3018 3527 3208 3594 mittit,
3252 3526 3413 3584 docet
3445 3525 3697 3596 pericula
3728 3539 3837 3580 non

2231 3624 2495 3691 timenda,
2527 3623 2779 3679 aiiectum
2807 3623 3030 3694 subjicit
3083 3620 3360 3691 religioni.
3414 3621 3616 3675 Aurum
3668 3629 3840 3687 supra

2232 3722 2452 3786 tulerat,
2485 3736 2558 3775 res
2589 3719 2656 3776 de
2694 3735 2827 3775 zona
2871 3726 3210 3775 excusserat.
3257 3717 3398 3771 Dura
3453 3713 3842 3785 Evangelista-

2233 3831 2350 3870 rum
2377 3812 2640 3868 conditio.
2674 3812 2831 3870 Unde
2859 3827 2991 3884 ergo
3022 3818 3293 3880 sumptus,
3345 3809 3486 3865 unde
3531 3807 3713 3864 victus
3746 3823 3844 3866 ne-

2232 3907 2506 3964 cessaria?
2553 3905 2940 3962 Austeritatem
2985 3903 3366 3960 mandatorum
3425 3916 3522 3974 spe
3569 3911 3848 3974 temperat

2234 4001 2654 4074 promissorum.
2691 4001 2794 4068 Qui
2821 4001 3024 4072 recipit,
3075 4000 3343 4070 inquiens,
3369 4015 3478 4065 eos,
3507 4013 3589 4052 me
3611 3999 3802 4071 recipit
3825 4013 3844 4064 ;

2237 4103 2282 4148 et
2308 4094 2396 4166 qui
2421 4109 2499 4147 me
2520 4092 2722 4163 recipit,
2751 4091 2936 4162 recipit
2975 4090 3205 4162 eumqui
3234 4104 3316 4144 me
3342 4090 3502 4153 misit,
3534 4097 3592 4143 ut
3625 4088 3682 4143 in
3719 4102 3846 4144 sus-

2237 4187 2503 4256 cipiendis
2535 4185 2828 4256 apostolis,
2881 4182 3255 4253 unusquisque
3303 4180 3639 4238 credentium
3687 4179 3851 4237 Chri-

2237 4289 2381 4336 stum
2412 4294 2470 4334 se
2501 4278 2813 4348 suscepisse
2840 4276 3161 4332 arbitretur.

2311 4372 2492 4444 (Vers.
2523 4371 2642 4442 il.)
2685 4369 2787 4437 Qui
2833 4370 3014 4442 recipit
3045 4369 3347 4442 prophetam
3373 4369 3428 4422 in
3466 4367 3674 4423 nomine
3719 4385 3850 4439 pro-

2239 4468 2424 4541 phetw,
2457 4465 2740 4521 mercedem
2769 4463 3030 4536 propheta:
3059 4465 3298 4534 accipiet.
3330 4463 3397 4516 Et
3423 4463 3516 4535 qui
3535 4463 3726 4533 recipit
3745 4465 3849 4536 ju-

2240 4574 2377 4618 stum
2413 4564 2466 4616 in
2494 4561 2701 4616 nomine
2739 4559 2896 4632 justi,
2944 4556 3223 4612 mercedem
3262 4559 3396 4631 justi
3440 4557 3680 4626 accipiet.
3745 4557 3854 4626 Qui

542 4647 704 4704 fidem
734 4647 960 4715 Christi,
984 4659 1129 4706 totus
1153 4652 1304 4708 orbis
1326 4660 1517 4708 contra
1545 4667 1606 4708 se
1638 4653 1846 4707 divisus
1861 4663 1978 4706 est:
2005 4665 2141 4706 una-
2161 4619 2217 4682 Β
2243 4657 2563 4729 prophetam
2606 4619 2799 4723 recipit
2837 4663 2897 4707 ut
2945 4619 3289 4722 prophetam,
3323 4659 3378 4706 et
3431 4649 3694 4722 intelligit
3725 4665 3854 4706 eum

541 4758 775 4816 quaeque
795 4745 990 4800 domus
1029 4753 1086 4801 et
1115 4744 1364 4803 infideles
1415 4746 1612 4802 habuit
1661 4754 1718 4802 et
1741 4745 2052 4810 credentes,
2087 4753 2144 4798 et

543 4847 837 4908 pmpterea
867 4838 1071 4894 bellum
1105 4839 1332 4895 missum
1387 4847 1472 4896 est
1505 4839 1731 4904 bonum,
1763 4848 1822 4892 ut
1861 4852 2143 4908 rumpere-

543 4940 637 4989 tur
667 4948 776 5004 pax-
801 4933 963 4988 mala.
1013 4933 1147 4989 Tale
1175 4933 1306 5004 quid
1338 4943 1393 4990 et
1435 4935 1492 4988 in
1533 4933 1734 4989 Genesi
1766 4931 2031 4987 adversus
2059 4945 2147 4984 re-

544 5028 722 5086 belles
745 5029 1017 5096 homines,
1043 5028 1137 5101 qui
1171 5028 1305 5084 moti
1332 5029 1550 5084 fuerant
1572 5027 1643 5083 de
1673 5027 1914 5094 Oriente,
1947 5035 2003 5082 et
2032 5031 2148 5080 tur-

545 5139 664 5181 rem
691 5131 974 5181 exstruere
1003 5122 1334 5180 festinabant
1354 5119 1567 5193 (Geues.
1591 5119 1694 5191 tu),
1715 5135 1812 5189 per
1831 5133 1990 5191 quam
2021 5117 2146 5174 (ιωΙί

546 5221 658 5276 alta
691 5228 1072 5292 penetrarent,
1104 5219 1299 5274 fecisse
1323 5217 1589 5272 scribitur
1629 5216 1796 5282 Deus,
1831 5223 1890 5270 ut
1937 5214 2144 5271 divide-

545 5325 635 5374 ret
661 5315 874 5388 linguas
901 5330 1113 5372 eorum.
1149 5311 1306 5369 Unde
1332 5319 1389 5368 et
1418 5312 1472 5366 in
1501 5312 1714 5381 psalmo
1743 5310 1912 5365 David
1957 5325 2148 5381 prcca-

549 5420 640 5469 tur
697 5411 959 5482 :Bissipa
993 5450 1010 5477 ,
1069 5407 1284 5462 Domine
1325 5448 1340 5476 ,
1391 5415 1565 5478 gentes
1625 5420 1742 5476 qua:
1789 5403 1927 5460 bella
1972 5405 2150 5460 colunt

553 5504 678 5581 (Ps.
703 5520 866 5572 vau,
900 5503 1018 5576 5i).

628 5599 808 5676 (Vers.
841 5599 963 5671 35.)
998 5595 1130 5653 Veni
1166 5597 1304 5652 enim
1347 5611 1590 5668 separare
1626 5593 1884 5650 hominem
1905 5593 2148 5650 adversus

631 5815 656 5844 ι
683 5805 794 5862 Duo
826 5802 1081 5866 Palatini,
1119 5817 1228 5875 quos
1279 5800 1445 5875 magis
1488 5799 1659 5875 pluris
1717 5798 1878 5866 estis;
1907 5806 1962 5854 et
1991 5795 2154 5868 paulo

560 5875 806 5949 inferius,
837 5876 1066 5932 minimos
1093 5874 1238 5944 ﬁdei,
1267 5872 1386 5946 pro'
1422 5872 1655 5941 modicae,
1690 5881 1798 5928 etc.

2243 4751 2310 4806 de
2338 4749 2530 4804 futuris
2563 4749 2898 4815 loquentem,
2929 4743 3018 4800 hic
3046 4743 3354 4800 mercedem
3390 4743 3672 4813 prophetae
3706 4744 3858 4800 acci-

2246 4843 2380 4914 piet.
2412 4842 2574 4912 igitur
2597 4839 2770 4896 ιιιόωὶ
2795 4837 3088 4894 carnaliter
3121 4835 3417 4908 prophetas
3445 4835 3852 4907 inteiligentes,

2245 4935 2552 4993 mercedem
2582 4933 2972 5005 prophetarum
3023 4947 3136 4987 non
3175 4931 3466 5000 accipient.
3514 4929 3736 4986 Aliter:
3799 4932 3858 4987 lu

2249 5031 2395 5086 omni
2425 5027 2770 5100 professione
2795 5025 3060 5081 zizanium
3093 5025 3322 5080 mixtum
3349 5035 3436 5080 est
3455 5023 3666 5080 tritico.
3697 5024 3859 5082 Prat-

2249 5125 2511 5180 miserat:
2541 5122 2644 5190 Qui
2669 5122 2849 5194 recipit
2875 5136 2986 5186 vos,
3028 5135 3109 5174 me
3135 5119 3320 5190 recipit
3357 5133 3376 5176 :
3406 5129 3453 5174 et
3481 5119 3574 5192 qui
3599 5135 3679 5174 me
3720 5120 3860 5174 reci—

2248 5224 2356 5294 pit,
2389 5217 2573 5288 recipit
2609 5231 2722 5269 eum
2751 5216 2840 5287 qui
2865 5230 2944 5268 me
2972 5212 3128 5267 misit.
3180 5212 3263 5268 Ad
3294 5211 3702 5283 susceptionem
3735 5228 3858 5268 ma-

2251 5314 2544 5384 gistrorum
2581 5307 2880 5378 discipulos
2909 5316 3325 5376 provocaverat.
3357 5305 3580 5361 Poterat
3615 5305 3733 5378 66
3763 5321 3860 5362 oc-

2251 5409 2394 5465 culta
2441 5421 2564 5463 csse
2595 5402 2936 5462 credentium
2985 5401 3300 5472 responsio;
3333 5416 3464 5472 ergo
3509 5409 3566 5456 et
3608 5401 3859 5472 pseudo-

2254 5503 2550 5578 prophetas
2578 5489 2854 5557 etJudam
2899 5497 3238 5569 proditorem
3286 5496 3548 5553 debemus
3581 5495 3860 5568 recipere,

2255 5605 2312 5654 et
2349 5596 2457 5654 illis
2505 5593 2823 5652 alimoniam
2879 5591 3216 5650 ministrare.
3262 5590 3375 5652 lloc
3417 5589 3684 5648 Dominus
3735 5600 3866 5650 ante

2331 5793 2364 5836 δ
2393 5793 2565 5850 Palat.
2591 5791 2777 5856 codd.,
2801 5808 2871 5847 an
2893 5802 2939 5847 et
2971 5791 3124 5846 verba
3147 5790 3496 5846 consentiant.

2339 5879 2362 5906 ε
2386 5866 2580 5935 Iidem,
2617 5864 2752 5934 Quia
2781 5873 2916 5920 ante.
