4004 6332
212 297 267 355 69
679 286 1329 354 COMMENTARIORUM
1370 289 1437 349 IN
1478 287 1929 350 EVANGELIUM
1970 286 2305 349 MATTHIEI
2346 286 2481 346 LIB.
2524 288 2591 346 ll.
2626 287 2783 347 CAP.
2818 286 2911 347 XI.
3379 286 3452 347 70

209 419 458 481 procurans
481 405 630 475 dicit,
671 423 786 466 non
840 425 1106 482 personas
1157 409 1537 482 suscipiendas
1585 423 1743 476 esse,
1775 411 1822 473 Α
1850 418 1966 475 net,
2008 417 2067 464 ut
2096 408 2379 480 hospitalis
2405 423 2530 465 esse
2560 422 2667 463 non
2700 408 2924 479 possim.
2955 407 3023 467 Et
3052 408 3194 465 hanc
3223 420 3457 463 excusa-

208 501 530 557 seduomina:
560 510 620 558 et
648 504 961 560 mercedem
1005 520 1110 560 non
1165 504 1394 575 perdere
1438 502 1748 575 suscipien-
1850 502 2052 560 tionem
2087 503 2365 561 levissimo
2408 514 2684 574 praecepto
2711 503 2893 570 diluit,
2926 512 2986 559 ut
3020 504 3248 560 calicem
3299 516 3453 570 aqua:

205 606 289 667 tes,
312 597 419 653 licet
453 597 701 668 indignus
732 599 895 655 fuerit
921 601 1010 671 qui
1043 610 1331 673 susceptus
1365 598 1456 655 sit.
1848 593 2059 666 frigida:
2114 605 2231 651 toto
2271 598 2459 651 animo
2518 595 2887 667 porriganius.
2947 594 3202 665 Frigidu‘,
3264 592 3461 664 inquit,

261 690 416 762 (Vers.
463 688 574 762 42.)
614 674 685 744 Et
743 695 1053 764 quicumque
1100 703 1280 763 potum
1326 692 1527 746 dederit
1568 693 1751 748 unica:
1848 704 2022 761 aquas,
2058 706 2163 746 non
2192 691 2507 759 calidmrne
2536 700 2591 747 et
2629 690 2685 746 in
2726 690 2927 756 calida,
2959 689 3300 763 paupertatis
3332 698 3358 727 α
3403 696 3462 745 et

204 783 388 839 minimis
405 783 528 849 istis,
556 784 772 839 calicem
791 801 939 855 aqua:
959 784 1168 857 [rigidae
1196 793 1419 852 tantum,
1456 785 1509 839 in
1538 784 1749 838 nomine
1851 784 2096 855 penuriae
2132 785 2406 855 lignorum
2439 788 2656 841 occasio
2686 796 3048 856 qumreretur.
3083 783 3217 840 Tale
3246 782 3374 855 quid
3405 792 3465 839 et

204 878 432 950 discipuli,
485 894 636 933 amen
688 878 805 933 dico
861 879 1020 947 vobis,
1083 895 1187 933 non
1236 878 1414 950 perdet
1465 876 1750 932 mercedem
1855 877 2150 947 Apostolus
2181 877 2262 950 (ut
2290 888 2420 934 ante
2444 878 2556 947 jam
2586 876 2847 949 diximus)
2877 877 2944 932 ad
2990 876 3214 933 Galatas
3248 890 3459 947 prmcc-

198 988 334 1028 nam.
374 970 620 1041 Legimus
656 971 712 1025 in
741 971 1006 1042 propheta
1057 970 1224 1026 David
1256 988 1270 1025 :
1303 970 1383 1024 Ad
1428 969 1752 1026 excusandas
1856 970 1934 1042 pit
1965 988 1977 1025 :
2011 970 2365 1026 Communicet
2400 979 2572 1025 autem
2618 972 2660 1025 is
2690 973 2777 1043 qui
2816 971 3167 1025 catechizatur
3216 967 3366 1024 verba
3414 967 3460 1022 ei

200 1066 501 1123 cenationes
547 1066 603 1121 in
656 1068 880 1137 peccatis
927 1065 1025 1140 (Ps
1075 1081 1202 1134 CXL,
1251 1065 1356 1137 4):
1401 1064 1545 1135 quod
1596 1064 1750 1119 multi
1852 1064 2021 1134 quise
2066 1062 2347 1118 catechizat
2376 1063 2431 1117 in
2462 1062 2700 1116 omnibus
2745 1062 2892 1117 bonis
2935 1059 3136 1134 (Galat.
3165 1075 3246 1129 vr,
3292 1060 3373 1132 6),
3407 1068 3464 1116 ct

196 1171 493 1231 peccatorum
523 1173 754 1216 suorum
784 1160 942 1231 quasi
989 1159 1168 1229 justas
1214 1157 1753 1229 pmtendantocca-
1851 1156 2155 1228 discipulos
2210 1156 2275 1212 ad
2332 1156 2716 1228 magistrorum
2766 1156 3045 1227 refrigeria
3112 1154 3454 1211 cohortatur.

196 1254 362 1323 siones,
396 1254 622 1326 utquod
654 1256 937 1311 voluntate
966 1253 1314 1325 delinquunt,
1348 1252 1637 1308 vidcantur
1659 1267 1755 1307 ne-
1855 1250 1993 1316 Quia
2048 1256 2261 1320 poterat
2311 1248 2539 1319 quilibet
2596 1246 2899 1305 obtendere
2953 1255 3352 1320 paupertatem,
3410 1254 3466 1302 et

193 1348 406 1403 cessitate
434 1362 707 1418 peccare:
743 1347 1003 1403 Dominus
1046 1354 1323 1402 scrutator
1351 1346 1540 1403 cordis
1582 1353 1638 1401 et
1670 1360 1754 1401 re-
1855 1351 2189 1415 prccceptum
2242 1342 2494 1408 eludere,
2530 1341 2846 1414 priusquam
2887 1340 2976 1396 ille
3024 1349 3321 1412 proponat,
3366 1340 3468 1394 im-

195 1456 319 1508 num,
361 1440 564 1496 futuras
626 1440 992 1512 cogitationes
1044 1440 1099 1496 in
1151 1439 1380 1511 singulis
1440 1448 1753 1495 contuetur.
1858 1440 2158 1495 minantem
2186 1439 2349 1493 solvit
2380 1438 2765 1509 quaestionem,
2800 1437 2988 1492 dicens
3016 1453 3029 1490 :
3061 1434 3241 1490 Nolite
3262 1449 3463 1503 errare,

193 1532 415 1590 Dixerat:
469 1533 575 1600 Qui
604 1536 795 1607 recipit
834 1550 943 1603 vos,
978 1551 1056 1589 me
1082 1533 1287 1605 recipit.
1322 1532 1432 1589 Sed
1483 1534 1586 1588 hoc
1619 1548 1755 1603 [ιι-ω·
1858 1531 2002 1590 Deus
2033 1551 2137 1589 non
2159 1534 2429 1589 irridetur.
2464 1534 2593 1600 Qua:
2623 1533 2757 1587 cnim
2798 1532 3129 1587 seminaverit
3157 1528 3330 1593 homo,
3357 1532 3467 1584 lucc

190 1634 370 1697 ceptum
398 1626 549 1681 multi
583 1626 1083 1699 pseudoprophetzn
1131 1634 1187 1682 et
1215 1625 1337 1681 falsi
1364 1625 1755 1696 praedicatores
1858 1637 1907 1683 et
1929 1636 2104 1684 metet.
2137 1628 2200 1682 Et
2231 1638 2316 1683 est
2370 1642 2568 1684 sensus
2598 1645 2613 1681 :
2662 1629 2863 1682 frustra
2909 1625 3157 1681 causaris
3187 1624 3465 1696 impiam;

190 1730 408 1791 poterant
436 1722 736 1794 impedire;
760 1722 1062 1778 medicatus
1089 1728 1175 1777 est
1204 1720 1331 1775 huic
1360 1736 1577 1791 quoque
1598 1734 1758 1776 scan-
1860 1736 1987 1776 cum
2019 1720 2167 1775 aliud
2203 1721 2403 1776 habeat
2432 1719 2772 1777 conscientia
2801 1719 2829 1758 ι»
2861 1733 2948 1775 tua
2983 1738 2996 1775 :
3036 1732 3055 1758 ε
3090 1734 3173 1775 me
3200 1727 3352 1789 potes
3377 1718 3475 1771 lal-

192 1811 523 1878 dalo,dicens
560 1833 575 1870 :
631 1816 736 1883 Qui
766 1816 947 1886 recipit
991 1818 1202 1888 justum
1243 1817 1294 1869 in
1354 1819 1560 1869 nomine
1598 1814 1752 1888 justi,
1788 1813 1833 1875 Β
1861 1816 1983 1871 lere
2026 1813 2447 1881 cohortantem;
2482 1816 2578 1871 sed
2627 1815 2767 1870 scito
2795 1814 2939 1886 quod
2972 1822 3472 1885 quantumcumque

190 1905 430 1961 mercedem
446 1907 594 1980 justi
621 1908 865 1980 accipiet.
891 1905 1102 1962 Rursus
1133 1912 1345 1975 poterat
1371 1905 1511 1961 alius
1541 1909 1757 1962 causari
1868 1906 2251 1977 scminaveris,
2283 1917 2496 1963 tantum
2528 1917 2583 1963 et
2610 1923 2890 1963 ntcssurus
2921 1907 3016 1963 sis.

190 2007 232 2052 et
253 1996 455 2054 dicere:
487 2000 830 2071 Paupertate
876 1999 1194 2071 prohibeor,
1228 1999 1466 2055 tenuitas
1497 2013 1585 2055 me
1625 1999 1759 2055 reti-

242 2147 263 2212 !
292 2138 590 2212 Victorius,
619 2155 683 2212 ea;
711 2140 928 2212 penuria
959 2137 1246 2212 lignorum.
1282 2144 1395 2212 etc.
1423 2208 1453 2212 _
1504 2209 1512 2212 _
1865 2140 2053 2211 fallere
2081 2140 2456 2196 cohortantem.
2491 2141 2603 2198 lloc
2636 2141 2799 2197 modo
2823 2140 2989 2195 multa
3018 2140 3249 2195 restituo
3269 2138 3475 2211 absque

241 2210 262 2247 ι’
289 2211 532 2285 Voculam
550 2222 645 2265 tua
670 2208 1396 2285 ignorantCisterciensiset
1423 2208 1595 2265 Palat.
1624 2225 1755 2265 mss.
1868 2208 2035 2285 notis,
2068 2215 2191 2284 quia
2225 2213 2441 2282 longum
2476 2225 2626 2269 esset
2655 2215 2899 2285 singulas
2929 2222 3217 2268 contextus
3256 2208 3476 2268 restitu-

244 2294 263 2320 ε
300 2283 429 2339 Editi
459 2284 639 2339 alium
672 2282 898 2340 scusum
945 2282 1205 2347 retinent,
1242 2282 1475 2348 scilicet,
1520 2298 1584 2335 ne
1611 2291 1760 2347 putes
1868 2282 2051 2339 tiones
2080 2282 2394 2341 recensere.
2424 2284 2604 2341 Mam.

1097 2532 1570 2649 LIBER
1644 2531 2540 2647 SECUNDUS.

242 2842 334 2917 67
370 2844 525 2917 (Cap.
553 2842 656 2901 XL
685 2874 758 2885 —
785 2842 943 2899 Vers.
982 2844 1029 2907 i,
1062 2841 1143 2913 9..)
1175 2838 1289 2895 aEt
1319 2842 1606 2912 factumest
1653 2854 1771 2892 cum
1872 2848 2141 2895 venturus
2166 2854 2249 2896 es.
2288 2840 2357 2895 Et
2382 2850 2466 2897 est
2505 2858 2700 2900 sensus
2732 2863 2743 2897 :
2779 2844 2975 2900 Mando
3028 2848 3189 2917 mihi,
3236 2850 3358 2922 quia
3413 2853 3481 2908 ad

189 2948 566 2994 consunmassu
595 2935 776 3002 Jesns,
823 2936 1131 3009 prwcipieas
1168 2932 1448 2989 duodecim
1473 2931 1767 3005 discipulis,
1872 2930 2083 2987 inferna
2113 2931 2479 2989 descensurus
2517 2949 2663 3005 sum,
2712 2946 2890 2992 utrum
2940 2952 2992 2996 tc
3038 2952 3094 2997 ct
3140 2942 3330 3000 inferis
3380 2944 3481 3001 de-

189 3033 361 3088 trsasiit
409 3033 529 3089 inde
572 3043 632 3087 ut
699 3032 905 3087 doceret
947 3041 996 3086 et
1030 3030 1337 3104 praedicaret
1380 3031 1435 3083 in
1481 3028 1771 3083 civitatibus
1870 3022 2029 3080 beam
2063 3027 2337 3093 nuntiare,
2373 3027 2463 3097 qui
2496 3030 2749 3085 nuntiavi
2782 3033 3038 3103 superis?
3069 3033 3151 3089 An
3202 3052 3313 3091 non
3351 3053 3483 3094 con-

187 3141 355 3181 eorum.
393 3127 514 3183 Non
543 3126 713 3198 quasi
772 3126 1033 3198 ignorans
1082 3124 1421 3195 interrogat;
1457 3125 1573 3193 ipse
1622 3122 1767 3177 enim
1873 3120 2058 3175 veniat
2089 3120 2229 3177 Filio
2255 3122 2371 3183 Dei,
2402 3134 2457 3177 ut
2500 3132 2681 3193 gustet
2709 3137 2965 3195 mortem,
2993 3137 3047 3183 et
3078 3130 3242 3185 alium
3271 3131 3340 3186 ad
3366 3131 3484 3189 haec

188 3220 374 3276 exteris
414 3218 807 3292 ignorantibus
834 3219 1337 3286 demonstraverat,
1367 3216 1556 3273 dicens
1587 3233 1599 3270 :
1638 3214 1769 3270 Ecce
1795 3250 1841 3313 Ο
1870 3224 2211 3270 sacramenta
2247 3215 2512 3273 missurus
2541 3219 2641 3274 es?

188 3312 337 3385 Agnus
363 3312 482 3384 Dei,
506 3330 637 3369 ecce
663 3314 755 3385 qui
766 3312 907 3369 tollit
925 3321 1139 3383 peccata
1166 3312 1343 3366 mundi
1367 3308 1553 3379 (Joan.
1576 3308 1728 3380 t,29)
1753 3327 1765 3363 :
1803 3306 1840 3313 “
1951 3306 2132 3381 (Vcrs.
2161 3306 2218 3375 4,
2248 3309 2329 3379 5.)
2372 3309 2436 3364 Et
2462 3312 2777 3383 respondens
2813 3311 2988 3381 Iesus,
3032 3317 3106 3370 ait
3156 3316 3263 3373 illis
3296 3333 3314 3373 :
3342 3315 3487 3372 Eun-

189 3414 235 3461 et
266 3406 427 3465 Patris
458 3424 663 3466 vocem
717 3408 993 3474 audierat,
1043 3408 1389 3463 intonantis:
1442 3404 1544 3459 Hic
1566 3414 1641 3458 est
1682 3401 1778 3458 Fi—
1880 3410 1955 3457 tes
2004 3401 2117 3474 ω
2154 3404 2448 3458 renuntiate
2500 3404 2701 3459 Joanni
2734 3423 2849 3478 qua:
2887 3406 3110 3463 audistis
3165 3419 3215 3463 et
3261 3410 3490 3471 vidistis.

192 3499 273 3554 lius
292 3518 425 3557 oscus
450 3503 714 3573 dilectus,
754 3503 811 3556 in
864 3518 966 3573 quo
1019 3501 1147 3555 mihi
1206 3500 1499 3572 complacui
1552 3497 1775 3571 (Matth.
1880 3495 2019 3552 Caeci
2070 3498 2264 3565 uident,
2329 3500 2506 3554 claudi
2553 3499 2846 3567 ambulant,
2905 3502 3095 3577 leprosi
3144 3504 3487 3573 mandantur,

193 3606 266 3658 ut,
293 3594 415 3667 i7):
456 3597 557 3652 sed
612 3594 896 3666 quomodo
925 3593 1176 3650 Salvator
1215 3594 1537 3663 interrogat,
1588 3591 1779 3647 ubisit
1881 3591 2029 3646 surdi
2047 3594 2290 3660 audiunt,
2316 3595 2506 3648 mortui
2525 3605 2825 3668 resurgunt.
2853 3595 3489 3671 Joannt-sinterrogave-

192 3688 371 3756 posims
413 3691 688 3757 Lazarus,
734 3698 797 3745 ut
827 3688 916 3760 qui
955 3691 1132 3744 locum
1166 3687 1407 3759 sepulcri
1438 3686 1778 3753 iudicabant,
1882 3693 1969 3740 rat
1999 3700 2101 3757 per
2142 3686 2443 3757 discipulos
2472 3706 2486 3742 :
2516 3685 2598 3743 'I'u
2628 3706 2681 3745 es
2724 3690 2810 3758 qui
2841 3700 3084 3746 venturus
3109 3708 3163 3746 es
3188 3734 3202 3760 ,
3232 3709 3300 3746 an
3325 3691 3492 3749 alium

191 3781 356 3838 saltem
393 3783 476 3841 sic
516 3791 859 3855 pararentur
897 3781 963 3836 ad
1014 3781 1196 3845 ﬁdem,
1246 3790 1302 3836 et
1336 3780 1589 3837 viderent
1634 3795 1782 3835 mor-
1882 3782 2280 3851 exspectamus?
2307 3779 2562 3836 Christus
2590 3781 2743 3853 signa
2777 3782 3146 3849 demonstrat,
3190 3799 3299 3839 non
3330 3784 3395 3841 ad
3428 3798 3491 3839 ea

191 3881 318 3931 tum
344 3887 734 3950 resurgentem
770 3895 783 3931 :
811 3878 893 3933 sic
916 3886 972 3932 et
992 3876 1233 3932 Joannes
1256 3873 1675 3930 interﬁciendos
1702 3879 1772 3930 ab
1883 3872 2227 3943 respondens
2255 3890 2376 3944 qua:
2408 3876 2776 3946 interrogatus
2810 3876 3011 3948 fuerat,
3044 3877 3138 3933 sed
3164 3878 3229 3933 ad
3262 3877 3499 3935 scanda-

194 3966 398 4041 Haode,
426 3971 745 4042 discipulos
781 3985 912 4027 suos
941 3969 1111 4025 mittit
1154 3967 1222 4024 ad
1260 3968 1563 4035 Christum,
1598 3977 1652 4023 ut
1687 3983 1784 4038 per
1888 3967 1998 4021 lum
2032 3967 2349 4023 nuntiorum
2382 3985 2394 4021 :
2447 3967 2549 4034 Ite,
2585 3969 2786 4040 inquit,
2830 3981 2878 4024 et
2920 3971 3077 4024 dicite
3101 3970 3304 4025 Joanni
3346 3970 3499 4044 signa

194 4060 312 4118 hanc
334 4066 691 4121 occasionem
724 4063 976 4119 videntes
1001 4063 1154 4132 signa
1180 4073 1340 4132 atque
1372 4062 1630 4126 virtutes,
1663 4076 1784 4117 crc-
1886 4075 2001 4132 qua:
2034 4062 2241 4116 cernitis
2274 4076 2293 4115 :
2327 4075 2506 4118 caecos
2539 4061 2815 4129 videntes,
2858 4070 2912 4119 et
2947 4063 3173 4119 claudos
3205 4064 3496 4120 ambulau-

195 4151 431 4212 derentin
460 4173 623 4223 eum,
652 4164 714 4213 et
740 4157 1002 4227 magistro
1028 4156 1422 4226 interrogante,
1460 4153 1563 4209 sibi
1597 4153 1780 4210 disce-
1887 4163 1995 4222 tes,
2027 4162 2087 4210 et
2109 4154 2344 4227 reliqua.
2372 4155 2441 4210 Et
2469 4154 2614 4224 quod
2646 4156 2731 4212 his
2757 4172 2865 4211 non
2901 4157 3081 4212 minus
3109 4167 3193 4213 est
3225 4154 3274 4225 δ,

195 4255 318 4301 rent.
345 4248 501 4317 Quod
525 4256 722 4305 autem
760 4247 1117 4319 superbirent
1136 4246 1399 4317 discipuli
1427 4245 1653 4303 Joannis
1683 4245 1784 4302 ad-
1963 4248 2228 4321 Panperes
2281 4248 2725 4321 euangelizantur.
2794 4250 2885 4306 Vel
2948 4267 3221 4323 pauperes
3272 4250 3492 4324 spiritu,

199 4350 365 4395 versus
393 4344 718 4408 Dominum,
748 4351 805 4398 et
836 4340 1104 4399 haberent
1150 4342 1357 4414 aliquid
1408 4342 1779 4401 mordacitatis
1889 4343 1975 4398 vel
1999 4352 2152 4399 certe
2178 4342 2375 4413 opibus
2398 4340 2511 4417 [ΑΙ.
2548 4342 2833 4417 operibus]
2871 4360 3169 4417 pauperes,
3230 4356 3288 4400 ut
3343 4344 3495 4401 nulla

195 4444 252 4486 ex
279 4433 444 4492 livore
468 4446 532 4493 et
566 4435 803 4503 invidia,
834 4437 1086 4507 superior
1114 4450 1332 4508 quoque
1363 4436 1391 4475 δ
1428 4438 1790 4508 interrogatio
1890 4437 2036 4493 inter
2083 4436 2300 4492 nobiles
2330 4444 2387 4493 et
2416 4437 2709 4508 ignobiles,
2747 4439 2892 4493 inter
2939 4438 3137 4494 divites
3181 4447 3236 4494 et
3270 4453 3498 4510 egenos,

195 4522 604 4599 demonstravit,
636 4530 989 4601 Evangelista
1030 4531 1351 4587 referente:
1380 4529 1529 4587 Tunc
1558 4548 1788 4587 accesse-
1891 4529 1945 4584 in
1975 4528 2371 4599 pra‘dicatione
2399 4529 2660 4585 distantia
2685 4531 2777 4585 sit.
2804 4531 2930 4585 lla‘c
2956 4531 3204 4602 magistri
3237 4531 3499 4603 rigorem,

195 4632 299 4674 rust
319 4623 385 4676 ad
409 4640 531 4678 eun
583 4622 837 4689 discipuli
864 4621 1117 4693 Joannis,
1168 4624 1392 4679 dicentes
1423 4642 1441 4679 :
1487 4624 1666 4691 Quare
1695 4624 2015 4710 nosDImc
2064 4624 2421 4696 praeceptoris
2485 4625 2847 4695 comprobant
2903 4625 3214 4691 veritatem,
3283 4626 3503 4697 quando

200 4709 511 4770 etPluriwi
532 4716 850 4789 jeismantus
875 4716 1485 4788 frequetucr:discipuli
1516 4729 1687 4774 autem
1718 4709 1834 4775 tui,
1896 4719 2081 4776 omnis
2110 4720 2255 4790 apud
2304 4736 2427 4776 cum
2475 4721 2567 4789 qui
2608 4721 2813 4777 salvari
2867 4730 3070 4794 potest,
3124 4723 3350 4794 aqualis
3398 4731 3501 4780 est.

199 4808 546 4880 micjuant
583 4807 783 4882 (Ibid,
817 4825 894 4877 tu,
931 4810 1068 4881 ﬂ)!
1103 4809 1179 4865 Et
1207 4812 1376 4867 alibi:
1413 4812 1683 4887 Magister,
1711 4814 1796 4868 cui
1898 4813 2053 4883 Quod
2084 4821 2267 4869 autem
2308 4815 2385 4869 ait
2414 4832 2426 4868 :

201 4904 246 4949 ιε
269 4900 573 4966 perbibisti
602 4902 725 4977 [ΔΙ.
760 4903 1058 4978 ρνωὺαὶδιὶ]
1096 4906 1446 4961 testimonium
1479 4907 1551 4961 ad
1596 4906 1795 4962 Jorda-
1973 4906 2153 4978 (Vcrs.
2201 4904 2284 4978 6.)
2326 4905 2393 4960 Et
2423 4906 2599 4962 beatus
2642 4907 2733 4978 qui
2778 4923 2879 4962 non
2915 4908 3072 4979 fuerit
3114 4909 3502 4966 scandalizatus

198 5005 321 5057 stest,
344 5012 463 5049 cccc
490 4997 745 5069 discipuli
774 5001 886 5071 ejus
917 4997 1205 5068 baptizant,
1234 5008 1283 5053 et
1314 5010 1336 5039 ο
1363 5014 1537 5056 omnes
1588 5002 1798 5058 veniunt
1868 5070 1871 5071 ν
1902 5002 1954 5053 in
1986 5016 2085 5054 me.
2136 4998 2505 5056 Internuntios
2532 5002 2789 5071 percutit,
2837 5002 2981 5057 sicut
3026 5002 3078 5057 in
3112 5004 3500 5078 consequenti-

201 5086 259 5138 οὐ
280 5104 391 5143 cm
410 5089 609 5163 (Joan.
638 5106 723 5158 nt,
752 5092 872 5163 26),
904 5093 1060 5163 quasi
1110 5092 1351 5149 dixerint
1381 5114 1393 5148 :
1440 5094 1551 5151 Nos
1576 5094 1798 5153 deseri-
1904 5094 2003 5152 bus
2033 5093 2527 5151 demonstrabitur.

201 5193 324 5249 mur,
353 5183 440 5242 hic
471 5185 679 5242 raritas
700 5195 804 5256 est,
836 5187 904 5242 ad
945 5186 1100 5242 illum
1135 5186 1293 5242 turba
1316 5189 1615 5246 concurrit.
1975 5188 2158 5258 (Vers.
2192 5187 2274 5260 7.)
2318 5186 2435 5243 Illis
2475 5198 2645 5243 autem
2676 5188 3000 5259 abeuntibus,
3034 5191 3184 5261 erepit
3224 5188 3381 5246 Jesus
3419 5191 3506 5247 di-

260 5274 437 5344 (Vers.
460 5278 561 5350 ‘3.)
604 5278 689 5335 Tu
715 5297 767 5334 es
792 5282 889 5351 qui
919 5290 1165 5336 venturus
1200 5299 1252 5337 es
1278 5324 1294 5349 ,
1322 5300 1397 5338 an
1424 5285 1586 5339 alium
1615 5303 1800 5357 ωερε·
1900 5302 2013 5341 cere
2066 5285 2134 5339 ad
2187 5283 2361 5339 turbas
2402 5283 2465 5337 de
2504 5282 2705 5339 Joanne
2733 5301 2751 5339 :
2785 5284 2925 5350 Quid
2957 5286 3132 5339 existis
3163 5285 3216 5338 in
3247 5284 3510 5339 desertam

201 5374 423 5426 atomus!
460 5372 592 5428 Non
638 5372 751 5428 ait:
788 5383 843 5429 tu
872 5389 933 5431 es
958 5375 1058 5447 qui
1086 5376 1281 5433 venisti
1316 5394 1330 5431 :
1373 5379 1491 5447 sed,
1524 5388 1584 5433 tu
1614 5393 1673 5434 es
1705 5381 1796 5450 qui
1900 5379 2069 5435 videre
2091 5380 2115 5435 Ρ
2141 5378 2448 5433 arundinem
2503 5387 2649 5433 rento
2676 5379 2969 5452 agitatam?
2999 5378 3108 5435 Sed
3157 5377 3283 5453 quid
3324 5378 3509 5433 existis

266 5566 291 5594 ι
323 5558 435 5614 Pro
482 5559 779 5630 impressa;
808 5558 1112 5628 Scriptura:
1143 5558 1400 5630 pericope
1432 5557 1571 5614 hanc
1609 5558 1809 5630 prml‘e-
1984 5559 2011 5599 δ
2052 5558 2291 5625 Rhahb.,
2317 5557 2691 5629 interpretatio.

206 5637 320 5702 runt
345 5645 478 5685 mss.
511 5627 714 5702 nostri,
746 5627 979 5685 Joannes
1013 5627 1182 5683 autem
1229 5627 1347 5685 om;
1391 5627 1623 5685 audisset
1652 5648 1812 5702 uipera
1992 5644 2013 5671 ο
2056 5631 2164 5686 Pro
2192 5646 2386 5697 omnes,
2418 5627 2562 5700 quod
2586 5639 2641 5685 et
2670 5630 2723 5702 in
2748 5628 2968 5702 Greco,
3014 5637 3233 5685 resonat
3284 5631 3471 5694 πάντες
3498 5671 3513 5697 ,

207 5697 407 5775 Christi,
436 5702 656 5757 mittens
681 5697 814 5758 duos
841 5702 905 5775 de
934 5702 1207 5772 discipulis
1232 5704 1365 5769 suis,
1392 5705 1469 5759 ait
1499 5701 1620 5775 illi;
1650 5701 1730 5757 Tn
1758 5722 1835 5775 es
1917 5704 1970 5760 in
1998 5703 2263 5775 Palatinis
2295 5697 2530 5775 tussiat
2562 5701 2869 5775 etVictorii
2909 5700 3145 5775 editione
3172 5712 3273 5765 est,
3311 5703 3507 5772 plures.

205 5773 284 5839 qui
308 5783 560 5847 venturus
613 5790 685 5841 es,
714 5790 787 5847 an
836 5774 1437 5847 aliuuteupeclamus?
1479 5774 1710 5842 Quidam
1755 5773 1835 5833 ct'
1982 5774 2010 5813 δ
2053 5776 2185 5831 Hss.
2228 5773 2456 5829 Palatini
2478 5773 2790 5847 continenti
2822 5773 2983 5847 serie3
3025 5782 3074 5847 et
3101 5775 3241 5845 quod
3286 5776 3365 5829 Itis
3408 5792 3512 5830 non

208 5855 319 5913 post
346 5843 613 5913 verbum,
644 5844 896 5915 audisset,
927 5842 1155 5917 addunt,
1184 5848 1235 5901 in
1269 5847 1505 5903 uinculis.
1915 5847 2085 5904 minus
2107 5855 2202 5917 est,
2231 5860 2483 5916 pauperes
2504 5842 2901 5917 euangelizatos.
2944 5843 3033 5901 Vel
3058 5842 3327 5919 pauperes,
3366 5854 3472 5904 etc.
