4004 6332
531 298 599 357 71
1794 292 1854 351 S.
1897 289 2136 351 EUSEB]

2247 288 2592 351 IIERONYMI
3510 355 3515 360 ,
3760 287 3823 346 is

535 411 744 472 videre?
776 408 1042 465 hominem
1077 409 1323 467 mollibus
1355 408 1629 467 vestitum?
1662 405 1792 464 Ecce
1831 407 1921 479 qui
1959 406 2137 461 molli-
2166 409 2217 469 Α
2244 407 2339 479 qui
2364 408 2477 479 jam
2508 420 2629 462 cum
2658 405 2772 461 Deo
2799 412 2910 471 est,
2951 404 3125 476 major
3152 403 3227 461 sit
3251 402 3344 459 illo
3373 401 3469 474 qui
3497 400 3675 459 adhuc
3700 418 3823 459 con-

532 501 626 558 bus
675 505 992 568 t'estiuntur,
1038 501 1093 556 in
1124 503 1363 559 domibus
1400 517 1580 576 regum
1608 508 1750 557 sunt.
1779 499 1836 556 Si
1888 499 2140 570 superior

533 594 812 651 sententia
849 606 1043 654 contra
1074 596 1342 654 Joannem
1374 595 1585 667 prolata
1636 592 1838 660 fuerat,
1870 600 1933 646 ut
1970 592 2140 662 pleri-

524 707 634 764 que
663 694 1026 764 arbitrantur,
1064 696 1116 749 in
1149 708 1218 749 eo
1254 692 1403 763 quod
1433 691 1507 746 ait
1536 708 1551 746 :
1584 690 1773 745 Beatus
1814 699 1889 745 est
1920 689 2006 759 qui
2038 704 2139 743 non

530 785 689 856 fuerit
730 787 1119 842 scandalizatus
1148 787 1203 839 in
1248 800 1349 851 me,
1382 781 1658 855 quomodo
1707 795 1853 837 nunc
1899 781 2141 837 Joannes

528 879 698 934 tantis
729 880 985 937 laudibus
1018 877 1382 951 przedicatur?
1414 877 1523 934 Sed
1551 877 1681 948 quia
1711 876 1869 932 turba
1898 874 2138 932 circum-

528 981 679 1027 stans
709 971 1153 1043 interrogationis
1182 969 1510 1045 mysterium
1555 969 1859 1035 nesciebat,
1897 974 1956 1023 et
1984 977 2141 1039 puta-

539 1066 635 1121 bat
663 1068 930 1123 Joannem
957 1066 1210 1123 dubitare
1233 1066 1300 1122 de
1330 1063 1575 1132 Christo,
1603 1079 1766 1135 quem
1816 1064 1936 1135 ipse
1983 1077 2142 1118 mon-

529 1168 805 1214 straverat
842 1158 1035 1230 digito,
1068 1170 1127 1214 ut
1162 1158 1526 1229 intelligerent
1574 1157 1847 1213 Joannem
1880 1157 1989 1211 non
2032 1154 2139 1210 sibi

530 1252 925 1324 interrogasse,
961 1252 1060 1310 sed
1086 1252 1380 1325 discipulis
1406 1255 1524 1309 suis
1553 1268 1567 1305 :
1600 1250 1765 1319 Quid,
1804 1252 1999 1320 inquit,
2026 1250 2142 1306 exi-

530 1345 632 1401 stis
667 1344 724 1400 in
763 1346 1098 1401 desertum?
1149 1344 1422 1417 Numquid
1469 1344 1542 1400 ob
1589 1344 1713 1412 hoc,
1746 1351 1809 1398 ut
1858 1341 2136 1398 hominem

532 1438 800 1495 videretis
831 1440 1051 1495 calamo
1076 1441 1189 1513 69
1225 1439 1485 1505 similem,
1514 1438 1605 1509 qui
1633 1435 1785 1493 omni
1816 1445 1985 1491 vento
2030 1434 2139 1491 cir-

530 1531 853 1597 cumfertur,
887 1543 943 1588 et
984 1534 1208 1588 levitate
1240 1532 1443 1588 mentis
1467 1531 1537 1586 de
1551 1544 1620 1586 eo
1641 1530 1950 1599 ambigeret
1975 1542 2138 1599 quem

534 1635 694 1681 antea
728 1625 1090 1697 praedicarat?
1116 1626 1202 1683 An
1245 1626 1476 1684 forsitan
1521 1624 1759 1681 stimulis
1809 1632 1999 1679 contra
2050 1636 2139 1678 me

533 1718 754 1774 invidia:
780 1721 1016 1790 c0gitur,
1053 1728 1110 1775 et
1148 1718 1466 1791 praedicatio
1498 1719 1619 1790 ejus
1646 1731 1847 1773 vanam
1889 1725 2136 1773 sectatur

2242 500 2388 555 sistit
2429 501 2482 555 in
2524 499 2741 571 praelio.
2784 497 2944 554 Aliud
2986 506 3075 554 est
3116 498 3261 552 enim
3306 496 3565 553 coron'am
3592 495 3825 552 victoria:

2243 593 2546 664 possidere,
2572 592 2684 665 70
2708 592 2857 647 aliud
2872 590 3051 647 adhuc
3068 591 3121 646 in
3149 592 3267 647 acie
3293 590 3580 647 dimicare.
3605 589 3826 657 Quidam

2242 685 2597 742 novissimum
2631 685 2885 757 angelum
2913 683 2969 741 in
3002 684 3158 741 caelis
3183 675 3412 740 Domino
3433 683 3827 740 ministrantem

2242 779 2524 834 meliorem
2574 779 2763 835 volunt
2807 778 3060 849 accipere
3104 778 3352 851 quolibet
3385 778 3564 849 primo
3594 775 3826 846 homine,

2241 871 2331 941 qui
2361 880 2615 927 versetur
2645 870 2697 925 in
2735 871 2920 927 terris.

2312 964 2495 1037 (Vers.
2531 964 2648 1036 12.)
2686 965 2732 1019 Α
2760 965 2941 1021 diebus
2970 975 3141 1021 autem
3158 964 3384 1022 Joannis
3406 965 3658 1041 Baptista:
3676 985 3830 1041 usque

2243 1076 2383 1113 nunc
2419 1074 2639 1130 regnum
2674 1059 2918 1114 caelorum
2947 1060 3046 1113 vim
3070 1062 3291 1132 patitur,
3321 1069 3365 1115 et
3389 1060 3600 1115 violenti
3628 1062 3830 1134 rapiunt

2241 1151 2398 1208 illud.
2459 1153 2516 1209 Si
2548 1154 2756 1225 primus
2781 1152 3044 1220 Joannes,
3070 1165 3131 1208 ut
3157 1169 3320 1226 supra
3346 1155 3583 1211 diximus
3601 1197 3616 1223 ,
3658 1158 3829 1227 poeni-

2245 1251 2466 1306 tentiam
2486 1250 2699 1321 populis
2718 1249 3012 1318 nuntiavit,
3027 1249 3216 1307 dicens
3241 1266 3256 1304 :
3288 1249 3656 1306 Paenitentiam
3678 1254 3830 1323 agite;

2243 1345 2680 1417 appropinquabit
2709 1345 2847 1400 enim
2867 1361 3084 1419 regnum
3112 1345 3363 1401 caelorum
3384 1362 3402 1399 :
3434 1358 3833 1417 consequenter

2243 1453 2273 1492 a
2304 1438 2502 1493 diebus
2529 1438 2676 1493 illius
2702 1453 2931 1509 regnum
2960 1438 3222 1495 caelorum
3247 1439 3355 1493 vim
3386 1440 3608 1509 patitur,
3643 1450 3701 1496 et
3724 1441 3833 1496 vio-

2243 1529 2383 1584 lenti
2408 1527 2672 1599 diripiunt
2703 1529 2856 1584 illud.
2897 1527 3134 1585 Grandis
3165 1531 3312 1585 enim
3341 1540 3427 1585 est
3458 1530 3748 1596 violentia,
3781 1531 3831 1585 in

2245 1632 2390 1677 terra
2438 1635 2538 1676 nos
2577 1635 2702 1678 esse
2729 1633 3022 1691 generatos
3072 1632 3126 1677 et
3166 1624 3434 1678 ctelorum
3471 1621 3658 1679 sedem
3690 1638 3834 1701 qna:-

2244 1730 2396 1781 rere,
2442 1715 2723 1785 possidere
2766 1730 2864 1786 per
2911 1715 3172 1771 virtutem
3200 1757 3214 1784 ,
3258 1715 3402 1788 quod
3430 1730 3539 1772 non
3567 1716 3834 1772 tenuimus

543 1812 798 1883 gloriam,
829 1822 888 1868 ut
909 1827 981 1869 ex
1010 1828 1075 1867 ea
1103 1823 1314 1884 quaerat
1338 1813 1486 1869 lucra
1508 1810 1531 1866 ‘l
1551 1813 1663 1868 Cur
1683 1810 1904 1867 divitias
1926 1808 2133 1880 cupiat,
2164 1806 2213 1867 B
2240 1824 2337 1880 per
2362 1817 2633 1864 naturam.

530 1914 593 1960 ut
618 1905 804 1960 afﬂuat
836 1905 1113 1977 dapibus?
1141 1904 1396 1961 Locustis
1425 1905 1687 1973 vescitur,
1727 1912 1784 1961 et
1829 1903 1992 1960 melle
2039 1901 2136 1957 sil-

532 1998 727 2055 vestri.
768 2002 853 2056 An
903 2010 959 2055 ut
1010 2001 1270 2057 mollibus
1299 2001 1603 2058 vestiatur?
1648 1997 1751 2056 Pili
1800 1998 2134 2055 camelorum

546 2100 759 2163 tegmen
783 2090 905 2164 ejus
941 2102 1090 2149 sunt.
1118 2092 1282 2150 Istius
1315 2092 1463 2150 modi
1493 2094 1650 2149 cihus
1680 2101 1737 2149 et
1760 2094 1931 2148 vestis
1955 2106 2139 2147 carce-

532 2185 611 2241 ris
641 2185 885 2256 hnspitio
912 2186 1277 2258 recipiuntur,
1316 2196 1372 2243 et
1398 2186 1721 2259 praedicatio
1749 2186 1996 2241 veritatis
2030 2185 2136 2242 tale

532 2277 701 2336 habet
740 2280 1129 2338 habitaculum.
1174 2281 1279 2349 Qui
1323 2292 1505 2338 autem
1539 2280 1857 2336 adulatores
1897 2287 2051 2346 Sunt,
2080 2287 2134 2336 et

532 2381 812 2430 sectantur
840 2374 1014 2440 lucra,
1064 2386 1120 2431 et
1155 2383 1412 2446 quaerunt
1440 2372 1686 2439 divitias,
1714 2384 1771 2431 et
1799 2372 2013 2430 deliciis
2055 2370 2137 2428 af-

535 2464 731 2535 ﬂuunt,
761 2475 818 2522 et
838 2465 1097 2523 mollibus
1123 2466 1463 2537 vestiuntur,
1499 2466 1589 2524 isti
1641 2466 1695 2521 in
1743 2464 2001 2521 domibus
2050 2479 2137 2521 re-

532 2574 659 2632 gum
694 2570 844 2616 sunt.
877 2560 956 2617 Ex
981 2576 1091 2632 quo
1122 2561 1427 2618 ostenditur
1466 2560 1701 2633 rigidam
1761 2559 1930 2615 vitam
1959 2567 2014 2615 et
2040 2573 2136 2614 au-

531 2659 735 2707 steram
764 2653 1237 2723 praedicationem,
1284 2655 1455 2710 vitare
1495 2654 1700 2712 debere
1734 2652 1889 2708 aulas
1918 2667 2133 2724 regum,

529 2755 588 2802 ct
616 2746 862 2803 mollium
893 2746 1178 2805 hominum
1202 2749 1409 2820 palatia
1436 2748 1736 2806 declinare.

604 2839 786 2914 (Vers.
815 2841 899 2914 8.)
918 2841 1026 2899 Sed
1041 2844 1170 2914 quid
1189 2844 1370 2899 existis
1386 2844 1578 2914 videre,
1592 2842 1939 2917 praphetam?
1959 2843 2136 2899 Etiam

534 2932 651 2987 dico
690 2934 868 3002 vobis,
908 2945 955 2988 et
994 2935 1272 3007 plusquam
1318 2935 1642 3007 praphetam.
1698 2936 1758 2992 lu
1797 2950 1865 2993 eo
1893 2935 2136 2993 Joannes

534 3028 820 3100 prophetis
859 3033 1078 3086 caeteris
1109 3030 1286 3102 major
1309 3042 1390 3088 est
1417 3072 1433 3097 ,
1465 3030 1610 3103 quod
1638 3046 1799 3103 quem
1838 3032 1911 3088 illi
1937 3032 2133 3104 praedi-

533 3131 797 3178 caverunt
825 3137 952 3179 esse
978 3132 1269 3179 venturum
1288 3165 1304 3192 ,
1338 3123 1430 3181 hic
1458 3126 1677 3181 venisse
1709 3125 1879 3197 digito
1904 3126 2134 3182 demon-

2312 1900 2491 1970 (Vers.
2523 1901 2637 1971 15.)
2665 1899 2855 1955 Omnes
2892 1900 3028 1955 enim
3066 1899 3331 1973 prapheta:
3357 1910 3405 1957 et
3439 1900 3550 1958 Lex
3579 1919 3739 1971 usque
3766 1903 3831 1957 ad

2235 1993 2498 2049 Joannem
2536 1996 2991 2066 prophetaverunt.
3052 1995 3168 2051 Non
3212 1995 3357 2068 quod
3397 2008 3515 2068 post
3562 1999 3829 2054 Joannem

2237 2087 2493 2145 excludat
2529 2088 2850 2159 Prophetas.
2906 2086 3163 2159 Legimus
3193 2091 3336 2145 enim
3372 2090 3422 2144 in
3444 2088 3677 2148 Actibus
3707 2106 3834 2163 apo-

2237 2181 2507 2236 stolorum
2556 2180 2693 2254 (Act.
2726 2197 2802 2249 xl,
2829 2180 2923 2254 21)
2949 2224 2964 2249 ,
2998 2192 3055 2237 et
3080 2183 3331 2253 Agabum
3361 2183 3747 2255 prophetasse,
3780 2194 3833 2241 et

2237 2284 2468 2345 quatuor
2494 2277 2732 2348 virgines
2752 2276 2891 2333 filias
2920 2277 3179 2349 Philippi;
3203 2278 3299 2334 sed
3326 2278 3469 2350 quod
3497 2279 3607 2334 Lex
3634 2288 3693 2335 et
3717 2295 3835 2350 pro-

2239 2368 2415 2439 phetae
2443 2384 2580 2440 quos
2607 2371 2843 2440 scriptos
2873 2369 3103 2441 legimus
3124 2412 3137 2437 ,
3165 2370 3427 2443 quidquid
3462 2372 3827 2442 prophetavc-

2238 2473 2405 2531 runt,
2439 2463 2507 2524 de
2534 2465 2764 2520 Domino
2800 2464 3079 2521 vaticinati
3111 2476 3258 2522 sunt.
3319 2466 3554 2534 Quando
3585 2483 3717 2538 ergo
3746 2467 3829 2523 di-

2237 2555 2416 2613 citur:
2486 2556 2674 2613 Omnes
2721 2557 2999 2625 Propheta:
3037 2569 3085 2614 et
3124 2558 3237 2615 Lea:
3283 2576 3443 2632 usque
3484 2561 3552 2615 ad
3571 2560 3834 2617 Joannem

2238 2651 2708 2726 prophetauerunt,
2738 2653 2941 2710 Christi
2984 2662 3201 2725 tempus
3224 2654 3554 2722 ostenditur,
3593 2664 3650 2711 ut
3671 2670 3832 2727 quem

2237 2745 2319 2801 illi
2343 2744 2601 2801 dixerunt
2631 2761 2754 2802 esse
2775 2755 3064 2804 venturum
3086 2789 3103 2817 ,
3135 2749 3377 2805 Joannes
3404 2749 3622 2805 venisse
3655 2760 3863 2807 osten--

2236 2841 2417 2899 deret.

2310 2934 2490 3007 (νει-ε.
2524 2935 2616 3003 14,
2646 2934 2760 3006 15.)
2793 2935 2858 2990 Et
2886 2935 2933 2991 si
2966 2935 3121 2991 vultis
3149 2937 3377 3009 recipere
3402 2977 3416 3002 ,
3446 2936 3556 3009 ipse
3580 2946 3656 2991 est
3685 2933 3835 2990 Elius

2237 3029 2327 3099 qui
2373 3039 2616 3082 venturus
2661 3038 2757 3084 est.
2801 3028 2903 3095 Qui
2946 3028 3098 3084 habet
3136 3046 3287 3085 aures
3314 3029 3592 3093 audiendi,
3620 3031 3834 3085 audiat.

2242 3121 2358 3177 llnc
2381 3122 2524 3190 quod
2543 3124 2747 3179 dictum
2769 3135 2854 3181 est
2878 3142 2892 3179 :
2924 3125 2970 3180 si
2985 3124 3137 3180 vultis
3157 3126 3405 3198 recipere,
3434 3127 3546 3197 ipse
3566 3135 3641 3179 est
3666 3125 3833 3191 Elius,

529 3213 745 3280 stravit,
782 3213 1002 3271 dicens:
1038 3216 1171 3272 Ecce
1210 3217 1389 3304 Agnus
1430 3216 1564 3287 Dei,
1605 3233 1720 3273 ecce
1745 3191 1835 3290 qui
1861 3217 1995 3274 tollit
2014 3236 2133 3292 pec—
2158 3191 2205 3255 Ο
2238 3214 2525 3287 mysnicum
2558 3230 2679 3272 esse
2707 3224 2763 3272 et
2783 3231 2944 3288 egere
2973 3191 3349 3288 intelligentia,
3383 3191 3619 3286 sequens
3650 3231 3835 3273 sermo

532 3319 650 3365 cata
683 3311 890 3367 mundi.
950 3311 1019 3367 Et
1066 3320 1092 3349 ἰ
1142 3314 1267 3384 quia
1314 3311 1381 3368 ad
1420 3313 1767 3384 privilegium
1812 3313 2133 3385 protlhetale

530 3403 695 3461 etiam
720 3403 976 3475 Baptista:
993 3406 1223 3461 accessit
1241 3406 1550 3477 praemium,
1575 3414 1639 3461 ut
1658 3405 1951 3461 Dominum
1973 3421 2134 3463 suum

534 3497 861 3570 baptizaret,
890 3497 1017 3555 inde
1045 3497 1156 3572 [ΑΙ.
1183 3498 1352 3572 unde]
1382 3500 1542 3555 infert
1574 3499 1891 3556 meritorum
1922 3501 1950 3541 ιι
1978 3497 2135 3567 αὔξη-

533 3613 648 3658 σιν,
678 3590 882 3646 faciens
909 3590 977 3646 de
1011 3590 1274 3646 Malacliia
1300 3592 1710 3661 testimonium,
1744 3594 1796 3647 in
1832 3608 1938 3663 quo
1968 3594 2131 3648 etiam

532 3681 761 3753 angelus
811 3682 1141 3753 praedicatur
1188 3683 1450 3758 (Malach.
1481 3684 1568 3758 ιι).
1637 3684 1905 3756 Augelum
1948 3694 2131 3741 autem

532 3772 623 3830 hic
644 3772 748 3831 dici
779 3774 1045 3832 Joannem
1071 3793 1181 3832 non
1209 3786 1463 3847 putemus
1494 3788 1704 3833 natura:
1725 3778 2008 3846 societate,
2038 3777 2134 3835 sed

531 3866 704 3923 officii
752 3867 1022 3941 dignitate
1043 3908 1062 3938 ,
1090 3867 1147 3925 id
1175 3878 1260 3926 est
1282 3910 1298 3939 ,
1329 3870 1581 3931 nuntium
1610 3909 1629 3939 ,
1663 3869 1809 3942 quod
1846 3880 2133 3926 venturum

535 3958 829 4019 Dominum
860 3964 1141 4019 nuntiarit.

603 4056 784 4127 (Vers.
820 4057 938 4130 11.)
966 4057 1129 4114 Amen
1158 4059 1276 4115 dico
1299 4059 1462 4127 vobis,
1498 4076 1604 4115 non
1636 4062 1859 4117 surrexit
1890 4063 2024 4117 inter
2042 4079 2136 4118 na-

535 4156 616 4203 tos
637 4149 913 4205 mulierum
942 4152 1117 4223 major
1145 4151 1354 4209 Joanne
1382 4152 1640 4227 Baptista.
1673 4155 1820 4212 lnter
1840 4164 2023 4226 natos,
2055 4158 2139 4213 in-

533 4240 673 4309 quit,
703 4240 1022 4297 mulierum.
1066 4243 1163 4300 His
1188 4260 1321 4317 ergo
1347 4244 1635 4316 praefertur
1664 4246 2002 4316 hominibus,
2041 4249 2135 4322 qui

541 4329 610 4386 de
634 4332 952 4389 mulieribus
981 4336 1091 4390 nati
1120 4345 1268 4404 sunt,
1296 4338 1435 4394 etde
1462 4338 1757 4396 concubitu
1789 4340 1914 4409 viri,
1949 4351 2003 4397 et
2026 4358 2134 4398 non

543 4422 594 4478 ei
617 4424 708 4495 qui
738 4435 822 4481 est
850 4437 1009 4482 natus
1030 4443 1094 4483 ex
1115 4427 1363 4501 Virgine,
1387 4439 1444 4487 et
1463 4429 1670 4504 Spiritu
1697 4446 1916 4490 sancto:
1947 4450 2139 4506 quam-

536 4531 699 4586 quam
735 4521 785 4572 in
819 4533 885 4573 eo
907 4519 1049 4591 quod
1072 4520 1212 4577 dixit
1236 4540 1250 4576 :
1287 4521 1411 4578 Non
1436 4526 1665 4581 surrexit
1684 4528 1856 4599 major
1883 4529 2018 4583 inter
2038 4546 2134 4583 na-

2238 3307 2455 3363 Domini
2476 3308 2836 3375 demonstrat,
2861 3309 3078 3366 dicens:
3108 3309 3209 3378 Qui
3232 3310 3382 3367 habet
3397 3327 3547 3366 aures
3562 3309 3834 3376 audiendi,

2235 3401 2436 3456 audiat.
2481 3401 2538 3458 Si
2568 3403 2713 3458 enim
2743 3403 2936 3473 planus
2977 3415 3124 3459 esset
3169 3418 3363 3459 sensus
3388 3446 3402 3468 ,
3449 3412 3504 3459 et
3545 3402 3834 3459 manifesta

2244 3496 2537 3562 sententia,
2568 3495 2696 3567 quid
2740 3511 2964 3553 necesse
3004 3497 3103 3551 fuit
3132 3512 3232 3552 nos
3264 3496 3332 3551 ad
3354 3496 3500 3552 illius
3527 3495 3838 3569 intelligen-

2239 3589 2368 3642 tiam
2403 3588 2738 3658 praeparari?
2772 3588 2919 3644 Elias
2945 3604 3076 3659 ergo
3096 3588 3337 3645 Joannes
3357 3587 3582 3657 dicitur,
3614 3605 3725 3644 non
3752 3604 3839 3645 se-

2236 3682 2474 3737 cundum
2502 3683 2700 3739 stultos
2731 3683 3084 3755 philosophos
3120 3695 3175 3740 et
3205 3683 3472 3754 quosdam
3521 3683 3836 3749 luere-lices,

2237 3778 2326 3849 qui
2344 3778 2760 3853 μετεμψύχωσιν
2791 3778 3179 3835 introducunt:
3214 3779 3311 3836 sed
3339 3779 3484 3852 quod
3511 3779 3667 3850 juxta
3692 3778 3838 3834 aliud

2248 3873 2616 3927 testimonium
2675 3873 2956 3943 Evangelii
3009 3873 3220 3930 venerit
3247 3873 3300 3929 in
3332 3874 3526 3945 spiritu
3553 3884 3606 3929 et
3636 3877 3842 3929 virtute

2239 3965 2372 4022 Elite
2396 4009 2412 4035 ,
2445 3967 2694 4023 eamdem
2719 3969 2893 4024 sancti
2922 3968 3161 4039 Spiritus
3186 3968 3272 4023 vel
3302 3968 3532 4040 gratiam
3559 3967 3837 4032 habuerit,

2240 4062 2323 4115 vel
2381 4076 2722 4117 mensuram.
2787 4060 2899 4118 Sed
2959 4072 3015 4117 et
3062 4060 3185 4116 vita:
3230 4063 3529 4118 austeritas
3580 4062 3841 4132 rigorque

2239 4156 2442 4211 mentis
2463 4155 2597 4212 Elim
2620 4165 2680 4211 et
2707 4154 2934 4211 Joannis
2961 4170 3120 4226 pares
3148 4165 3297 4212 sunt.
3339 4154 3436 4212 Ille
3461 4155 3609 4210 enim
3642 4155 3701 4211 in
3725 4170 3843 4211 ere-

2240 4260 2355 4314 mo,
2390 4246 2493 4302 iste
2522 4246 2578 4303 in
2607 4261 2795 4303 eremo
2824 4265 2836 4301 :
2866 4246 2957 4303 ille
2987 4262 3121 4303 zona
3156 4247 3384 4318 pellicea
3406 4247 3758 4319 cingebatur,
3790 4254 3843 4303 et

2240 4341 2346 4397 iste
2392 4340 2571 4396 simile
2615 4339 2805 4397 habuit
2854 4340 3151 4411 cingulum.
3209 4340 3303 4396 llle
3345 4342 3603 4412 quoniam
3647 4356 3840 4411 regem

2248 4432 2436 4492 Achab
2458 4443 2514 4490 et
2541 4433 2759 4489 Jezabel
2791 4434 3087 4504 impietatis
3112 4434 3320 4503 arguit,
3366 4433 3558 4505 fugere
3586 4435 3838 4505 compul-

2242 4540 2337 4582 sus
2366 4535 2447 4581 est
2475 4525 2567 4595 (ΙΙΙ
2592 4524 2727 4598 Reg.
2752 4525 2902 4598 xu);
2945 4528 3050 4582 iste
3079 4526 3205 4597 quia
3234 4525 3465 4582 Herodis
3490 4537 3546 4582 et
3573 4527 3843 4583 Herodia-

536 4618 615 4665 tas
642 4609 923 4666 mulierum
963 4610 1170 4670 Joanne
1208 4613 1445 4689 Baptista
1466 4659 1482 4686 ,
1517 4633 1623 4675 non
1656 4594 1872 4677 caeteris
1899 4619 2137 4692 prOphe-
2163 4594 2216 4655 Ῑ)
2242 4619 2329 4676 dis
2377 4594 2599 4675 illicitas
2630 4594 2811 4689 arguit
2848 4594 3109 4689 nuptias,
3131 4620 3311 4690 capite
3335 4627 3643 4675 truncatur.
3688 4619 3838 4677 Sunt

536 4704 607 4759 tis
643 4713 701 4760 et
733 4706 1065 4776 patriarchis
1094 4749 1110 4775 ,
1162 4709 1481 4782 cunctisque
1520 4713 1835 4769 hominibus
1874 4713 2139 4770 Joannem
2241 4717 2333 4787 qui
2368 4722 2659 4787 propterea
2700 4713 2997 4778 Joannem,
3033 4714 3211 4770 Eliam
3242 4715 3427 4771 vocari
3451 4724 3666 4786 putant,
3692 4716 3839 4788 quod

529 4796 792 4868 praetulit,
828 4809 852 4840 ο
884 4800 980 4857 sed
1008 4799 1208 4858 Joanni
1235 4812 1470 4859 caeteros
1490 4807 1814 4877 exaequavit.
1846 4806 1963 4862 Non
1993 4808 2138 4863 enim
2240 4809 2521 4881 quomodo
2570 4808 2624 4865 in
2672 4809 2918 4865 secundo
2944 4806 3246 4866 Salvatoris
3274 4808 3513 4865 adventu
3534 4809 3691 4880 juxta
3722 4810 3842 4866 Ma-

531 4887 716 4944 statim
743 4892 991 4963 sequitur
1009 4934 1027 4962 ,
1059 4903 1117 4950 ut
1144 4893 1191 4949 si
1219 4895 1312 4950 alii
1345 4896 1585 4966 majores
1613 4913 1680 4954 eo
1711 4915 1818 4954 non
1842 4908 1968 4956 sunt
1993 4943 2010 4971 ,
2042 4901 2141 4958 ille
2242 4900 2479 4959 lacbiam
2512 4916 2889 4974 princessurus
2915 4910 3002 4958 est
3030 4901 3199 4971 Elias,
3225 4903 3332 4975 '71
3361 4910 3419 4959 et
3442 4911 3737 4959 venturum
3755 4904 3843 4973 ju-

530 4984 708 5055 major
743 4986 979 5045 aliorum
1017 4989 1125 5044 sit:
1169 5004 1359 5048 verum
1389 5001 1451 5047 ut
1481 4992 1851 5064 aequalitatem
1880 5009 2004 5051 cum
2033 5010 2141 5052 οω-
2240 4996 2420 5054 dicem
2453 4996 2842 5052 nuntiaturus:
2888 4996 2975 5052 sic
3021 4995 3260 5053 Joannes
3294 4998 3347 5052 in
3394 4997 3572 5068 primo
3601 4996 3845 5053 adventu

530 5077 667 5134 teris
692 5080 896 5136 sanctis
924 5080 1148 5140 habeat.
2236 5089 2461 5156 fecerit;
2481 5097 2537 5145 et
2558 5098 2787 5162 uterque
2813 5090 2886 5147 sit
2905 5090 3127 5146 nuntius
3141 5091 3229 5147 vel
3251 5089 3410 5162 primi
3438 5088 3709 5145 adventus
3736 5089 3847 5146 Do~

612 5169 715 5238 Qui
760 5183 935 5229 autem
978 5175 1151 5229 minor
1190 5183 1264 5229 est
1302 5176 1356 5231 in
1386 5193 1545 5250 regno
1574 5179 1842 5249 calorum,
1867 5182 2037 5254 major
2061 5191 2138 5237 est
2241 5185 2395 5250 mini,
2422 5166 2512 5241 vel
2545 5184 2797 5240 secundi.

533 5261 652 5319 illo.
705 5264 855 5320 Multi
900 5264 970 5321 de
1019 5265 1307 5325 Salvatore
1353 5268 1459 5324 hoc
1500 5269 1731 5342 intelligi
1758 5272 1956 5328 volunt
1992 5273 2134 5344 quod
2314 5276 2499 5350 (Vers.
2526 5275 2864 5349 iGseq.)Cui
2881 5286 3055 5333 autem
3081 5278 3303 5333 similem
3330 5276 3597 5333 cestimabo
3624 5294 3849 5350 genera-

534 5359 629 5432 qui
662 5360 841 5417 minor
863 5370 948 5418 est
976 5370 1247 5433 tempore,
1280 5363 1456 5436 major
1484 5366 1556 5422 sit
1579 5366 1868 5439 dignitate.
1910 5367 2019 5425 Nos
2039 5384 2136 5425 au-
2238 5370 2427 5425 tionem
2458 5370 2648 5425 istam?
2667 5369 2867 5426 Similis
2880 5378 2955 5425 est
2976 5371 3149 5442 pueris
3163 5369 3457 5425 sedentibus
3483 5370 3540 5425 in
3568 5372 3688 5443 foro
3707 5414 3723 5441 ,
3754 5374 3847 5444 qui

536 5459 647 5509 tem
686 5452 1009 5524 simpliciter
1047 5453 1455 5527 intelligamus:
1488 5458 1634 5530 quod
1678 5458 1858 5516 omnis
1889 5469 2131 5531 sanctus,
2237 5464 2523 5521 clamantes
2560 5466 2907 5536 eowquatibus
2928 5467 3036 5522 suis
3081 5465 3304 5523 dicunt:
3352 5465 3643 5523 Cecinimus
3672 5469 3842 5538 vobis,

2244 5662 2360 5701 nem
2385 5646 2597 5704 faciens.
2630 5647 2807 5704 Msn'r.

2321 5729 2344 5796 ξ
2381 5719 2500 5796 _Hoc
2544 5720 2708 5775 modo
2748 5719 2936 5796 legunt
2976 5734 3168 5796 omnes
3204 5736 3337 5796 mss.
3371 5720 3425 5776 in
3456 5729 3613 5779 antea
3646 5722 3841 5796 editis,

2245 5790 2337 5846 sed
2365 5787 2624 5847 Joannem
2643 5787 2840 5849 cteteri's
2864 5795 3166 5862 extequavit.
3201 5794 3379 5850 Msnr.

607 5646 634 5716 β
674 5636 915 5716 Rhabe
942 5647 991 5693 et
1018 5639 1202 5716 cuiad
1233 5642 1501 5716 fastigium
1529 5642 1831 5714 prophetale
1856 5644 2009 5699 etiam
2030 5642 2139 5700 Ba-

541 5710 713 5787 ptislce
736 5711 938 5787 accepit
963 5710 1316 5787 privilegium,
1339 5710 1394 5769 ut
1419 5710 1594 5787 suum,
1624 5710 1733 5771 etc.

608 5780 634 5820 ι)
677 5781 731 5837 In
763 5781 921 5838 codd.
954 5780 1111 5853 t'uss.,
1141 5780 1445 5842 meriturum
1474 5784 1712 5855 αὔξησιν,
1743 5788 1798 5843 id
1821 5798 1917 5856 est,
1936 5789 2138 5846 auctio-
