4004 6332
243 324 305 380 73
730 319 1385 378 COMMENTARIORUM
1426 319 1490 377 IN
1523 318 1977 377 EVANGELIUM
2014 318 2343 377 MA'I‘TlUEl
2384 318 2512 374 LIB.
2547 320 2612 376 ll.
2654 320 2808 375 CAP.
2854 321 2944 377 XI.
3416 329 3485 382 τι

247 453 286 498 et
323 459 410 496 non
448 439 704 496 saltastis:
742 440 1133 495 lamentavimus
1165 448 1190 476 ι
1224 438 1382 506 vobis,
1428 449 1473 494 et
1505 455 1606 493 non
1637 438 1789 509 plau-
1813 443 1861 500 Α
1891 440 2071 511 quibus
2096 448 2216 493 sunt
2242 440 2397 508 facta:
2412 439 2655 508 plurima:
2672 440 2884 496 virtutes
2914 445 3047 515 ejus,
3068 443 3191 513 quia
3220 462 3322 501 non
3347 449 3484 518 egis-

243 539 386 594 xistis.
433 534 569 590 Venit
599 536 737 590 enim
761 533 1025 600 Joannes,
1058 550 1218 601 neque
1241 532 1591 597 mandacans,
1627 549 1787 603 neque

247 632 405 697 bibens,
434 638 481 683 et
503 628 714 682 dicunt:
746 627 1069 683 Darmonium
1095 625 1263 681 liabet.
1303 625 1455 680 Venit
1486 624 1658 679 Filius
1695 626 1787 679 lio-

237 724 382 788 ntinis,
431 721 745 776 manducans
777 729 826 775 et
868 720 1073 787 bibens,
1122 729 1170 773 et
1211 719 1427 773 dicunt:
1468 717 1604 773 Ecce
1630 717 1785 771 homo

232 833 390 882 vorax,
432 825 479 871 et
515 823 725 885 potator
767 814 872 868 viui
896 856 911 881 ,
956 812 1353 885 publicanorum
1384 822 1431 867 et
1455 821 1785 884 peccatorum

231 912 415 965 anticus.
463 906 529 961 Et
549 907 846 980 justificata
869 914 946 960 est
970 905 1231 978 sapientia
1270 922 1304 958 a
1330 903 1457 975 ﬁliis
1478 905 1607 960 suis.
1649 904 1787 961 Pue-

228 1003 355 1061 risiu
383 1000 495 1058 loro
529 999 855 1057 sedentibus
885 1010 944 1057 et
974 998 1340 1055 clamantibus
1366 1008 1530 1069 atque
1556 998 1786 1055 dicenti-

228 1096 309 1153 bus
330 1095 390 1150 ad
416 1093 723 1164 coaequales
753 1107 920 1149 suos:
953 1090 1245 1148 Cecinimus
1272 1091 1413 1146 vobis
1438 1133 1455 1157 ,
1484 1101 1534 1147 et
1552 1109 1657 1146 non
1677 1093 1785 1146 sal-

227 1190 384 1244 tostis:
425 1186 691 1241 lamentati
723 1202 923 1251 sumus,
950 1194 997 1239 et
1026 1202 1131 1240 non
1160 1185 1437 1257 planxistis
1459 1226 1473 1251 ,
1500 1200 1782 1256 compara-

226 1289 298 1336 tur
336 1278 606 1349 generatio
648 1277 958 1335 Jodmorum
986 1320 1001 1343 ,
1036 1276 1320 1346 Scriptura
1370 1278 1629 1332 dicente:
1687 1275 1786 1331 Cui

220 1373 408 1428 similem
430 1370 697 1427 (estimabo
710 1372 1093 1442 generationem
1113 1370 1306 1423 istam?
1336 1368 1541 1425 Similis
1569 1378 1642 1422 est
1660 1386 1785 1441 pue-

222 1465 280 1519 ris
296 1463 575 1519 sedentibus
606 1464 663 1517 in
684 1463 822 1533 foro,
848 1470 905 1517 et
931 1461 1165 1533 reliqua.
1194 1460 1313 1516 Non
1341 1476 1473 1532 ergo
1502 1461 1661 1517 nobis
1690 1461 1786 1517 Iri-

219 1559 374 1613 buitur
404 1557 574 1612 libera
601 1556 988 1626 intelligentia,
1018 1565 1075 1611 et
1105 1554 1380 1626 allegoriae
1409 1556 1784 1625 interpretatio

220 1649 244 1690 δ
264 1652 456 1721 passiva
482 1670 497 1705 :
528 1651 629 1707 sed
656 1650 919 1722 quidquid
948 1648 1149 1705 dicturi
1180 1664 1368 1704 sumus
1397 1649 1466 1703 de
1487 1648 1691 1719 pueris,
1717 1649 1784 1705 ad

221 1745 605 1802 similitudinem
656 1744 1029 1817 generationis
1076 1752 1160 1799 est
1201 1742 1571 1799 referendum.
1618 1742 1782 1799 Pueri

1889 544 2001 586 sent
2032 534 2407 602 ptenitentiam.
2449 532 2813 604 Exprobratio
2842 535 3120 591 civitatum
3148 537 3478 608 Chorozain,

1888 633 1942 678 et
1979 624 2285 680 Betbsaidze
2312 633 2367 680 et
2406 624 2792 697 Capltarnaum
2820 672 2834 695 ,
2877 629 3100 699 capituli
3132 630 3292 700 hujus
3326 634 3483 691 titulo

1888 716 2164 787 panditur.
2217 717 2371 784 Quod
2421 719 2544 774 ideo
2585 721 2999 789 exprobraverit
3031 722 3145 793 eis,
3201 726 3322 794 quia
3360 738 3483 796 post

1887 813 2054 867 tactas
2100 812 2333 867 virtutes
2380 822 2434 868 et
2481 812 2633 883 signa
2672 816 3101 885 quamplurima,
3136 833 3243 871 non
3266 821 3483 889 egerint

1888 906 2292 976 pmniteutiam.

1959 997 2143 1067 (Vers.
2168 996 2263 1063 21,
2286 997 2402 1066 22.)
2434 997 2650 1063 νωιὶῡὶ,
2676 999 3001 1069 Chorosain;
3025 1020 3099 1058 va:
3115 1006 3226 1072 tibi,
3246 1006 3482 1063 Bethsai-

1887 1090 1957 1143 da
1981 1106 2000 1143 :
2037 1090 2162 1160 quia
2192 1090 2238 1144 si
2280 1090 2332 1143 in
2369 1089 2504 1162 Tyro
2536 1101 2585 1146 et
2613 1092 2813 1148 Sidone
2856 1100 3009 1165 [actm
3055 1109 3223 1151 essent
3269 1101 3485 1157 virtutes

1886 1202 2000 1256 quae
2028 1186 2180 1255 factte
2205 1196 2324 1238 sunt
2351 1185 2405 1237 in
2446 1186 2585 1239 vobis
2606 1231 2619 1253 ,
2655 1188 2776 1241 olim
2812 1190 2867 1242 in
2895 1189 3068 1245 cilicio
3097 1202 3142 1245 et
3172 1194 3342 1248 cinere
3371 1212 3483 1262 pte-

1888 1278 2163 1332 nitentium
2204 1280 2445 1349 egissent.
2498 1279 2868 1335 Verumtamen
2901 1284 3016 1337 dico
3048 1285 3180 1339 vobis
3208 1303 3223 1338 :
3269 1286 3408 1358 Tyro
3436 1300 3483 1342 et

1891 1370 2080 1424 Sidoni
2104 1371 2370 1425 remissius
2397 1372 2492 1425 erit
2521 1373 2574 1426 in
2597 1373 2680 1427 die
2698 1374 2916 1446 judicii,
2953 1393 3104 1446 quam
3131 1381 3293 1434 vobis.
3335 1382 3481 1437 Clio-

1888 1464 2070 1517 rozain
2123 1472 2179 1517 et
2227 1462 2516 1519 Bethsaida
2545 1506 2558 1529 ,
2612 1466 2776 1521 urbes
2806 1466 3080 1535 Galilaeae,
3125 1488 3153 1524 a
3200 1473 3484 1530 Salvatore

1888 1557 2241 1628 planguntur,
2269 1557 2413 1629 quod
2445 1570 2564 1629 post
2591 1569 2737 1615 tanta
2765 1561 2917 1631 signa
2941 1572 3100 1633 atque
3125 1565 3352 1622 virtutes
3374 1584 3483 1624 non

1887 1652 2100 1722 egerint
2145 1653 2519 1721 paenitentiam
2546 1696 2561 1721 ,
2612 1663 2667 1709 et
2710 1656 3074 1724 praeferuntur
3114 1661 3195 1714 eis
3225 1660 3401 1733 Tyrus
3429 1674 3485 1719 et

1888 1742 2082 1809 Sidon,
2115 1743 2277 1800 urbes
2317 1743 2638 1801 idololatriae
2665 1755 2720 1802 et
2747 1748 2891 1803 vitiis
2911 1748 3136 1805 deditae.
3169 1751 3482 1811 Prtclerun-

222 1838 293 1893 isti
318 1839 397 1906 qui
426 1838 630 1893 sedent
677 1838 731 1893 in
766 1838 916 1904 loro,
967 1835 1024 1892 bi
1050 1843 1178 1892 sunt
1196 1836 1264 1892 de
1284 1836 1482 1905 quibus
1511 1836 1677 1890 Isaias
1706 1837 1783 1891 lo-
1815 1832 1861 1892 B
1892 1845 1978 1890 tur
2002 1846 2182 1892 autem
2207 1837 2354 1904 ideo,
2383 1838 2527 1906 quod
2556 1839 2735 1911 Tyrus
2759 1850 2814 1896 et
2835 1841 3003 1898 Sidon
3035 1846 3335 1902 naturalem
3366 1858 3485 1905 tun-

218 1934 400 2004 quitur:
428 1932 567 1987 Ecce
601 1948 696 2004 ego
729 1942 776 1986 et
810 1931 958 2002 pueri
997 1932 1137 1999 mei,
1165 1946 1292 2001 quos
1316 1930 1456 1985 dedit
1488 1930 1612 1983 mihi
1645 1928 1785 1985 Deus

219 2026 348 2096 (lsai.
380 2042 495 2094 vui,
522 2028 644 2091 18).
710 2027 776 2081 Et
802 2026 861 2081 in
889 2025 1106 2081 decimo
1131 2035 1335 2081 octavo
1365 2022 1780 2094 psalmo(Vers.

217 2118 292 2191 8):
318 2118 693 2174 Testimonium
714 2117 927 2173 Domini
959 2116 1145 2187 fidele,
1189 2116 1496 2185 sapientiam
1529 2126 1782 2187 praestans

218 2212 434 2278 parvulis.
495 2210 574 2265 Et
616 2208 789 2265 alibi:
834 2207 921 2265 Ea:
951 2226 1038 2264 ore
1063 2209 1343 2281 infantium
1392 2217 1439 2262 et
1482 2208 1781 2262 lactentium

214 2305 449 2374 perfeciin
478 2304 699 2358 laudem
731 2302 850 2375 (Ps.
882 2319 997 2366 vttt.
1032 2305 1112 2373 5).
1157 2301 1255 2358 Isti
1284 2315 1417 2372 ergo
1440 2300 1594 2372 pueri
1625 2298 1784 2355 sede-

215 2407 318 2451 runt
364 2397 417 2451 in
464 2396 643 2465 foro,
690 2397 807 2452 sive
855 2398 907 2451 ἐν
955 2398 1150 2471 ἀγορᾷ,
1197 2393 1343 2466 quod
1387 2393 1782 2463 signiﬁcantius

212 2486 368 2544 Graec
390 2488 632 2554 dicitur,
682 2487 775 2543 ubi
804 2487 972 2543 multa
998 2486 1215 2542 venalia
1249 2494 1397 2542 sunt.
1438 2485 1652 2556 thuia
1684 2502 1779 2554 po-

214 2581 341 2649 pulus
357 2580 682 2636 indecorum
712 2578 901 2635 audire
931 2578 1152 2634 uolebat
1175 2618 1191 2644 ,
1239 2592 1350 2632 non
1379 2576 1431 2632 ei
1464 2583 1670 2631 tantum
1702 2574 1783 2631 lo-

211 2671 299 2727 cuti
324 2681 471 2738 sunt,
506 2672 614 2729 sed
644 2671 822 2742 plenis
853 2669 1099 2726 faucibus
1140 2669 1605 2725 inclamaverunt:
1640 2666 1783 2721 Ceci-

212 2767 356 2821 sinnts
397 2766 541 2822 vobis
576 2812 592 2836 ,
635 2777 688 2822 et
727 2782 831 2821 non
876 2763 1110 2820 saltastis
1131 2779 1152 2830 ;
1183 2762 1599 2834 provocavimus
1628 2769 1688 2816 ut
1711 2759 1778 2814 ad

210 2869 420 2914 nostrum
450 2859 741 2914 canticum
783 2857 923 2913 bona
953 2871 1123 2927 Opera
1156 2854 1445 2922 faceretis,
1475 2861 1532 2910 et
1551 2852 1781 2908 saltare-

209 2949 267 3004 tis
303 2952 364 3005 ad
412 2963 664 3007 nostram
708 2949 918 3018 tibiam,
950 2949 1093 3004 sicut
1128 2947 1349 3003 saltavit
1374 2956 1429 3001 et
1454 2945 1625 3001 David
1653 2955 1779 3001 ante

205 3055 354 3099 arcani
395 3043 623 3100 Domini
653 3041 723 3107 (ll
758 3042 888 3115 Reg.
915 3042 1019 3114 Vt),
1056 3050 1112 3098 et
1152 3040 1428 3097 noluistis.
1473 3038 1779 3095 Lamentati

205 3150 384 3205 sumus,
417 3146 474 3193 et
498 3152 607 3192 vos
634 3136 704 3191 ad
734 3134 1109 3206 paenitentiam
1140 3132 1592 3205 provocavimus,
1622 3139 1679 3187 et
1708 3145 1777 3187 ne

1889 1939 2000 1985 tum
2031 1931 2204 2002 legem
2228 1930 2595 2000 calcaverint,
2625 1932 2742 1988 ista:
2768 1950 2900 1989 vero
2930 1948 3053 2006 post
3084 1942 3482 2009 transgressio-

1887 2038 2011 2077 nem
2062 2023 2327 2078 naturalis
2361 2023 2523 2095 Legis
2564 2035 2622 2080 et
2663 2026 2911 2096 scripta,
2951 2027 3112 2083 etiam
3164 2032 3316 2103 signa
3359 2050 3484 2105 quae

1886 2115 2030 2184 apud
2058 2131 2158 2172 eas
2188 2115 2328 2172 facta
2356 2123 2514 2184 sunt,
2544 2119 2697 2187 parvi
2727 2119 3001 2176 duxerint.
3050 2123 3361 2191 Quaerimus
3390 2128 3482 2182 ubi

1886 2208 2150 2278 scriptum
2174 2210 2267 2275 sit,
2298 2210 2443 2280 quod
2473 2211 2527 2265 in
2558 2210 2865 2267 Cborozain
2896 2223 2950 2269 et
2978 2214 3269 2271 Betlisaida
3298 2217 3485 2274 Domi-

1886 2314 1989 2355 nus
2018 2300 2169 2369 signa
2196 2300 2410 2355 fecerit.
2451 2302 2625 2373 Supra
2659 2302 2923 2374 legimus:
2970 2306 3034 2360 Et
3076 2309 3329 2363 circuibat
3355 2313 3484 2366 civi-

1885 2403 2016 2448 tates
2058 2409 2231 2447 omnes
2258 2404 2306 2448 et
2340 2396 2476 2449 vicos
2501 2435 2517 2461 ,
2560 2411 2750 2451 curans
2789 2414 2992 2453 onmem
3016 2401 3394 2469 infirmitatem,
3429 2415 3486 2461 ct

1885 2484 2095 2554 reliqua
2125 2485 2331 2558 (Supra
2357 2502 2431 2554 tv,
2462 2488 2579 2557 25).
2624 2488 2768 2543 inter
2796 2502 3025 2546 cmleras
3058 2511 3189 2564 ergo
3229 2495 3481 2552 civitates

1884 2584 1939 2630 et
1966 2575 2202 2642 viculos,
2231 2576 2612 2631 mstimandum
2642 2588 2726 2634 est
2764 2581 2814 2634 in
2845 2581 3152 2637 Cborozain
3185 2601 3400 2657 quoque
3424 2596 3481 2644 et

1882 2667 2182 2723 Bethsaida
2209 2668 2498 2724 Dominum
2526 2670 2680 2740 signa
2705 2669 2925 2728 iecisse.

1955 2762 2136 2835 (Vers.
2168 2759 2289 2834 2'5.)
2318 2761 2383 2816 Et
2403 2772 2491 2831 tu,
2527 2762 2897 2836 Capharnaum
2916 2808 2930 2830 ,
2963 2768 3216 2839 numquid
3240 2787 3400 2842 usque
3422 2773 3477 2828 in

1881 2854 2065 2910 caelum
2097 2854 2436 2921 exaltaberis,
2492 2866 2514 2894 ο
2558 2873 2721 2927 usque
2743 2858 2795 2912 in
2825 2859 3088 2928 infernum
3121 2862 3227 2933 73
3260 2865 3475 2920 descen-

1880 2948 2051 3002 dens?
2087 2945 2146 3002 ln
2178 2946 2354 3002 altero
2398 2948 2698 3016 exemplari
2739 2951 3041 3018 reperimus
3075 2969 3089 3006 :
3147 2953 3215 3009 Et
3247 2966 3333 3021 tu,
3362 2958 3478 3012 ’ϐα-

1879 3041 2201 3110 pltarnaum,
2254 3055 2369 3109 qua:
2392 3056 2553 3108 usque
2587 3040 2641 3094 in
2669 3042 2850 3096 cretum
2873 3045 3098 3099 exaltata
3126 3062 3200 3112 es,
3228 3065 3386 3119 usque
3408 3052 3477 3104 ad

1878 3132 2086 3203 inferna
2114 3133 2413 3187 descendes.
2458 3133 2524 3187 Et
2570 3143 2653 3189 est
2702 3134 2904 3205 duplex
2958 3137 3332 3210 intelligentia.
3377 3143 3477 3199 Vel

205 3227 293 3286 hoc
315 3231 526 3300 quidem
583 3229 767 3287 facere
805 3229 1093 3295 voluistis,
1138 3237 1461 3300 spernentes
1489 3235 1778 3295 utramque
1803 3219 1850 3283 C
1884 3224 2094 3295 ideo;ad
2121 3224 2332 3280 inferna
2364 3225 2663 3281 descendes
2689 3272 2702 3295 ,
2754 3232 2878 3299 quia
2915 3241 3104 3286 contra
3134 3235 3480 3303 praedicatio-

208 3324 657 3392 pradicationem,
693 3333 802 3379 tam
825 3322 1219 3380 exhortationis
1245 3320 1313 3377 ad
1338 3322 1589 3388 virtutes,
1616 3335 1777 3391 quam

205 3417 508 3486 pmnitentize
554 3425 692 3488 post
733 3424 981 3486 peccata.
1033 3415 1146 3472 Nec
1188 3416 1385 3470 mirum
1426 3414 1470 3469 si
1500 3413 1776 3484 duplicem

204 3514 320 3565 viain
356 3510 809 3581 contempseritis
854 3510 1045 3566 salutis
1068 3548 1085 3576 ,
1111 3523 1235 3564 cum
1277 3517 1332 3563 et
1364 3507 1462 3562 Dei
1495 3505 1601 3579 [ΑΙ.
1639 3515 1781 3561 tacet

207 3603 307 3678 Dei]
343 3606 615 3678 jejunium
639 3645 655 3671 ,
699 3613 758 3661 et
796 3604 1139 3659 saturitatem
1190 3601 1394 3671 pariter
1436 3599 1773 3671 spreveritis.

206 3702 296 3773 73
327 3702 381 3758 Si
403 3682 685 3772 jejunium
728 3701 888 3757 vobis
914 3699 1112 3769 placet,
1157 3712 1257 3752 cur
1304 3696 1545 3751 Joannes
1586 3693 1779 3765 displi-

208 3793 333 3848 cuit?
378 3795 429 3852 Si
478 3793 794 3863 saturitas,
840 3806 939 3848 cur
973 3790 1145 3847 Filius
1174 3787 1409 3844 hominis
1453 3786 1777 3857 displicuit?

204 3884 412 3952 Quorum
450 3888 732 3952 alterum,
777 3883 1108 3940 daemonium
1141 3881 1428 3936 habentem
1456 3920 1471 3946 ,
1501 3879 1773 3945 alterum,

204 3988 471 4048 majorem
517 3988 585 4035 et
647 3977 859 4032 ebrium
909 3974 1231 4046 nuncupatis
1299 3972 1426 4044 [AL
1496 3986 1775 4040 nuncupa-

202 4068 320 4142 stis].
368 4071 514 4140 Ergo
560 4070 697 4138 quia
743 4083 840 4125 vos
889 4067 1144 4125 noluistis
1193 4075 1480 4141 utramque
1533 4064 1776 4136 recipere

203 4159 509 4230 disciplinam
538 4206 555 4230 ,
590 4150 894 4233 justiﬁcata'
930 4160 1305 4230 estsapientia
1336 4175 1363 4212 a
1395 4159 1519 4213 liliis
1543 4157 1652 4213 suis
1678 4175 1691 4211 :
1724 4158 1775 4212 id

202 4264 289 4321 est,
314 4255 403 4310 Dei
427 4256 782 4327 dispensatio
807 4264 972 4325 atque
999 4253 1268 4309 doctrina.
1310 4251 1380 4307 Et
1407 4266 1511 4331 ego
1532 4253 1623 4322 qui
1655 4266 1774 4305 sum

204 4343 286 4401 Dei
314 4349 471 4402 virtus
519 4357 582 4405 et
631 4347 728 4403 Dei
770 4345 1038 4417 sapientia
1065 4345 1111 4415 (l
1140 4344 1263 4399 Cor.
1295 4345 1336 4417 ι)
1358 4387 1373 4413 ,
1397 4343 1544 4415 juSte
1577 4344 1777 4399 fecisse

202 4440 261 4493 ab
300 4444 554 4509 apostolis
610 4442 751 4498 meis
791 4440 918 4496 ﬁliis
960 4439 1346 4510 comprobatus
1393 4453 1545 4503 sum,
1578 4438 1776 4508 quibus

203 4536 433 4589 revelavit
473 4536 667 4602 Pater,
710 4550 834 4605 qua:
876 4552 905 4587 ει
947 4532 1282 4603 sapientibus
1309 4532 1691 4599 absconderat,
1721 4541 1777 4589 et

1884 3332 2007 3372 nem
2052 3333 2226 3373 meam
2269 3319 2663 3388 superbissime
2704 3322 2976 3378 restitisti.
3040 3325 3133 3382 Vel
3166 3328 3317 3397 ideo,
3350 3332 3477 3401 quia

1881 3412 2113 3467 exaltata
2147 3428 2318 3482 usque
2346 3413 2412 3466 ad
2442 3414 2638 3469 emtum
2671 3430 2796 3471 meo
2824 3416 3064 3487 hospitio
3085 3460 3100 3484 ,
3143 3430 3198 3476 et
3238 3421 3374 3477 meis
3407 3424 3480 3478 si-

1880 3505 2001 3575 gnis
2032 3514 2193 3575 atque
2227 3505 2555 3571 virtutibus,
2598 3516 2809 3562 tantum
2859 3509 3067 3565 babens
3108 3512 3474 3584 privilegium,

1883 3596 2188 3666 majoribus
2220 3598 2476 3667 plecteris
2503 3599 2810 3670 suppliciis,
2834 3602 2981 3671 quod
3005 3603 3086 3658 Itis
3113 3621 3329 3676 quoque
3358 3623 3477 3663 cre-

1880 3691 2014 3748 dere
2046 3691 2286 3747 noluisti.

1951 3782 2135 3852 (Vers.
2166 3784 2256 3852 25,
2288 3783 2406 3856 24.)
2448 3786 2585 3852 Quia
2613 3790 2655 3840 si
2683 3787 2735 3840 in
2778 3786 3017 3843 Sodomis
3062 3790 3171 3864 [AL
3222 3794 3473 3867 Syllonisj

1879 3880 2031 3948 factm
2054 3877 2273 3948 fuissent
2313 3878 2551 3942 virtutes,
2584 3894 2701 3949 qua:
2728 3880 2884 3951 factae
2909 3893 3046 3952 sunt,
3070 3884 3123 3936 in
3155 3894 3203 3935 lc
3235 3926 3249 3949 ,
3294 3883 3318 3921 ι¹
3347 3893 3480 3957 [orte

1878 3970 2187 4024 mansissent
2218 3986 2374 4039 usque
2400 3971 2454 4022 in
2490 3969 2629 4024 hunc
2652 3972 2809 4026 diem.
2848 3970 3211 4027 Verumtamen
3242 3975 3361 4030 dico
3391 3995 3481 4033 vo-

1880 4060 1954 4114 bis
1983 4077 2001 4115 :
2028 4062 2148 4132 quia
2173 4070 2324 4116 terrm
2346 4060 2694 4117 Sodomorum
2720 4063 2983 4117 remissius
3012 4067 3107 4117 erit
3149 4067 3201 4119 in
3230 4069 3312 4121 die
3328 4070 3478 4141 judi-

1877 4155 1944 4207 cii
1968 4172 2125 4225 quam
2157 4153 2271 4208 tibi.
2304 4154 2520 4220 Quaerat
2542 4155 2781 4225 prudens
2810 4156 2976 4211 lector
3008 4168 3060 4212 et
3084 4158 3226 4213 dicat
3256 4177 3268 4212 :
3293 4161 3339 4216 si
3370 4162 3477 4235 Ty-

1878 4262 1973 4301 rus
2003 4254 2058 4302 et
2083 4247 2250 4303 Sidon
2280 4257 2334 4301 et
2364 4246 2604 4302 Sodoma
2638 4257 2933 4316 potuerunt
2981 4264 3146 4319 agere
3197 4257 3475 4322 poeniten-

1877 4338 2008 4393 tiam
2035 4338 2102 4392 ad
2128 4338 2567 4409 praedicationem
2593 4338 2919 4409 Salvatoris,
2949 4342 3343 4414 signorumque
3369 4350 3473 4404 mi-

1877 4432 2085 4498 tacula,
2117 4447 2222 4485 non
2253 4442 2381 4486 sunt
2424 4433 2476 4487 in
2508 4432 2673 4503 culpa
2728 4434 2875 4503 quod
2923 4452 3034 4490 non
3077 4441 3428 4498 crediderunt
3462 4465 3475 4498 :

1880 4525 1975 4580 sed
2030 4524 2218 4579 vitium
2268 4525 2469 4579 silentii
2513 4525 2567 4579 in
2612 4541 2679 4580 eo
2707 4537 2811 4592 eSI,
2840 4528 2931 4597 qui
2959 4531 3164 4584 acturis
3197 4536 3472 4600 ναεηίιυη-

202 4626 539 4694 prudentibus
588 4626 733 4694 apud
763 4624 1091 4696 semetipsos
1128 4624 1350 4698 (Joann.
1374 4622 1527 4697 xvn).
1571 4624 1626 4679 In
1657 4625 1776 4694 qui-
1805 4614 1852 4673 Ι)
1884 4621 2013 4673 liam
2065 4618 2241 4673 noluit
2272 4618 2597 4687 praedicare.
2646 4618 2728 4673 Ad
2777 4620 2922 4689 quod
2978 4622 3153 4676 facilis
3186 4636 3240 4680 et
3287 4639 3471 4697 aperta

201 4714 397 4773 busdam
431 4720 753 4789 Emungeliis
782 4718 981 4790 legitur
1007 4736 1020 4773 :
1075 4718 1382 4787 Justiﬁcata
1410 4727 1485 4773 est
1516 4720 1773 4790 sapientia

201 4808 252 4861 ab
274 4811 501 4881 operibus
530 4812 646 4865 suis
682 4809 834 4883 (Luc.
870 4827 961 4877 vtt,
987 4809 1101 4881 55).
1128 4810 1410 4880 Sapientia
1436 4810 1636 4882 quippe
1664 4828 1771 4867 non

200 4908 366 4974 quat-it
394 4910 548 4963 vocis
580 4907 980 4973 testimonium,
1014 4907 1110 4961 sed
1143 4920 1392 4976 operum.

258 4999 432 5067 (γει-ε.
480 4998 618 5070 10.)
649 4997 800 5054 Tunc
839 5001 987 5070 erepit
1036 4998 1351 5070 exprobrare
1395 4999 1685 5054 civitatibus
1724 4999 1778 5052 in

261 5139 283 5165 “
320 5131 566 5198 Plerique
608 5132 771 5189 codd.
822 5143 1003 5188 tacent
1038 5133 1215 5189 vobis:
1256 5134 1348 5189 alii
1379 5135 1649 5189 lamentati
1680 5151 1768 5190 su-

202 5217 316 5267 ntus,
346 5219 441 5271 pro
470 5204 896 5271 lantentavimus,
926 5206 1131 5273 legunt.

261 5273 285 5311 δ
322 5274 376 5329 In
406 5292 544 5330 mss.
578 5277 762 5341 codd.,
784 5274 1066 5346 allegorica
1083 5276 1506 5346 interpretatione
1529 5278 1772 5346 positiva.

201 5342 356 5419 liter.
378 5377 448 5387 —
472 5347 591 5401 Duo
620 5347 793 5419 Palat.
816 5342 977 5401 codd.
997 5389 1012 5414 ,
1050 5342 1489 5419 interpretatione.
1529 5342 1774 5416 Quidam

202 5423 249 5468 et
270 5415 546 5485 allegorica
587 5433 685 5487 pro
721 5418 976 5490 allegoria
1000 5415 1353 5490 praeferunt.
1388 5419 1517 5487 Quae
1547 5415 1693 5490 patet
1723 5420 1777 5474 in

202 5497 465 5558 υιιδηισμις·
503 5503 709 5557 partem
738 5531 752 5552 ,
785 5489 1101 5561 allegoriam
1125 5530 1138 5550 ,
1171 5491 1286 5544 sive
1310 5489 1588 5560 allegoriae
1615 5492 1785 5561 inter-

202 5571 547 5627 [tralatumeni
576 5602 591 5624 ,
626 5562 893 5630 passivam
925 5560 1288 5631 Hieronymus
1316 5571 1491 5616 vocat.
1531 5563 1620 5616 Sic
1648 5560 1781 5616 Ter-

203 5630 308 5701 tuli.
335 5631 428 5685 lib.
455 5648 470 5685 ι
502 5632 572 5684 ad
604 5648 849 5695 uxorem,
876 5630 1148 5685 Passivam
1172 5631 1458 5697 licentiam,
1477 5633 1637 5694 dixit,
1662 5647 1784 5701 qua:

201 5700 260 5755 ab
283 5702 537 5757 ottinilins
581 5712 952 5759 usumaretur.
1019 5703 1084 5756 Et
1114 5702 1209 5757 lib.
1243 5703 1509 5759 adversus
1543 5700 1777 5758 Valenti-

203 5772 402 5839 nianoe,
434 5790 566 5841 cap.
598 5774 667 5828 ii:
703 5772 949 5829 Passivos
977 5773 1299 5841 discipulos,
1334 5777 1383 5827 id
1413 5786 1534 5839 est,
1559 5775 1786 5830 dissolu-

203 5850 297 5898 tos.
332 5845 392 5897 Et
420 5853 614 5899 contra
642 5845 980 5901 Illnrcionem
1008 5845 1103 5900 lib.
1129 5860 1178 5912 ι,
1213 5859 1335 5916 cap.
1370 5846 1402 5900 7
1434 5864 1446 5902 :
1482 5845 1782 5914 Passivum,

466 5939 745 6001 ΡΑσι-ιιοι..
794 5938 1034 6001 XXVI.

1880 4710 2168 4782 responsio
2188 4720 2272 4765 cst
2305 4728 2321 4764 :
2355 4711 2608 4782 ignorare
2635 4712 2955 4781 nosjudicia
2992 4715 3108 4782 Dei,
3143 4730 3190 4771 ct
3235 4722 3479 4792 Singula.

1882 4822 2002 4862 rum
2035 4804 2504 4875 dispensutionum
2536 4805 2653 4875 ejus
2700 4817 3041 4862 sacramenta
3066 4811 3300 4868 nescire.
3346 4816 3479 4874 Pro-

1886 4900 2118 4970 positum
2167 4896 2341 4953 l‘uerat
2372 4895 2603 4951 Domino
2634 4896 2835 4952 Judtczc
2861 4899 2999 4955 lines
3032 4917 3139 4956 non
3185 4908 3474 4979 excedere,

1886 5011 1956 5051 ne
2001 4994 2196 5063 iustam
2246 4992 2540 5047 Pharisaeis
2604 5000 2660 5048 et
2696 4993 3077 5051 sacerdotibus
3126 5005 3470 5062 occasionem

1881 5132 2017 5204 quod
2050 5132 2102 5184 in
2126 5130 2260 5205 alios
2283 5144 2482 5205 quoque
2499 5131 2832 5205 permittitur,
2850 5133 3059 5205 scilicet
3080 5142 3448 5205 promiscumn

1883 5192 2195 5259 commune.
2233 5192 2475 5282 Denique
2499 5192 2554 5282 'e_t
2715 5201 2783 5257 de
2814 5192 3474 5282 Monoigan'iiaipassiiiu'ni

1882 5290 2088 5358 ﬁmum
2108 5316 2122 5339 ,
2157 5272 2312 5358 quod
2336 5272 2566 5358 exponit
2591 5272 2884 5358 Blienanus
2914 5272 3180 5358 inﬁnitum
3200 5272 3229 5358 ,ξ
3259 5272 3474 5358 vagum,

1886 5348 2117 5401 liberum
2171 5351 2240 5418 et
2280 5342 2592 5418 licentem,_
2620 5344 2734 5418 sive
2780 5348 3149 5406 licentiosum.
3202 5342 3475 5418 infraue:

1885 5432 2006 5474 rum
2041 5418 2143 5470 hoc
2168 5414 2337 5494 utitur
2363 5414 2633 5494 vocabulo
2672 5414 3038 5494 Hieronymus
3067 5422 3121 5494 in
3149 5438 3268 5493 cap.
3310 5428 3392 5492 12,
3424 5414 3479 5489 ίιι

1883 5495 2154 5543 contextus
2184 5486 2287 5539 loci
2316 5500 2416 5539 non
2445 5488 2680 5557 passivus
2710 5498 2755 5541 et
2784 5486 2944 5560 vagus
2990 5491 3045 5544 in
3087 5486 3348 5552 diversum
3377 5486 3478 5572 ﬁt}.

1886 5568 2040 5610 eluet.

1886 5571 2040 5614 etuet.

1964 5641 1985 5668 ε
2027 5628 2275 5684 Notanda
2300 5638 2385 5703 est
2416 5627 2753 5703 Veronensis
2781 5631 2987 5685 codicis
3014 5635 3379 5703 antiquissimi
3402 5646 3481 5703 le-

1888 5703 2017 5767 ειίο,
2049 5716 2211 5825 ιιῗᾳιιε
2241 5700 2309 5753 ad
2336 5698 2518 5754 caelum
2549 5702 2856 5755 exaltaberis
2884 5746 2897 5770 ,
2930 5712 3022 5756 aut
3061 5698 3219 5776 usque
3245 5713 3300 5765 in
3328 5698 3485 5789 infer-

1890 5790 2036 5827 nunt.
2060 5788 2089 5827 e
2117 5787 2168 5826 c.

1962 5812 2384 5908 ἔ’,κί’(ῖῦεξιτιήιιηι,
2431 5844 2567 5911 forte
2587 5881 2602 5909 ,
2636 5841 2744 5897 duo
2771 5843 3005 5901 Palatini
3036 5863 3170 5905 mss.
3204 5851 3477 5926 ignaram,

2882 5935 2920 5998 3
