4004 6332
536 308 607 366 75

534 425 938 499 persecutionis
968 425 1146 483 daret.
1178 423 1335 483 Unde
1354 433 1410 482 et
1433 425 1694 497 apostolis
1739 440 1867 487 ante
1911 432 2123 501 passio-
2155 433 2213 495 Α

542 535 669 577 nem
701 518 961 593 praecepit
987 539 1001 577 :
1032 519 1099 575 In
1120 520 1254 575 riam
1277 522 1507 592 gentium
1532 538 1595 576 ne
1629 522 1883 593 abieritis,
1917 533 1964 579 et
1984 526 2038 580 in
2061 525 2138 580 ci-

533 617 713 672 vitates
758 617 1215 676 Samaritanorum
1244 632 1310 672 ne
1357 618 1672 675 intraveritis
1714 618 1915 693 (Supra
1964 634 2020 690 ι,
2051 619 2132 692 5).

537 709 849 767 Chorozain
896 709 1062 781 igitur
1118 718 1173 765 et
1226 708 1516 767 Bethsaida
1557 710 1891 769 damnantur
1921 754 1937 782 ,
1988 712 2133 783 quod

534 805 794 874 praesenti
816 803 1051 860 Domino
1080 802 1308 860 credere
1330 804 1651 861 noluerunt.
1676 803 1855 878 Tyrus
1874 813 1932 862 et
1963 805 2130 861 Sidon

530 897 925 969 justiﬁcantur,
966 896 1113 970 quod
1145 897 1409 969 apostolis
1438 897 1586 954 illius
1613 897 1986 955 crediderunt.
2009 898 2129 954 Non

527 1004 746 1063 quaras
771 1000 1034 1062 tempora,
1076 1006 1196 1047 cum
1215 990 1556 1048 credentium
1581 991 1845 1048 iutuearis
1869 992 2125 1048 salutem.

527 1086 589 1145 lu
621 1086 993 1161 Capharnaum
1031 1096 1235 1155 autem,
1269 1100 1392 1157 qua:
1442 1086 1835 1157 interpretatur
1858 1084 1985 1141 uilla
2006 1085 2129 1155 pul-

525 1180 808 1250 cherrima,
841 1180 1238 1237 condemnatur
1267 1178 1547 1236 incredula
1576 1178 1900 1248 Jerusalem,
1933 1179 2020 1236 cui
2042 1178 2127 1235 di-

522 1276 667 1331 citur
693 1290 791 1346 per
819 1275 1163 1332 Ezechielem
1191 1292 1203 1329 :
1230 1273 1535 1346 Justiﬁcata
1569 1284 1647 1332 est
1684 1274 1921 1333 Sodoma
1971 1290 2035 1329 ea:
2080 1282 2129 1328 te

526 1366 751 1439 (Ezech.
782 1384 897 1434 xvr,
929 1368 1046 1439 52).

593 1462 777 1534 (Vcrs.
799 1462 919 1535 25.)
937 1462 1006 1517 In
1034 1462 1128 1519 illo
1143 1472 1394 1536 tempore,
1420 1461 1738 1536 respondens
1753 1461 1933 1529 Iesus,
1956 1463 2127 1518 dixit:

514 1556 828 1627 Conﬁtebor,
864 1558 975 1624 tibi,
1026 1555 1210 1626 Pater,
1258 1556 1484 1612 Domine
1526 1556 1640 1612 caeli
1693 1567 1743 1612 et
1782 1563 1950 1614 terra.
1982 1556 2126 1613 Con-

511 1648 707 1720 fessio,
763 1663 871 1705 non
896 1663 1118 1719 semper
1154 1649 1564 1720 pmnitentiam,
1611 1648 1710 1705 sed
1749 1659 1802 1705 et
1826 1650 2124 1721 gratiarum

519 1732 791 1798 actionem
845 1742 1147 1813 signiﬁcat;
1186 1751 1244 1797 ut
1290 1741 1345 1797 in
1368 1741 1593 1814 psalmis
1633 1740 1934 1812 saepissime
1986 1741 2121 1814 legi-

1790 314 1850 372 S.
1890 312 2160 373 EUSEBII
2197 313 2581 376 HIERONYMI

3765 318 3828 376 76

2307 432 2495 504 (Vers.
2522 433 2640 506 50.)
2678 430 2875 507 Iugum
2916 431 3057 489 enim
3106 445 3277 490 meum
3306 429 3460 490 suavi
3501 437 3596 503 est,
3628 441 3677 487 et
3701 450 3823 488 onus

2236 540 2406 580 meum
2431 532 2539 583 leve
2566 537 2662 582 est.
2717 525 3006 595 Quomodo
3053 526 3225 583 levius
3279 527 3425 598 Lege
3451 526 3821 597 Evangelium,

2235 630 2362 673 cum
2385 617 2440 675 in
2472 619 2620 691 Lege
2647 619 3025 690 homicidium,
3070 621 3125 676 in
3155 619 3457 692 Evangelio
3488 621 3565 675 ira
3605 619 3824 677 damne-

2236 710 2365 769 tur?
2393 711 2510 779 Qua
2554 713 2769 769 ratione
2813 712 3098 785 Evangelii
3148 712 3319 784 gratia
3366 712 3599 779 facilior,
3623 727 3748 770 cum
3772 714 3822 769 in

2235 804 2379 877 Lege
2424 805 2773 872 adulterium,
2820 804 2875 862 in
2904 804 3210 877 Evangelio
3250 806 3691 877 concupiscentia
3728 820 3825 876 pu-

2234 898 2460 955 niatur?
2494 898 2552 954 In
2579 897 2725 969 Lege
2772 898 2942 955 multa
2966 908 3241 971 pracepta
3266 906 3416 967 sunt,
3446 914 3567 972 qua:
3593 897 3825 970 Aposto-

2233 990 2318 1046 lus
2350 1003 2457 1047 non
2488 1004 2651 1061 posse
2674 991 2939 1062 compleri
2971 990 3291 1063 plenissime
3333 991 3498 1048 docet
3535 990 3674 1063 (Act.
3706 990 3821 1064 xv).

2232 1082 2290 1139 In
2331 1083 2478 1156 Lege
2522 1096 2688 1156 opera
2734 1085 3109 1157 requiruntur,
3140 1100 3266 1157 qua:
3303 1085 3397 1157 qui
3439 1082 3651 1156 fecerit,
3683 1085 3826 1142 vivet

2229 1174 2337 1251 75
2385 1176 2443 1231 in
2495 1176 2596 1233 eis.
2637 1176 2697 1232 In
2731 1177 3029 1250 Evangelio
3059 1178 3313 1235 voluntas
3344 1178 3612 1249 quaeritur
3643 1195 3656 1231 :
3701 1192 3823 1249 qua:

2229 1269 2449 1325 etiamsi
2477 1269 2730 1327 effectum
2758 1286 2866 1327 non
2899 1270 3173 1340 habuerit,
3197 1280 3378 1328 tamen
3409 1272 3692 1344 praemium
3713 1288 3822 1328 non

2228 1362 2451 1420 amittit.
2478 1362 2841 1436 Evangelium
2870 1380 2934 1422 ea
2965 1366 3219 1438 praecipit
3242 1381 3363 1436 quae
3387 1380 3678 1437 possumus
3706 1383 3723 1419 :
3754 1381 3822 1422 nc

2226 1458 2446 1517 scilicet
2465 1460 2921 1532 concupiscamus
2951 1477 2965 1516 :
3000 1460 3105 1518 hoc
3134 1461 3187 1517 in
3219 1461 3448 1517 arbitrio
3487 1469 3677 1517 nostro
3712 1470 3819 1518 est.

2224 1552 2338 1611 Lex
2388 1566 2510 1609 cum
2566 1553 2901 1611 voluntatem
2953 1568 3062 1611 non
3101 1553 3313 1625 puniat,
3353 1553 3513 1624 punit
3541 1551 3818 1619 effectum,

2226 1662 2296 1704 ne
2320 1647 2645 1705 adulterium
2667 1648 2856 1705 facias.
2894 1648 3065 1721 Finge
3092 1649 3145 1705 in
3177 1649 3555 1721 persecutione
3583 1650 3817 1721 aliquam

2224 1739 2491 1812 virginem
2520 1739 2892 1812 prostitutam.
2952 1740 3080 1798 Haec
3105 1741 3250 1814 apud
3291 1741 3666 1812 Evangelium,
3690 1742 3819 1811 quia

518 1848 663 1890 mus.
687 1834 924 1891 Audiant
954 1835 1046 1907 qui
1072 1833 1413 1891 Salvatoretn
1441 1849 1553 1890 non
1587 1841 1798 1903 natum,
1845 1834 1942 1891 sed
1966 1849 2118 1913 crea-
2144 1827 2194 1889 B
2221 1834 2503 1890 voluntate
2524 1848 2629 1889 non
2662 1843 2871 1904 peccat,
2904 1833 3057 1906 virgo
3083 1835 3375 1904 suscipitur
3398 1852 3414 1890 :
3434 1834 3490 1891 in
3512 1835 3656 1907 Lege
3683 1848 3819 1906 qua-

507 1934 624 1984 tum
646 1928 1069 1995 calumniantur,
1096 1928 1240 2001 quod
1281 1930 1497 1985 Patrem
1527 1941 1688 1984 suum
1717 1938 1878 1986 Vocet
1912 1929 2039 1987 cmli
2062 1939 2118 1987 et

509 2032 673 2080 terrae
712 2023 1025 2080 Dominum.
1075 2023 1135 2080 Si
1165 2022 1316 2081 enim
1351 2034 1406 2080 et
1437 2023 1557 2095 ipse
1605 2034 1864 2080 creatura
1896 2034 2004 2091 est,
2058 2036 2114 2080 et

515 2128 769 2174 creatura
799 2118 1144 2176 conditorem
1172 2132 1332 2176 suum
1366 2127 1578 2189 patrem
1605 2114 1885 2190 appellare
1906 2127 2107 2190 potest,

506 2210 735 2267 stultum
764 2211 867 2268 fuit
898 2226 1007 2269 non
1037 2220 1093 2268 et
1119 2212 1204 2268 sui
1233 2222 1292 2268 et
1321 2211 1448 2268 caeli
1474 2226 1541 2267 ac
1589 2220 1753 2269 terra:
1793 2210 2106 2279 Dominum,

503 2302 590 2360 Vel
623 2302 842 2360 Patrem
870 2304 1131 2360 similiter
1160 2304 1459 2374 appellare.

577 2395 685 2469 74
703 2396 839 2462 Quia
851 2397 1166 2452 abscondisti
1183 2397 1292 2452 haec
1304 2410 1335 2451 α
1346 2396 1663 2470 sapientibus
1678 2406 1728 2451 et
1742 2395 2103 2468 prudentibus,

503 2498 551 2544 et
603 2491 839 2546 revelasti
883 2507 944 2545 ea
976 2492 1229 2561 parvulis.
1258 2490 1479 2547 Gratias
1520 2491 1634 2563 agit
1678 2498 1739 2547 et
1763 2491 2003 2547 exsultat
2046 2491 2102 2548 in

503 2583 689 2653 Patre,
718 2584 860 2654 quod
904 2584 1173 2654 apostolis
1202 2585 1289 2640 sui
1314 2584 1584 2663 adventus
1612 2586 1891 2655 aperuerit
1917 2599 2103 2641 sacra-

499 2686 709 2747 menta,
743 2693 864 2747 quze
884 2677 1260 2749 ignoraverint
1275 2678 1487 2735 Scriba:
1519 2685 1576 2735 et
1597 2678 1885 2747 Pharisaei,
1904 2678 1999 2750 qui
2027 2676 2103 2734 sl-

497 2768 553 2826 hi
581 2770 862 2840 sapientes
876 2769 1151 2838 videntur,
1178 2771 1304 2826 etin
1329 2781 1628 2841 conspectu
1654 2785 1754 2826 suo
1781 2770 2097 2840 prudentes.

506 2862 813 2920 Justiiicata
845 2871 930 2918 est
960 2863 1227 2933 sapientia
1254 2876 1285 2918 a
1312 2863 1438 2919 ﬁliis
1467 2863 1605 2919 suis.

566 2956 748 3028 (Vere.
781 2954 902 3026 26.)
944 2954 1056 3024 Ita,
1093 2954 1276 3025 Pater,
1305 2955 1555 3028 quoniam
1610 2955 1684 3010 sic
1720 2955 1970 3028 placitum
1996 2956 2099 3029 fuit

496 3055 616 3103 ante
677 3056 748 3103 te.
806 3046 1147 3104 Blandicntis
1187 3047 1388 3103 alicctu
1442 3048 1686 3119 loquitur
1729 3048 1797 3104 ad
1854 3047 2094 3117 Patrem,

493 3151 555 3197 ut
575 3150 813 3211 emptum
834 3140 888 3196 in
910 3140 1171 3209 apostolis
1189 3141 1517 3197 beneﬁcium
1549 3143 1907 3213 compleatur.

2213 1927 2262 1983 si
2292 1938 2546 1997 corrupta
2577 1924 2916 1997 repudiatur.

2287 2019 2440 2093 (Cap.
2470 2019 2588 2075 ΧΠ.
2612 2019 2858 2077 --Vers.
2884 2019 2984 2092 1.)
3024 2018 3093 2076 In
3131 2020 3225 2077 illo
3274 2031 3502 2094 tempore
3543 2022 3672 2077 abiit
3721 2018 3818 2076 Je-

2211 2129 2301 2169 sus
2330 2112 2543 2169 sabbato
2568 2128 2660 2185 per
2687 2123 2802 2168 sata
2834 2131 2848 2168 :
2877 2114 3123 2187 discipuli
3173 2123 3345 2171 autem
3386 2119 3503 2189 ejus
3530 2117 3816 2171 esurientes

2209 2216 2472 2279 eruperunt
2504 2208 2717 2263 evellere
2740 2209 2933 2280 spicas,
2968 2218 3016 2263 et
3046 2209 3381 2264 manducare.
3436 2207 3498 2264 In
3530 2209 3638 2264 alio
3668 2224 3809 2280 quo-

2204 2315 2314 2373 que
2345 2299 2679 2372 evangelista
2724 2300 2975 2373 legimus,
3016 2300 3162 2373 quod
3188 2310 3415 2372 propter
3442 2300 3667 2356 nimiam
3700 2301 3809 2355 im-

2205 2398 2621 2471 portunitatem,
2678 2412 2781 2455 nec
2832 2397 3089 2455 vescendi
3139 2397 3357 2469 quidem
3402 2396 3677 2453 habebant
3731 2395 3815 2451 lo-

2212 2508 2335 2551 cum
2356 2536 2371 2562 ,
2404 2501 2460 2549 et
2490 2491 2615 2549 ideo
2660 2497 2812 2563 quasi
2845 2492 3099 2549 homines
3132 2491 3454 2548 esuriebaut
3501 2489 3692 2561 (Marc.
3732 2503 3811 2556 tt,

2206 2596 2252 2642 et
2281 2585 2410 2642 Luc.
2442 2586 2543 2658 vt).
2581 2585 2736 2653 Quod
2788 2594 2973 2641 autem
3024 2586 3207 2656 spicas
3254 2592 3500 2656 segetum
3548 2583 3811 2638 manibus

2203 2676 2530 2743 coniricant,
2562 2685 2620 2732 et
2648 2676 2886 2732 inediam
2915 2676 3289 2743 consolantur,
3321 2677 3449 2731 vita:
3484 2674 3812 2730 austerioris

2201 2763 2459 2824 indicium
2478 2775 2564 2825 est
2587 2782 2603 2835 ;
2637 2782 2745 2823 non
2769 2774 3104 2839 praeparatas
3128 2768 3335 2840 epulas,
3364 2766 3461 2823 sed
3486 2767 3639 2823 cibos
3664 2765 3806 2821 sim-

2201 2862 2373 2933 plices
2396 2861 2786 2933 qttaarentium.

2270 2953 2457 3027 (Vers.
2489 2953 2574 3027 2.)
2622 2953 2877 3008 Pharisaei
2915 2961 3088 3008 autem
3125 2953 3375 3020 videntes,
3426 2952 3668 3007 dixerunt
3700 2953 3754 3005 ei
3788 2967 3806 3007 :

2200 3046 2335 3103 Ecce
2378 3047 2622 3121 discipuli
2678 3047 2754 3102 tui
2782 3047 3004 3115 faciunt,
3040 3047 3185 3117 quod
3212 3061 3316 3101 non
3360 3046 3483 3100 licet
3528 3044 3600 3098 eis
3630 3045 3809 3115 facere

2197 3141 2440 3197 sabbatis.
2471 3140 2607 3197 Nota
2654 3140 2801 3211 quod
2832 3140 2995 3211 primi
3036 3138 3270 3211 apostoli
3308 3138 3611 3196 Salvatoris
3649 3137 3809 3194 litteo

564 3231 745 3304 (Vers.
768 3231 887 3303 27.)
928 3230 1120 3286 Omnia
1148 3233 1275 3286 mihi
1327 3234 1522 3288 tradita
1552 3246 1676 3290 sunt
1704 3252 1735 3289 a
1765 3234 1930 3293 Patre
1956 3254 2086 3294 meo.
2117 3217 2163 3282 ο
2196 3249 2308 3291 ram
2331 3234 2541 3291 sabbati
2566 3234 2876 3304 destruunt,
2902 3232 3172 3289 adversus
3208 3233 3513 3299 Ebionitas,
3537 3233 3629 3302 qui
3670 3247 3802 3289 cum

494 3328 564 3385 Et
590 3328 897 3385 tradentem
935 3328 1175 3394 Patrem,
1205 3336 1261 3384 et
1285 3330 1642 3399 accipientem
1679 3331 1902 3401 Filium,
1942 3351 2091 3409 mys-

501 3422 609 3478 tice
631 3421 892 3492 intellige.
918 3420 1172 3492 Alioquin
1202 3422 1247 3475 si
1266 3422 1417 3491 juxta
1449 3421 1795 3495 fragilitatem
1839 3437 2088 3485 nostram

492 3516 703 3571 sentire
759 3514 1053 3580 volumus,
1101 3529 1223 3570 cum
1252 3517 1490 3587 cmperit
1534 3517 1739 3576 habere
1789 3521 1883 3592 qui
1948 3525 2087 3580 acci-

492 3608 612 3677 pit,
665 3606 887 3677 incipiet
957 3620 1067 3662 non
1142 3608 1344 3665 habere
1412 3612 1503 3680 qui
1566 3611 1797 3669 dederit.
1864 3614 2087 3674 Tradita

485 3705 670 3756 autem
718 3698 820 3755 sibi
862 3700 1075 3766 omnia,
1132 3715 1240 3757 non
1299 3702 1497 3758 omium
1555 3712 1612 3760 et
1667 3712 1831 3771 terra,
1862 3716 1919 3761 et
1974 3708 2079 3765 ele-

489 3800 671 3849 menta
742 3789 1103 3862 intelligenda
1169 3802 1329 3860 sunt,
1405 3804 1461 3850 et
1528 3805 1723 3852 ctetera
1779 3812 1901 3868 qua:
1970 3801 2086 3871 ipse

488 3887 618 3942 fecit
660 3892 716 3939 rt
763 3883 1060 3941 condidit:
1107 3886 1202 3942 sed
1248 3886 1299 3941 hi
1342 3888 1432 3957 qui
1457 3900 1554 3957 per
1575 3887 1773 3946 Filium
1798 3906 2081 3950 accessum

490 3978 694 4035 habent
719 3976 786 4033 ad
816 3978 1054 4045 Patrem,
1098 3988 1151 4033 et
1198 3988 1325 4035 ante
1370 3979 1634 4051 rebelles,
1674 3981 1845 4040 Deum
1898 3997 2082 4057 postea

490 4070 698 4128 sentire
721 4062 1043 4139 cmperunt.’

558 4163 625 4219 Et
652 4181 801 4221 nemo
845 4167 984 4221 novit
1029 4164 1227 4221 Filium
1277 4167 1378 4221 nisi
1432 4167 1635 4225 Pater:
1660 4187 1822 4244 neque
1868 4170 2080 4230 Patrem

481 4259 598 4325 quis
643 4260 783 4313 nouit
814 4261 916 4313 nisi
951 4255 996 4310 F
999 4259 1142 4327 ilius,
1176 4268 1225 4315 et
1255 4261 1336 4315 cui
1365 4262 1585 4318 coluerit
1613 4261 1789 4320 Filius
1820 4267 2076 4323 revelare.

483 4354 791 4410 Erubescat
834 4353 1136 4409 Eunomius
1164 4363 1372 4410 tantam
1398 4355 1501 4411 sibi
1538 4358 1790 4414 notitiam
1814 4358 1992 4415 Patris
2018 4370 2074 4415 et

482 4448 634 4514 Filii,
663 4455 925 4517 quantam
952 4446 1275 4501 alterutrum
1302 4448 1444 4504 inter
1467 4464 1526 4504 se
1553 4450 1809 4520 habeant,
1838 4460 1865 4489 ει
1892 4451 2081 4508 vendi-

480 4556 633 4597 cans.
666 4539 823 4606 Quod
841 4538 887 4593 si
910 4538 1037 4593 inde
1060 4538 1364 4606 contendit,
1394 4550 1452 4596 et
1473 4556 1627 4596 suam
1649 4541 1917 4598 insaniam
1951 4558 2075 4599 con-

2192 3338 2421 3386 caeteros
2443 3326 2709 3398 recipiant
2729 3328 3031 3398 apostolos,
3056 3326 3281 3384 Paulum
3301 3326 3458 3398 quasi
3482 3336 3803 3396 transgres—

2190 3436 2374 3479 sorem
2419 3422 2554 3494 legis
2579 3420 2892 3489 repudiant.

2264 3515 2444 3587 (Vers.
2475 3515 2533 3581 '5,
2567 3512 2650 3586 4.)
2692 3514 2757 3567 At
2785 3513 2875 3568 ille
2890 3513 3021 3568 dixit
3048 3514 3126 3568 eis
3150 3529 3168 3568 :
3195 3510 3317 3568 Non
3342 3512 3539 3582 legistis
3566 3512 3694 3584 quid
3714 3513 3803 3582 fe-

2188 3609 2315 3665 cerit
2346 3609 2534 3674 Dauid,
2560 3609 2770 3678 quando
2797 3608 2998 3676 csuriit,
3026 3617 3075 3661 et
3096 3608 3185 3676 qui
3212 3623 3330 3661 cum
3354 3622 3413 3662 eo
3440 3615 3619 3661 erant:
3653 3622 3796 3677 quo-

2188 3704 2341 3757 modo
2388 3703 2600 3757 intravit
2648 3702 2702 3757 in
2748 3703 2958 3757 domum
2987 3700 3107 3766 Dei,
3141 3712 3370 3772 etpanes
3416 3701 3798 3775 prepositiouis

2187 3795 2431 3863 comedit,
2465 3812 2596 3865 quos
2621 3812 2724 3851 non
2758 3796 2943 3851 licebat
2975 3798 3021 3850 ei
3059 3796 3326 3850 comedere
3351 3836 3365 3859 ,
3397 3795 3665 3864 aequabis
3699 3797 3800 3865 qui

2186 3904 2301 3945 cum
2329 3902 2387 3945 eo
2443 3900 2609 3956 erant,
2640 3891 2743 3945 nisi
2789 3889 2913 3945 solis
2954 3889 3309 3945 sacerdotibus
3335 3890 3361 3944 1?
3387 3887 3467 3944 Ad
3490 3888 3801 3945 confutan-

2185 3985 2310 4041 dam
2364 3985 2694 4041 calumniam
2743 3983 3165 4051 Pharisaeorutn,
3215 3984 3418 4041 veteris
3465 3982 3797 4040 recordatur

2186 4079 2451 4149 historiae,
2510 4078 2728 4150 quando
2783 4076 2957 4133 David
2986 4075 3203 4148 fugiens
3253 4075 3499 4140 Saulem,
3542 4075 3696 4131 venit
3734 4076 3792 4131 in

2182 4174 2357 4243 Nobe,
2389 4184 2443 4231 et
2468 4174 2539 4231 ab
2564 4172 2915 4230 Acbimelech
2941 4173 3224 4229 sacerdote
3257 4183 3568 4245 susceptus,
3602 4182 3797 4244 postu-

2183 4268 2316 4323 lavit
2340 4267 2512 4335 cibos,
2538 4265 2778 4338 quicum
2804 4278 2972 4336 panes
3008 4264 3178 4321 laicos
3209 4280 3318 4320 non
3346 4263 3595 4330 haberet,
3626 4263 3794 4321 dedit

2181 4360 2229 4416 ei
2256 4366 2629 4427 consecratos,
2674 4358 2875 4430 quibus
2901 4372 3010 4415 non
3042 4358 3246 4414 licebat
3285 4358 3427 4414 vesci
3486 4357 3589 4413 nisi
3642 4357 3792 4413 soiis

2180 4454 2562 4511 sacerdotibus
2593 4461 2649 4510 et
2685 4452 2890 4509 leritis.
2942 4452 3010 4508 Et
3033 4451 3136 4508 hoc
3156 4460 3370 4507 tantum
3422 4451 3795 4522 interrogavit

2178 4545 2224 4602 si
2246 4545 2646 4604 essentmundi
2680 4546 2832 4619 pueri
2866 4562 2895 4601 a
2930 4545 3297 4602 mulieribus:
3333 4554 3390 4600 et
3418 4544 3516 4599 illo
3545 4558 3793 4614 respon-

482 4636 712 4701 solatur,
740 4633 867 4705 quia
894 4632 1141 4703 sequitur
1173 4648 1189 4689 :
1215 4631 1282 4687 Et
1306 4635 1389 4687 cui
1417 4633 1638 4689 voluerit
1668 4634 1837 4692 Filius
1875 4637 2075 4694 revela—
2100 4617 2154 4679 Ῑ)
2179 4639 2345 4697 dente
2369 4681 2385 4709 ,
2447 4641 2515 4697 ab
2572 4617 2692 4697 lteri
2740 4649 2794 4697 et
2848 4638 3282 4707 nudiustertius,
3351 4651 3457 4693 non
3515 4636 3793 4692 dubitavit

480 4746 557 4784 re.
599 4726 760 4783 Aliud
781 4734 865 4782 est
892 4734 1101 4782 natura:
1129 4727 1439 4798 mqualitate
1470 4740 1632 4786 nosse
1662 4731 1804 4801 quod
1829 4734 2070 4803 noveris,

481 4821 628 4879 aliud
654 4821 941 4877 revelantis
964 4821 1296 4893 dignatione.

549 4915 730 4989 (Vers.
757 4913 849 4984 28,
876 4915 993 4987 29.)
1043 4915 1227 4970 Venite
1251 4916 1321 4970 ad
1352 4932 1464 4985 me,
1495 4931 1669 4973 omnes
1694 4920 1783 4989 qui
1824 4920 2071 4975 laboratis

477 5018 523 5063 et
552 5010 751 5064 onerati
793 5009 952 5063 estis:
984 5018 1031 5062 et
1077 5026 1171 5081 ego
1223 5010 1455 5079 reﬁciam
1500 5028 1607 5066 ros.
1661 5011 1853 5067 Tollite
1889 5016 2071 5085 iugum

474 5119 644 5157 meum
670 5118 825 5173 super
851 5118 937 5156 t'os
965 5118 982 5155 :
1005 5111 1053 5156 et
1075 5102 1256 5158 discite
1281 5120 1314 5158 a
1341 5120 1419 5158 me
1455 5105 1579 5175 quia
1608 5105 1747 5159 mitis
1773 5122 1888 5159 sum
1912 5116 1960 5160 et
1976 5107 2069 5162 Itu-

475 5198 614 5252 milis
650 5196 804 5251 corde
840 5212 859 5250 :
901 5206 948 5250 et
992 5197 1259 5251 invenietis
1297 5199 1527 5270 requiem
1566 5198 1838 5252 animabus
1862 5202 2069 5255 uestris.

475 5290 669 5346 Gravia
699 5304 867 5345 onera
925 5303 1046 5346 esse
1095 5292 1325 5360 peccati,
1388 5298 1446 5347 et
1483 5288 1773 5346 Zacharias
1806 5293 2067 5364 propheta

476 5391 725 5449 testatur,
749 5382 957 5448 dicens,
988 5381 1329 5453 iniquitatem
1356 5383 1552 5439 sedere
1600 5399 1765 5452 super
1800 5385 2065 5442 talentum

470 5478 679 5543 plumbi
703 5476 920 5547 (Zacolt.
964 5476 1041 5549 v).
1078 5477 1144 5531 Et
1168 5477 1455 5532 Psalmista
1485 5478 1789 5546 complorat
1818 5478 2062 5551 :iniqui-

474 5581 604 5627 tates
630 5588 757 5627 mea:
798 5580 1091 5644 aggravata:
1116 5582 1233 5625 sunt
1261 5587 1415 5643 super
1439 5586 1517 5624 me
1540 5570 1716 5641 (Psal.
1748 5587 1953 5639 xxxvu,
1978 5572 2056 5644 6).

466 5662 567 5719 Vel
593 5672 745 5719 certe
774 5676 870 5721 eos
896 5665 986 5734 qui
1012 5662 1335 5734 gravissimo
1375 5662 1533 5733 Legis
1554 5663 1684 5736 iugo
1727 5665 2055 5735 premeban-

463 5763 570 5823 tur,
596 5755 664 5812 ad
681 5756 961 5830 Evangelii
980 5759 1174 5815 invitat
1194 5758 1445 5830 gratiam.
1894 5752 1899 5757 ’

523 5878 550 5907 ι
579 5868 758 5929 Penes
786 5868 1109 5942 Victorium,
1131 5869 1402 5944 jactitans.

2179 4747 2350 4804 panes
2408 4733 2566 4803 dare,
2624 4732 2819 4790 melius
2868 4732 3165 4787 arbitratus
3200 4774 3213 4797 ,
3270 4728 3536 4800 propheta
3591 4727 3791 4784 dicen-

2176 4834 2233 4881 te
2286 4842 2299 4879 :
2343 4823 2761 4881 Misericordiam
2807 4821 2943 4890 uolo,
2996 4831 3044 4877 et
3102 4836 3206 4875 non
3238 4819 3552 4889 sacriﬁcium
3596 4817 3784 4891 (Osee,

2176 4933 2252 4985 v1,
2285 4916 2365 4989 6),
2397 4916 2465 4973 de
2506 4917 2666 4971 famis
2716 4914 2964 4986 periculo
3014 4914 3267 4968 homines
3316 4910 3578 4974 liberare,
3610 4925 3784 4980 quam

2188 5010 2303 5065 Deo
2324 5008 2523 5065 oﬂ'erre
2552 5008 2897 5064 sacriﬁcium.
2934 5006 3120 5063 Hostia
3150 5004 3296 5061 enim
3321 5002 3601 5074 placabilis
3636 5002 3781 5072 Deo,

2179 5103 2460 5159 hominum
2485 5102 2632 5156 salus
2654 5108 2756 5156 est.
2787 5099 3029 5171 Opponit
3058 5113 3192 5170 ergo
3218 5097 3501 5162 Dominus,
3524 5103 3579 5150 et
3599 5095 3735 5150 dicit
3764 5114 3780 5149 :

2178 5195 2233 5251 Si
2276 5204 2334 5250 et
2362 5192 2538 5250 David
2566 5194 2675 5265 76
2713 5200 2936 5248 sanctus
2961 5200 3064 5259 est,
3110 5198 3167 5246 et
3194 5186 3551 5247 Adiitnelech
3582 5188 3781 5258 ponti-

2173 5288 2261 5345 fex
2316 5305 2344 5344 a
2385 5288 2542 5344 vobis
2581 5305 2687 5342 non
2719 5286 3160 5359 reprehenditur,
3218 5284 3317 5340 sed
3348 5284 3509 5354 Legis
3538 5292 3780 5352 uterque

2172 5380 2487 5438 mandatum
2518 5380 2785 5453 probabili
2817 5379 3170 5435 excusatione
3190 5376 3513 5449 transgressi
3542 5383 3691 5444 sunt,
3716 5383 3783 5431 et

2170 5478 2345 5534 fames
2372 5478 2430 5533 in
2472 5491 2641 5532 causa
2660 5484 2766 5540 est,
2795 5491 2895 5530 cur
2922 5473 3167 5529 eamdem
3202 5472 3397 5539 famem
3428 5486 3536 5524 nun
3564 5469 3780 5538 proba-

2170 5570 2239 5626 tis
2286 5571 2337 5625 in
2368 5570 2652 5642 apostolis,
2695 5583 2859 5639 quam
2909 5565 3148 5637 probatis
3177 5566 3231 5620 in
3277 5563 3531 5620 cmteris?
3559 5562 3776 5630 Quam-

2166 5676 2328 5734 quam
2375 5670 2430 5718 et
2485 5662 2537 5716 in
2582 5661 2690 5717 hoc
2718 5675 2909 5732 magna
2938 5657 3194 5714 distantia
3240 5655 3327 5712 sit.
3370 5653 3469 5711 Isti
3498 5654 3678 5725 spicas
3709 5654 3771 5712 in

2166 5756 2393 5813 sabbato
2448 5771 2611 5813 manu
2664 5754 3006 5822 coniricant,
3067 5752 3144 5810 illi
3170 5766 3346 5824 panes
3399 5748 3772 5809 comederunt
