4004 6332
215 327 271 387 π

213 439 470 503 leviticae,
514 442 567 495 et
600 435 671 494 ad
703 438 915 495 sabbati
963 438 1365 497 solemnitatem
1412 437 1750 495 accedebant
1777 445 1825 505 Α

210 532 579 593 Ncomeniarum
638 530 783 598 dies,
833 532 1033 604 quibus
1062 532 1117 589 in
1172 531 1431 589 convivio
1458 531 1753 604 requisitus

211 628 320 700 fugit
342 642 398 684 ex
423 624 539 682 aula
568 626 741 696 regia.
772 624 1016 685 Observa
1061 626 1209 698 quod
1238 641 1402 696 panes
1427 626 1756 699 propositio-

211 720 278 779 nis
298 733 385 778 nec
407 717 589 786 David,
615 733 717 774 nec
749 718 907 788 pueri
931 719 1053 790 ejus
1100 717 1439 789 acceperint,
1462 730 1753 791 antequam

210 826 259 870 se
288 827 312 865 α
352 809 656 869 mulieribus
685 810 920 869 mundos
940 825 1066 870 esse
1088 810 1509 882 responderent.

263 904 419 978 (Vera.
441 900 518 974 5.)
559 904 662 959 Aut
698 921 803 961 non
853 904 1049 977 legistis
1101 905 1158 962 in
1204 903 1362 977 Lege,
1391 905 1515 975 quia
1536 904 1758 961 sabbatis

207 996 453 1055 sacerdotes
471 997 524 1052 in
556 997 750 1068 templo
770 996 1040 1053 sabbatum
1066 994 1287 1066 uiolant,
1333 1005 1380 1055 et
1408 997 1523 1054 sine
1543 997 1758 1054 crimine

207 1088 803 1156 suntCalumniamini,
859 1090 1052 1162 inquit,
1085 1089 1383 1161 discipulos
1435 1105 1609 1159 meos,
1659 1105 1757 1146 cur

207 1188 497 1253 persegetes
514 1189 883 1249 transeuntes,
916 1182 1099 1253 spicas
1124 1181 1398 1248 triveriut,
1434 1191 1492 1239 et
1530 1183 1634 1239 hoc
1664 1182 1756 1239 fe—

207 1273 353 1330 cerint
376 1270 525 1333 famis
548 1272 874 1331 necessitate
892 1282 1142 1345 cogente,
1187 1290 1312 1333 cum
1341 1282 1400 1332 et
1427 1273 1533 1346 ipsi
1558 1274 1756 1330 sabba-

206 1374 300 1423 tum
348 1364 551 1425 violetis
585 1367 644 1423 in
670 1365 923 1438 Tcmplo,
950 1359 1314 1426 immolantes
1342 1368 1614 1431 victimas.
1648 1383 1756 1425 ete—

205 1458 367 1517 deales
396 1469 595 1528 tauros,
623 1459 941 1517 holocausta
966 1475 1130 1532 super
1153 1460 1427 1533 lignorum
1450 1469 1656 1518 struem
1679 1461 1762 1516 in-

205 1552 367 1608 cendio
390 1562 803 1609 concremantes
830 1571 841 1608 :
875 1560 931 1609 et
957 1553 1111 1624 juxta
1142 1553 1368 1611 alterius
1391 1553 1670 1622 Evangelii
1702 1552 1765 1608 fi-

206 1644 306 1702 dem
325 1644 494 1717 (toan.
521 1646 628 1718 Vl),
660 1646 1125 1704 circumcidentes
1146 1646 1406 1719 parvulos
1430 1646 1484 1702 in
1510 1646 1757 1710 sabbato,

209 1746 258 1794 ut
273 1737 385 1793 dum
406 1738 571 1795 aliam
602 1738 812 1810 Legem
838 1753 1060 1797 servare
1081 1739 1303 1810 cupitis,
1351 1737 1635 1795 sabbatum
1667 1737 1763 1794 de-

206 1831 413 1889 struatis.
440 1831 755 1904 Numquam
777 1842 960 1891 autem
999 1832 1174 1905 Leges
1205 1832 1302 1891 Dei
1344 1831 1449 1889 sibi
1473 1832 1769 1888 contraria:

204 1934 323 1982 sunt.
354 1926 416 1982 Et
443 1927 755 1996 prudenter
796 1926 890 1984 ubi
924 1924 1379 1998 transgressionis
1404 1925 1658 1997 discipuli
1687 1925 1771 1979 sui

209 2019 333 2089 argui
361 2026 638 2088 poterant,
672 2018 845 2075 David
872 2026 929 2074 et
957 2017 1313 2075 Acbimeiech
1352 2018 1486 2074 dicit
1520 2018 1774 2089 exempla

205 2118 411 2168 sectatus
436 2127 452 2166 :
483 2126 677 2168 veram
706 2122 887 2169 autem
909 2121 966 2167 et
987 2113 1192 2184 absque
1216 2111 1562 2169 necessitatis
1584 2112 1777 2168 obten-

208 2210 278 2271 tu,
306 2203 504 2259 sabbati
537 2204 1135 2275 prmvaricationemin
1166 2204 1316 2277 ipsos
1342 2204 1532 2273 refert,
1566 2203 1661 2276 qui
1684 2221 1778 2260 ca-

205 2294 433 2353 lumniam
463 2297 740 2355 feceram.

263 2388 426 2461 (Vers.
455 2388 538 2461 6.)
581 2389 722 2447 Dico
748 2399 925 2445 autem
942 2388 1105 2459 uobis,
1144 2390 1269 2462 quia
1294 2389 1483 2461 templo
1512 2391 1684 2462 major
1707 2398 1782 2445 est

208 2483 293 2539 Iu'c.
321 2483 339 2503 ‘
363 2483 478 2552 Hie,
513 2500 631 2541 non
664 2498 993 2555 pronomen,
1037 2483 1135 2541 sed
1166 2482 1490 2541 adverbium
1518 2482 1630 2540 loci
1664 2490 1781 2549 est;

208 2574 327 2645 quod
354 2576 524 2646 major
572 2578 786 2647 templo
827 2576 903 2632 sit
925 2576 1096 2645 locus,
1154 2576 1245 2648 qui
1280 2576 1568 2633 Dominum
1601 2573 1785 2646 templi

211 2676 383 2727 teneat.

208 2766 213 2821 i
264 2764 429 2837 (Yers.
451 2765 532 2835 Ἰ.)
555 2766 626 2823 Si
647 2774 822 2821 autem
841 2765 1043 2821 sciretis
1063 2763 1190 2836 qstid
1214 2773 1290 2821 est
1320 2780 1341 2819 :
1365 2762 1787 2818 Misericordiae:

206 2858 321 2925 salo,
345 2867 395 2914 et
417 2874 523 2915 non
574 2857 899 2930 sacriﬁcium
927 2856 1085 2930 (Osce
1114 2873 1188 2926 v1,
1208 2856 1297 2929 6):
1347 2872 1631 2928 numquam
1660 2872 1785 2910 con-

209 2950 514 3009 dcstnassetis
543 2953 872 3011 innocentes.
899 2950 1041 3021 Quid
1073 2951 1168 3021 sit,
1201 2951 1328 3007 volo
1356 2951 1781 3017 misericodiam,

207 3049 367 3100 etnon
391 3043 757 3109 sacriﬁcium,
798 3058 965 3114 supra
1005 3042 1260 3099 diximus.
1290 3043 1448 3110 Quod
1482 3051 1663 3098 autem
1696 3058 1785 3099 se-

689 316 1339 379 COMMENTARIORUM
1378 317 1445 379 IN
1484 313 1938 384 EVANGELlUM
1978 315 2314 377 ΜΑΤἹἮᾸΕΙ
2353 315 2482 375 LIB.
2524 316 2589 375 ll.
2634 315 2788 375 CAP.
2830 316 2945 374 Xll.

3383 321 3456 375 73

1855 453 1919 492 ea;
1941 436 2079 492 robis
2106 436 2262 492 homo
2287 436 2376 508 qui
2404 435 2590 492 habeat
2632 452 2773 492 orem
2804 451 2998 503 unam,
3043 443 3092 491 et
3133 435 3179 491 si
3217 436 3459 492 ceciderit

1856 529 1970 586 Ittec
1998 531 2223 586 sabbatis
2252 531 2306 585 in
2338 532 2535 603 foveant
2555 573 2570 597 ,
2600 548 2772 587 nonne
2799 530 2990 587 tenebit
3017 539 3067 586 ct
3115 531 3303 587 levabit
3345 530 3454 605 [ΑΙ.

1858 620 2122 695 allevabit]
2157 624 2314 678 eam?
2357 622 2564 690 Quanto
2594 624 2762 695 magis
2803 623 2987 679 melior
3016 633 3093 678 est
3131 623 3287 681 homo
3317 642 3406 680 ove
3441 627 3461 680 !

1860 712 2049 786 Itaque
2071 715 2189 771 licet
2216 715 2441 771 sabbatis
2468 716 2785 788 benefacere.
2815 717 2908 775 Sic
2932 717 3102 774 solvit
3123 719 3463 789 propositam

1860 809 2240 880 qumstionem,
2267 818 2328 866 ut
2348 810 2749 883 interrogantes
2771 810 3020 867 avaritia:
3043 812 3464 871 condemnaret.

1864 900 1923 959 Si
1952 917 2084 966 vos,
2114 902 2327 973 inquit,
2374 900 2428 959 in
2459 903 2692 961 sabbato
2731 919 2889 961 ovem
2921 914 2975 960 et
3006 904 3156 962 aliud
3184 900 3471 977 quodlibet

1862 996 2070 1052 animal
2100 995 2155 1052 in
2187 995 2403 1052 foveam
2447 996 2743 1063 decidens,
2774 997 2994 1070 eripere
3020 998 3326 1069 festinatis,
3359 1016 3467 1057 non

1863 1088 2121 1156 animali,
2171 1088 2265 1145 sed
2297 1098 2502 1144 vestras
2543 1089 2797 1149 avaritia:
2833 1090 3219 1159 consulentes,
3263 1102 3471 1164 quanto

1866 1182 2039 1253 magis
2081 1195 2186 1252 ego
2218 1180 2530 1250 hominem,
2559 1181 2655 1253 qui
2694 1181 2869 1237 multo
2890 1182 3086 1242 melior
3106 1192 3191 1242 est
3213 1199 3339 1254 ove,
3375 1185 3472 1241 de-

1863 1274 1971 1331 beo
1996 1273 2238 1330 liberare
2261 1276 2275 1328 l

1943 1369 2126 1439 (Vera.
2157 1366 2274 1439 l5.)
2298 1366 2443 1422 Tunc
2462 1366 2536 1423 ait
2555 1366 2789 1423 honuni:
2809 1366 3052 1424 Eztende
3071 1385 3281 1425 manant
3302 1379 3468 1426 tuam.

1871 1461 1940 1517 Et
1974 1463 2235 1530 extendit,
2266 1471 2318 1518 et
2344 1464 2589 1519 restituta
2631 1473 2709 1521 est
2764 1464 2978 1518 sanitati
3018 1465 3152 1520 sicut
3179 1464 3364 1521 altera.
3413 1466 3470 1523 in

1872 1555 2189 1628 Evangelia,
2212 1570 2320 1627 quo
2342 1563 2572 1612 utuntur
2590 1555 2873 1612 Nazararni
2888 1554 2917 1596 δ
2938 1564 2997 1611 et
3019 1557 3286 1613 Ebionitm
3305 1558 3474 1631 (quod

1873 1663 2050 1719 nuper
2075 1647 2132 1703 in
2153 1647 2402 1705 Graecum
2424 1648 2494 1704 de
2523 1648 2756 1705 liebrzeo
2781 1662 3041 1704 sermone
3069 1650 3472 1719 transtulimus,

1872 1750 1930 1797 et
1957 1742 2101 1815 quod
2132 1751 2360 1799 vocatur
2396 1758 2424 1796 a
2469 1742 2743 1813 plerisque
2770 1742 3011 1798 Matthxi
3042 1744 3475 1817 authenticum),

1873 1835 2042 1892 homo
2068 1836 2205 1902 iste,
2229 1836 2323 1908 qui
2361 1834 2573 1891 aridam
2604 1834 2774 1891 habet
2801 1850 3058 1903 manum,
3089 1838 3478 1893 caementarius

1877 1928 2138 1984 scribitur
2177 1946 2191 1984 :
2232 1929 2393 1984 istius
2424 1926 2569 1984 modi
2618 1927 2845 1988 vocibus
2889 1928 3153 1986 auxilium
3197 1944 3429 2000 preeans
3465 1947 3478 1983 :

1881 2020 2289 2078 Cmmcntarius
2333 2035 2524 2089 eram,
2578 2020 2835 2077 manibus
2883 2020 3090 2076 victum
3141 2023 3485 2093 qumritans:

1880 2130 2078 2187 precor
2102 2123 2176 2183 te,
2204 2113 2361 2181 Jesu,
2390 2123 2453 2169 ut
2476 2112 2608 2169 mihi
2641 2114 2903 2170 restituas
2932 2114 3248 2185 sanitatem,
3278 2131 3346 2170 ne
3366 2122 3485 2171 tur-

1881 2210 2026 2280 piter
2054 2207 2361 2264 mcndicem
2388 2208 2565 2264 cibos.
2598 2206 2786 2280 Usque
2813 2207 2880 2262 ad
2912 2205 3203 2265 adventum
3238 2208 3486 2264 Salvato-

1882 2301 1962 2357 ris
2001 2300 2155 2357 arida
2190 2315 2381 2356 manus
2409 2300 2465 2356 in
2492 2315 2767 2372 synagoga
2800 2300 2905 2355 fuit
2930 2299 3275 2363 Judaontm.
3308 2311 3363 2356 et
3389 2300 3484 2356 Dei

1882 2409 2050 2465 opera
2080 2410 2189 2449 non
2216 2394 2417 2449 ﬂebant
2450 2395 2504 2448 in
2537 2408 2601 2449 ea
2635 2410 2649 2448 :
2681 2404 2975 2466 postquam
3005 2394 3096 2451 ille
3123 2395 3275 2450 venit
3299 2394 3351 2449 in
3376 2404 3489 2451 ter-

1887 2503 1996 2557 ras,
2022 2487 2235 2544 reddita
2266 2496 2353 2544 est
2381 2487 2434 2542 in
2467 2487 2735 2557 apostolis
2764 2488 3119 2545 credentibus
3149 2487 3400 2559 dextera,
3435 2500 3490 2545 et

1884 2580 2039 2652 operi
2072 2580 2308 2651 pristino
2331 2579 2603 2637 restituta.

1965 2673 2148 2747 (Vera.
2166 2672 2284 2745 M.)
2311 2672 2574 2730 Exeuntes
2602 2681 2776 2729 autem
2797 2672 3082 2741 Pharisaei,
3106 2674 3384 2730 consilium
3410 2678 3515 2748 fu-‘

1888 2766 2093 2822 ciebant
2119 2766 2367 2821 adversus
2393 2782 2532 2833 eum,
2564 2765 3120 2839 quomodo‘perderent
3168 2785 3304 2824 eum.
3331 2771 3490 2837 Quod

1886 2860 2125 2916 Dotnino
2156 2860 2455 2914 moliuntur
2484 2856 2732 2925 insidias,
2763 2857 2905 2914 livor
2928 2859 2984 2914 in
3015 2875 3178 2915 causa
3209 2869 3314 2916 est.
3348 2861 3492 2929 Quid

1884 2952 2036 3009 enim
2068 2951 2311 3019 fecerat,
2344 2960 2405 3006 ut
2447 2950 2754 3007 Pbarisaeos
2801 2950 2867 3006 ad
2901 2951 3346 3008 interfectionem
3387 2953 3497 3027 7s

1895 3057 1918 3086 ε
1952 3047 2033 3101 sui
2058 3045 2417 3116 provocaret?
2443 3061 2641 3117 nempe
2661 3045 2809 3117 quod
2842 3045 3008 3103 homo
3033 3048 3356 3105 extenderat
3383 3065 3497 3105 ma-

208 3137 364 3207 quitur
391 3157 409 3195 :
436 3107 751 3212 Numanus
779 3107 1217 3196 condemnaretis
1266 3107 1587 3205 innocentes,
1620 3137 1691 3193 de
1722 3152 1780 3189 a-
1810 3107 1861 3173 δ
1890 3107 2222 3207 num-Quis
2255 3140 2404 3196 enim
2453 3107 2864 3195 Phariam-orum
2904 3141 2959 3194 in
3000 3141 3094 3197 die
3134 3142 3344 3197 sabbati
3386 3158 3495 3199 non

207 3233 411 3303 postolis
456 3232 889 3305 intelligendum
927 3241 1033 3289 est.
1065 3233 1241 3288 Etest
1274 3246 1510 3289 sensus:
1539 3231 1598 3287 Si
1628 3231 1791 3290 mise-
1826 3302 1829 3303 ν

209 3324 473 3385 rioordiam
521 3326 938 3398 comprobastis
968 3325 1345 3395 Aebimelech,
1378 3339 1446 3381 eo
1471 3323 1618 3397 quod
1649 3323 1793 3381 fame

212 3417 588 3488 periclitantem
632 3418 1027 3476 refocillaverit
1061 3418 1233 3475 David
1272 3424 1330 3475 et
1380 3432 1578 3489 pueros
1621 3416 1742 3487 ejus
1777 3436 1789 3472 :

210 3524 357 3581 quare
377 3512 697 3586 discipulos
739 3525 894 3569 meos
920 3510 1329 3577 condemnatis,
1356 3510 1450 3581 qui
1496 3509 1630 3566 nihil
1687 3509 1794 3565 tale

209 3602 472 3665 fecerunt?

271 3699 554 3774 (ναμε.)
597 3700 675 3758 Et
698 3716 819 3756 cur
843 3700 963 3757 inde
989 3700 1277 3767 transisset,
1334 3698 1468 3755 venit
1493 3699 1549 3753 in
1574 3715 1798 3771 synago-

209 3811 314 3866 gant
334 3813 527 3854 serunt.
562 3795 770 3853 Etecce
788 3796 943 3851 homo
962 3810 1177 3851 manum
1198 3794 1392 3849 habens
1414 3794 1641 3849 aridam.
1664 3792 1797 3849 Ter-

215 3888 564 3947 tiusdeeitnns
596 3891 707 3947 iste
733 3888 839 3961 7⁸1
890 3897 1000 3954 est,
1030 3889 1124 3960 qui
1151 3896 1378 3943 curatur
1406 3888 1461 3942 in
1494 3901 1795 3959 synagoga.

214 3976 272 4039 Et
309 3983 635 4051 notandum,
672 3981 825 4054 quod
860 3997 973 4037 non
1028 3983 1083 4037 in
1131 3980 1332 4037 itinere
1366 3988 1427 4036 et
1484 3979 1635 4047 loris,
1697 3979 1794 4037 sed

214 4071 262 4128 in
300 4074 672 4135 conciliabula
706 4072 1019 4131 intimorum
1059 4066 1257 4129 manus
1292 4070 1445 4127 arida
1499 4072 1661 4128 fuerit
1710 4086 1797 4127 sa-

213 4174 344 4227 Illi.

268 4262 447 4335 (Vera.
474 4264 571 4337 9.)
595 4262 671 4320 Et
694 4261 1081 4333 interrogabant
1101 4278 1253 4327 eum,
1285 4262 1511 4316 dicentes
1542 4276 1563 4315 :
1590 4261 1651 4317 Si
1682 4259 1798 4316 licet

217 4355 417 4412 sabbatis
440 4372 638 4415 me
669 4372 689 4411 :
721 4364 779 4410 ut
806 4363 1109 4411 accusarent
1134 4370 1271 4411 eum.
1306 4354 1443 4423 Quia
1471 4352 1799 4409 destructio-

1893 3231 2146 3289 extendit
2172 3246 2400 3288 manum
2423 3276 2437 3302 ,
2486 3240 2711 3303 portans
2749 3232 2925 3301 cibos,
2954 3233 3292 3305 ealicemque
3322 3235 3500 3304 porri-

1892 3339 2053 3399 gens,
2082 3333 2140 3382 et
2165 3331 2366 3382 cratera
2393 3339 2516 3396 qua:
2538 3324 2706 3380 victui
2740 3325 3052 3381 necessaria
3084 3327 3249 3381 sunt?
3273 3328 3333 3384 Si
3364 3344 3497 3398 ergo

1897 3431 2123 3473 manum
2153 3415 2454 3473 extendere
2491 3425 2549 3472 et
2586 3416 2843 3471 alimenta
2877 3417 3169 3474 sublevare
3197 3419 3282 3474 vel
3312 3432 3498 3489 potum

1903 3512 1957 3568 in
1980 3510 2233 3579 sabbato,
2254 3525 2365 3565 non
2388 3519 2475 3566 est
2500 3509 2751 3565 criminis
2778 3527 2790 3563 :
2816 3524 2916 3565 cur
2930 3509 3037 3565 hoc
3058 3512 3112 3566 in
3136 3511 3247 3568 alio
3267 3524 3505 3583 arguunt

1900 3603 2048 3677 quod
2078 3604 2187 3674 ipsi
2233 3602 2419 3660 facere
2453 3614 2851 3675 eoarguuntur,
2889 3606 3199 3674 pra'sertim
3244 3620 3366 3663 eum
3401 3610 3503 3664 iste

1901 3696 2291 3753 elementarius
2314 3696 2448 3751 nihil
2472 3696 2581 3752 tale
2603 3697 2926 3766 portaverit,
2949 3696 3042 3753 sed
3074 3698 3141 3752 ad
3166 3709 3500 3771 praceptum

1902 3790 2122 3847 Domini
2152 3791 2324 3846 solam
2348 3789 2659 3848 ostenderit
2681 3790 2947 3845 manum?

1974 3884 2158 3956 (Vers.
2195 3883 2262 3939 15
2288 3883 2474 3955 seqq.)
2505 3881 2659 3939 Iesus
2690 3890 2864 3938 autem
2896 3884 3087 3951 sciens,
3118 3886 3327 3939 recessit
3356 3886 3495 3954 inde,

1903 3987 1952 4033 et
1990 3977 2153 4032 secuti
2199 3986 2321 4032 sunt
2360 3992 2477 4032 eum
2505 3976 2686 4043 multi,
2729 3986 2776 4030 et
2823 3977 3025 4030 curavit
3072 3993 3161 4031 eos
3189 3994 3384 4033 omnes.
3434 3978 3502 4034 Et

1905 4069 2151 4141 prmeepit
2170 4068 2265 4136 eis,
2288 4084 2356 4125 ne
2383 4069 2719 4141 manifestum
2743 4085 2861 4123 eum
2888 4068 3140 4139 facerent,
3168 4081 3223 4124 ut
3253 4071 3506 4144 adimple-

1905 4172 2050 4218 retur
2064 4162 2204 4233 quod
2231 4162 2425 4217 dictum
2448 4171 2523 4217 est
2543 4176 2632 4231 per
2654 4159 2854 4217 Isaiam
2873 4161 3198 4234 prophetam,
3231 4164 3504 4222 dicentem.

1907 4255 2105 4314 Sciens
2130 4256 2363 4313 insidias
2390 4271 2582 4313 eorum
2601 4298 2615 4322 ,
2642 4257 2789 4328 quod
2812 4257 3021 4313 vellent
3051 4260 3282 4329 perdere
3320 4260 3511 4319 Salva-

1909 4359 2091 4409 torern
2121 4366 2318 4417 suum,
2348 4350 2586 4407 recessit
2625 4350 2779 4417 inde,
2810 4359 2873 4407 ut
2902 4351 3199 4411 Pharisscis
3227 4366 3419 4412 contra
3450 4371 3510 4413 se

216 4462 327 4504 netu
351 4448 605 4517 sabbati,
640 4463 805 4519 quam
835 4447 944 4520 [AL
976 4462 1085 4518 qu
1114 4456 1164 4502 et
1187 4446 1522 4520 discipulos]
1543 4446 1806 4502 Pharisaei
1835 4443 1889 4505 D
1911 4444 2257 4501 occasionem
2285 4444 2583 4515 impietatis
2610 4443 2878 4501 auferret.

221 4535 271 4594 is
292 4539 578 4611 discipulis
605 4539 921 4611 arguebant
938 4579 953 4604 ,
995 4539 1267 4609 probabili
1292 4540 1549 4611 exemplo
1568 4552 1800 4596 excusa-

219 4640 390 4698 verat,
442 4632 639 4704 ipsum
684 4632 1014 4689 calumniari
1062 4631 1260 4687 volunt
1303 4649 1317 4686 :
1367 4640 1428 4687 et
1471 4631 1814 4703 interrogant

220 4730 384 4781 utrum
410 4727 584 4783 liceat
602 4738 804 4782 curare
832 4725 889 4781 in
916 4723 1194 4791 sublatis;
1221 4724 1343 4780 utsi
1364 4738 1478 4780 non
1506 4724 1809 4793 curaverit,

214 4819 546 4879 mdelitatis
592 4829 693 4877 ant
720 4820 1148 4884 imbecillitatis;
1179 4820 1226 4876 si
1274 4818 1586 4889 curaverit,
1631 4829 1813 4876 trans—

220 4913 510 4983 gressu-is
536 4922 869 4972 accusarem
899 4911 1008 4984 [Διί.
1032 4910 1346 4983 accusent].

284 5005 465 5074 (Vera.
494 5005 573 5065 19
598 5006 788 5078 seqq.)
815 5003 941 5076 Ipse
977 5013 1154 5061 autem
1189 5004 1325 5061 dixit
1368 5004 1478 5061 illis
1507 5021 1526 5059 :
1557 5004 1690 5072 Quis
1718 5004 1817 5061 erit

291 5228 317 5255 ⁸
340 5218 531 5276 Nostri
568 5233 773 5275 omnes
799 5258 813 5283 ,
852 5225 909 5272 et
948 5216 1168 5288 quidam
1224 5228 1395 5286 penes
1445 5215 1817 5288 Martianaaum

226 5304 375 5361 ut,
391 5290 501 5346 Hic
524 5306 637 5346 non
654 5286 1081 5362 fortunased
1104 5288 1405 5344 adverbium
1427 5288 1526 5343 loci
1544 5286 1821 5360 legendum

227 5372 314 5419 est.
1806 5372 1814 5379 ”

292 5433 319 5472 δ
356 5433 475 5490 Hoc
503 5434 579 5490 de
598 5433 897 5495 Evangelia
922 5443 1103 5490 actum
1132 5442 1217 5490 est
1246 5447 1276 5489 a
1309 5431 1489 5495 nobis,
1515 5444 1641 5486 cum
1664 5428 1816 5495 aiihi,

228 5508 333 5562 tum
376 5506 661 5577 przecipue
710 5500 779 5560 ad
822 5503 1066 5574 Catalogi
1113 5518 1231 5573 cap.
1277 5502 1332 5556 2.
1366 5500 1524 5577 Quod
1554 5515 1689 5555 vero
1732 5500 1820 5554 hic

231 5573 789 5650 addit-Bin
822 5573 1112 5631 Ebionitas
1138 5589 1359 5650 quoque
1393 5573 1486 5627 illo
1515 5586 1645 5650 usos
1674 5585 1820 5634 esse,

233 5649 573 5704 recentiores
586 5644 761 5704 critici
782 5658 1111 5719 pet-negant,
1135 5644 1281 5719 quod
1308 5660 1427 5705 non
1449 5644 1824 5719 uno‘aisecove

232 5734 346 5790 gap.
394 5715 824 5776 Nazaraenorum
895 5715 1057 5789 atque
1122 5718 1505 5790 Ebionitarum
1561 5715 1706 5790 inter
1766 5729 1827 5790 se

234 5786 522 5869 Evangelia
576 5786 1238 5869 dissentirent.'li_i_storia
1286 5786 1614 5869 cumprimis
1648 5786 1827 5869 bapti-

235 5807 373 5845 evan
412 5807 522 5847 cna
576 5807 955 5848 (ιιεεθηιιτθηι.
1004 5807 1238 5845 ιιιειοῐιίι
1286 5807 1607 5857 Cllﬂlpl'llllls
1648 5807 1827 5854 Ultpll-

235 5862 332 5918 emi
372 5807 708 5930 galvatoris,
743 5877 906 5934 quam
938 5876 1005 5917 ex
1037 5860 1464 5916 Nazaraznorum
1493 5856 1683 5913 codice
1714 5857 1833 5927 ipse

1986 4539 2173 4613 (Vere.
2203 4537 2321 4612 18.)
2354 4537 2489 4594 Ecce
2519 4554 2649 4612 puer
2694 4555 2869 4608 meus,
2902 4556 3052 4607 quem
3077 4541 3210 4613 elegi
3242 4558 3257 4595 :
3294 4543 3512 4599 dilectus

1913 4649 2077 4701 mens,
2101 4635 2155 4687 in
2178 4649 2285 4704 quo
2312 4632 2436 4688 bene
2461 4630 2773 4706 complacuit
2797 4632 2985 4688 animm
3011 4648 3157 4690 mete.
3180 4631 3386 4690 Ponant
3407 4637 3517 4707 spi-

1912 4728 2073 4782 ritum
2100 4741 2271 4781 menm
2290 4740 2451 4795 super
2476 4741 2614 4789 eum,
2638 4734 2686 4780 et
2698 4724 2961 4795 judicium
2980 4723 3215 4799 gentibus
3234 4726 3511 4783 nuntiabit.

1918 4820 2041 4874 Non
2065 4818 2354 4887 contendet,
2377 4835 2539 4888 neque
2560 4817 2824 4874 clamabit.
2846 4818 2953 4874 Per
2968 4818 3166 4873 lsaiam
3192 4819 3511 4892 prophetam

1842 4936 1846 4940 '
1915 4927 1982 4969 ex
2011 4926 2243 4982 persona
2268 4910 2446 4969 Patris
2472 4911 2577 4967 hoc
2596 4910 2801 4967 dicitur
2819 4928 2833 4965 :
2853 4908 3059 4967 Ponant
3078 4912 3324 4983 spiritum
3346 4930 3513 4970 meum

1913 5021 2071 5078 super
2099 5021 2216 5062 eum
2242 5003 2402 5078 (Isai.
2422 5020 2563 5073 xui,
2599 5004 2678 5078 1).
2699 5003 2939 5077 Spiritus
2970 5006 3193 5078 ponitur
3219 5023 3329 5065 non
3349 5023 3513 5082 super

1926 5214 2122 5271 recitat
2149 5212 2209 5269 S.
2240 5211 2402 5269 Pater
2428 5212 2495 5268 ad
2516 5226 2648 5283 cap.
2671 5227 2725 5267 ιι
2757 5209 2909 5283 ῐεαὶω
2930 5256 2945 5280 ,
2989 5213 3149 5269 aliter
3177 5229 3351 5283 eaque
3384 5213 3511 5272 bre-

1930 5286 2054 5341 vius
2081 5285 2383 5355 exponitur,
2406 5284 2473 5337 ab
2512 5282 2822 5352 Epiphanio
2868 5282 3078 5339 Htcrcs.
3125 5285 3222 5350 50,
3262 5282 3295 5355 ᾗ
3328 5285 3412 5339 15.
3446 5287 3517 5342 At

1928 5356 2069 5413 nihil
2089 5357 2218 5413 inde
2240 5354 2387 5412 aliud
2410 5355 2656 5422 evinctis,
2682 5369 2846 5425 quam
2878 5355 2992 5410 loca
3015 5355 3263 5426 quinetiam
3284 5354 3461 5412 fuisse
3486 5376 3513 5410 a

1928 5427 2200 5485 Nazartcis
2247 5427 2610 5496 interpolata,
2658 5428 2897 5496 itemque
2945 5427 3050 5482 alia
3094 5427 3165 5479 ab
3213 5427 3517 5491 Ebionitis;

1929 5515 2040 5555 non
2070 5500 2143 5554 ita
2173 5507 2354 5554 tamen
2392 5505 2451 5551 ut
2481 5497 2694 5552 diversa
2725 5513 2912 5553 eorum
2942 5497 3232 5568 Evangelia
3260 5499 3364 5552 dici
3392 5514 3519 5568 pos-

1930 5581 2074 5636 sent,
2096 5585 2217 5641 qua:
2240 5570 2531 5623 maximam
2554 5575 2765 5641 partem
2784 5569 3163 5622 convenirent.
3187 5567 3353 5624 Recte
3380 5567 3519 5628 adeo

1928 5644 2301 5712 Hieronymus
2329 5655 2427 5709 pro
2448 5654 2559 5695 uno
2586 5640 2817 5708 accepit.

2007 5728 2027 5749 ν
2073 5709 2366 5775 Voculam,
2400 5713 2503 5775 sui,
2536 5712 2830 5782 restituunt
2859 5709 3031 5782 nostri
3063 5723 3194 5765 mss.
3228 5711 3443 5782 aliaque
3471 5712 3521 5768 id

1932 5800 2109 5863 genus
2146 5784 2350 5841 leviora
2378 5782 2578 5855 passim
2610 5780 2756 5837 taciti
2787 5780 3135 5852 castigamus.
