4004 6332
493 368 562 424 79
1745 360 1806 416 S.
1847 359 2117 417 EUSEBII
2157 356 2538 416 lllERONYMl
3726 351 3794 410 80

490 481 590 538 Dei
624 480 878 546 verbum,
908 485 963 534 et
992 492 1158 548 super
1187 477 1548 547 unigenitum,
1583 476 1677 547 qui
1711 475 1777 531 de
1809 476 1930 531 sinu
1965 489 2090 545 pro-
2116 477 2165 538 Α
2196 485 2439 531 neratos.
2479 473 2537 531 Si
2598 475 2906 530 exorcistas
2937 516 2950 540 ,
2995 474 3085 545 qui
3130 473 3196 529 ad
3245 473 3652 528 invocationem
3700 471 3796 526 Dei

491 573 664 628 cessit
698 571 878 626 Patris
899 611 914 636 ,
949 569 1046 624 sed
1087 584 1251 639 super
1281 585 1403 624 eum
1423 610 1439 636 ,
1469 568 1538 624 de
1567 583 1677 639 quo
1715 568 1918 622 dictum
1962 575 2044 621 est
2073 583 2087 620 :

493 665 634 720 Ecce
656 683 784 738 puer
810 681 954 718 meus
983 662 1033 735 (l
1042 662 1257 734 bidem).

565 759 748 829 (Vers.
781 757 896 828 l9.)
927 756 1110 827 Neque
1151 756 1327 809 audiet
1373 754 1561 826 aliquis
1589 755 1645 809 in
1697 756 1878 825 plateis
1921 770 2092 808 vocem

495 855 628 916 eius.
657 853 788 907 Lata
811 851 959 906 enim
983 859 1068 906 est
1095 859 1151 905 et
1175 849 1414 918 Spatiosa
1439 850 1675 920 via,qu:e
1705 848 1852 903 ducit
1873 849 1940 902 ad
1973 864 2095 918 per-

489 947 786 1013 ditionem,
807 954 861 1000 et
883 944 1039 1000 multi
1072 943 1455 1014 ingrediuntur
1485 958 1579 1012 per
1602 958 1723 998 eam
1743 945 1948 1013 (Supra
1969 941 2090 1010 vn).

489 1040 593 1108 Qui
625 1039 779 1095 multi
818 1052 1009 1094 vocem
1062 1052 1172 1090 non
1202 1034 1432 1090 audiunt
1460 1034 1792 1101 Salvatoris,
1828 1034 1954 1104 quia
1986 1047 2093 1087 non

485 1142 614 1188 sunt
647 1132 698 1186 iu
723 1140 871 1186 arcta
896 1131 1003 1196 via,
1045 1129 1143 1184 sed
1175 1129 1228 1183 in
1258 1129 1524 1198 spatiosa.

562 1225 746 1298 (Vers.
783 1226 885 1292 20,
933 1222 1054 1292 2i.)
1109 1222 1434 1277 Arundinem
1471 1231 1776 1293 quassatam
1821 1235 1925 1273 non
1966 1236 2093 1274 con-

488 1317 704 1387 fringet,
737 1324 783 1369 et
807 1313 973 1367 linum
994 1313 1254 1384 [umigans
1275 1329 1376 1366 non
1396 1313 1705 1384 exstinguet,
1735 1312 1896 1365 donec
1922 1311 2098 1381 ejiciat

489 1409 560 1460 ad
591 1407 858 1460 victoriam
883 1406 1153 1478 judicium
1184 1421 1203 1458 :
1227 1412 1274 1458 et
1306 1405 1359 1457 in
1388 1404 1598 1458 nomine
1635 1406 1750 1474 ejus
1779 1411 1952 1474 gentes
1975 1418 2096 1472 spe-

487 1498 700 1553 rabunt.
727 1497 828 1564 Qui
853 1498 1130 1568 peceatori
1161 1510 1269 1550 non
1305 1495 1538 1565 porrigit
1565 1508 1808 1561 manum,
1839 1508 1940 1549 nec
1971 1508 2099 1563 por-

491 1600 570 1645 tat
598 1605 736 1644 onus
773 1588 957 1643 fratris
1001 1589 1116 1655 sui,
1163 1589 1268 1643 iste
1300 1587 1573 1642 calamum
1603 1596 1924 1658 quassatum
1967 1602 2098 1643 con-

485 1683 696 1754 fringit.
743 1682 808 1737 Et
836 1682 930 1753 qui
961 1681 1232 1737 modicam
1267 1682 1568 1736 scintillam
1615 1681 1744 1736 fidei
1791 1681 2099 1736 contemnit

488 1778 542 1830 in
593 1776 871 1846 parvulis,
919 1774 1008 1830 hic
1056 1775 1225 1830 linum
1273 1775 1570 1845 exstinguit
1627 1773 1918 1846 fumigans.
1951 1775 2098 1843 Quo-

481 1883 604 1923 rum
635 1877 890 1922 neutrum
921 1867 1176 1922 Christus
1206 1867 1372 1931 fecit;
1405 1867 1475 1921 ad
1509 1867 1613 1921 hoc
1642 1867 1789 1922 enim
1833 1876 2090 1936 venerat,

485 1971 547 2017 ut
567 1962 780 2018 salvum
810 1963 1014 2017 laceret
1032 1961 1177 2032 quod
1207 1965 1466 2032 perierat.

563 2053 747 2122 (Vers.
784 2053 902 2123 22.)
929 2053 1074 2110 Tunc
1103 2053 1306 2107 oblatus
1336 2064 1412 2108 est
1440 2054 1486 2107 ei
1525 2055 1840 2109 daemonium
1875 2055 2094 2124 habens,

488 2145 600 2217 79
614 2162 802 2213 circus,
820 2156 865 2200 et
883 2155 1077 2212 mutus,
1100 2155 1148 2198 et
1177 2148 1373 2200 curavit
1403 2162 1541 2212 eum,
1562 2149 1634 2200 ita
1665 2156 1716 2200 ut
1741 2148 2031 2218 loqueretur
2052 2159 2100 2202 et

487 2243 705 2295 videret.
733 2239 800 2293 Et
823 2239 1096 2312 stupebant
1123 2258 1299 2295 omnes
1329 2239 1514 2308 turbae,
1541 2249 1588 2295 et
1617 2240 1850 2294 dicebant
1875 2256 1891 2293 :
1920 2239 2092 2295 Num-

487 2333 614 2405 quid
644 2331 728 2386 ltic
759 2342 834 2388 est
860 2333 1001 2402 [ilius
1033 2330 1246 2386 David?
1299 2331 1554 2386 Pharisaei
1593 2345 1763 2386 autem
1793 2333 2089 2400 audientes,

485 2428 766 2482 dixerunt:
798 2425 902 2480 Hic
945 2441 1049 2480 non
1077 2426 1215 2495 ejicit
1256 2427 1518 2480 diemones
1538 2467 1552 2490 ,
1586 2426 1685 2478 nisi
1714 2427 1767 2479 in
1810 2423 2091 2480 Beelzebub

494 2520 731 2591 principe
761 2520 1160 2574 dtemoniorum.
1196 2520 1322 2574 Tria
1356 2520 1508 2591 signa
1543 2519 1706 2574 simul
1738 2519 1789 2573 in
1839 2533 1946 2572 uno
1994 2519 2091 2573 ho-

488 2613 638 2667 mine
668 2619 984 2681 perpetrata
1008 2622 1133 2666 sunt
1165 2627 1177 2664 :
1209 2613 1398 2666 Caecus
1422 2612 1593 2676 videt,
1619 2620 1804 2666 mutus
1829 2609 2089 2680 loquitur,

482 2717 776 2773 possessus
797 2719 826 2756 a
849 2702 1104 2758 daemone
1127 2703 1411 2758 liberatur.
1444 2703 1601 2770 Quod
1631 2713 1684 2759 et
1719 2713 1849 2758 tunc
1873 2703 2092 2773 quidem

484 2796 788 2851 carnaliter
816 2794 1024 2849 factum
1052 2803 1138 2848 est
1157 2835 1171 2859 ,
1203 2793 1303 2849 sed
1329 2802 1387 2850 et
1415 2794 1665 2864 quotidie
1697 2793 2007 2864 completur
2039 2793 2094 2847 iu

483 2888 860 2942 conversione
887 2886 1230 2941 credentium
1254 2928 1268 2951 ,
1315 2897 1370 2938 ut
1407 2885 1637 2954 expulso
1673 2885 1948 2954 daemone,
1987 2884 2098 2954 pri-

485 2997 636 3036 mum
671 2980 796 3034 fidei
820 2980 1007 3034 lumen
1037 2979 1329 3048 aspiciant,
1360 2979 1560 3034 deinde
1591 2979 1644 3034 in
1671 2979 1862 3034 laudes
1894 2979 1988 3035 Dei
2017 2991 2098 3036 ta-

489 3076 679 3134 centia
703 3073 853 3144 prius
876 3087 972 3127 ora
1000 3071 1273 3127 laxentur.

563 3173 748 3245 (Vers.
779 3170 900 3242 25.)
927 3170 1080 3226 Jesus
1107 3181 1280 3226 autem
1312 3172 1480 3226 sciens
1515 3172 1850 3244 cogitationes
1881 3187 2090 3242 eorum,

489 3267 622 3322 dixit
653 3267 770 3321 eis:
802 3264 968 3319 Omne
997 3281 1215 3336 regnum
1257 3265 1308 3317 in
1349 3281 1402 3318 se
1432 3264 1657 3318 divisum
1680 3273 1705 3301 α
1751 3263 2088 3332 desolabitnr,

491 3370 541 3415 et
568 3360 733 3415 omnis
762 3360 943 3414 civitas
974 3360 1051 3412 vel
1078 3359 1264 3414 domus
1291 3359 1457 3413 divisa
1486 3369 1666 3412 contra
1691 3375 1764 3426 se,
1793 3375 1894 3413 non
1915 3361 2090 3414 stabit.

491 3452 688 3508 Turbae
733 3451 1034 3522 stupebant
1063 3461 1117 3506 et
1147 3452 1558 3506 confitebantur
1605 3467 1764 3516 eum,
1806 3453 1895 3522 qui
1948 3462 2092 3507 tanta

493 3545 648 3614 signa
698 3542 966 3608 faciebat,
1017 3557 1142 3600 esse
1192 3543 1364 3598 lilium
1398 3543 1566 3597 David
1604 3561 1616 3597 :
1652 3543 1916 3598 Pharisaei
1960 3559 2093 3600 vero

495 3650 664 3706 opera
688 3635 785 3689 Dei
813 3634 1048 3706 principi
1077 3635 1475 3690 daemoniorum
1506 3635 1864 3704 deputabant.
1892 3635 2103 3703 Quibus

495 3729 764 3784 Dominus
801 3744 906 3783 non
950 3728 1015 3782 ad
1066 3727 1208 3784 dicta
1228 3768 1244 3795 ,
1275 3727 1370 3782 sed
1399 3727 1467 3781 ad
1496 3731 1734 3798 cogitata
1766 3728 2055 3798 respondit
2087 3745 2100 3782 :

501 3831 559 3874 ut
587 3821 673 3875 vel
705 3821 782 3876 sic
810 3819 1275 3888 compellerentur
1301 3817 1530 3874 credere
1557 3819 1816 3888 potentia:
1838 3818 1979 3889 ejus,
2012 3825 2104 3890 qui

499 3914 684 3970 cordis
712 3913 936 3970 videbat
963 3913 1197 3968 occulta.

573 4005 760 4078 (Vers.
788 4005 910 4076 26.)
941 4003 1007 4059 Et
1032 4005 1078 4058 si
1107 4004 1333 4059 Satanas
1366 4002 1624 4058 Satanam
1653 4004 1823 4076 ejicit,
1860 4003 2104 4060 adversus

504 4113 559 4151 se
588 4097 784 4150 divisus
813 4105 926 4161 est;
956 4096 1214 4166 quomodo
1245 4110 1367 4166 ergo
1393 4094 1550 4148 stabit
1581 4111 1796 4165 regnum
1819 4095 2105 4166 ejus?Non

505 4199 688 4258 potest
718 4203 945 4258 regnum
971 4197 1027 4242 et
1061 4189 1256 4243 civitas
1284 4197 1476 4241 contra
1519 4203 1579 4242 se
1607 4187 1781 4242 divisa
1823 4200 2102 4259 perstare;

509 4281 603 4336 sed
635 4280 914 4351 quomodo
936 4279 1229 4335 concordia
1259 4296 1442 4352 parvae
1469 4295 1557 4336 res
1580 4291 1857 4350 crescunt,
1889 4283 1962 4338 ita
1993 4284 2107 4340 dis-

509 4369 696 4426 (ordia
729 4369 986 4424 maxima:
1015 4369 1352 4425 dilabuntur.
1386 4369 1445 4426 Si
1475 4385 1607 4442 ergo
1637 4371 1872 4428 Satanas
1903 4383 2108 4445 pugnat

2197 567 2493 636 ejiciebant
2539 566 2853 631 dmmones,
2898 575 3139 620 coarctat
3189 564 3618 632 interrogatione
3674 579 3799 630 pru-

2199 660 2370 727 denti,
2406 669 2464 713 ut
2494 660 2857 714 confiteantur
2881 660 3113 729 Spiritus
3145 657 3322 714 sancti
3351 673 3477 713 esse
3505 673 3665 726 opus.
3688 657 3801 728 80

2201 753 2357 820 Quod
2387 755 2431 807 si
2460 753 2716 824 expulsio
2745 753 3078 820 damionum,
3107 753 3300 824 inquit,
3332 753 3386 806 in
3420 752 3544 808 filiis
3575 751 3796 818 vestris,

2205 845 2341 912 Deo,
2375 863 2480 900 non
2511 845 2854 901 daemonibus
2883 846 3175 917 deputatur
3205 862 3220 902 :
3251 859 3422 916 quare
3450 845 3506 898 in
3536 859 3623 899 me
3654 843 3800 897 idem

2201 954 2341 1009 opus
2362 954 2470 994 non
2498 941 2742 994 eamdem
2777 939 2973 995 habeat
2994 949 3048 995 et
3067 940 3329 995 causam?
3358 939 3500 1009 Ergo
3529 937 3630 1008 ipsi
3653 936 3802 1006 judi-

2200 1046 2294 1087 ces
2323 1033 2487 1086 vestri
2517 1041 2699 1098 erunt,
2731 1049 2837 1086 non
2867 1040 3157 1102 potestate,
3199 1031 3294 1088 sed
3339 1031 3753 1101 comparatione
3785 1049 3797 1084 :

2199 1123 2328 1178 dum
2353 1124 2431 1178 illi
2456 1125 2829 1193 expulsionem
2861 1125 3172 1179 diemonum
3206 1124 3320 1178 Deo
3353 1125 3670 1196 assignant;
3703 1138 3802 1177 vos

2200 1215 2505 1271 Beelzebub
2527 1217 2757 1285 principi
2791 1216 3214 1271 daemoniorum.
3250 1216 3344 1271 Sin
3369 1226 3552 1272 autem
3578 1215 3648 1270 de
3671 1231 3804 1285 apo-

2200 1307 2356 1362 stolis
2383 1308 2585 1362 dietum
2599 1319 2683 1364 est
2702 1354 2715 1378 ,
2739 1309 2884 1378 quod
2909 1317 2966 1364 et
2990 1313 3160 1380 magis
3187 1309 3491 1380 intelligere
3511 1309 3800 1374 debemus,

2201 1399 2304 1470 ipsi
2351 1409 2511 1454 erunt
2538 1399 2753 1470 judices
2797 1415 2988 1456 eorum
3025 1420 3035 1455 :
3069 1403 3193 1471 quia
3249 1401 3515 1458 sedebant
3565 1402 3618 1455 in
3650 1402 3803 1456 duo—

2199 1491 2374 1546 decim
2431 1491 2610 1558 soliis,
2676 1493 2985 1562 judicantes
3044 1493 3332 1550 duodecim
3399 1495 3576 1550 tribus
3632 1493 3801 1550 Israel

2201 1583 2418 1656 (Matth.
2452 1600 2570 1650 six,
2600 1595 2647 1640 et
2675 1584 2805 1638 Luc.
2833 1588 2992 1655 XXII).

2272 1677 2454 1749 (Vers.
2488 1677 2609 1749 28.)
2640 1678 2704 1734 Si
2745 1688 2918 1732 autem
2948 1695 3041 1750 ego
3077 1680 3132 1733 in
3171 1679 3362 1749 spiritu
3394 1679 3493 1733 Dei
3522 1681 3674 1752 ejicio
3700 1681 3804 1735 da:-

2123 1795 2173 1856 Β
2203 1787 2396 1825 mones.
2428 1769 2482 1824 In
2517 1769 2662 1824 Luca
2711 1771 2870 1824 istum
2904 1771 3084 1825 locum
3119 1772 3191 1824 ita
3226 1771 3487 1841 scriptum
3519 1771 3755 1841 legimus
3787 1787 3801 1826 :

2199 1863 2262 1919 Si
2283 1873 2455 1917 autem
2477 1881 2569 1935 ego
2594 1864 2646 1917 in
2667 1864 2831 1935 digito
2851 1863 2949 1919 Dei
2973 1866 3124 1937 ejicio
3145 1863 3568 1934 dwmones(Luc.
3592 1881 3669 1928 χι,
3684 1865 3801 1934 20).

2200 1957 2308 2012 iste
2336 1969 2416 2012 est
2442 1957 2644 2026 digitus
2670 1974 2830 2028 quem
2859 1959 3194 2014 conﬁtentur
3219 1971 3273 2016 et
3302 1959 3463 2029 Magi,
3493 1961 3583 2029 qui
3610 1970 3801 2015 contra

2204 2050 2422 2123 Moysen
2455 2061 2512 2106 et
2541 2052 2724 2107 Aaron
2761 2051 2911 2123 signa
2941 2053 3238 2113 faciebant.
3271 2054 3521 2108 dicentes
3548 2071 3562 2108 :
3597 2053 3804 2126 Digitus

2202 2140 2301 2196 Dei
2330 2154 2400 2197 est
2425 2144 2517 2198 iste
2545 2141 2742 2215 (Exod.
2779 2160 2852 2212 tv,
2876 2143 2970 2215 29)
3000 2162 3012 2199 :
3037 2159 3145 2214 quo
3169 2145 3366 2200 tabula:
3398 2145 3628 2214 lapidea:
3659 2148 3801 2200 scri-

2204 2246 2310 2307 ptze
2339 2247 2465 2292 sunt
2498 2238 2550 2291 in
2591 2249 2775 2292 monte
2812 2238 2942 2293 Sina
2971 2237 3152 2310 (Deut.
3191 2238 3292 2310 ιι).
3327 2239 3384 2294 Si
3419 2240 3580 2309 igitur
3609 2255 3805 2295 manus

2201 2338 2256 2382 et
2282 2328 2563 2383 brachium
2591 2329 2688 2383 Dei
2713 2375 2726 2396 ,
2758 2327 2926 2384 Filius
2954 2340 3067 2393 est;
3102 2325 3156 2386 ét
3185 2330 3385 2401 digitus
3413 2331 3530 2400 eius
3564 2333 3803 2402 Spiritus

2199 2431 2448 2489 sanctus,
2481 2422 2682 2488 Patris,
2714 2433 2769 2477 et
2808 2421 2967 2486 Filii,
2993 2433 3048 2478 et
3073 2423 3309 2494 Spiritus
3340 2425 3511 2480 sancti
3541 2443 3643 2480 una
3677 2427 3807 2482 sub-

2200 2513 2399 2568 stantia
2422 2521 2508 2568 est
2536 2530 2551 2568 :
2585 2528 2691 2568 non
2722 2523 2775 2569 te
2796 2515 3131 2571 scandalizet
3160 2515 3529 2572 membrorum
3557 2517 3804 2589 inaequa-

2198 2603 2346 2673 litas,
2381 2621 2504 2660 cum
2537 2605 2773 2660 aadilicet
2794 2607 2973 2662 unitas
3003 2609 3277 2678 corporis.

2270 2694 2443 2767 Igitur
2472 2698 2704 2769 pervenit
2741 2698 2796 2751 in
2829 2715 2916 2752 vos
2941 2715 3156 2770 regnum
3184 2699 3305 2755 Dei.
3336 2699 3433 2756 Vel
3461 2702 3703 2771 seipsum
3731 2704 3808 2758 si-

2195 2790 2447 2860 gnificat,
2479 2790 2548 2844 de
2583 2806 2690 2860 quo
2729 2790 2784 2845 in
2823 2791 2935 2846 alio
2962 2791 3084 2847 loco
3109 2793 3375 2863 scriptum
3403 2804 3527 2848 est:
3562 2794 3807 2866 Regnum

2198 2883 2294 2936 Dei
2323 2885 2462 2936 intra
2488 2900 2578 2936 vos
2605 2892 2680 2936 est
2736 2882 2894 2952 (Luc.
2932 2900 3068 2951 xvrt,
3124 2883 3239 2955 21).
3290 2884 3359 2939 Ει
3389 2901 3401 2938 :
3437 2883 3650 2939 Medius
3697 2896 3804 2942 stat

2195 2975 2327 3029 inter
2360 2993 2465 3043 ros,
2500 2993 2652 3046 quem
2683 2977 2890 3030 nescitis
2923 2975 3105 3048 (Joan.
3142 2976 3294 3048 τινι)
3324 2995 3337 3030 :
3368 2977 3452 3033 vel
3483 2991 3633 3034 certe
3664 2979 3806 3035 illud

2199 3083 2425 3138 regnum
2456 3068 2601 3137 quod
2635 3077 2688 3122 et
2715 3069 2953 3124 Joannes
2998 3079 3053 3124 et
3094 3069 3212 3138 ipse
3244 3070 3505 3125 Dominus
3539 3073 3810 3140 praedica-

2200 3173 2390 3218 verant
2424 3181 2437 3214 :
2473 3159 2836 3216 Paenitentiam
2861 3165 3030 3232 agite,
3065 3163 3500 3234 appropinquabit
3541 3165 3681 3217 enim
3724 3181 3813 3218 re-

2200 3271 2359 3329 gnum
2389 3256 2630 3310 caelorum
2656 3256 2864 3328 (Supra
2893 3271 2974 3324 ιιι,
3002 3256 3083 3327 2).
3114 3256 3212 3312 Est
3237 3267 3293 3312 et
3321 3259 3544 3313 tertium
3572 3273 3810 3328 regnum

2201 3352 2500 3422 Scripturae
2525 3361 2765 3420 sanctte,
2815 3353 2962 3423 quod
2995 3350 3247 3408 aufertur
3271 3368 3299 3406 a
3335 3352 3560 3416 Judmis,
3607 3361 3666 3410 et
3694 3364 3813 3410 tra-

2199 3445 2359 3502 detur
2385 3446 2534 3517 genti
2558 3445 2782 3502 facienti
2818 3447 3029 3503 fructus
3056 3448 3175 3516 ejus
3209 3446 3388 3520 (Infra
3421 3447 3561 3519 χχι).

2275 3538 2458 3610 (Vers.
2483 3540 2601 3609 29.)
2630 3541 2730 3594 Aut
2757 3541 3016 3610 quomodo
3043 3551 3208 3611 potest
3231 3543 3501 3612 quisquam
3532 3544 3733 3599 intrare
3757 3547 3814 3602 in

2203 3631 2414 3684 domum
2435 3632 2606 3701 fortis,
2633 3642 2680 3686 et
2705 3649 2826 3688 vasa
2855 3637 2970 3700 ejus
2991 3635 3237 3705 diripere,
3263 3635 3365 3688 nisi
3393 3635 3535 3702 prius
3557 3634 3815 3708 alligave-

2205 3726 2272 3778 rit
2297 3726 2480 3795 fortem
2499 3765 2512 3791 ,
2543 3734 2591 3777 et
2627 3735 2748 3778 tunc
2780 3726 2988 3778 domum
3014 3725 3161 3780 illius
3189 3725 3444 3796 diripiet?
3481 3725 3600 3782 Non
3636 3728 3815 3786 deho-

2205 3834 2324 3872 mus
2352 3832 2475 3872 esse
2498 3819 2678 3872 securi
2712 3834 2725 3871 :
2757 3817 3117 3874 Adversarius
3147 3830 3330 3875 n05ter
3360 3819 3539 3889 fortis,
3571 3822 3808 3882 victoris

2204 3925 2422 3982 quoque
2448 3911 2673 3965 vocibus
2695 3912 3107 3979 comprobatur.
3133 3911 3336 3965 Domus
3371 3913 3519 3967 illius
3544 3915 3814 3987 mundus,

2212 4003 2302 4072 qni
2333 4003 2385 4057 in
2417 4002 2658 4072 maligno
2687 4004 2899 4072 positus
2920 4013 3005 4058 est
3037 4002 3078 4074 (l
3099 4001 3258 4058 Joan.
3293 4002 3371 4074 v),
3400 4019 3508 4058 non
3540 4009 3818 4065 creatoris

2211 4096 2474 4169 dignitate
2495 4139 2510 4165 ,
2543 4099 2637 4152 sed
2681 4097 3060 4169 magnitudine
3099 4097 3662 4168 delinquentis._Vasa
3692 4103 3820 4172 ejus

2213 4204 2316 4245 nos
2333 4190 2606 4259 quondam
2630 4189 2850 4245 fuimus.
2875 4190 3141 4261 Alligatus
3157 4199 3241 4246 est
3265 4189 3446 4256 fortis,
3464 4200 3521 4246 et
3547 4190 3819 4263 religatus

2212 4283 2265 4338 in
2305 4291 2596 4352 tartarum,
2624 4293 2680 4341 et
2710 4284 2922 4341 Domini
2955 4284 3229 4341 contritus
3271 4285 3409 4355 pede
3443 4303 3457 4339 :
3489 4295 3543 4342 et
3579 4286 3823 4360 direptis

2211 4376 2434 4432 sedibus
2463 4379 2702 4449 tyranni,
2732 4378 2945 4448 captiva
2973 4377 3136 4433 ducta
3168 4387 3253 4432 est
3282 4377 3588 4448 captivitas.

512 4475 706 4520 emitra
735 4480 819 4529 se,
846 4473 900 4518 et
931 4462 1146 4518 diemon
1177 4464 1428 4520 inimicus
1455 4473 1542 4520 est
1568 4464 1857 4534 daemonis,
1886 4467 2111 4524 deberet
2134 4441 2189 4502 D
2287 4472 2470 4542 (Vers.
2494 4473 2588 4540 50,
2608 4472 2724 4540 3i.)
2753 4472 2856 4540 Qui
2887 4489 2991 4526 non
3019 4482 3093 4526 est
3121 4488 3338 4540 mecum,
3366 4483 3548 4526 contra
3575 4489 3656 4527 me
3686 4484 3771 4530 est
3800 4495 3819 4531 :

508 4557 622 4626 jmn
651 4555 837 4610 mundi
863 4555 1083 4610 venisse
1104 4557 1535 4624 consummatio;
1556 4567 1613 4612 ut
1634 4573 1740 4612 non
1771 4558 2032 4616 haberent
2054 4561 2108 4616 in

518 4670 583 4706 eo
629 4652 805 4704 locum
836 4649 1171 4706 adversaria:
1223 4661 1546 4721 potestates,
1587 4668 1814 4724 quarum
1866 4655 2009 4710 inter
2051 4672 2111 4711 se

521 4745 745 4808 bellum,
774 4759 878 4814 pax
906 4742 1188 4798 hominum
1215 4753 1319 4799 est.
1357 4746 1412 4800 Si
1435 4756 1618 4802 autem
1647 4748 1870 4818 putatis,
1903 4766 1936 4800 o
1966 4748 2114 4803 Seri-

516 4839 599 4890 lm
628 4847 682 4890 et
704 4835 985 4900 Pharisaei,
1014 4836 1160 4906 quod
1187 4839 1436 4893 recessio
1459 4838 1769 4895 daemonum
1799 4839 2110 4896 obedientia

519 4931 590 4982 sit
624 4929 675 4980 in
707 4927 1004 4997 principem
1035 4944 1220 4996 suum,
1257 4938 1315 4983 ut
1344 4930 1594 4986 homines
1619 4933 1937 5003 ignorantes
1965 4932 2111 4988 frau-

517 5022 739 5076 dulenta
764 5021 1116 5078 simulatione
1139 5023 1562 5094 delud:mt,quid
1587 5026 1816 5096 potestis
1839 5026 2025 5083 dicere
2044 5025 2114 5083 de

520 5130 812 5184 Corporum
857 5114 1212 5184 sauitalibus,
1259 5133 1392 5186 quas
1428 5117 1690 5174 Dominus
1740 5119 2114 5190 perpetravit?

519 5208 682 5263 Aliud
713 5214 800 5262 est
821 5207 866 5262 si
891 5209 1254 5264 membrorum
1281 5224 1494 5280 quoque
1524 5209 1835 5266 debilitates
1862 5221 1918 5266 et
1945 5213 2110 5280 spiri-

519 5301 743 5356 tualium
770 5301 1032 5356 virtutum
1059 5301 1292 5372 insignia
1323 5301 1661 5357 daemonibus
1688 5304 2001 5374 assignatis.

587 5393 770 5464 (Vers.
799 5395 923 5464 27.)
953 5392 1021 5447 Et
1045 5395 1090 5449 si
1119 5412 1209 5465 ego
1240 5397 1292 5448 in
1317 5395 1599 5450 Beelzebub
1636 5398 1787 5468 ejicio
1819 5397 2108 5464 da’mones,

507 5488 604 5558 filii
629 5487 779 5542 vestri
800 5487 853 5541 in
875 5503 980 5559 quo
1000 5487 1250 5559 ejiciunt?
1267 5486 1396 5542 Ideo
1416 5489 1517 5560 ipsi
1529 5489 1740 5562 judices
1760 5491 1915 5546 vestri
1935 5501 2106 5546 erunt.

506 5579 675 5636 Filios
723 5579 1188 5648 Judeeorum,vel
1237 5583 1546 5637 exorcistas
1598 5584 1778 5653 gentis
1829 5584 2007 5652 illius,
2041 5601 2108 5640 ex

487 5691 657 5731 inore
688 5674 956 5746 significat
980 5716 995 5740 ,
1027 5673 1113 5728 vel
1141 5676 1422 5746 apostolos
1442 5717 1458 5744 ,
1491 5691 1560 5732 ex
1592 5692 1785 5734 eorum
1817 5677 1991 5749 stirpe
2017 5694 2111 5750 ge-

2213 4575 2257 4620 et
2280 4567 2366 4636 qui
2395 4582 2496 4620 non
2521 4577 2796 4639 congregat
2823 4582 3040 4633 mecum,
3065 4566 3282 4637 spargit.
3316 4565 3445 4620 Ideo
3477 4565 3592 4619 dico
3617 4565 3765 4622 vobis
3801 4587 3820 4623 :

2214 4673 2362 4711 onme
2392 4669 2656 4726 peccatum
2696 4666 2742 4712 et
2785 4656 3103 4725 blasphemia
3141 4656 3427 4710 remittetur
3471 4656 3770 4713 hominibus
3801 4678 3820 4715 .'

2213 4751 2427 4822 spiritus
2456 4761 2628 4805 autem
2657 4750 2988 4823 blasphemia:
3010 4766 3114 4803 non
3144 4749 3450 4804 remittetur.
3496 4748 3611 4803 Non
3655 4760 3824 4820 putet

2217 4841 2320 4898 hoc
2338 4844 2621 4913 quisquam
2641 4843 2710 4899 de
2733 4840 3009 4898 lnereticis
3023 4841 3225 4896 dictum
3242 4849 3298 4896 et
3315 4840 3680 4896 schismaticis
3698 4843 3818 4916 ει

2217 4935 2565 5007 (quamquam
2591 4945 2648 4991 et
2679 4937 2749 4991 ita
2775 4951 2842 4990 ex
2873 4935 3152 5005 superﬂuo
3195 4935 3366 5004 possit
3411 4933 3691 5006 intelligi),
3712 4937 3821 4993 sed

2216 5045 2281 5085 ex
2312 5029 2770 5101 consequentibus
2811 5038 3082 5100 textaque
3118 5029 3392 5084 sermonis
3421 5027 3489 5082 ad
3529 5027 3817 5085 diabolum

2218 5123 2488 5179 refertur:
2513 5139 2578 5179 eo
2602 5123 2746 5193 quod
2773 5139 2877 5179 non
2902 5126 3116 5193 possint
3136 5137 3303 5192 opera
3325 5122 3630 5176 Salvatoris
3655 5121 3820 5179 Beelo

2222 5215 2396 5271 zebub
2425 5215 2684 5285 operibus
2713 5215 3038 5286 comparari.
3084 5214 3182 5270 llle
3213 5213 3366 5284 cupit
3394 5213 3605 5268 animas
3633 5213 3824 5271 homi-

2215 5324 2341 5362 num
2378 5318 2565 5363 tenere
2607 5307 2894 5376 captivas;
2943 5308 3204 5362 Dominus
3237 5307 3490 5362 liberare.
3532 5306 3630 5362 Ille
3665 5324 3820 5376 pra:-

2213 5401 2355 5456 dicat
2399 5399 2582 5466 idola;
2643 5401 2731 5455 hic
2759 5401 2918 5456 unius
2967 5399 3063 5456 Dei
3095 5397 3362 5455 notitiam.
3405 5398 3498 5454 Ille
3536 5399 3703 5455 trahit
3747 5404 3822 5458 ad

2214 5493 2343 5546 vitia
2377 5509 2387 5544 :
2419 5491 2508 5546 hic
2537 5491 2604 5546 ad
2636 5492 2867 5548 virtutes
2915 5501 3155 5547 revocat.
3201 5490 3488 5558 Quomodo
3517 5506 3651 5562 ergo
3684 5508 3824 5565 pos-

2211 5597 2339 5642 sunt
2371 5588 2512 5642 inter
2542 5602 2602 5642 se
2630 5586 2835 5643 habere
2862 5587 3231 5653 concordiam,
3265 5599 3498 5656 quorum
3525 5599 3697 5656 opera
3731 5589 3822 5645 di-

2211 5680 2328 5737 visa
2360 5679 2466 5751 [.41.
2499 5679 2739 5751 diversa]
2771 5681 2943 5738 sunt?

567 5870 589 5895 ιι
633 5859 749 5914 Duo
772 5872 928 5925 mss.,
957 5858 1181 5914 divis-um
1203 5867 1383 5916 contra
1403 5876 1458 5916 se
1479 5858 1836 5928 desolabitur;
1861 5859 1975 5930 alii,
2000 5861 2285 5919 desolatur.
