4004 6332
205 318 258 375 81
682 315 1338 376 COMMENTARIORUM
1375 315 1443 373 IN
1482 304 1936 376 EVANGELIUM
1972 316 2313 375 ΜΑΤΤΙΙᾸΞΙ
2351 317 2484 375 LIB.
2526 317 2591 374 ll.
2632 318 2789 376 CAP.
2831 319 2952 377 XII.
3401 322 3475 378 δη

262 433 428 505 (Vers.
457 428 567 504 52.)
598 431 668 487 Et
694 434 999 503 quicumque
1019 433 1206 489 dixerit
1233 434 1442 488 verbum
1464 443 1644 490 contra
1666 433 1762 489 Fi-
1786 439 1836 499 Α
1856 435 2233 508 justi/icaberis
2256 478 2271 501 ,
2313 446 2360 489 et
2411 452 2474 491 ex
2523 436 2689 492 verbis
2731 437 2837 491 tuis
2867 439 3309 495 condemnaberis.
3359 441 3477 498 Hoc

201 528 312 583 lium
334 525 562 591 hominis,
579 526 870 582 remittetur
885 527 929 581 ei
942 541 960 580 :
977 526 1064 596 qui
1080 534 1249 581 autem
1262 526 1447 581 dixerit
1459 535 1639 581 contra
1653 525 1772 598 Spi-

199 622 334 673 ritum
347 628 592 682 sanctum,
612 635 715 673 non
731 620 1017 674 remittetur
1028 620 1074 673 ei
1081 662 1095 685 ,
1111 635 1274 691 neque
1284 622 1336 675 in
1349 619 1447 674 hoc
1455 619 1669 687 steculo,
1687 632 1769 675 ne-

198 712 533 785 queinfuturo.
545 711 901 782 thuomodo
916 711 1135 782 quidam
1152 720 1462 768 nostrorum
1478 713 1767 784 episcopos

198 814 343 874 atque
369 804 718 875 presbyteros
746 813 871 875 post
893 804 1283 874 hlaSplnemiam
1312 804 1546 877 Spiritus
1573 806 1766 875 sancti,

198 898 242 952 in
266 911 409 951 suum
435 897 703 969 recipiunt
725 896 974 967 gradum,
997 911 1121 952 cum
1144 896 1397 953 Salvator
1417 898 1581 965 dicat,
1603 912 1765 953 omne

194 999 450 1060 peccatum
501 997 557 1044 et
609 987 1002 1060 blaSphemiam
1044 989 1241 1044 dimitti
1273 989 1626 1046 hominibus:
1672 991 1766 1062 qui

197 1092 353 1140 autem
381 1082 436 1138 in
465 1083 727 1155 Spiritum
757 1092 1003 1138 sanctum
1035 1082 1511 1153 blasphemaverit,
1543 1098 1651 1139 non
1683 1084 1769 1139 di-

195 1176 314 1232 mitti
335 1175 381 1231 ei
406 1189 584 1247 neque
606 1176 659 1230 in
692 1176 944 1244 praesenti
969 1184 1231 1246 tempore,
1259 1189 1436 1247 neque
1465 1174 1519 1230 in
1547 1174 1767 1229 futuro?

192 1269 284 1325 Nisi
304 1269 439 1326 forte
457 1268 596 1325 illud
618 1269 688 1326 de
710 1269 893 1325 Marco
915 1269 1255 1341 evangelista
1279 1283 1558 1325 sumamus
1577 1283 1764 1324 exem-

190 1367 336 1435 plum,
358 1364 450 1436 qui
476 1379 672 1421 causas
699 1373 864 1420 tanta:
885 1365 980 1420 ira:
1003 1362 1342 1420 manifestius
1365 1363 1655 1434 expressit,
1684 1363 1765 1419 di-

189 1472 337 1515 cens:
374 1457 512 1526 Quia
564 1457 868 1526 dicebant,
913 1458 1163 1528 spiritum
1211 1456 1547 1513 immundum
1578 1455 1762 1513 habet.

188 1552 308 1623 Ergo
327 1552 658 1623 quicumque
681 1565 846 1622 opera
877 1550 1181 1607 Salvatoris
1204 1550 1510 1607 Beelzebub
1534 1550 1764 1622 principi

187 1647 559 1703 damoniorum
604 1645 922 1717 deputarit;
970 1654 1027 1700 et
1073 1644 1274 1701 dixerit
1316 1644 1511 1700 Filium
1542 1643 1639 1699 Dei
1669 1642 1767 1698 ha-

186 1742 295 1799 bere
320 1741 578 1813 spiritum
609 1741 947 1796 immundum
965 1780 982 1808 ,
1014 1737 1145 1795 huic
1174 1739 1324 1793 nullo
1350 1745 1595 1807 tempore
1620 1737 1764 1792 blas-

186 1833 375 1904 phemia
404 1832 719 1889 remittetur
747 1828 941 1900 (Marc.
973 1845 1032 1886 ut
1054 1871 1071 1899 ,
1102 1829 1221 1900 22).
1258 1828 1351 1884 Vel
1382 1829 1453 1883 ita
1483 1828 1632 1883 locus
1661 1827 1763 1884 iste
1795 1816 1843 1877 B

186 1924 555 1998 intelligendus
582 1934 709 1981 est:
743 1924 846 1991 Qui
872 1924 1099 1980 verbum
1126 1923 1324 1979 dixerit
1343 1930 1537 1979 contra
1567 1920 1759 1976 Filium

184 2019 423 2085 hominis,
457 2018 874 2075 scandalizatus
903 2031 1068 2073 carne
1099 2030 1255 2084 mea,
1298 2024 1353 2071 et
1380 2030 1467 2071 me
1487 2013 1762 2069 hominem

184 2122 365 2169 tantum
384 2112 691 2181 arbitrans,
719 2111 866 2183 quod
889 2109 1032 2165 ﬁlius
1054 2110 1158 2165 sim
1188 2108 1345 2177 fabri,
1377 2117 1435 2164 et
1457 2105 1654 2163 fratres
1677 2105 1766 2162 ba-

184 2205 335 2272 beam,
366 2205 663 2271 Jacohum,
692 2212 750 2261 et
773 2203 977 2276 Joseph
1002 2244 1018 2271 ,
1049 2211 1105 2259 et
1126 2202 1349 2267 Judam;
1396 2209 1450 2257 et
1479 2202 1641 2255 homo
1671 2214 1765 2253 vo-

183 2310 328 2367 rator,
356 2308 410 2357 et
438 2300 557 2355 vini
586 2307 809 2370 potator
835 2298 961 2366 sim,
994 2296 1122 2352 talis
1152 2296 1338 2367 Opinio
1370 2304 1394 2331 ⁸
1424 2303 1586 2364 atque
1617 2292 1762 2348 blas-

183 2391 392 2465 pbemia,
435 2406 777 2465 quamquam
799 2391 960 2461 culpa
984 2407 1091 2446 non
1118 2398 1300 2446 careat
1322 2387 1545 2456 erroris,
1578 2398 1761 2443 tamen

184 2488 349 2544 habeat
378 2489 608 2560 veniam
636 2497 861 2560 propter
881 2487 1134 2558 corporis
1165 2485 1427 2542 vilitatem
1456 2483 1651 2555 (Marc.
1681 2499 1759 2552 vr,

182 2578 290 2634 Luc.
312 2596 389 2647 ut,
420 2579 626 2635 Matth.
660 2580 765 2651 xi).
795 2580 898 2647 Qui
924 2585 1103 2635 autem
1134 2578 1421 2635 manifeste
1450 2577 1762 2648 intelligens

182 2688 321 2743 opera
351 2674 469 2740 Dei,
498 2689 634 2730 cum
656 2673 725 2729 de
753 2674 956 2730 virtute
984 2687 1184 2744 negare
1214 2688 1318 2729 nou
1353 2674 1544 2743 p03sil,
1569 2673 1760 2729 eadem

184 2768 466 2823 stimulatus
511 2766 729 2823 invidia
752 2807 769 2834 ,
802 2767 1203 2832 calumniatur;
1245 2778 1300 2822 et
1323 2765 1601 2821 Christum
1638 2766 1765 2822 Dei-

181 2874 266 2931 que
285 2860 541 2928 Verbum,
578 2870 635 2916 et
656 2875 823 2930 opera
843 2859 1079 2930 Spiritus
1100 2861 1275 2916 sancti
1300 2860 1435 2915 dicit
1456 2873 1577 2914 esse
1604 2858 1763 2914 Beel-

184 2953 366 3009 zebub:
399 2953 490 3010 isti
514 2969 636 3009 non
664 2953 966 3009 dimittetur
988 2966 1161 3025 neque
1185 2955 1237 3008 in
1263 2952 1516 3023 praesenti
1538 2951 1760 3015 saeculo,

182 3060 333 3117 neque
360 3048 413 3102 in
444 3046 665 3103 futuro.

1872 541 2094 598 quoque
2123 529 2295 584 haeret
2318 543 2438 584 cum
2471 529 2865 599 superioribus.
2919 531 2985 586 Et
3014 541 3100 587 est
3129 547 3324 588 sensus
3350 552 3362 589 :
3410 533 3467 591 Si

1869 619 2107 674 otiosum
2131 619 2377 685 verbum,
2428 619 2571 690 quod
2603 635 2943 691 nequaquam
2970 620 3207 678 aediﬁcat
3235 623 3464 681 audien-

1869 718 1971 776 tes,
2004 723 2111 764 non
2141 720 2224 765 est
2246 710 2450 781 absque
2483 711 2723 780 periculo
2754 712 2874 783 ejus
2903 712 2997 784 qui
3028 712 3301 783 loquitur,
3332 726 3386 772 et
3409 716 3465 772 in

1872 802 1963 858 die
1989 802 2179 872 judicii
2206 803 2519 859 redditurus
2543 814 2628 862 est
2652 806 3028 879 unusquisque
3058 807 3322 863 rationem
3346 824 3468 866 ser-

1871 911 2094 952 monum
2125 911 2347 952 suorum
2375 915 2388 951 :
2432 907 2637 968 quanto
2669 901 2841 972 magis
2875 915 3004 967 vos,
3038 903 3130 973 qui
3154 917 3322 975 opera
3347 905 3472 975 Spi-

1868 992 2005 1047 ritus
2031 991 2205 1047 sancti
2226 991 2658 1061 calumniamini,
2688 1002 2745 1049 et
2766 995 2948 1051 dicitis
2969 1009 3056 1051 me
3081 996 3137 1051 in
3160 996 3473 1053 Beelzebub

1871 1082 2118 1154 principe
2167 1082 2564 1140 dmmoniorum
2611 1084 2812 1156 ejicere
2840 1086 3149 1158 daemonia,
3206 1089 3475 1147 reddituri

1867 1179 2004 1235 estis
2051 1179 2325 1235 rationem
2365 1180 2653 1236 calumnia:
2678 1182 2917 1237 vestrm!
2966 1181 3212 1238 Otiosum
3240 1182 3470 1240 verbum

1869 1283 1976 1341 est,
2000 1274 2141 1344 quod
2164 1273 2283 1331 sine
2308 1275 2543 1332 utilitate
2570 1275 2842 1343 loquentis
2865 1275 3063 1332 dicitur
3085 1285 3140 1333 et
3159 1276 3463 1333 audientis:

1867 1366 1915 1422 si
1963 1367 2181 1424 omissis
2226 1368 2426 1435 seriis,
2480 1367 2549 1423 de
2594 1366 2758 1424 rebus
2811 1367 3020 1423 frivolis
3050 1368 3371 1440 loquamur,
3414 1380 3472 1425 et

1871 1458 2080 1515 fabulas
2127 1475 2413 1516 narremus
2445 1460 2720 1531 antiquas.
2781 1458 3058 1517 Caeterum
3089 1462 3183 1532 qui
3215 1462 3468 1519 scurrilia

1868 1559 2115 1629 replicat,
2141 1569 2199 1615 et
2226 1557 2511 1615 cachinnis
2538 1572 2635 1613 ora
2666 1557 2918 1614 dissolvit
2947 1567 3003 1614 et
3027 1557 3229 1629 aliquid
3263 1556 3471 1629 profert

1870 1651 2246 1722 turpitudinis,
2291 1652 2381 1707 hic
2410 1666 2519 1708 non
2547 1652 2706 1708 otiosi
2741 1651 2913 1719 verbi,
2945 1650 3041 1707 sed
3074 1650 3354 1708 criminosi
3387 1659 3471 1708 te-

1871 1741 2092 1798 nebitur
2122 1756 2274 1797 reus.

1941 1835 2125 1908 (Vers.
2160 1835 2275 1907 58.)
2316 1834 2465 1890 Tunc
2498 1835 2876 1905 responderunt
2906 1840 2951 1891 ei
2992 1836 3207 1906 quidam
3234 1836 3295 1891 de
3319 1835 3468 1893 Scri-

1867 1929 1943 1984 bis
1986 1940 2034 1984 et
2086 1928 2370 1985 Pharisteis
2396 1970 2412 1995 ,
2462 1928 2727 1984 dicentes:
2771 1928 3024 2000 Magister
3046 1971 3062 1997 ,
3094 1930 3333 1985 volumus
3359 1948 3392 1985 a
3421 1940 3470 1985 te

1866 2023 2070 2093 signum
2104 2022 2293 2077 videre.
2343 2021 2440 2079 Sic
2469 2022 2686 2093 signum
2716 2024 3029 2094 postulant,
3057 2024 3213 2095 quasi
3234 2038 3360 2094 quae
3383 2036 3469 2079 vr-

1868 2115 2063 2171 derant
2089 2159 2104 2184 ,
2159 2116 2312 2185 signa
2343 2130 2449 2170 non
2480 2114 2707 2171 fuerint.
2765 2114 2872 2171 Sed
2896 2115 2948 2170 in
2978 2114 3088 2170 alio
3115 2114 3465 2186 Evangelista

1869 2207 2000 2280 quid
2050 2215 2240 2279 petant
2288 2207 2499 2278 plenius
2531 2207 2876 2277 explicatur:
2942 2205 3198 2262 Volumus
3225 2207 3336 2280 83
3364 2224 3395 2261 a
3424 2216 3471 2262 te

1867 2301 2071 2372 signum
2090 2299 2261 2354 videre
2288 2300 2352 2355 de
2378 2298 2505 2355 caelo
2531 2299 2727 2373 (Marc.
2754 2315 2870 2365 vnt,
2900 2300 3018 2372 il).
3050 2298 3145 2355 Vel
3172 2298 3224 2354 in
3257 2315 3465 2356 morem

1871 2390 2002 2446 Elia:
2040 2389 2221 2461 ignem
2264 2389 2333 2445 de
2365 2391 2585 2446 sublimi
2614 2391 2803 2446 venire
2828 2390 3159 2461 cupiebant,
3193 2392 3277 2447 vel
3312 2392 3364 2447 in
3397 2394 3473 2447 si-

1872 2483 2236 2540 militudinem
2268 2482 2565 2549 Samuelis,
2601 2493 2847 2555 tempore
2876 2485 3068 2541 aestivo
3096 2482 3126 2523 ι’
3147 2495 3341 2541 contra
3372 2500 3472 2541 na-

1871 2587 2049 2635 turam
2081 2578 2185 2634 loci
2215 2577 2429 2649 mugire
2458 2578 2727 2642 tonitrua,
2759 2592 3054 2634 coruscare
3085 2577 3295 2648 fulgura
3321 2621 3336 2643 ,
3370 2579 3473 2633 im-

1873 2672 1998 2727 bres
2026 2685 2217 2737 ruere,
2248 2670 2403 2741 quasi
2435 2684 2544 2725 non
2573 2670 2785 2741 possint
2805 2678 2864 2726 et
2892 2670 2984 2726 illa
3017 2670 3382 2739 calumniari,
3415 2680 3473 2728 et

1865 2764 2052 2821 dicere
2098 2779 2168 2820 ex
2212 2763 2444 2818 occultis
2490 2772 2547 2818 et
2570 2762 2738 2818 variis
2770 2762 2914 2819 aeris
2942 2761 3291 2834 passionibus
3325 2764 3474 2820 acci-

1866 2859 2034 2916 disse.
2095 2858 2227 2915 Nam
2278 2858 2371 2928 qui
2418 2856 2776 2913 calumniaris
2825 2873 2888 2913 ea
2938 2873 3059 2927 quae
3085 2857 3258 2914 oculis
3289 2858 3466 2926 vides,

1868 2968 2033 3008 manu
2064 2962 2244 3017 tenes,
2276 2951 2510 3007 utilitate
2538 2950 2711 3006 sentis
2736 2967 2752 3007 :
2784 2949 2913 3021 quid
2943 2948 3184 3006 facturus
3209 2966 3268 3006 es
3290 2950 3357 3006 de
3384 2951 3469 3007 his

1867 3060 1989 3117 qua:
2045 3044 2113 3100 de
2164 3043 2304 3099 ccelo
2349 3042 2650 3098 venerint?
2705 3042 2903 3114 Utique
2953 3042 3355 3112 reapondebis,
3410 3054 3469 3100 et

240 3141 406 3213 (Vers.
434 3143 565 3213 53.)
616 3142 721 3197 Aut
759 3142 912 3212 facile
940 3141 1176 3197 arborem
1204 3142 1392 3197 bonam
1415 3183 1431 3208 ,
1463 3150 1511 3197 et
1539 3143 1767 3215 fructum
1795 3138 1841 3202 C
1873 3151 2059 3209 magos
2125 3137 2179 3192 in
2237 3134 2478 3207 Egypto
2525 3134 2695 3192 multa
2748 3136 2903 3208 signa
2960 3136 3159 3193 fecisse
3184 3222 3187 3223 ν
3212 3137 3283 3193 de
3328 3139 3469 3195 rmlo

185 3236 275 3306 ejus
298 3236 519 3292 bonum:
585 3244 675 3290 aut
726 3238 883 3308 facile
920 3235 1158 3291 arborem
1187 3237 1380 3290 malam
1405 3278 1420 3303 ,
1461 3244 1512 3290 et
1536 3239 1765 3307 fructum

184 3333 277 3402 ejus
307 3332 523 3387 malum.
587 3329 863 3403 Siquidem
910 3347 975 3386 ea.
1015 3334 1191 3403 [ructu
1242 3330 1398 3386 arbor
1444 3330 1763 3404 agnoscitur.

184 3419 495 3495 Consuingit
519 3438 625 3481 eos
655 3423 997 3495 syllogismo,
1028 3439 1189 3495 quem
1217 3422 1389 3479 Graeci
1419 3434 1616 3478 vocant
1638 3421 1766 3497 ἄφυ-

186 3540 281 3573 κτον
299 3561 313 3583 ,
342 3522 448 3593 82
476 3533 592 3576 nos
618 3517 965 3574 ineuitabilem
993 3532 1283 3589 possumus
1309 3518 1623 3589 appellare:
1674 3516 1766 3588 qui
1805 3550 1809 3555 -

189 3610 523 3685 interrOgatos
573 3612 703 3669 hinc
749 3612 877 3668 inde
908 3611 1215 3679 concludit,
1247 3620 1303 3667 et
1332 3619 1567 3681 utroque
1595 3626 1764 3665 cornu

191 3702 382 3769 premit.
434 3704 493 3761 Si
520 3750 538 3773 ,
580 3704 778 3774 inquit,
811 3701 1061 3758 diabolus
1091 3702 1264 3757 malus
1294 3712 1398 3765 est,
1430 3702 1571 3757 bona
1598 3716 1765 3771 opera

192 3793 348 3852 facere
389 3812 498 3853 non
548 3805 754 3868 potest.
820 3795 876 3852 Si
930 3808 1107 3850 autem
1146 3797 1289 3851 bona
1319 3805 1447 3851 sunt
1475 3810 1595 3866 qua:
1627 3796 1765 3851 facta

190 3888 393 3943 cernitis
413 3931 430 3954 ,
464 3889 727 3959 sequitur
767 3898 825 3942 ut
863 3902 971 3942 non
1003 3887 1075 3942 sit
1102 3886 1357 3942 diabolus
1394 3888 1482 3958 qui
1512 3903 1575 3943 ea
1608 3886 1760 3943 facit.

188 3977 349 4053 Neque
376 3983 523 4039 enim
559 3981 683 4038 fieri
715 3989 923 4052 potest,
958 3991 1014 4037 ut
1035 3996 1103 4036 ex
1135 3981 1284 4036 malo
1313 3982 1538 4049 bonum,
1580 3989 1672 4036 aut
1698 3995 1762 4035 ex

190 4071 314 4128 bono
330 4076 540 4130 oriatur
574 4073 801 4129 malum.
846 4072 1001 4139 Quod
1032 4082 1212 4129 autem
1237 4075 1519 4145 sequitur:

252 4166 421 4233 (Vere.
450 4166 580 4238 δι.)
609 4165 894 4239 Progenies
923 4168 1235 4240 viperarum.
1268 4167 1525 4237 quomodo
1556 4166 1767 4239 potestis

192 4260 302 4315 bona
330 4262 466 4330 loqui
507 4278 633 4316 cum
664 4262 776 4314 sitis
814 4260 985 4314 mali?
1022 4259 1106 4314 Ea:
1133 4260 1453 4314 abundantia
1484 4260 1620 4314 enim
1648 4276 1765 4314 cor-

193 4354 261 4407 dis
300 4372 350 4409 os
392 4358 651 4428 loquitur.
699 4353 953 4410 Ostendit
999 4354 1122 4409 illos
1149 4354 1401 4410 arborem
1430 4354 1628 4409 malam
1655 4395 1670 4419 ,
1714 4362 1771 4409 et

1876 3230 2075 3303 (Exod.
2106 3230 2230 3303 vn).

1945 3326 2130 3398 (Vers.
2160 3325 2276 3398 39.)
2333 3324 2436 3395 Qui
2482 3326 2844 3400 respondens,
2892 3328 2969 3383 ait
2993 3328 3138 3383 illis:
3189 3326 3472 3384 Generatio

1870 3418 2012 3473 mala
2056 3426 2103 3473 et
2141 3420 2401 3474 adultera.
2460 3419 2690 3489 Egregie
2728 3419 2865 3475 dixit
2905 3420 3191 3477 adultera:
3234 3421 3359 3492 quia
3390 3422 3474 3478 di-

1870 3512 2095 3568 miserat
2122 3512 2324 3577 virum,
2356 3521 2412 3568 et
2445 3511 2599 3582 juxta
2630 3511 3001 3579 Ezecliielem,
3030 3512 3216 3570 multis
3240 3528 3299 3570 se
3324 3529 3466 3569 ama-

1873 3604 2082 3660 toribus
2109 3604 2461 3671 copulaverat
2489 3602 2705 3675 (Ezech.
2737 3605 2877 3676 xvi).

1946 3695 2131 3765 (Vera.
2162 3693 2283 3768 40.)
2322 3694 2545 3767 Signum
2574 3698 2783 3767 quierit,
2817 3706 2864 3753 et
2891 3698 3097 3771 signum
3124 3716 3228 3755 non
3260 3700 3471 3758 dabitur

1871 3787 1942 3853 ei,
1974 3787 2075 3842 nisi
2097 3787 2301 3860 signum
2331 3786 2483 3842 Iona:
2510 3788 2781 3859 praphetaz
2820 3789 3003 3861 (Joan.
3033 3790 3116 3863 It).
3157 3791 3308 3848 Sicut
3336 3795 3472 3849 enim

1870 3879 1969 3951 fuit
2007 3878 2172 3934 Jonas
2211 3881 2267 3933 in
2306 3888 2479 3934 uentre
2513 3881 2608 3935 ceti
2638 3881 2801 3936 tribus
2830 3883 3012 3937 diebus
3040 3892 3089 3938 et
3117 3885 3281 3940 tribus
3304 3888 3474 3941 nocti-

1869 3970 2004 4027 bus:
2035 3973 2109 4026 sic
2138 3972 2233 4027 erit
2275 3969 2448 4027 Filius
2476 3973 2701 4028 hominis
2730 3975 2783 4029 in
2805 3976 2960 4030 corde
2987 3986 3139 4031 terra:
3166 3979 3330 4034 tribus
3359 3979 3473 4033 die-

1870 4065 1962 4121 bus
1992 4077 2040 4120 et
2076 4066 2236 4121 tribus
2263 4067 2516 4122 noctibus.
2565 4068 2640 4123 De
2669 4068 2773 4123 hoc
2806 4068 2930 4125 loco
2961 4070 3179 4139 plenius
3210 4071 3264 4126 in
3307 4073 3470 4129 Com-

1870 4161 2154 4217 mentariis
2195 4161 2351 4218 Iona:
2400 4162 2678 4233 prophetae
2717 4162 3153 4234 disputavimus:
3207 4167 3275 4222 ad
3318 4166 3470 4223 illum

1871 4270 2003 4326 ergo
2046 4254 2226 4311 locum
2282 4256 2501 4312 lectoris
2555 4256 2897 4326 diligentiam
2942 4258 3293 4314 remittimus.
3358 4259 3475 4316 Hoc

1870 4347 2117 4403 breviter
2157 4362 2302 4402 nunc
2329 4346 2535 4402 dixisse
2559 4348 2806 4403 contenti
2834 4390 2850 4414 ,
2900 4348 3042 4419 quod
3072 4350 3481 4423 synecdocbice

194 4447 309 4501 tales
348 4448 546 4505 afferre
590 4447 806 4503 fructos
854 4446 1209 4517 blasphemia:
1240 4446 1609 4502 redundantes
1654 4445 1764 4520 [AL
1793 4460 1847 4521 ι)
1876 4447 2045 4495 totum
2088 4439 2429 4510 intelligatur
2477 4454 2543 4495 ex
2573 4448 2766 4511 parte:
2819 4456 2929 4497 non
2958 4441 3105 4513 quod
3135 4456 3328 4498 omnes
3359 4451 3476 4500 tres

194 4541 562 4616 redundantis]
588 4584 603 4607 ,
637 4541 822 4612 qualia
856 4540 1088 4595 habeant
1118 4540 1325 4596 semina
1352 4538 1577 4595 diaboli.

252 4635 423 4707 (Vers.
456 4637 582 4708 35.)
637 4635 815 4689 Bonus
852 4633 1005 4689 honto
1038 4634 1100 4689 de
1130 4634 1260 4688 bona
1303 4632 1543 4688 thesauro
1574 4637 1771 4705 profert

196 4726 324 4782 bona.
365 4729 432 4784 Et
458 4731 637 4784 malus
666 4728 820 4783 homo
864 4729 929 4781 de
954 4728 1092 4782 malo
1119 4729 1358 4781 thesauro
1384 4727 1582 4799 profert
1608 4726 1767 4780 mala.

198 4820 278 4877 Vel
302 4823 445 4892 ipsos
469 4825 701 4881 Iudaeos
736 4823 1024 4879 Dominum
1058 4822 1504 4894 blasphemantes
1531 4823 1773 4878 ostendit

196 4913 253 4971 de
282 4920 418 4989 quali
457 4918 725 4975 thesauro
761 4917 1134 4989 hlasphemias
1165 4918 1484 4989 proferant,
1532 4918 1617 4973 vel
1646 4933 1767 4973 cum

195 5013 439 5080 superiori
467 5012 781 5082 quatstione
809 5010 983 5067 haeret
1008 5013 1302 5077 sententia,
1334 5011 1477 5083 quod
1500 5010 1772 5082 quomodo

198 5113 288 5155 non
319 5105 486 5170 possit
523 5104 700 5159 bonus
748 5104 912 5159 homo
960 5103 1205 5174 proferre
1246 5103 1384 5159 mala
1409 5145 1425 5171 ,
1466 5119 1567 5161 nec
1598 5104 1772 5160 malus

196 5191 354 5249 bona:
380 5197 461 5252 sic
487 5213 599 5251 non
627 5197 794 5267 possit
819 5194 1070 5253 Christus
1092 5197 1256 5265 mala,
1276 5206 1331 5254 et
1352 5198 1609 5254 diabolus
1632 5198 1771 5253 bona

198 5299 342 5354 opera
368 5288 579 5345 facere.

257 5379 431 5450 (Vere.
460 5383 558 5447 36,
591 5381 711 5455 57.)
765 5383 891 5439 Dico
932 5394 1103 5440 autem
1132 5386 1274 5441 vobis
1296 5428 1312 5454 ,
1353 5387 1599 5456 quoniam
1626 5402 1776 5441 omne

198 5471 382 5526 verbum
412 5477 668 5541 otiosum,
696 5477 836 5547 quod
861 5477 1018 5531 locuti
1052 5480 1242 5550 fuerint
1275 5479 1527 5547 homines,
1559 5480 1773 5534 reddent

198 5568 429 5623 rationem
478 5569 548 5621 de
592 5584 651 5622 eo
691 5570 748 5622 in
791 5569 873 5624 die
918 5571 1124 5641 iudicii.
1178 5571 1262 5628 Ea:
1296 5574 1457 5628 verbis
1492 5575 1630 5629 enim
1677 5576 1779 5629 tuis

267 5707 285 5728 '
306 5707 611 5788 Legebatur
637 5717 798 5765 antea
821 5728 834 5764 :
869 5712 1047 5788 opinio
1062 5712 1253 5785 absque
1274 5714 1631 5788 blasphemia;
1659 5731 1781 5787 quae

205 5778 321 5834 falsa
359 5778 525 5837 lectio
568 5781 676 5835 visa
728 5792 848 5847 est,
899 5778 1132 5842 maxime
1161 5778 1784 5844 nostris'contradicen-

204 5850 331 5907 tibiis
353 5867 489 5909 mss.
536 5866 768 5924 quorum
808 5868 910 5924 ope
948 5857 1321 5926 restituimus,
1358 5869 1507 5928 atque
1532 5875 1633 5932 pro
1662 5860 1782 5914 abs-

1876 4536 1995 4592 dies
2024 4544 2080 4592 et
2104 4544 2217 4591 tres
2249 4546 2441 4591 noctes
2473 4535 2526 4590 in
2562 4535 2778 4592 inferno
2804 4535 3067 4592 Dominus
3096 4537 3343 4603 steterit;
3373 4536 3473 4593 sed

1877 4628 2022 4700 quod
2063 4628 2117 4683 in
2150 4637 2305 4699 parte
2333 4626 2683 4687 Parasceves.
2712 4640 2765 4683 et
2787 4627 3085 4683 Dominicte
3108 4672 3123 4696 ,
3169 4639 3224 4683 et
3248 4636 3362 4683 tota
3386 4628 3475 4683 die

1876 4720 2113 4789 sabbati,
2144 4730 2260 4776 tres
2284 4718 2400 4774 dies
2427 4728 2481 4774 et
2510 4717 2736 4775 totidem
2764 4730 2953 4775 noctes
2978 4719 3374 4790 intelligantur.

1951 4812 2132 4884 (Vers.
2153 4812 2217 4867 M
2232 4813 2272 4885 .)
2285 4813 2399 4869 Viri
2416 4813 2665 4868 Ninivitte
2677 4819 2889 4883 surgent
2904 4811 2960 4866 in
2967 4811 3173 4885 judicio
3186 4827 3303 4867 cum
3318 4827 3475 4883 gene-

1877 4906 2080 4960 ratione
2107 4907 2233 4974 ista,
2259 4916 2306 4961 et
2335 4905 2747 4961 condemnabunt
2771 4920 2926 4959 eam:
2967 4907 3091 4976 quia
3122 4904 3475 4970 penitentiam

1876 5009 2089 5072 egerunt
2124 5001 2181 5055 in
2224 5000 2594 5070 prwdicutione
2636 4996 2808 5052 Jome.
2861 4996 2979 5053 Non
3002 4999 3289 5054 sententiae
3319 5007 3474 5068 pote.

1874 5100 2037 5161 state,
2071 5075 2167 5149 sed
2192 5091 2623 5164 comparationis
2652 5090 2931 5160 exemplo.

1949 5193 2021 5249 Et
2044 5210 2159 5249 ecce
2184 5193 2303 5267 plus
2326 5210 2485 5265 quam
2511 5189 2676 5246 Jonas
2702 5190 2807 5245 hic.
2842 5188 2960 5255 Hic,
2988 5188 3306 5246 adverbium
3337 5188 3468 5254 loci,

1879 5309 1987 5351 non
2016 5307 2315 5365 pronomen
2347 5291 2643 5362 intelligas.
2673 5289 2873 5355 Jonas,
2913 5289 3210 5345 secundum
3236 5289 3469 5359 Septua-

1877 5390 2024 5461 ginta
2053 5387 2409 5457 lnterpretes,
2443 5385 2623 5447 triduo
2652 5384 3002 5456 praedicavit:
3032 5398 3133 5456 ego
3156 5392 3309 5440 tanto
3331 5393 3470 5440 tem-

1881 5496 2035 5553 pore.
2091 5479 2188 5536 llle
2241 5479 2477 5551 Assyriis
2520 5478 2667 5549 genti
2721 5476 3011 5533 incredulae
3051 5494 3066 5531 :
3120 5490 3222 5547 ego
3271 5475 3474 5532 Judaais

1883 5575 2084 5646 populo
2112 5575 2228 5630 Dei.
2279 5572 2376 5630 llle
2426 5571 2763 5644 peregrinis:
2816 5584 2918 5642 ego
2940 5568 3168 5625 civibus.
3226 5569 3321 5626 Ille
3343 5582 3480 5627 voce

1886 5733 2004 5827 qu?
2015 5787 2193 5846 Verba
2219 5798 2400 5845 contra
2428 5798 2671 5843 naturam
2696 5748 2795 5842 loci
2820 5782 3035 5840 Bhabb.
3071 5782 3310 5858 ignorat.
