4004 6332
458 302 527 357 83
1702 298 1762 353 S.
1806 288 2082 353 EUSEBll
2121 292 2499 353 thRONYlll
3687 297 3758 355 84

458 420 675 476 loeutus
715 428 801 476 est
840 419 1106 489 simplici,
1159 428 1184 456 ι
1219 416 1351 473 nihil
1377 417 1656 488 signorum
1683 414 1918 470 faciens:
1947 422 2050 484 ego
2077 416 2128 476 Α
2158 414 2247 470 bat
2275 414 2418 469 enim
2446 410 2706 484 templum
2738 414 3070 481 .ludtrorum,
3106 423 3161 471 ct
3181 411 3457 471 Christum
3485 412 3762 485 hoSpitem

462 524 611 571 tanta
642 515 849 572 faciens
877 515 1033 585 signa
1055 558 1071 584 ,
1104 511 1411 570 Beelzebub
1439 510 1767 567 calumniam
1794 508 2058 566 sustineo.

466 608 593 664 Plus
612 623 746 680 ergo
765 614 850 666 est
874 606 1011 665 Jona
1040 606 1127 663 hic
1148 653 1162 677 ,
1191 606 1245 662 id
1285 613 1372 662 est
1398 650 1412 674 ,
1448 605 1503 661 in
1531 604 1946 677 praesentiarum
1978 602 2064 658 in-

466 710 553 759 ter
591 717 711 757 vos.

541 795 723 869 (Vers.
755 794 874 868 42.)
919 794 1124 867 Regina
1166 792 1343 849 Austri
1395 803 1567 864 surget
1612 792 1667 847 in
1706 791 1909 863 judicio
1946 807 2063 846 cum

466 892 794 963 generatione
831 889 952 954 ista,
981 894 1030 943 et
1051 884 1409 943 condemnabit
1436 903 1549 943 eam
1583 887 1706 958 quia
1730 886 1864 939 venit
1891 902 1922 939 a
1944 883 2067 954 fini-

468 984 564 1037 bus
595 992 747 1038 terra:
772 980 956 1035 audire
983 980 1289 1052 sapientiam
1311 978 1635 1035 Salomonis.
1692 975 1758 1029 Et
1806 992 1925 1031 ecce
1949 975 2067 1048 plus

469 1090 623 1147 quam
658 1073 907 1130 Salomon
953 1074 1056 1127 hic.
1115 1069 1228 1145 84
1252 1070 1459 1127 Eodem
1487 1071 1647 1126 modo
1676 1068 2066 1126 condemnabit

471 1168 659 1240 regina
700 1167 888 1223 Austri
918 1166 1177 1238 papulum
1206 1164 1525 1221 .ludaeorum
1552 1208 1568 1234 ,
1601 1179 1709 1235 quo
1736 1163 2068 1220 condemna-

473 1263 605 1318 buut
631 1262 733 1317 viri
772 1261 1024 1317 Ninivitae
1056 1259 1313 1316 lsraelem
1346 1258 1709 1315 incredulum.
1742 1255 1850 1314 lsta
1884 1266 2069 1313 autem

472 1363 556 1410 est
604 1355 788 1426 regina
816 1354 993 1423 Saba,
1043 1353 1109 1408 de
1162 1367 1264 1424 qua
1294 1352 1351 1408 in
1381 1352 1587 1424 Regum
1618 1352 1899 1409 volumine
1927 1359 1985 1407 et
2013 1352 2069 1406 in

470 1449 929 1521 Paralipomenon
959 1447 1189 1519 legimus
1216 1445 1310 1520 (Ill
1337 1445 1466 1519 Reg.
1502 1464 1555 1515 κ,
1587 1445 1631 1504 ιι
1661 1446 1783 1502 Par.
1810 1446 1917 1519 ut):
1949 1461 2071 1519 qua!

474 1556 573 1609 per
600 1549 781 1596 tantas
803 1539 1157 1596 difficultates
1182 1581 1196 1606 ,
1247 1547 1408 1611 gente
1438 1554 1536 1595 sua
1563 1549 1618 1597 et
1652 1542 1886 1613 imperio
1914 1540 2074 1598 derc-

481 1634 624 1690 lictis
654 1680 668 1703 ,
712 1634 865 1690 venit
895 1635 948 1688 in
980 1633 1222 1689 iudicem
1253 1633 1445 1689 audire
1471 1634 1794 1706 sapientiam
1824 1633 2074 1693 Salernu-

478 1729 585 1794 nis,
620 1739 674 1783 ct
699 1729 747 1783 ei
780 1728 946 1782 multa
972 1742 1197 1782 munera
1232 1726 1445 1782 detulit.
1500 1726 1557 1782 ln
1586 1728 1781 1784 Ninive
1817 1738 2000 1784 autem
2020 1736 2077 1783 et

2165 522 2270 565 non
2300 507 2534 565 habebat
2559 550 2573 571 .
2627 508 2934 564 dicentem:
2996 508 3209 580 Surgite
3234 551 3249 574 ,
3294 518 3343 563 et
3367 507 3610 563 abeamus
3639 505 3766 561 hinc

2168 600 2347 673 (Joan.
2380 616 2489 672 xlv,
2516 598 2632 674 3i).
2667 600 2733 657 Et
2762 602 2815 657 in
2844 602 2953 657 alio
2985 601 3143 657 loco:
3170 599 3476 657 Dimittetur
3500 600 3641 656 vobis
3668 600 3768 656 do-

2166 709 2280 749 mus
2300 703 2465 749 vestra
2495 694 2697 750 deserta
2718 692 2874 767 (Luc.
2902 709 3024 759 xm,
3052 694 3169 767 55).
3220 693 3358 763 Quia
3388 696 3552 768 igitur
3580 704 3636 751 et
3664 691 3768 751 Dei

2167 795 2222 843 et
2249 787 2562 859 angelorum
2591 786 2842 857 prmsidia
2866 801 2975 843 non
3001 785 3298 859 habebant,
3329 796 3384 845 et
3409 789 3585 845 ornati
3611 795 3770 846 erant

2168 880 2459 950 supet-lluis
2502 878 2979 938 observationibus
3018 878 3178 953 Legis
3207 924 3222 950 ,
3283 890 3339 939 et
3383 881 3771 938 traditionibus

2169 973 2567 1031 Pharisaeorum
2599 1016 2614 1041 ,
2663 973 2962 1030 revertitur
3007 974 3261 1032 diabolus
3308 973 3377 1031 ad
3398 975 3584 1031 sedem
3611 989 3771 1031 suam

2169 1066 2456 1138 pristinam
2487 1084 2503 1122 :
2534 1074 2588 1123 et
2611 1068 2923 1138 septenario
2952 1067 3057 1123 sibi
3085 1083 3312 1124 numero
3338 1068 3644 1124 daemonum
3673 1065 3776 1124 ad-

2171 1159 2307 1226 dito,
2336 1156 2548 1214 habitat
2575 1158 2860 1231 pristinam
2891 1159 3111 1216 domum
3131 1204 3144 1226 ,
3174 1168 3230 1216 et
3256 1160 3390 1216 fiunt
3410 1159 3554 1216 illius
3574 1159 3772 1232 populi

2174 1250 2464 1306 novissima
2497 1250 2679 1323 pejora
2713 1251 3000 1323 prioribus.
3034 1251 3204 1308 Multo
3229 1253 3374 1310 enim
3406 1266 3551 1309 nunc
3576 1251 3776 1323 maiori

2173 1347 2478 1403 daemonum
2521 1363 2756 1404 numero
2808 1346 3187 1419 possidentur,
3238 1348 3682 1421 blasphemautes
3715 1348 3777 1407 in

2175 1441 2462 1514 synagogis
2490 1440 2602 1497 suis
2629 1439 2908 1496 Christum
2934 1438 3121 1497 Jesum
3151 1482 3167 1504 ,
3223 1454 3386 1514 quam
3435 1440 3489 1498 in
3535 1439 3779 1516 Egypto

2178 1534 2418 1608 possessi
2457 1535 2673 1593 fuerant
2697 1545 2823 1592 ante
2846 1535 3007 1609 Legis
3030 1536 3274 1593 notitiam
3305 1555 3319 1592 :
3366 1537 3496 1609 quia
3520 1537 3664 1593 aliud
3692 1544 3782 1596 est

2176 1640 2462 1688 venturum
2488 1644 2597 1687 non
2621 1629 2869 1694 credere,
2898 1632 3044 1686 aliud
3068 1646 3193 1686 eum
3218 1646 3327 1687 non
3353 1632 3661 1702 suscepisse
3681 1629 3782 1704 qui

2179 1726 2416 1781 venerit.
2465 1724 2851 1796 Septenarium
2900 1735 3079 1781 autem
3126 1740 3412 1781 numerum
3460 1726 3784 1796 adiunctum

478 1822 532 1874 in
560 1820 744 1890 regina
769 1818 915 1876 Saba
937 1860 951 1885 ,
982 1818 1195 1874 occulte
1222 1816 1328 1889 {AL
1361 1817 1600 1892 occulta]
1632 1819 1766 1876 lides
1798 1818 2073 1876 nationum
2108 1810 2153 1878 Β
2182 1818 2420 1886 diabolo,
2452 1819 2538 1875 vel
2570 1830 2793 1890 propter
2819 1818 3100 1874 sabbatum
3128 1818 3365 1889 intellige
3388 1862 3402 1887 ,
3437 1818 3520 1874 vel
3550 1827 3784 1891 propter

477 1914 768 1983 praefertur
798 1911 984 1967 lsracl.

550 2005 734 2079 (Vers.
762 2006 881 2077 45.)
931 2003 1063 2060 Cum
1106 2013 1277 2061 autent
1307 2007 1606 2063 immundus
1637 2009 1849 2080 spiritus
1894 2011 2077 2068 exierit

481 2102 542 2157 ab
562 2098 773 2154 homine
797 2142 811 2166 ,
862 2100 1093 2155 ambulat
1119 2116 1210 2173 per
1240 2102 1352 2156 loca
1381 2103 1529 2156 arida
1551 2143 1566 2169 ,
1597 2116 1832 2175 querens
1852 2105 2080 2174 requiem

480 2202 530 2247 et
574 2208 675 2247 non
715 2190 927 2248 inuenit.
979 2191 1123 2248 Tunc
1158 2195 1306 2251 dicit.
1354 2193 1584 2262 Quidam
1615 2194 1777 2252 istutn
1803 2198 1979 2254 locum
2010 2198 2081 2256 de

483 2288 760 2343 barreticis
790 2287 991 2343 dictum
1027 2297 1217 2359 putant
1246 2332 1259 2354 ,
1310 2290 1453 2360 quod
1492 2286 1805 2347 immundus
1833 2293 2079 2362 spiritus,

483 2381 577 2450 qui
607 2381 659 2435 itt
688 2381 769 2435 eis
801 2390 958 2435 antea
1004 2379 1341 2437 habitaverat
1379 2382 1599 2453 quando
1639 2384 1873 2454 gentiles
1901 2393 2078 2451 erant,

484 2473 552 2528 ad
603 2474 1001 2529 confessionem
1053 2488 1196 2529 vera:
1238 2471 1361 2529 fidei
1404 2474 1692 2545 ejiciatur:
1734 2484 1920 2548 postea
1952 2492 2083 2534 vero

485 2581 612 2621 cum
643 2579 703 2621 se
726 2565 793 2620 ad
821 2566 1069 2622 haeresim
1090 2566 1472 2623 transtulerint
1493 2575 1549 2624 et
1572 2565 1843 2624 simulatis
1869 2568 2085 2626 virtuti-

490 2662 593 2715 bus
637 2660 950 2716 ornaverint
979 2660 1196 2716 domum
1221 2674 1375 2718 suam
1404 2704 1418 2729 ,
1450 2667 1577 2716 tunc
1600 2661 1726 2716 aliis
1748 2673 1959 2735 septem
1992 2677 2086 2720 ne-

489 2770 650 2826 quam
681 2755 961 2825 spiritibus
982 2755 1274 2826 adiunctis,
1305 2762 1607 2812 revertatur
1632 2755 1697 2812 ad
1723 2768 1816 2812 eos
1838 2756 2086 2814 diabolus

489 2856 544 2903 et
574 2847 779 2932 habitet
810 2848 861 2902 in
889 2847 1036 2904 illis:
1080 2849 1322 2919 tiantque
1350 2847 1650 2904 novissima
1678 2864 1868 2905 eorum
1901 2849 2085 2921 pejora

490 2940 787 3012 prioribus.
836 2940 1003 2996 Multo
1030 2942 1231 3012 quippe
1258 2940 1435 3012 peiori
1466 2940 1782 2997 conditione
1812 2957 1935 2999 sum
1968 2943 2084 2999 hae-

490 3036 648 3092 retici
687 3049 848 3106 quam
895 3033 1167 3107 gentiles:
1202 3035 1322 3104 quia
1357 3033 1409 3089 in
1442 3034 1549 3089 illis
1577 3050 1701 3104 Spes
1729 3034 1854 3091 fidei
1884 3048 1990 3103 est,
2034 3044 2090 3092 et

491 3130 545 3184 iu
570 3129 692 3185 istis
714 3141 893 3199 pugna
919 3120 1227 3182 discordias.
1263 3124 1399 3182 Cum
1425 3126 1539 3183 haec
1560 3127 1913 3200 intelligentia
1936 3129 2090 3200 plau-

2190 1927 2481 1968 nnmerunt
2527 1912 2763 1984 Spiritus
2795 1910 2965 1967 sancti
2994 1930 3007 1967 :
3053 1922 3112 1967 ut
3143 1910 3416 1984 quomodo
3449 1911 3502 1967 in
3532 1910 3668 1966 lsaia
3691 1928 3790 1967 su—

2182 2019 2280 2075 per
2310 2002 2518 2076 virgam
2563 2004 2630 2059 de
2652 2002 2833 2059 radice
2857 2002 3034 2073 Jesse,
3067 2013 3123 2059 et
3151 2000 3343 2058 llot'cm
3375 2004 3465 2073 qui
3498 2004 3564 2059 de
3590 2002 3790 2061 radice

2182 2097 2540 2165 conscendit,
2595 2105 2804 2167 septen:
2847 2097 3071 2168 Spiritus
3118 2095 3380 2153 virtutum
3426 2094 3788 2154 descendisse

2183 2199 2474 2247 narrantur
2506 2185 2642 2261 (Isa.
2666 2188 2778 2263 at);
2808 2187 2880 2245 ita
2909 2187 3213 2246 ccontrario
3242 2188 3495 2245 vitiorum
3526 2206 3793 2247 numerus

2185 2285 2237 2338 iu
2267 2282 2482 2340 diabolo
2509 2292 2865 2339 consecratus
2896 2283 2984 2337 sit.

2256 2376 2437 2450 (Vers.
2468 2374 2538 2430 46
2563 2372 2744 2448 seqq.)
2772 2375 2956 2430 Adhuc
2981 2392 3037 2431 eo
3070 2375 3308 2447 loquente
3336 2377 3407 2431 ad
3437 2377 3639 2446 turbas,
3671 2395 3799 2435 ecce

2186 2480 2353 2525 mater
2384 2474 2497 2545 ejus
2527 2481 2573 2524 et
2605 2470 2794 2542 fratres
2823 2470 3032 2525 stabant
3060 2471 3191 2542 foris
3217 2479 3503 2542 qttwrentes
3535 2470 3679 2543 loqui
3711 2473 3789 2530 ei.

2186 2564 2332 2620 Dixit
2361 2574 2531 2620 autem
2563 2565 2610 2620 ei
2637 2564 2849 2636 quidam
2878 2580 2896 2619 :
2928 2562 3061 2619 Ecce
3088 2573 3253 2618 mater
3283 2574 3390 2630 tua,
3419 2573 3467 2618 et
3490 2567 3681 2635 fratres
3712 2565 3800 2620 tui

2186 2659 2315 2731 foris
2339 2668 2477 2714 stant
2501 2669 2779 2729 qucerentes
2802 2670 2867 2715 te.
2896 2659 2962 2713 At
2986 2660 3092 2731 ipse
3119 2657 3431 2732 respondens
3456 2658 3647 2713 dicenti
3667 2660 3796 2731 sibi,

2186 2756 2257 2808 ait
2302 2766 2321 2807 :
2365 2751 2494 2817 Qua?
2533 2762 2605 2807 est
2635 2762 2799 2807 mater
2824 2768 2953 2818 mea,
2986 2761 3035 2806 et
3061 2753 3149 2821 qui
3178 2760 3301 2806 sunt
3328 2755 3519 2824 fratres
3549 2751 3693 2807 mei?
3720 2750 3796 2807 Et

2187 2844 2467 2900 extendens
2494 2858 2705 2897 manum.
2729 2843 2783 2896 in
2816 2842 3101 2915 discipulos
3132 2860 3271 2911 suos,
3301 2845 3450 2899 dixit.
3480 2842 3802 2915 Occupattts

2190 2947 2307 2995 erat
2332 2934 2598 2993 Dominus
2630 2936 2680 2991 iu
2713 2951 2881 3008 opere
2912 2937 3181 2993 sermonis
3222 2980 3234 3004 ,
3267 2936 3320 2993 in
3351 2937 3591 2994 doctrina
3623 2955 3805 3010 popu-

2190 3031 2403 3096 lorum,
2448 3028 2501 3083 in
2542 3028 2726 3084 ofticio
2766 3029 3121 3100 praedicandi,
3168 3040 3342 3086 mater
3380 3039 3436 3087 et
3476 3029 3673 3087 fratres
3700 3047 3806 3087 ve-

2193 3126 2369 3195 niunt,
2412 3134 2468 3181 et
2509 3124 2639 3180 foris
2684 3131 2850 3191 stant,
2894 3134 2949 3181 et
2991 3127 3041 3181 ei
3088 3125 3399 3181 desiderant
3441 3123 3607 3196 loqui.
3641 3124 3807 3182 Tunc

495 3238 614 3277 sum
644 3221 933 3292 quemdam
965 3230 1019 3275 et
1047 3220 1285 3274 colorem
1309 3220 1572 3275 doctrinm
1602 3222 1869 3291 prteferat,
1904 3218 2091 3279 nescio
2116 3208 2162 3270 C
2196 3217 2412 3289 quidam
2444 3218 2655 3273 nuntiat
2683 3216 2978 3285 Salvatori,
3009 3217 3153 3288 quod
3181 3229 3355 3273 mater
3382 3232 3476 3272 sua
3512 3226 3567 3272 et
3597 3216 3808 3275 fratres

497 3331 566 3370 an
593 3314 791 3370 habent
819 3312 1129 3368 veritatem.
1158 3313 1235 3367 Ex
1262 3326 1329 3368 eo
1352 3312 1502 3368 enim
1533 3314 1675 3384 quod
1706 3316 1854 3369 finita
1878 3315 1964 3370 vel
1994 3331 2089 3387 pa-

494 3409 704 3475 rabola,
738 3408 819 3463 vel
840 3407 1118 3478 exemplo,
1152 3406 1438 3477 sequitur:
1474 3406 1565 3463 Sic
1584 3409 1677 3463 erit
1705 3418 1750 3462 ct
1774 3406 2094 3480 generationi

496 3502 617 3555 huic
662 3499 933 3570 pessimaz:
994 3498 1376 3569 compellimur
1432 3512 1541 3552 nun
1583 3499 1649 3553 ad
1701 3499 1989 3555 haereticos
2040 3509 2093 3554 et

497 3593 776 3666 quoslibet
809 3591 1094 3647 homines:
1145 3590 1244 3646 sed
1280 3590 1345 3646 ad
1373 3589 1687 3648 iudmomm
1716 3593 1971 3663 populum
2003 3607 2091 3649 re-

497 3688 643 3741 ferre
683 3684 995 3756 parabolam
1025 3725 1042 3752 ,
1087 3695 1145 3738 ut
1188 3693 1477 3740 contextus
1511 3685 1616 3741 loci
1643 3698 1751 3741 non
1783 3682 1811 3723 ι)
1842 3682 2095 3756 passivus

499 3790 555 3834 et
598 3794 765 3850 vagus
808 3779 862 3833 in
912 3778 1189 3834 diversum
1216 3777 1478 3846 fluctuet,
1525 3786 1686 3851 atque
1715 3778 2094 3851 insipientium

500 3886 656 3928 more
681 3874 967 3935 turbetur;
1014 3869 1113 3926 sed
1144 3870 1357 3926 hmrcns
1388 3868 1488 3925 sibi
1516 3912 1532 3938 ,
1572 3866 1657 3925 vel
1686 3871 1750 3926 ad
1779 3872 1980 3941 priora,
2011 3874 2097 3928 vel

500 3965 568 4020 ad
610 3965 916 4035 posteriora
944 3963 1290 4033 respondeat.
1342 3961 1657 4018 Immundas
1679 3963 1904 4035 spiritus
1930 3964 2099 4020 exivit

501 4072 532 4113 a
572 4055 775 4112 Iudaeis
802 4096 816 4121 ,
862 4055 1081 4126 quando
1105 4065 1436 4125 acceperunt
1457 4054 1654 4126 Legem
1680 4099 1694 4124 ,
1725 4065 1776 4111 et
1802 4056 2099 4114 ambulavit

497 4165 600 4223 per
639 4148 758 4205 loca
786 4149 958 4213 arida,
991 4162 1245 4219 quaerens
1276 4148 1381 4203 sibi
1414 4138 1686 4221 requiem.
1713 4151 1989 4222 inpulsus
2015 4151 2098 4207 vi-

503 4242 707 4301 delicet
730 4259 760 4298 a
788 4240 1015 4309 Iudaeis,
1045 4241 1342 4299 ambulavit
1362 4254 1461 4314 per
1481 4244 1721 4314 gentium
1745 4244 2097 4302 solitudines:

502 4350 626 4408 quae.
669 4349 794 4391 cum
830 4340 1024 4404 postea
1058 4332 1287 4389 Domino
1322 4334 1705 4403 credidissent,
1736 4336 1849 4403 ille,
1881 4349 1988 4394 neu
2010 4336 2100 4394 itt-

502 4435 671 4484 vento
700 4426 824 4480 loco
850 4425 903 4479 in
933 4423 1264 4491 nationibus,
1298 4424 1435 4481 dixit
1461 4443 1475 4482 :

579 4520 760 4582 (Vers.
784 4516 904 4589 44.)
949 4516 1191 4572 Reuertar
1220 4519 1274 4572 in
1299 4517 1513 4573 domum
1540 4536 1705 4576 meam
1737 4533 1784 4591 ο,
1820 4523 1958 4579 unde
1986 4527 2099 4580 exi-

2194 3321 2337 3369 SIent
2377 3309 2534 3379 foris,
2581 3321 2892 3383 quaerentes
2931 3326 3075 3368 eum.
3124 3308 3347 3367 Videtur
3387 3310 3522 3367 mihi
3560 3311 3663 3367 iste
3707 3308 3807 3382 qui

2196 3408 2428 3474 nuntiat,
2460 3420 2566 3462 non
2591 3404 2819 3462 fortuito
2845 3417 2899 3461 et
2929 3405 3254 3478 simpliciter
3276 3410 3529 3462 nuntiare
3552 3423 3566 3462 :
3591 3407 3688 3462 sed
3713 3407 3807 3462 in-

2200 3502 2369 3558 sidias
2406 3502 2631 3559 tendere
2662 3499 2956 3569 Salvatmi,
2988 3507 3168 3556 utrtnn
3199 3499 3312 3574 86
3339 3499 3610 3571 spirituali
3640 3498 3810 3571 aperi

2195 3610 2415 3654 carnem
2440 3604 2495 3652 et
2514 3597 2830 3666 sanguinem
2846 3594 3115 3665 praeferat.
3135 3591 3293 3651 Unde
3315 3592 3658 3659 etDotnintts,
3682 3612 3804 3651 non

2198 3688 2340 3761 quod
2362 3699 2584 3760 negaret
2603 3698 2834 3744 matrem
2853 3698 2907 3743 et
2924 3688 3136 3757 fratres,
3152 3685 3305 3742 exire
3321 3686 3678 3757 contempsit;
3696 3687 3804 3744 sed

2199 3780 2340 3852 quod
2364 3781 2720 3851 responderet
2740 3779 3038 3847 insidianti,
3062 3779 3364 3837 extendens
3386 3796 3604 3836 manum
3631 3779 3681 3836 in
3706 3776 3809 3838 di-

2200 3872 2458 3943 scipulos,
2491 3875 2565 3929 ait
2594 3893 2607 3928 :

2272 3965 2453 4039 (Vers.
2480 3965 2574 4036 49,
2601 3964 2714 4037 50.)
2740 3964 2872 4022 Ecce
2898 3975 3063 4022 mater
3087 3966 3295 4037 meaﬁet
3328 3972 3515 4039 fratres
3532 3968 3651 4022 mei.
3671 3968 3813 4033 Qui-

2201 4077 2419 4132 cumque
2447 4060 2582 4115 enim
2615 4060 2787 4131 fecerit
2816 4060 3129 4115 voluntatem
3163 4059 3338 4115 Patris
3367 4062 3483 4125 mei,
3513 4060 3601 4131 qui
3626 4062 3678 4115 in
3700 4080 3813 4117 cae-

2202 4155 2267 4210 lis
2305 4166 2398 4220 est,
2439 4155 2547 4228 ipse
2586 4170 2725 4210 nteus
2766 4156 2951 4227 frater,
2994 4164 3041 4208 et
3085 4171 3255 4221 soror,
3304 4164 3350 4208 et
3389 4164 3553 4208 mater
3580 4166 3673 4210 est.
3710 4154 3813 4213 Isti

2202 4258 2329 4306 sunt
2358 4258 2534 4305 mater
2564 4261 2706 4315 mea,
2735 4248 2826 4318 qui
2856 4264 2942 4304 me
2970 4246 3221 4319 quotidie
3243 4248 3294 4303 in
3325 4248 3663 4304 credentium
3688 4249 3817 4306 ani—

2204 4342 2307 4397 mis
2339 4346 2619 4412 generant.
2647 4337 2735 4394 lsti
2758 4347 2883 4395 sunt
2907 4338 3102 4395 fratres
3126 4340 3258 4408 mei,
3283 4338 3378 4412 qui
3403 4338 3609 4395 faciunt
3631 4356 3812 4411 opera

2203 4434 2380 4490 Patris
2403 4433 2529 4490 mei.
2546 4432 2663 4488 Non
2684 4446 2813 4504 ergo
2832 4433 2984 4503 juxta
3011 4424 3355 4488 Marcioncm’
3373 4443 3425 4488 et
3446 4430 3814 4490 Manichaeum

2207 4536 2437 4582 matrem
2456 4526 2701 4596 negavit,
2726 4533 2782 4579 ut
2809 4534 2973 4581 natus
2998 4522 3066 4579 de
3090 4523 3468 4595 phantasmate
3492 4532 3814 4595 putaretur;

503 4614 579 4667 vi.
617 4611 729 4665 Hoc
757 4617 864 4675 est,
896 4608 1056 4664 abitio
1078 4608 1141 4663 ad
1168 4606 1386 4665 Judaeos
1407 4652 1422 4677 ,
1449 4626 1586 4682 quos
1610 4620 1735 4669 ante
1756 4611 2092 4672 dimiseram.
2129 4601 2184 4662 Ῑ)
2209 4619 2304 4677 sed
2333 4620 2608 4690 apostolos
2633 4616 2943 4690 cogitationi
2977 4615 3237 4688 praetulit,
3273 4627 3331 4672 ut
3357 4624 3413 4673 et
3444 4630 3545 4672 nos
3571 4616 3625 4672 in
3657 4632 3818 4673 cont-

580 4704 763 4776 (Vers.
789 4700 909 4773 bii.)
959 4700 1027 4757 Et
1069 4704 1271 4758 reniens
1296 4748 1310 4772 ,
1362 4706 1554 4762 invenit
1590 4721 1889 4776 vacantem,
1932 4713 2101 4785 scopis

509 4796 845 4863 mandatam,
872 4804 920 4848 et
952 4807 1210 4851 ornatam.
1251 4796 1401 4854 Tunc
1426 4800 1566 4856 radit
1592 4814 1639 4857 et
1662 4806 1877 4859 assumit
1907 4816 2100 4878 septem

508 4890 643 4943 alios
674 4887 888 4959 spiritus
928 4901 1100 4942 secum
1124 4891 1395 4962 nequiores
1421 4910 1503 4958 se,
1556 4905 1601 4949 et
1637 4896 1918 4967 intrantes,
1953 4900 2100 4955 habi-

508 4991 623 5037 tant
648 4980 718 5035 ibi
742 4996 760 5035 :
800 4987 852 5034 et
881 4980 1014 5051 ﬁunt
1048 4980 1158 5055 85
1201 4985 1480 5040 novissima
1510 4982 1734 5044 hominis
1756 4988 1901 5046 illius
1926 4993 2106 5065 pejora

510 5074 796 5147 prioribus.
838 5074 929 5131 Sic
957 5076 1052 5131 erit
1081 5085 1131 5131 et
1149 5079 1475 5149 generationi
1492 5079 1614 5136 huic
1638 5082 1894 5155 pessimae.
1930 5084 2103 5141 Vaca-

587 5268 615 5296 α
646 5257 885 5328 Ritabb.,
911 5258 1143 5327 nihilque
1162 5260 1371 5331 signum
1400 5261 1597 5332 faciens
1621 5271 1866 5331 acceptus
1882 5270 1983 5329 est,
2004 5276 2098 5334 ego

514 5341 679 5396 tanta,
707 5340 814 5387 etc.

588 5404 614 5443 δ
643 5402 1003 5477 Editilegunt
1024 5446 1039 5473 ,
1084 5412 1143 5460 ut
1167 5414 1432 5463 contextus
1458 5405 1565 5477 loci
1585 5420 1689 5459 non
1716 5404 1913 5477 passim
1945 5414 1992 5477 et
2014 5421 2101 5458 va-

514 5492 610 5547 gus
652 5476 705 5530 in
757 5474 1014 5532 diversum
1049 5478 1261 5549 ﬂuctuet
1284 5494 1303 5532 :
1333 5476 1475 5549 quia
1505 5474 1744 5531 editores
1772 5474 1978 5549 antiqui
2007 5490 2101 5530 ne-

513 5546 773 5622 scierunt,
788 5546 1171 5622 lliemnymum
1193 5546 1469 5622 appellare
1493 5556 1791 5600 contextum
1813 5546 2098 5622 passirum,

513 5636 637 5675 eum
690 5620 778 5690 qui
812 5618 1011 5689 patitur
1039 5618 1280 5687 liberas,
1330 5621 1902 5690 violentasetcoactas
1935 5618 2101 5671 inter-

512 5688 876 5764 pretationes;
921 5709 1056 5764 quas
1086 5693 1246 5749 etiam
1273 5705 1435 5764 supra
1461 5688 1699 5764 appellat
1729 5689 1988 5764 passivam
2018 5690 2101 5764 in-

513 5758 958 5834 terpretationem,
990 5764 1218 5821 dicens:
1263 5758 1541 5834 Nouergo
1573 5758 1717 5812 nobis
1744 5759 2005 5834 tribuitur
2028 5758 2094 5813 li-

508 5831 631 5889 bera
677 5834 1018 5907 intelligentia
1041 5879 1056 5904 ,
1111 5844 1159 5895 et
1189 5833 1456 5907 allegoria:
1483 5831 1841 5902 interpretatio
1868 5832 2092 5908 passiva.

2208 4713 2494 4786 paratione
2549 4710 2856 4768 dilectionis
2912 4710 3063 4765 carni
3120 4708 3374 4780 spiritum
3430 4707 3814 4778 praeferamus.

2208 4804 2346 4862 Ecce
2371 4811 2534 4860 mater
2564 4813 2675 4871 tua,
2697 4812 2745 4861 et
2773 4806 2961 4874 fratres
2987 4803 3063 4858 tui
3089 4803 3216 4874 foris
3240 4811 3399 4872 stant,
3423 4813 3710 4873 quaerentes
3738 4814 3812 4861 te.

2207 4899 2439 4969 Quidam
2481 4899 2675 4954 fratres
2720 4895 2934 4952 Domini
2975 4894 3044 4951 de
3083 4894 3191 4951 alia
3237 4910 3407 4952 uxore
3434 4894 3634 4967 Joseplt
3669 4896 3819 4955 ﬁlios

2209 4991 2578 5063 suspicantur,
2620 4997 2911 5060 sequentes
2951 4986 3310 5045 deliramenta
3340 4986 3816 5059 apocryphorum,

2211 5092 2267 5142 ct
2303 5083 2594 5156 quamdam
2639 5079 2669 5119 (ί
2716 5078 2980 5138 Melcltam
3025 5080 3106 5138 vel
3151 5081 3385 5138 Escbam
3428 5079 3819 5139 mulierculam

2205 5262 2381 5317 Mser.
2413 5290 2481 5303 --
2510 5259 2738 5323 Victor.,
2775 5256 2986 5329 possint.
3042 5257 3238 5313 Recole
3278 5271 3401 5325 quae
3437 5255 3506 5313 de
3544 5255 3821 5312 vocabulo

2206 5335 2364 5403 paulo
2390 5329 2868 5403 superipsincap.
2901 5345 2953 5383 tu
2985 5329 3359 5403 observamus.

2283 5415 2305 5444 ε
2331 5400 2551 5458 Addunt
2572 5400 2799 5473 Palatini
2828 5416 2984 5467 mss.,
3008 5402 3305 5473 pristinam.

2278 5474 2304 5513 (ι
2337 5474 2484 5530 lianc
2513 5489 2543 5528 c
2572 5472 2813 5542 pluribus
2840 5486 2971 5527 mss.
3003 5468 3281 5542 codicibus
3320 5468 3614 5527 lectionem
3646 5485 3819 5531 resu-

2207 5556 2323 5602 tuo.
2356 5541 2630 5601 Marianos
2664 5542 2884 5614 legebat
2915 5547 2966 5597 in
3000 5541 3211 5614 aliquot
3238 5543 3643 5613 exemplaribus
3678 5542 3823 5599 tlle

2203 5622 2373 5687 etiam,
2421 5626 2479 5673 et
2522 5632 2630 5671 non
2674 5614 2958 5670 Melcham.
3006 5615 3179 5671 Alteri
3227 5631 3358 5686 ergo
3400 5614 3606 5738 Joseph
3649 5618 3819 5671 uxori

2203 5691 2448 5738 conﬁctas
2476 5702 2673 5738 nomen
2707 5687 2940 5738 filiarum
2974 5688 3117 5738 Arati
3151 5684 3463 5738 tribuebant
3502 5684 3539 5738 li
3562 5683 3628 5738 tri
3671 5698 3818 5738 ano-

2201 5683 2448 5746 contione
2476 5702 2673 5744 nomen
2707 5687 2940 5743 filiarum
2974 5688 3117 5741 Aran
3151 5683 3463 5743 tribuebant
3502 5683 3628 5755 libri
3671 5698 3818 5755 apo-

2200 5758 2807 5835 cryphiinamprioris
2838 5758 2968 5814 tiliae
2991 5761 3033 5835 _A
3046 5775 3161 5824 run,
3192 5773 3316 5828 quae
3345 5758 3534 5835 nupsit
3561 5750 3815 5835 Naclt'or,

2200 5827 2524 5892 no'tueu'fuit
2548 5827 2787 5900 Melcha;
2809 5842 2933 5888 cum
2957 5830 3149 5902 altera,
3177 5827 3313 5891 uxor
3333 5827 3630 5902 Abraham,
3658 5827 3817 5889 dicta
