4004 6332
194 284 255 342 85
679 280 1331 341 αοιιιιεΝτΑιιιθιιυΜ
1370 280 1436 337 IN
1478 279 1936 340 EVANGELIUM
1978 278 2317 339 ΜΔΤῙῊΕΙ
2358 278 2487 338 LIB.
2526 280 2593 342 ll.
2626 279 2779 340 CAP.
2824 281 2966 338 XIII.
3398 283 3470 341 86

193 397 563 467 contingentes.
586 393 693 451 Nos
732 403 913 451 autem
952 394 1093 452 sicut
1119 393 1176 451 in
1201 394 1365 464 libro,
1388 410 1550 467 quem
1572 404 1762 452 contra
1790 401 1844 463 Α
1870 395 2199 467 lntelligunt,
2233 405 2600 466 provocentur
2626 397 2695 453 ad
2720 412 2913 455 eorum
2946 398 3192 455 notitiam
3219 414 3341 471 qum
3366 415 3473 456 non

192 486 491 553 Hclvidiumj
518 484 860 556 scripsimus,
909 487 1239 555 continetur,
1284 487 1485 543 fratres
1527 485 1758 554 Domini,

191 597 287 639 non
314 579 448 635 ﬁlios
472 580 698 650 Josepli,
728 580 822 636 sed
854 579 1219 636 consobrinos
1243 578 1567 649 Sslvatoris,
1595 589 1624 618 ι
1649 580 1764 636 Ma-

191 675 274 731 riae
298 672 493 729 liberos
522 671 875 743 intelligimus
904 680 1216 729 matertera
1244 673 1458 728 Domini
1487 688 1611 744 quae
1636 686 1763 729 esse

190 767 363 824 dicitur
394 776 573 823 mater
595 764 782 822 Jacobi
806 764 1025 821 Minoris
1049 774 1104 823 et
1124 764 1329 837 Joseph
1351 775 1408 822 et
1425 765 1602 834 ludat,
1624 778 1763 837 quos

192 861 238 917 in
264 860 362 914 alio
388 857 672 931 Evangelii
697 859 819 915 loco
848 861 1044 915 fratres
1077 860 1289 916 Domini
1320 860 1551 932 legimus
1572 862 1760 933 appel-

190 952 327 1009 latos.
365 950 587 1007 Fratres
614 960 798 1008 autem
839 952 1202 1009 consobrinos
1237 952 1368 1021 dici,
1401 956 1580 1010 omnis
1608 954 1762 1010 Serio

188 1056 323 1117 plura
365 1044 729 1102 demonstrat.
776 1045 1029 1101 Dicamus
1066 1054 1125 1103 et
1162 1047 1368 1103 aliter:
1400 1047 1654 1105 Salvator
1684 1050 1763 1105 lo-

186 1137 345 1209 quitur
371 1136 437 1192 ad
464 1138 677 1206 turbas,
710 1138 1042 1195 intrinsecus
1071 1139 1253 1195 erudit
1282 1140 1558 1198 nationes.
1590 1142 1763 1199 Mater

184 1230 283 1301 ejus
309 1236 363 1285 et
388 1228 612 1299 fratres,
643 1232 746 1287 hoc
769 1242 873 1300 est,
901 1247 1175 1305 synagoga
1208 1243 1263 1289 et
1289 1234 1519 1305 populus
1545 1234 1763 1292 iudico-

184 1339 286 1380 rum
321 1323 451 1379 foris
491 1334 663 1395 stant,
708 1333 765 1381 et
801 1325 1007 1381 intrare
1045 1326 1383 1396 desiderant,
1427 1339 1481 1384 et
1507 1343 1762 1386 sermone

184 1419 281 1490 ejus
302 1418 504 1489 indigni
532 1419 695 1476 fiunt.
716 1417 966 1493 Cumque
990 1423 1322 1493 rogaverint,
1348 1432 1405 1480 et
1423 1426 1760 1496 quaisierint,

185 1523 229 1570 et
249 1513 485 1570 nuntium
518 1514 797 1583 miserint,
829 1530 1151 1586 responsum
1183 1518 1455 1590 accipient
1475 1517 1585 1591 [ΑΙ.
1618 1522 1766 1577 acci-

184 1604 360 1678 piunt],
404 1606 569 1663 liberi
613 1623 715 1663 eos
761 1622 883 1664 esse
910 1609 1149 1678 arbitrii,
1182 1618 1238 1665 et
1266 1611 1471 1668 intrare
1501 1627 1681 1685 posse,
1717 1613 1763 1670 si

184 1698 330 1755 velint
366 1706 421 1755 et
449 1699 555 1768 ipsi
585 1700 821 1757 credere
849 1717 865 1757 :
898 1702 988 1771 qui
1019 1708 1203 1758 tamen
1236 1702 1442 1760 intrare
1473 1719 1580 1761 non
1607 1714 1761 1775 pote-

183 1802 287 1848 runt
310 1793 415 1864 [ΑΙ.
460 1794 805 1867 potuerunt],
842 1796 943 1851 nisi
974 1797 1113 1851 alios
1145 1799 1476 1870 rogaverint.

237 1887 332 1958 8⁸1
357 1887 517 1958 (Cap.
562 1884 712 1944 “XIII.
741 1919 810 1929 —-
841 1888 992 1945 Vers.
1027 1890 1104 1962 I.)
1134 1889 1202 1946 In
1228 1892 1323 1947 illo
1352 1892 1437 1948 die
1461 1893 1638 1949 exiens
1666 1893 1760 1949 Je-

182 1996 252 2034 sus
284 1980 343 2034 de
363 1981 540 2050 domo,
579 1983 787 2038 sedebat
816 2000 962 2039 secus
992 2001 1150 2040 mare.
1186 1984 1254 2040 Et
1285 1997 1613 2059 congregata:
1639 2000 1760 2045 sunt

182 2075 237 2128 ad
264 2090 369 2130 eum
400 2075 577 2131 turba:
610 2075 793 2131 multa?
831 2094 850 2132 :
883 2078 959 2132 ita
988 2086 1043 2131 nt
1070 2080 1123 2134 in
1154 2081 1447 2136 naviculam
1476 2084 1761 2139 ascendens

182 2167 374 2234 sederet,
406 2178 454 2223 et
495 2170 677 2224 omnis
705 2170 855 2225 turba
883 2173 1047 2225 stabat
1082 2174 1135 2227 in
1167 2172 1359 2228 littore.
1392 2174 1632 2247 Populus
1662 2176 1761 2232 dor

185 2280 305 2319 mum
332 2265 458 2322 Jesu
492 2281 610 2322 non
647 2276 852 2337 poterat
883 2267 1109 2335 intrare,
1143 2285 1245 2325 nec
1273 2285 1393 2326 esse
1423 2270 1496 2328 ibi
1519 2271 1610 2328 ubi
1634 2288 1760 2343 apo-

186 2358 287 2413 stoli
313 2358 611 2415 audiebant
642 2360 901 2432 mysteria
927 2380 940 2415 :
970 2361 1178 2418 idcirco
1206 2364 1499 2421 miseratur
1525 2375 1576 2422 et
1600 2368 1761 2423 mise-

187 2451 329 2507 ricors
356 2452 631 2508 Dominus
660 2454 941 2525 egreditur
967 2454 1036 2512 de
1063 2455 1227 2511 domo
1257 2473 1374 2525 sua,
1398 2470 1451 2515 et
1473 2459 1627 2517 sedet
1647 2460 1757 2534 [Αι.

186 2544 485 2616 sedit]juxta
505 2546 679 2617 hujus
700 2549 886 2603 surculi
913 2565 1083 2618 mare,
1105 2558 1163 2605 ut
1184 2551 1354 2606 turbm
1374 2551 1403 2590 ι)
1425 2554 1613 2608 multa:
1636 2568 1763 2609 cnn-

188 2650 445 2712 gregentur
463 2641 533 2697 ad
561 2656 714 2709 eum,
738 2651 796 2698 et
816 2644 1039 2699 audiant
1059 2645 1111 2701 in
1134 2646 1318 2703 littore
1338 2663 1460 2719 quae
1486 2649 1631 2704 intus
1654 2664 1761 2704 non

187 2734 503 2791 merebantur
524 2734 748 2801 audire,
773 2736 846 2791 ita
866 2746 928 2792 ut
945 2737 1000 2793 in
1027 2738 1330 2795 naviculam
1351 2740 1656 2796 ascendens
1676 2756 1765 2797 se-

189 2826 332 2897 deret,
361 2839 414 2885 et
440 2830 636 2886 omnis
670 2830 825 2886 turba
855 2838 1030 2887 staret
1059 2832 1115 2887 in
1143 2832 1348 2890 littore.
1371 2833 1533 2891 Jesus
1562 2835 1616 2891 in
1649 2850 1763 2892 me-

186 2920 270 2976 diis
295 2921 551 2979 fluctibus
585 2932 693 2991 est,
727 2923 853 2979 hinc
881 2923 1007 2981 inde
1036 2926 1177 2981 mari
1205 2927 1473 2995 tunditur,
1504 2927 1635 2983 etin
1663 2942 1761 2983 sua

186 3013 438 3084 majestate
476 3029 743 3086 securus,
782 3020 1219 3090 appropinquare
1256 3018 1387 3076 facit
1416 3029 1577 3077 teme
1605 3022 1760 3077 navi-

1866 484 2197 558 intelligunt.

1940 580 2123 652 (Vero.
2148 580 2232 653 4.)
2262 580 2392 637 Ecce
2420 582 2544 638 raiit
2573 584 2662 654 qui
2689 585 2932 652 seminat,
2956 586 3229 643 seminare.
3255 587 3326 642 Et
3342 587 3470 641 dum

1864 673 2105 729 seminat.
2139 671 2289 730 intus
2316 684 2456 745 erat,
2489 675 2636 731 domi
2668 676 3011 745 versabatur,
3036 679 3365 751 loquebatur
3386 678 3472 735 di-

1840 764 2089 837 oscipulis
2114 779 2475 824 sacramenta.
2513 768 2693 825 Euivit
2712 785 2844 841 ergo
2865 771 3122 844 de.domo
3148 788 3244 831 sua
3269 777 3358 847 qui
3382 789 3471 831 se-

1865 858 2037 915 minat
2066 859 2293 916 verbum
2326 860 2444 930 Dei,
2478 870 2540 916 ut
2567 861 2867 919 seminaret
2889 865 2944 918 in
2966 864 3157 921 turbis.
3187 865 3472 939 Significa-

1866 961 1955 1009 tur
1983 960 2164 1008 autem
2194 961 2343 1010 sator
2372 954 2476 1010 iste
2501 956 2592 1026 qui
2622 957 2881 1024 seminat,
2908 971 3031 1015 esse
3057 957 3231 1017 Filius
3260 960 3381 1030 Dei,
3415 968 3471 1016 et

1865 1044 2041 1102 Patris
2082 1046 2134 1101 in
2166 1046 2384 1118 populis
2411 1048 2688 1105 seminare
2711 1063 3044 1106 sermonem.
3081 1051 3149 1107 Et
3176 1052 3342 1108 simul
3372 1051 3473 1108 ob-

1864 1152 2024 1194 serva
2046 1136 2187 1195 hanc
2211 1152 2333 1196 esse
2359 1141 2591 1211 primam
2624 1141 2964 1211 parabolam,
2999 1157 3120 1214 quae
3147 1156 3270 1199 cum
3301 1144 3472 1199 inter-

1865 1233 2174 1303 prolatione
2219 1247 2313 1287 sua
2353 1234 2527 1304 posita
2559 1232 2650 1289 sit.
2678 1232 2749 1289 Et
2778 1235 3078 1292 cavendum
3110 1248 3193 1293 est
3222 1238 3470 1294 ubicum-

1864 1337 1971 1395 que
2008 1323 2273 1381 Dominus
2312 1327 2539 1397 exponit
2577 1341 2862 1387 sermones
2901 1342 3052 1397 suos,
3095 1338 3152 1385 et
3188 1340 3410 1403 rogatus
3435 1347 3467 1387 a

1865 1419 2148 1491 discipulis
2190 1421 2523 1478 intrinsecus
2564 1422 2812 1490 disserit,
2856 1438 2926 1479 ne
2966 1424 3049 1479 vel
3092 1424 3271 1494 aliud,
3306 1437 3329 1466 υ
3362 1441 3466 1482 nec

1866 1512 1988 1583 plus
2024 1514 2153 1584 quid
2198 1515 2284 1571 vel
2329 1517 2507 1573 minus
2546 1516 2780 1575 velimus
2821 1518 3156 1589 intelligere,
3197 1535 3359 1590 quam
3401 1522 3469 1578 ab

1865 1620 1932 1661 eo
1962 1608 2272 1677 expositum
2298 1618 2402 1664 est.
3262 1628 3271 1635 ‘

1937 1700 2121 1774 (Vers.
2155 1702 2190 1758 5
2215 1703 2395 1774 seqq.)
2432 1702 2686 1772 Quadam
2714 1704 3010 1760 ceciderunt
3038 1721 3184 1760 secus
3214 1706 3349 1761 viam
3375 1722 3393 1760 :
3420 1716 3467 1761 et

1791 1820 1841 1882 Β
1866 1804 2107 1850 venerunt
2146 1797 2375 1852 rolucres
2404 1798 2542 1865 caeli,
2573 1807 2619 1852 et
2649 1799 2985 1854 comederunt
3011 1817 3070 1855 ea
3103 1816 3121 1855 :
3153 1801 3270 1854 Alia
3299 1811 3469 1857 autem

1867 1890 2164 1945 ceciderunt
2191 1892 2245 1946 in
2276 1903 2486 1962 petrosa
2510 1888 2627 1965 [ΑΙ.
2653 1892 2892 1966 petrosis]
2913 1936 2927 1962 ,
2954 1894 3042 1948 ubi
3070 1910 3174 1951 non
3212 1894 3468 1949 habebant

1867 1993 2057 2039 terram
2087 1985 2306 2057 multam
2333 2002 2352 2041 :
2383 1995 2430 2041 et
2456 1988 2702 2043 continuo
2724 1996 2905 2043 exortu
2922 1988 3038 2061 88
3055 1997 3196 2056 sunt,
3220 1990 3345 2061 quia
3366 2005 3469 2045 non

1868 2076 2121 2132 habebant
2151 2079 2481 2135 altitudinem
2509 2091 2677 2136 teme.
2711 2079 2838 2137 Sole
2866 2091 3039 2136 autem
3065 2091 3197 2147 orto,
3225 2090 3470 2138 astutiae-

1866 2180 1986 2226 runt
2031 2187 2048 2224 :
2090 2183 2138 2226 et
2174 2173 2299 2243 quia
2340 2190 2443 2228 non
2485 2174 2738 2229 habebant
2763 2175 3015 2244 radicem,
3048 2184 3317 2230 aruerunt.
3352 2175 3471 2231 Alia

1865 2274 2035 2320 autem
2060 2266 2349 2323 ceciderunt
2378 2269 2431 2322 in
2458 2270 2638 2339 spinas
2669 2286 2687 2322 :
2715 2277 2762 2324 et
2789 2280 3051 2324 creverunt
3076 2271 3264 2342 spinae,
3287 2280 3333 2325 et
3358 2272 3471 2342 suf-

1864 2360 2165 2429 [ocaverunt
2189 2376 2269 2415 ea.
2296 2362 2414 2416 Alia
2437 2373 2609 2417 autem
2636 2363 2930 2419 ceciderunt
2957 2364 3013 2418 in
3042 2373 3232 2419 terram
3258 2364 3464 2432 bonam,

1864 2461 1911 2508 et
1944 2453 2136 2507 dabant
2167 2455 2398 2525 fructum
2426 2471 2444 2509 :
2472 2455 2620 2510 aliud
2651 2455 3009 2525 centesimum,
3036 2456 3185 2511 aliud
3213 2460 3470 2528 sexagesi-

1866 2561 2007 2599 mum
2027 2588 2041 2612 ,
2070 2546 2217 2601 aliud
2248 2547 2586 2605 tricesimum.
2613 2547 2763 2603 lianc
2792 2549 3107 2620 parabolam
3129 2550 3195 2605 ad
3217 2564 3468 2621 compro-

1865 2640 2099 2697 Dandum
2126 2641 2379 2697 haeresim
2409 2657 2562 2698 suam
2602 2642 2924 2699 Valentinus
2948 2634 3207 2706 assumit,
3243 2654 3355 2700 trcs
3385 2645 3468 2699 in-

1862 2735 2161 2791 troducens
2206 2745 2425 2791 naturas
2469 2753 2483 2790 :
2528 2736 2868 2807 spiritualem
2896 2781 2910 2805 ,
2955 2733 2982 2772 ἀ
3032 2736 3336 2792 naturalem
3381 2736 3465 2791 vel

1862 2830 2173 2901 animalem,
2219 2840 2384 2903 atque
2423 2840 2733 2896 terrenam;
2779 2845 2902 2886 cum
2936 2827 3022 2884 hic
3047 2837 3278 2900 quatuor
3308 2828 3417 2884 sint
3450 2846 3463 2883 :

1863 2941 1995 2993 una,
2032 2925 2188 2996 juxta
2229 2924 2372 2981 viam
2400 2943 2414 2981 :
2444 2924 2551 2981 alia
2590 2934 2832 2996 petrosa,
2867 2924 3026 2980 tertia
3054 2923 3212 2994 plena
3240 2922 3412 2993 spinis
3446 2940 3460 2978 :

1862 3028 2059 3091 quarta
2106 3027 2269 3075 terra:
2309 3018 2489 3074 bona).
2520 3018 2836 3075 Diﬂ‘erimus
2865 3031 3161 3089 parumper
3192 3017 3464 3088 interpre-

187 3107 336 3163 culam
362 3123 543 3165 suam.
578 3108 901 3181 Atpopulus
936 3127 1276 3183 nequaquam
1306 3114 1610 3184 periculum
1640 3128 1762 3171 sus-
1787 3152 1834 3216 Ο
1867 3122 2124 3179 tationem
2152 3123 2268 3196 ejus
2292 3138 2415 3180 cum
2439 3120 2748 3195 discipulis,
2774 3120 3024 3177 volentes
3044 3129 3257 3178 secrete
3276 3119 3467 3175 audire

188 3200 358 3271 tinens,
377 3219 477 3260 nec
496 3204 903 3261 tentationibus
919 3204 1308 3274 circumdatus,
1333 3223 1465 3279 quas
1479 3208 1625 3266 ferre
1649 3225 1760 3268 non

181 3306 383 3366 poterat,
414 3305 527 3354 stat
562 3298 618 3354 in
646 3298 831 3355 littore
859 3299 975 3354 ﬁxo
998 3300 1195 3371 gradu,
1223 3311 1285 3357 ut
1319 3304 1503 3360 audiat
1529 3321 1650 3377 qua:
1678 3306 1759 3363 di-

181 3399 366 3448 cuntur.

238 3485 398 3555 (Vcrs.
426 3488 511 3559 5.)
552 3487 626 3542 Et
655 3488 857 3544 locutus
895 3498 967 3545 est
996 3490 1068 3544 eis
1097 3490 1258 3545 multa
1286 3492 1340 3546 in
1366 3493 1646 3563 parabolis,
1679 3494 1763 3549 di-

184 3594 297 3635 cens.
316 3579 487 3638 Turba
520 3597 639 3638 non
673 3581 833 3638 unius
859 3584 1144 3638 sententiae
1171 3590 1276 3651 est,
1300 3583 1394 3640 sed
1415 3584 1759 3642 diversarum

185 3670 229 3726 in
241 3673 446 3745 singulis
462 3674 639 3732 volun
649 3675 1009 3748 tatumrllnde
1020 3675 1260 3750 loquitur
1276 3676 1345 3734 ad
1356 3693 1477 3733 eam
1505 3680 1559 3734 in
1572 3680 1759 3737 multis

186 3768 436 3837 parabolis,
461 3781 523 3827 ut
542 3771 705 3841 juxta
726 3771 903 3826 varias
930 3770 1254 3838 voluntates,
1280 3770 1528 3830 diversas
1550 3773 1758 3846 recipe-

186 3868 286 3914 rent
306 3861 651 3935 disciplinas.
678 3863 746 3918 Et
771 3862 1066 3918 notandum
1094 3863 1238 3935 quod
1269 3879 1374 3920 non
1397 3867 1579 3922 omnia
1603 3866 1756 3922 locu-

188 3960 256 4009 tus
278 3955 341 4011 sit
368 3959 445 4013 eis
467 3956 532 4013 in
577 3956 886 4030 parabolis;
916 3958 1015 4014 sed
1048 3958 1236 4014 multa.
1267 3959 1325 4015 Si
1351 3961 1498 4017 enim
1528 3961 1757 4018 dixisset

186 4048 339 4103 omnia
377 4050 430 4105 in
472 4050 779 4123 parabolis,
814 4049 1018 4123 absque
1054 4051 1423 4109 emolumento
1452 4054 1637 4125 populi
1669 4068 1757 4110 re-

185 4143 466 4201 cessissent.
510 4145 813 4219 Perspicua
837 4147 1031 4205 miscet
1051 4146 1319 4219 obscuris,
1346 4158 1405 4205 ut
1428 4164 1525 4221 per
1546 4163 1610 4205 ea
1632 4165 1756 4221 quae

184 4258 243 4334 sit
262 4259 438 4334 letalia
460 4271 523 4320 et
551 4261 734 4334 sat-ai.
760 4261 940 4321 Manr.
957 4293 1027 4305 —
1044 4263 1269 4333 Quidem
1296 4279 1455 4332 mss.,
1484 4264 1756 4334 Nec/tam;

187 4331 277 4407 duo
298 4331 541 4401 Palatini,
573 4332 803 4407 Escltam
826 4342 1030 4407 tantum
1055 4331 1379 4400 memorant,
1403 4331 1756 4407 quemadmo-

188 4401 293 4457 dum
324 4412 378 4459 et
410 4406 621 4475 vulgati
652 4415 781 4460 ante
808 4406 1213 4472 Martianaeum;
1246 4401 1522 4463 Victorius
1550 4410 1603 4463 in
1632 4409 1754 4464 aliis

185 4475 381 4549 reperit,
420 4476 705 4533 Haec/mm.
749 4477 1015 4549 Filiarnmﬁ
1051 4481 1220 4544 Aran,
1267 4478 1487 4535 Melcbte
1514 4480 1747 4549 scilicet,

187 4554 234 4601 et
262 4546 477 4631 leaenae,
504 4565 742 4631 quarum
766 4550 939 4606 altera
968 4548 1210 4631 Nachor,
1240 4551 1425 4631 altera
1441 4546 1751 4631 Abrahamo

187 4619 363 4686 nupsit,
394 4619 615 4676 nomina
647 4621 763 4676 haec
789 4631 936 4676 sunt.
968 4624 1033 4675 At
1068 4637 1197 4676 vero
1223 4631 1351 4676 sunt
1381 4620 1752 4679 Prata—Evan-

188 4688 503 4765 geliiglacobi
544 4706 667 4765 cap.
710 4707 824 4747 xvn
863 4702 917 4765 et
954 4708 1070 4764 seq.
1113 4704 1167 4748 et
1205 4691 1477 4765 Evangelii
1517 4695 1752 4765 infantia:

189 4758 631 4837 Douiairrideoda
652 4758 1095 4837 apocrypboru'm
1124 4758 1381 4837 librorum
1394 4758 1625 4821 somnia.
1643 4766 1754 4822 Nec

188 4838 341 4905 tamen
378 4834 594 4891 inlicior
632 4834 873 4893 veterem
902 4851 1048 4902 esse,
1079 4836 1296 4893 tametsi
1327 4838 1609 4905 incertam,
1644 4848 1752 4894 tra-

188 4900 441 4978 ditionem,
471 4905 774 4978 Josepltum
808 4900 1046 4976 viduum,
1077 4917 1237 4977 atque
1268 4923 1336 4964 ex
1369 4909 1550 4977 priore
1581 4900 1752 4966 uxore

188 4987 267 5029 sex
302 4977 593 5034 liberorum
615 4994 821 5049 patrem
848 4979 1143 5042 exstitisse,
1173 4996 1292 5034 cum
1325 4979 1491 5035 Maria
1523 4981 1624 5035 sibi
1658 4984 1752 5037 de-

188 5058 542 5122 sponsaretur.
586 5052 720 5106 Eam
781 5062 999 5112 secutus
1058 5054 1226 5106 ferme
1278 5060 1360 5108 est
1413 5052 1747 5122 Epiphanius

188 5113 365 5176 nares.
396 5123 489 5194 5i,
521 5120 552 5194 §
582 5124 671 5179 l0.
707 5123 1033 5194 Hippolytus
1054 5123 1365 5191 Thebanus,
1394 5113 1494 5180 nec
1517 5113 1627 5179 non
1653 5125 1747 5179 alii

190 5203 251 5267 es
278 5193 544 5267 veteribus
583 5193 1077 5267 quat_uor_.loseplii
1118 5195 1281 5262 lilios,
1324 5199 1564 5267 duasque
1602 5196 1748 5267 filias

192 5257 337 5318 fuisse
373 5257 649 5323 tradnnt':
694 5257 1310 5334 Jacobuin,'Simonem,
1344 5257 1562 5332 Juda'm,
1595 5266 1747 5323 Jose-

192 5338 265 5386 ten
288 5353 302 5386 :
329 5334 425 5391 bas
442 5352 580 5410 ivero
606 5336 891 5410 Estherem
920 5344 975 5392 et
999 5337 1233 5410 Thamar
1259 5341 1561 5403 nominant,
1586 5353 1746 5410 quam

191 5410 364 5479 sapius
403 5408 497 5463 alii
535 5408 798 5463 Martium
822 5450 838 5476 ,
884 5409 1226 5479 transpositis
1267 5411 1487 5476 litteris,
1530 5408 1744 5466 Vocant.

192 5472 345 5544 Atque
383 5480 487 5551 ipsi
525 5480 748 5551 quidem
790 5472 1013 5536 uxorem
1040 5472 1169 5544 'ejus
1210 5480 1441 5536 Escham
1472 5472 1556 5537 vel
1591 5482 1748 5540 Salo-

195 5550 527 5624 {neu,titiam
571 5552 797 5610 Ancbzei
838 5553 1021 5609 fratris
1068 5552 1342 5609 Zachariae
1391 5554 1614 5619 iaciunt,
1659 5555 1751 5624 qui

195 5614 392 5708 «Ψωφὶς
438 5623 692 5708 Baptista:
744 5631 895 5708 pater
943 5625 1066 5708 fuit._
1104 5624 1444 5708 Sophronias
1483 5626 1539 5681 in
1580 5614 1750 5708 [ἕπῃ-ᾖ.

196 5702 388 5759 mento,
431 5697 569 5765 quod
611 5696 939 5753 Lambecius
979 5696 1243 5767 vulgavit,
1290 5699 1502 5752 tertiam
1543 5696 1754 5754 addidit

197 5768 540 5830 cognominem
567 5768 730 5823 matri
752 5766 937 5840 tiliam
977 5766 1257 5837 Salomen,
1288 5767 1534 5825 Ζεὺθάευὶ
1568 5782 1752 5840 postea

198 5844 395 5893 uxorem
430 5877 449 5909 ,
491 5856 551 5899 ex
590 5855 701 5914 qua
743 5837 976 5899 lacubus
1019 5849 1074 5899 et
1122 5839 1470 5915 Evangelista
1511 5837 1750 5900 Joannes

1865 3226 2011 3297 quod
2038 3226 2256 3285 dicitur.

1938 3330 2120 3402 (Vers.
2152 3332 2233 3406 9.)
2268 3332 2371 3402 Qui
2398 3330 2550 3388 habet
2577 3344 2729 3387 aures
2756 3327 3009 3383 audiendi
3039 3326 3239 3383 audiat.
3261 3326 3465 3384 Provo-

1864 3449 2053 3491 camur
2091 3435 2160 3491 ad
2199 3434 2469 3491 dictorum
2512 3431 2955 3504 intelligentiam,
2988 3431 3202 3503 quoties
3229 3430 3317 3487 bis
3346 3444 3468 3489 ser-

1866 3538 2115 3595 monibus
2145 3551 2560 3594 commonemur
2588 3534 2697 3609 [Αι.
2722 3532 3178 3605 commoventur].

1938 3639 2119 3712 (Vers.
2147 3638 2236 3707 ID,
2264 3638 2322 3694 Ii
2338 3636 2379 3709 .)
2404 3637 2474 3691 Et
2500 3637 2797 3693 accedentes
2820 3636 3087 3708 discipuli,
3111 3635 3355 3691 disserunt
3377 3636 3426 3691 ei
3447 3650 3467 3688 :

1868 3744 2044 3811 Quare
2070 3741 2125 3796 in
2154 3740 2416 3813 parabolis
2453 3739 2681 3810 loqueris
2718 3740 2835 3793 eis?
2875 3738 2978 3805 Qui
3008 3737 3358 3806 respondens,
3389 3737 3466 3791 ait

1860 3843 1969 3899 illis
2005 3861 2024 3899 :
2058 3844 2194 3911 Quia
2218 3842 2356 3898 vobis
2384 3843 2565 3896 datum
2590 3851 2663 3896 est
2691 3856 2841 3896 nosse
2863 3840 3112 3912 mysteria
3137 3839 3283 3910 regni
3309 3837 3466 3893 ecclo-

1863 3964 1979 4002 ram
2008 3964 2026 4002 :
2054 3946 2163 4001 illis
2192 3954 2361 4000 autent
2389 3961 2491 3999 non
2516 3953 2589 3998 est
2611 3944 2810 3997 datum.
2834 3939 3199 4010 Quaerendum
3223 3949 3305 3995 est
3324 3954 3462 4011 quo-

1862 4048 2025 4105 modo
2065 4047 2324 4103 accedant
2356 4045 2424 4101 ad
2452 4060 2574 4100 eum
2603 4042 2874 4114 discipuli,
2906 4058 3028 4098 cum
3054 4040 3212 4098 Jesus
3250 4041 3306 4096 in
3336 4043 3460 4098 navi

1860 4149 2076 4216 sedeat;
2124 4147 2227 4207 nisi
2270 4147 2413 4203 forte
2453 4145 2685 4217 intelligi
2713 4146 2895 4213 datur,
2929 4143 3074 4216 quod
3101 4143 3303 4199 dudum
3336 4160 3456 4200 cum

1858 4266 1965 4325 orti
1994 4266 2128 4323 sint.
2159 4265 2317 4335 Piget
2343 4279 2472 4321 vero
2501 4262 2938 4388 apocripliorum
2968 4261 3459 4346 deliramenlahaec

1859 4337 2134 4388 nerseuui.
2160 4336 2397 4388 Rhabb..
2430 4344 2635 4388 tantum
2694 4333 2889 4388 ‘scham
2920 4335 3070 4388 leatt.

1858 4337 2134 4410 persequi.
2160 4333 2398 4400 Rliabb.,
2430 4344 2635 4410 tantum
2661 4333 2892 4410 Eschant
2920 4333 3070 4410 legit.

1931 4418 1957 4448 α
1988 4405 2052 4465 In
2077 4409 2247 4466 Palat.
2278 4424 2408 4476 ms.,
2434 4407 2767 4462 consobrinos
2795 4405 3104 4472 Saluatoris,
3128 4408 3321 4461 sororis
3345 4406 3457 4460 Μα-

1854 4482 1947 4536 ria:
1985 4480 2193 4546 liberos,
2238 4488 2346 4535 etc.
2385 4480 2655 4534 Victorius
2685 4480 2782 4545 ait,
2816 4478 3213 4533 tolerabiliores
3244 4478 3298 4534 hi
3330 4490 3458 4534 sunt

1778 4585 1827 4646 Β
1855 4569 2013 4646 quam
2060 4552 2358 4646 Helvidius,
2403 4549 2498 4622 qui
2534 4565 2601 4607 ex
2646 4550 2761 4646 ipsa
2782 4549 2966 4646 Llitari?
3016 4549 3232 4646 Virgine
3257 4550 3455 4646 letole-

1856 4621 1988 4694 septi
2020 4635 2139 4696 post
2169 4621 2443 4679 Christum
2474 4637 2570 4696 e_os
2596 4621 3223 4696 natosblasphetnabat;
3254 4621 3454 4696 quippe

1856 4690 1977 4751 cum
2020 4690 2087 4751 ex
2132 4695 2236 4750 alia
2282 4710 2456 4749 uxore
2493 4692 2694 4762 Joseph
2741 4693 2935 4747 fratres
2981 4690 3194 4747 Domini
3236 4690 3452 4757 dictos,

1853 4767 2019 4837 aliqui
2061 4767 2223 4821 etiam
2264 4781 2295 4821 e
2340 4765 2673 4821 nostratibus
2717 4772 2874 4837 natos
2912 4774 3280 4837 asseverant:
3325 4765 3454 4837 licet

1856 4835 2032 4895 verior
2058 4838 2131 4893 sit
2160 4837 2474 4909 Hieronymi
2500 4836 2883 4909 sententia,ex
2911 4849 3099 4909 sorore
3128 4835 3454 4909 blarimiVir-

1854 4910 2014 4980 ginis,
2057 4925 2177 4980 quae
2224 4907 2421 4980 Christi
2464 4915 2756 4980 matertera
2785 4908 2917 4980 iuit,
2956 4907 3078 4960 illos
3104 4908 3444 4980 progenitos.

1857 4978 2136 5036 Videndus
2165 4983 2225 5037 S.
2257 4978 2498 5035 'I‘ltontas
2526 4988 2637 5033 tum
2670 4978 2821 5043 alibi,
2850 4993 2972 5032 cum
3006 4978 3277 5048 praecipue
3308 4979 3361 5033 in
3395 4994 3454 5033 IlI

1855 5052 2115 5119 Summzr,
2162 5062 2355 5123 qumst.
2391 5051 2481 5123 58,
2512 5059 2618 5123 art.
2651 5051 2708 5117 5,
2734 5058 2793 5104 e’t
2822 5050 2873 5123 in
2908 5050 3010 5104 hoc
3042 5049 3322 5123 Evangelii
3352 5065 3448 5123 ca-

1852 5125 1982 5193 pite.
2034 5125 2165 5178 Vide
2180 5120 2316 5190 'qute
2352 5122 2490 5177 inira
2518 5122 2586 5176 ad
2614 5136 2733 5191 cap.
2772 5123 2795 5177 i
2825 5120 3215 5181 Comntetttarii
3247 5122 3314 5177 ad
3346 5122 3452 5177 Ga-

1850 5199 1945 5268 lat.
1980 5212 2100 5268 pag.
2128 5195 2231 5251 596
2253 5194 2421 5250 fusius
2441 5194 2797 5268 disputamus.

1922 5267 1950 5306 ιο
1980 5264 2220 5333 Vocem,
2266 5267 2461 5330 multat,
2495 5264 2603 5320 duo
2628 5281 2659 5322 e
2688 5264 2889 5319 nostris
2921 5278 3050 5319 mss.
3083 5265 3445 5319 interserunt.

1927 5351 1950 5379 ε
1993 5340 2161 5394 Iidem
2204 5353 2364 5406 mss.,
2405 5336 2484 5391 vel
2514 5335 2683 5405 aliud,
2726 5339 2805 5390 vel
2839 5335 3448 5409 plusﬂquid,rt'elAntinns

1851 5427 2134 5488 praesumus
2153 5410 2477 5488 intelligere,
2504 5424 2682 5479 quam,
2711 5419 2818 5463 etc.
2840 5406 2908 5488 in
2944 5406 3166 5461 Victorii
3197 5406 3350 5488 edita
3370 5408 3450 5461 rel

1852 5478 2021 5538 minus
2051 5478 2417 5548 desideratur,
2460 5478 2670 5545 errore,
2714 5488 2772 5535 ut
2816 5480 3048 5541 videtur,
3080 5492 3145 5532 ex
3174 5478 3250 5531 vel
3279 5478 3449 5532 minus

1852 5565 1907 5611 et
1934 5557 2146 5611 velimus
2173 5552 2531 5611 similitudine
2560 5566 2751 5607 vocum
2778 5558 2928 5607 nuto.

1924 5626 1951 5663 ά
1987 5628 2159 5682 ρίιιηι.
2192 5641 2324 5681 mss.
2357 5624 2596 5694 editique
2624 5623 2751 5679 olim
2784 5620 3305 5694 libri,rspiritutilem,
3329 5623 3450 5677 ani-

1854 5701 2040 5755 malem
2066 5710 2219 5769 atque
2246 5692 2525 5761 terrenam,
2548 5704 2811 5769 expuncta
2839 5692 3204 5769 scilicctvoee
3230 5705 3449 5769 natura-

1854 5770 1977 5835 lem,
2007 5762 2217 5841 qure'et
2236 5769 2511 5841 contextui
2540 5762 2986 5834 superabundare
3015 5762 3284 5821 videatur.
3317 5765 3448 5837 Qui-

1854 5840 2080 5903 buscuin
2110 5852 2163 5900 et
2195 5840 2406 5900 Rhabt.
2440 5844 2729 5897 consonat.
