4004 6332
226 333 286 389 89
685 324 1341 385 COMMENTARIORUM
1384 324 1448 380 IN
1494 322 1947 380 EVANGELIUM
1988 321 2325 380 MATTll/El
2365 321 2497 378 LIB.
2544 320 2611 377 ll.
2651 320 2807 379 CAP.
2850 321 2991 379 Xlll.
3414 321 3485 378 90

224 450 390 515 utalus,
421 457 465 503 et
493 447 627 519 rapit
660 446 799 517 quod
827 444 1134 501 seminatunt
1166 453 1240 499 est
1270 444 1323 498 in
1352 442 1509 499 corde
1544 443 1690 514 eju‘s;
1728 450 1783 496 et
1809 443 1860 502 Α
1886 451 1943 494 ut
1995 439 2227 496 uolucres
2273 442 2386 496 caeli
2435 440 2642 496 ueniant
2683 448 2732 495 et
2775 402 3006 496 habitent
3054 440 3108 495 in
3145 440 3304 496 ramis
3347 440 3483 512 ejus.

224 540 439 600 secundo
469 555 533 595 ac
574 540 758 606 tertio,
800 536 894 593 hic
914 546 1019 602 est,
1064 537 1161 604 ait,
1191 536 1283 607 qui
1340 537 1566 591 verbum
1612 533 1782 589 audit.

225 635 275 690 lo
314 632 647 703 expositione
694 647 911 702 quoque
959 639 1119 685 terra:
1176 629 1355 698 home,
1404 629 1507 684 iste
1536 636 1640 693 est,
1693 624 1787 697 qui

224 727 353 783 audit
402 726 649 780 verbum.
702 724 945 780 Primum
1006 739 1142 795 ergo
1214 723 1480 779 debemus
1554 722 1787 787 audire,

222 820 399 875 deinde
439 818 777 889 intelligere,
831 825 888 874 et
934 827 1057 887 post
1108 815 1528 885 intelligentiam
1580 814 1788 870 fructus

221 910 426 967 reddere
471 907 889 974 doctrinarum,
950 918 1005 964 et
1052 908 1232 963 lacere
1278 908 1364 963 vel
1422 906 1786 963 centesimum

221 1002 451 1066 fructum,
483 1001 569 1057 vel
597 1002 1023 1071 sexagesimum,
1065 999 1152 1055 vel
1184 1000 1545 1066 tricesimum,
1574 998 1642 1053 de
1670 998 1790 1067 qui-

221 1094 305 1150 bus
330 1093 533 1163 plenius
564 1094 620 1149 in
654 1093 802 1149 libro
844 1102 1034 1148 contra
1064 1090 1411 1148 Iovinianum
1445 1092 1705 1158 diximus,
1734 1098 1790 1146 et

219 1201 343 1241 nunc
375 1186 612 1242 breviter
644 1184 1064 1257 perstringimus
1098 1201 1112 1239 :
1139 1183 1511 1241 Ccntesimum
1552 1182 1786 1238 fructum

218 1279 524 1351 virginibus,
569 1283 970 1351 sexagesimum
1010 1280 1188 1335 viduis
1248 1290 1304 1336 et
1351 1279 1784 1345 continentibus,

219 1372 533 1429 tricesimum
566 1381 593 1410 ι
623 1386 780 1427 casto
812 1372 1160 1427 matrimonio
1204 1371 1553 1441 deputantcs.
1604 1370 1791 1426 Hono-

216 1467 384 1521 rabiles
395 1469 528 1521 enim
548 1468 768 1540 nuptiis,
784 1480 832 1523 et
854 1466 1022 1523 cubile
1043 1467 1434 1522 immaculatum
1453 1466 1617 1533 (Heb.
1639 1481 1788 1532 xxxi,

218 1559 265 1625 ὃ,
298 1558 371 1631 4).
396 1558 627 1626 Quidam
670 1570 988 1615 nostrorum
1043 1559 1406 1615 centesimum
1439 1558 1677 1614 fructum
1720 1557 1789 1614 ad

219 1661 457 1723 martyres
481 1652 739 1708 referunt
771 1670 786 1707 :
817 1651 1057 1722 quodsi
1087 1652 1159 1707 ita
1186 1662 1293 1717 est,
1327 1660 1515 1708 sancta
1559 1665 1790 1707 consor—

219 1744 277 1798 tia
298 1744 601 1814 nuptiarum
623 1744 999 1800 excluduntur
1027 1760 1058 1800 a
1092 1744 1269 1800 fructu
1310 1746 1477 1800 bono.

274 1835 445 1907 (νοτε.
476 1836 552 1892 24
592 1838 774 1907 seqq.)
803 1838 971 1893 Aliam
996 1837 1297 1909 parabolam
1339 1837 1612 1909 proposuit
1657 1835 1788 1900 illis,

215 1927 364 1984 dicens
388 1945 408 1983 :
439 1927 634 1984 Simile
656 1940 735 1984 est
763 1947 980 2003 regnum
1020 1930 1263 1984 caelorum
1290 1928 1491 1984 homini
1520 1930 1611 1996 qui
1640 1928 1793 1983 senti-

214 2023 331 2076 narit
360 2022 550 2078 bonum
572 2040 743 2079 semen
771 2025 823 2078 in
846 2041 972 2096 agro
999 2041 1115 2079 suo.
1145 2022 1273 2079 Cum
1300 2032 1470 2078 autem
1507 2022 1792 2077 dormirent

215 2114 436 2182 homines,
458 2118 602 2170 venit
635 2116 874 2172 inimicus
899 2120 1030 2190 ejus,
1058 2128 1107 2172 et
1128 2113 1558 2185 superseminauit
1588 2114 1791 2168 zizania

214 2210 255 2263 in
273 2211 427 2266 medio
450 2211 646 2281 tritici,
679 2222 729 2267 et
754 2211 900 2266 abiit.
934 2209 1064 2266 Cum
1118 2219 1289 2264 autent
1328 2210 1563 2264 crevisset
1604 2206 1785 2274 Iterba,

213 2316 252 2359 et
285 2305 494 2373 fructum
552 2306 761 2377 fecisset
785 2352 799 2375 ,
864 2316 987 2360 tunc
1034 2314 1388 2377 apparuerunt
1454 2313 1502 2358 et
1562 2303 1785 2357 sizania.

214 2399 497 2453 Accedentes
534 2409 715 2453 autem
756 2400 888 2454 servi
936 2398 1352 2472 patrisfamilias,
1400 2396 1643 2451 dixerunt
1675 2395 1720 2448 ei
1770 2409 1788 2447 :

214 2491 420 2557 Domine,
452 2509 633 2548 nonne
672 2492 861 2547 bonum
889 2508 1059 2547 semen
1093 2491 1357 2547 seminasti
1381 2490 1437 2545 in
1475 2505 1603 2561 agro
1653 2487 1790 2542 tuo?

216 2581 343 2651 Unde
365 2601 481 2655 ergo
506 2583 673 2639 habet
700 2584 944 2639 zizania?
971 2583 1039 2638 Et
1060 2585 1134 2638 ait
1164 2584 1267 2638 illis
1298 2599 1316 2635 :
1346 2581 1602 2637 Inimicus
1636 2579 1789 2634 homo

212 2675 289 2731 hoc
311 2679 442 2750 fecit.
486 2677 650 2735 Servi
670 2687 841 2734 autem
867 2678 1107 2733 dixerunt
1135 2679 1181 2732 ei
1212 2694 1229 2731 :
1268 2676 1379 2742 Vis,
1423 2680 1576 2743 imus,
1607 2685 1654 2730 et
1681 2675 1788 2729 col-

213 2771 392 2840 ligimus
417 2790 477 2827 ea
495 2774 523 2827 ?
553 2771 627 2827 Et
655 2773 730 2826 ait
753 2789 771 2826 :
805 2770 951 2840 Non,
983 2789 1046 2826 ne
1072 2773 1206 2844 forte
1233 2771 1529 2842 colligentes
1558 2770 1783 2835 zizania,

212 2865 449 2922 eradicetis
492 2866 663 2921 simul
699 2882 815 2920 cum
853 2866 928 2919 eis
975 2874 1023 2920 et
1072 2864 1322 2919 triticum.
1357 2862 1529 2919 Sinite
1578 2874 1792 2932 utraque

212 2974 403 3015 crescere
433 2976 604 3031 usque
625 2958 694 3012 ad
726 2974 959 3022 messem,
990 2967 1037 3011 et
1073 2958 1125 3011 in
1154 2966 1382 3027 tempore
1412 2957 1590 3010 messis
1619 2955 1790 3009 dicant

212 3052 489 3107 messoribus
521 3070 545 3107 :
596 3051 838 3126 Colligite
886 3051 1110 3124 primunt
1138 3052 1364 3116 zizania,
1395 3058 1440 3104 et
1490 3047 1700 3120 alligate
1730 3063 1791 3101 ea

212 3146 255 3199 in
288 3146 561 3217 fasciculos
592 3145 662 3200 ad
690 3145 1137 3211 comburendum;
1187 3145 1418 3199 triticum
1458 3150 1632 3197 autem
1662 3157 1789 3196 con-

211 3248 390 3309 gregate
425 3241 480 3294 in
530 3239 788 3293 horreum
833 3254 1027 3293 meum.
1080 3237 1205 3292 llmc
1256 3236 1489 3292 secunda
1536 3234 1788 3304 parabola

211 3338 281 3383 est
312 3346 424 3387 cum
453 3328 912 3401 interpretatione
959 3346 1053 3386 sua
1096 3345 1204 3384 non
1230 3329 1415 3385 statim
1454 3326 1650 3396 posita,
1692 3325 1787 3381 sed

216 3422 484 3494 interjectis
503 3424 641 3479 aliis
661 3424 937 3495 parabolis
960 3423 1246 3479 edisserta.
1279 3421 1377 3477 llic
1402 3421 1547 3476 enim
1591 3433 1793 3490 propo-

214 3515 355 3583 nitur,
402 3526 457 3572 et
489 3524 688 3588 postea
720 3515 961 3571 dimissis
999 3514 1169 3569 turbis
1208 3514 1423 3569 venitur
1471 3512 1694 3567 domum
1733 3518 1791 3565 et

214 3607 447 3665 accedunt
489 3609 570 3665 ad
618 3624 743 3664 eum
783 3608 1033 3678 discipuli
1074 3607 1193 3679 ejus
1239 3615 1494 3678 rogantes
1532 3604 1789 3660 :Dissere

215 3700 335 3756 nobis
372 3702 690 3773 parabolam
737 3702 1061 3756 zizaniorum
1111 3701 1248 3773 agri,
1294 3708 1350 3754 et
1402 3699 1629 3769 reliqua.
1670 3697 1787 3754 Non

214 3808 324 3866 ergo
372 3795 648 3853 debemus
700 3809 1053 3866 praepropero
1112 3793 1455 3864 intelligendi
1514 3791 1790 3847 desiderio

216 3897 320 3942 ante
341 3888 453 3959 ejus
480 3888 741 3945 notitiam
783 3901 1058 3959 quaerere,
1089 3900 1251 3957 quam
1277 3902 1307 3939 a
1338 3884 1572 3941 Domino
1600 3883 1786 3938 disse-

218 3990 359 4036 ratur.

273 4074 435 4146 (Vers.
455 4078 517 4133 5|
537 4075 580 4148 .)
613 4077 789 4130 Aliam
810 4074 1119 4147 parabolant
1141 4072 1411 4146 praposuit
1444 4074 1539 4140 eis,
1567 4070 1741 4127 dicens
1769 4087 1788 4126 :

216 4165 421 4226 Sedebat
450 4168 721 4226 Dominus
748 4170 802 4224 in
831 4170 977 4236 navi,
1010 4180 1063 4224 et
1099 4168 1257 4223 turba
1276 4169 1386 4241 92
1409 4168 1586 4225 stabat
1615 4168 1667 4222 in
1702 4167 1789 4223 lit-

218 4268 314 4316 tore
342 4281 353 4316 :
383 4262 461 4319 illi
490 4261 715 4333 procul,
746 4261 999 4330 discipuli
1030 4261 1262 4317 vicinius
1291 4262 1585 4317 audiebant
1620 4280 1633 4318 :
1665 4276 1791 4331 pro-

218 4352 347 4420 ponit
370 4357 448 4409 eis
467 4363 527 4410 et
554 4353 718 4409 aliam
744 4352 1084 4423 parabolam,
1115 4352 1267 4423 qttasi
1291 4353 1443 4408 dives
1471 4351 1789 4424 paterfami-

217 4444 301 4501 lias
318 4448 573 4507 invitatos
598 4448 838 4504 diversis
861 4447 1119 4504 reﬁciens
1141 4448 1298 4517 cibis,
1336 4456 1396 4502 ut
1423 4449 1790 4519 unusquisque

219 4540 490 4597 secundum
546 4550 796 4596 naturam
860 4538 1129 4595 stomachi
1191 4539 1272 4594 sui
1327 4538 1475 4593 varia
1532 4537 1785 4593 alimenta

217 4635 514 4705 susciperet.
563 4634 723 4693 Unde
777 4635 914 4690 etin
970 4634 1141 4704 priori
1199 4634 1455 4703 parabola
1496 4648 1603 4689 non
1655 4632 1791 4688 dixit

219 4723 441 4796 alteram,
481 4729 580 4785 sed
632 4730 821 4785 aliam.
864 4728 921 4786 Si
954 4730 1101 4784 enim
1143 4728 1504 4800 praemisisset
1535 4730 1786 4797 alteram,

220 4831 512 4888 exspectare
538 4821 753 4878 tertiam
785 4836 895 4879 non
928 4831 1263 4893 poteramus,
1304 4822 1565 4894 prtetttisit
1601 4823 1785 4888 aliam,

221 4920 267 4965 ut
296 4914 467 4981 plures
497 4927 826 4992 sequantur.

278 5007 445 5075 (Vera.
472 5012 589 5084 52.)
622 5012 810 5069 Sintiis
829 5023 905 5069 est
934 5030 1152 5089 regnum
1177 5014 1426 5071 ctelorum
1455 5030 1624 5086 grano
1650 5014 1795 5069 sina-

220 5098 307 5167 pis,
328 5104 459 5170 quod
484 5107 745 5177 accipiens
770 5106 926 5162 homo
954 5108 1229 5163 seminavit
1259 5109 1313 5163 in
1346 5124 1472 5180 agro
1499 5124 1616 5173 suo,
1650 5108 1791 5180 quod

220 5190 471 5250 minimum
498 5198 709 5270 quidem
737 5210 811 5255 est
856 5201 1095 5255 omnibus
1124 5200 1422 5257 seminibus.
1456 5199 1588 5257 Cum
1618 5211 1792 5256 autem

223 5291 432 5358 creverit,
463 5296 633 5367 majus
676 5303 754 5350 est
782 5295 1020 5351 omnibus
1049 5296 1300 5363 oleribus,
1329 5305 1374 5350 et
1404 5296 1463 5366 ﬁt
1488 5295 1644 5350 arbor
1672 5311 1691 5350 :
1722 5296 1794 5349 ita

283 5410 304 5437 ι
328 5404 502 5483 .lidern
552 5407 787 5483 Palatini
818 5423 952 5464 mss.
980 5417 1203 5483 _sancto,
1260 5420 1542 5483 promcasto
1581 5411 1789 5483 legunt.

223 5471 400 5545 Confer
421 5480 656 5545 priorem
687 5480 949 5535 adversus
971 5471 1318 5536 Jovinianu'm
1350 5481 1570 5537 librum.

224 5542 553 5671 IaLVoeulte
608 5562 655 5606 et
706 5552 960 5607 mollitum
1014 5551 1069 5607 in
1122 5553 1325 5608 nostris
1382 5568 1514 5609 mss.
1570 5552 1791 5610 deside-

331 5634 412 5671 ur.

331 5634 412 5674 lll‘.

285 5688 453 5771 cTres
485 5692 867 5771 Palat.._codd_.,
909 5695 957 5750 si
994 5693 1254 5771 haberetis
1292 5696 1642 5771 ﬁdemgquasi
1669 5715 1794 5771 gra-

222 5764 597 5903 zugigsinapis,
624 5765 863 5824 diceretis
889 5769 1052 5823 monti
1076 5767 1219 5837 huic,
1244 5764 1409 5839 migra
1439 5764 1639 5824 deloco
1668 5764 1793 5837 ista,

388 5850 499 5891 rare
525 5877 537 5892 .

388 5850 517 5891 raret
525 5877 537 5892 .

1822 4399 1870 4458 Ι)

1888 533 2005 590 Non
2047 534 2119 591 sit
2156 536 2448 591 molestum
2489 534 2703 602 lectori,
2748 536 2792 590 si
2845 544 2986 590 totas
3034 535 3318 605 parabolas
3348 550 3479 605 pro-

1887 629 2158 699 pommus.
2179 628 2311 695 Quae
2332 628 2477 683 enim
2500 629 2734 683 obscura
2760 634 2907 692 sunt,
2930 627 3144 697 plenius
3165 625 3485 682 disserenda

1888 730 2034 786 sunt,
2069 735 2141 776 ne
2178 720 2448 777 brevitate
2484 720 2651 775 nimia
2683 719 3030 775 involvantur
3060 720 3231 790 magis
3264 733 3483 784 sensus,

1888 829 2048 883 quam
2096 820 2459 883 exponantur.
2506 812 2751 884 Regnum
2795 812 3098 881 caelorum,
3171 810 3486 883 prtedicatio

1891 904 2170 976 Evangelii
2199 914 2306 972 est,
2344 913 2400 960 et
2426 905 2614 959 notitia
2653 903 3054 974 Scripturarum
3086 918 3207 975 quae
3237 902 3387 959 ducit
3416 902 3484 958 ad

1893 1000 2092 1063 vitam;
2145 1006 2202 1054 et
2237 998 2307 1054 de
2348 1014 2450 1068 qua
2504 998 2701 1053 dicitur
2741 997 2809 1052 ad
2847 996 3068 1054 Judteos
3099 1016 3112 1052 :
3141 998 3423 1070 Auferetur
3453 1014 3487 1051 a

1890 1093 2031 1148 uobis
2068 1108 2281 1163 regnum
2331 1089 2452 1157 Dei,
2510 1100 2557 1146 et
2597 1091 2806 1146 dabitur
2830 1093 2969 1163 genti
3020 1091 3231 1163 facienti
3282 1093 3486 1163 [ructus

1891 1190 2006 1261 ejus
2036 1185 2220 1259 (Infra
2248 1202 2358 1255 xxi,
2404 1183 2520 1257 43).
2566 1184 2755 1242 Simile
2804 1193 2890 1240 est
2931 1199 3061 1255 ergo
3110 1183 3485 1255 hujuscemodi

1892 1297 2118 1352 regnum
2144 1296 2315 1351 grano
2353 1281 2585 1350 sinapis,
2629 1278 2774 1350 quod
2811 1280 3083 1350 accipiens
3125 1282 3287 1335 homo
3316 1279 3484 1334 semi-

1893 1373 2044 1430 navit
2066 1374 2121 1431 in
2152 1388 2284 1445 agro
2314 1388 2436 1429 suo.
2464 1372 2636 1428 llomo
2662 1374 2753 1443 qui
2784 1374 3017 1428 seminat
3047 1374 3101 1427 in
3132 1387 3263 1443 agro
3291 1386 3413 1437 suo,
3454 1386 3484 1425 a

1891 1466 2170 1539 plerisque
2191 1465 2446 1521 Salvator
2477 1464 2823 1534 intelligitur,
2863 1463 3007 1534 quod
3046 1464 3098 1519 in
3143 1464 3339 1519 animis
3367 1477 3487 1519 cre-

1892 1561 2137 1617 dentium
2167 1562 2419 1618 seminet.
2455 1560 2538 1616 Ab
2581 1560 2722 1625 aliis,
2767 1560 2881 1631 ipse
2914 1558 3080 1613 homo
3119 1559 3393 1615 seminans
3434 1559 3486 1613 in

1890 1669 2021 1725 agro
2057 1668 2179 1720 suo,
2219 1653 2321 1709 hoc
2357 1662 2471 1719 est,
2520 1654 2570 1707 iu
2619 1655 2914 1724 semetipso
2955 1661 3011 1708 et
3063 1653 3120 1708 in
3154 1653 3324 1708 corde
3361 1667 3484 1708 suo.

1819 1761 1868 1822 Β
1892 1745 2026 1815 Quis
2053 1754 2138 1803 est
2166 1748 2267 1801 iste
2290 1746 2383 1817 qui
2410 1745 2665 1811 seminat,
2695 1746 2802 1801 nisi
2831 1760 3030 1802 sensus
3065 1753 3254 1801 noster
3291 1753 3347 1800 et
3373 1746 3491 1800 ani-

1894 1854 2038 1905 mus,
2069 1839 2161 1909 qui
2188 1837 2495 1909 suscipiens
2518 1853 2746 1910 granum
2766 1838 3197 1910 praedicationis,
3222 1848 3276 1894 et
3301 1838 3492 1894 fovens

1893 1944 2193 1991 sementem
2240 1933 2469 1989 humore
2520 1931 2671 1998 litlei,
2700 1932 2831 1988 facit
2858 1933 2914 1988 iu
2955 1948 3089 2005 agro
3131 1934 3215 1990 sui
3257 1934 3494 2004 pectoris

1893 2026 2205 2098 pullulare?
2244 2026 2571 2083 Prtedicatio
2604 2026 2878 2099 Evangelii
2922 2025 3145 2081 minima
3193 2036 3276 2080 est
3310 2026 3491 2081 omni-

1894 2122 1995 2176 bus
2022 2118 2349 2192 disciplinis.
2381 2121 2462 2176 Ad
2496 2120 2726 2191 primam
2757 2120 2960 2189 quippe
2996 2118 3303 2175 doctrinam
3332 2117 3491 2175 (idem

1894 2230 2000 2272 non
2048 2213 2210 2271 habet
2243 2214 2510 2280 veritatis,
2553 2214 2827 2269 hominem
2873 2213 3068 2281 Deum,
3123 2213 3293 2269 Deum
3347 2225 3491 2265 mor-

1894 2318 2068 2373 tuum,
2112 2317 2167 2362 et
2194 2307 2511 2363 scandalum
2559 2308 2738 2363 crucis
2787 2305 3113 2377 praedicans.
3158 2302 3358 2360 Confer
3391 2302 3492 2358 lut-

1887 2402 2195 2477 juscemodi
2224 2402 2527 2458 doctrinam
2550 2401 2897 2472 dogmatibus
2929 2398 3405 2471 philosophorum,
3437 2405 3493 2451 et

1893 2495 2046 2551 libris
2075 2510 2291 2561 eorum,
2317 2495 2599 2565 splendori
2630 2494 2981 2567 eloquentiae,
3012 2502 3067 2548 et
3100 2491 3488 2563 compositioni

1895 2605 2231 2656 sermonum,
2257 2599 2310 2645 et
2331 2590 2540 2645 videbis
2562 2600 2766 2661 quanto
2795 2592 2973 2644 minor
2996 2588 3065 2644 sit
3084 2590 3298 2645 caatcris
3328 2586 3494 2643 serui-

1894 2687 2054 2741 nibus
2105 2687 2366 2740 sementis
2413 2684 2709 2754 Evangelii.
2761 2682 2868 2739 Sed
2916 2682 3010 2738 illa
3056 2697 3178 2736 cum
3225 2680 3485 2749 creverit,

1893 2778 2028 2835 nihil
2058 2777 2303 2843 mordax,
2321 2778 2456 2834 nihil
2485 2778 2746 2847 vividum,
2776 2776 2912 2832 nihil
2932 2774 3098 2831 vitale
3125 2773 3486 2841 demonstrat,

1892 2873 1990 2928 sed
2006 2881 2173 2929 totum
2193 2872 2476 2928 tlaccidum
2497 2872 2905 2942 marcidumque
2928 2879 2985 2926 et
3001 2868 3029 2908 ιι
3048 2870 3317 2925 mollitum
3336 2868 3488 2923 ebulo

1893 2967 1955 3023 lit
2008 2968 2061 3023 in
2108 2967 2281 3032 olera,
2328 2975 2384 3022 et
2428 2966 2484 3022 in
2539 2964 2757 3029 herbas,
2805 2978 2926 3035 quae
2957 2965 3066 3019 cito
3122 2972 3383 3019 arescunt
3438 2969 3493 3016 rt

1818 3077 1865 3142 (ι
1895 3071 2179 3119 corruunt.
2212 3062 2344 3119 llaec
2393 3070 2573 3117 autem
2616 3059 2929 3131 praedicatio
2953 3100 2968 3125 ,
3012 3074 3133 3130 quae
3162 3071 3325 3127 parva
3375 3055 3486 3129 93

1893 3156 2182 3212 videbatur
2252 3157 2306 3211 in
2354 3155 2662 3227 principio,
2717 3168 2838 3208 cum
2883 3150 2968 3208 vel
3021 3152 3071 3206 in
3134 3150 3314 3206 anima
3364 3164 3489 3203 cre-

1893 3249 2095 3316 dentis,
2124 3249 2211 3304 vel
2242 3248 2294 3302 in
2326 3255 2439 3301 toto
2487 3243 2690 3301 mundo
2720 3252 2835 3298 sata
2876 3243 3063 3312 fuerit,
3093 3256 3200 3297 non
3251 3240 3493 3309 exsurgit

1892 3343 1947 3398 in
1984 3341 2156 3405 olera,
2205 3339 2301 3396 sed
2342 3338 2542 3395 crescit
2572 3340 2625 3394 in
2674 3338 2926 3393 arborem
2969 3354 2981 3390 :
3024 3336 3095 3390 ita
3151 3344 3209 3389 ut
3241 3333 3492 3389 volucres

1892 3434 2017 3491 οωΙί
2048 3434 2210 3507 (quas
2232 3432 2321 3489 vel
2372 3432 2585 3488 animas
2614 3430 2981 3494 credentium,
3014 3428 3104 3484 vel
3146 3426 3492 3483 fortitudines

1893 3527 1990 3583 Dei
2021 3527 2246 3583 servitio
2287 3525 2624 3594 mancipatas
2646 3564 2661 3589 ,
2691 3522 2898 3578 sentire
2941 3521 3205 3577 debemus
3222 3535 3239 3590 )
3272 3519 3496 3574 veniant

1892 3631 1948 3678 et
1974 3621 2221 3677 habitent
2264 3620 2316 3675 in
2361 3619 2529 3674 ramis
2563 3618 2699 3688 ejus.
2738 3617 2937 3672 Ramos
2986 3626 3113 3686 puto
3154 3613 3493 3686 Evangelit-te

1894 3716 2131 3782 arboris,
2163 3729 2287 3783 quae
2316 3714 2383 3770 de
2411 3728 2583 3785 grano
2628 3711 2835 3782 sinapis
2880 3711 3136 3775 creverit,
3178 3709 3489 3779 dogmatum

1894 3821 2017 3862 esse
2043 3805 2411 3870 diversitates,
2437 3807 2491 3861 in
2523 3805 2717 3876 quibus
2739 3802 3174 3872 supradictarum
3205 3801 3490 3856 volucrum

1896 3915 2237 3971 unaqumque
2282 3898 2605 3970 requiescit...
2652 3900 3010 3952 Assutnamus
3049 3904 3104 3949 et
3135 3909 3234 3949 nos
3289 3907 3493 3964 pennas

1896 3992 2163 4048 columba:
2195 3990 2312 4064 (Ps.
2355 3989 2488 4062 Ltv),
2534 3999 2590 4044 ut
2640 3990 2931 4043 volitantes
2960 3988 3024 4041 ad
3053 3987 3270 4051 altiora,
3316 3985 3491 4054 possi—

1898 4101 2019 4141 mus
2062 4086 2313 4142 habitare
2367 4087 2419 4140 in
2465 4085 2633 4139 ramis
2666 4083 2827 4152 hujus
2874 4082 3119 4149 arboris,
3170 4091 3226 4136 et
3276 4078 3493 4135 IlidllllS

1898 4178 2055 4231 nobis
2091 4177 2269 4232 lacere
2300 4176 2695 4240 doctrinarum,
2731 4184 3055 4244 terrenaque
3100 4172 3390 4243 fugientes,
3423 4171 3489 4225 ad

1898 4271 2144 4326 cmlestia‘
2185 4270 2458 4325 festinare.
2510 4267 2661 4325 Multi
2721 4267 2968 4333 legentes
3015 4281 3241 4338 granum
3288 4265 3493 4335 sinapis

1900 4365 2181 4418 minimum
2237 4363 2494 4418 omnibus
2547 4362 2884 4427 seminibus,
2942 4371 2996 4416 et
3054 4360 3185 4415 illud
3243 4359 3386 4430 quod
3440 4360 3491 4412 in

1898 4456 2195 4528 Evangelia
2221 4472 2249 4510 a
2273 4455 2557 4526 discipulis
2587 4454 2821 4510 dicitur:
2847 4452 3092 4520 Domine,
3120 4454 3325 4525 mlauge
3350 4452 3496 4507 nobis

1898 4554 2053 4623 ﬁdem
2076 4551 2231 4624 (Luc.
2256 4568 2388 4620 xvtt,
2414 4551 2505 4618 6);
2540 4560 2594 4607 et
2620 4550 2984 4621 reSpondetur
3006 4549 3087 4605 eis
3112 4565 3140 4602 a
3167 4548 3450 4604 Salvatore
3476 4563 3495 4601 :

1898 4648 2060 4702 Amen
2101 4647 2221 4701 dico
2259 4645 2426 4711 uobis,
2474 4646 2518 4698 si
2547 4644 2833 4699 habueritis
2882 4642 3041 4714 ﬁdem
3088 4641 3238 4713 quasi
3279 4656 3495 4713 granum

1898 4740 2121 4813 sinapis,
2158 4750 2181 4777 θ
2209 4749 2259 4794 et
2299 4739 2541 4794 dixeritis
2569 4740 2734 4793 monti
2756 4737 2902 4804 huic,
2936 4737 3101 4808 migra
3132 4737 3199 4792 de
3227 4736 3344 4790 loco
3376 4736 3495 4800 ista,

1900 4832 2167 4902 migrabit,
2202 4840 2391 4901 putant
2421 4832 2697 4901 apostolos
2722 4830 2808 4885 vel
2845 4846 3065 4900 parvam
3091 4829 3252 4884 ﬁdem
3286 4838 3493 4899 petere,

1898 4923 1984 4979 vel
2015 4922 2302 4978 Dominum
2353 4922 2422 4979 de
2466 4938 2629 4993 parva
2663 4920 2768 4977 title
2796 4921 3078 4986 dubitare;
3118 4934 3241 4976 cum
3278 4930 3502 4990 aposto—

1900 5015 1983 5070 lus
2020 5014 2223 5070 Paulus
2271 5015 2432 5071 tidem
2472 5029 2643 5085 grano
2680 5014 2887 5087 sinapis
2915 5022 3289 5086 comparatam
3323 5013 3498 5067 maxi-

1901 5123 2042 5163 mam
2070 5107 2298 5179 judicet.
2328 5106 2469 5176 Quid
2496 5110 2640 5164 enim
2684 5107 2865 5164 dicit?
2896 5107 2959 5164 Si
3003 5108 3232 5163 habuero
3261 5107 3285 5160 ?
3340 5114 3499 5160 totum

1900 5203 2079 5274 ﬁdem,
2125 5204 2200 5257 ita
2247 5212 2301 5257 ut
2347 5214 2543 5259 montes
2598 5205 2957 5275 transferam;
2987 5203 3293 5258 charitatem
3323 5212 3501 5255 autem

1899 5315 2004 5354 non
2028 5298 2265 5362 habeant,
2297 5300 2428 5354 nihil
2458 5298 2582 5353 mihi
2607 5300 2815 5370 prodest
2858 5298 2902 5370 (Ι
2939 5298 3061 5354 Cor.
3096 5313 3212 5361 xm,
3236 5295 3314 5368 2).
3360 5295 3503 5363 Ergo

1974 5409 1999 5447 ἀ
2030 5411 2135 5468 Pro
2174 5423 2357 5481 totam,
2398 5416 2506 5469 duo
2536 5414 2769 5471 Palatini
2819 5416 2907 5471 hic
2952 5427 3009 5471 ut
3047 5425 3102 5470 ct
3131 5413 3268 5469 infra
3297 5412 3502 5468 habent

1901 5492 2126 5540 tantam.
2162 5485 2217 5540 lu
2249 5486 2445 5542 Graeco
2494 5496 2676 5543 tamen
2720 5496 2808 5543 est
2857 5494 3035 5545 Πᾶσαν
3084 5489 3134 5542 iu
3168 5500 3327 5553 quem
3375 5500 3501 5538 seu-

1901 5567 2119 5629 sumet
2144 5556 2371 5629 vulgata
2400 5558 2583 5614 Editio
2611 5576 2813 5614 omnem
2841 5561 3003 5629 legit:
3028 5568 3084 5613 et
3113 5558 3498 5628 Hieronymus,

1900 5627 2137 5702 quodet
2177 5627 2703 5702 Victorionotatum
2745 5643 2862 5694 est,
2902 5627 3107 5685 ‘suhdit
3139 5648 3154 5685 :
3184 5627 3330 5702 Ergo
3362 5631 3502 5697 quod

1902 5695 2157 5775 Dominus
2197 5699 2328 5775 dixit
2367 5701 2472 5775 ﬁde
2509 5702 2648 5775 ﬁeri,
2688 5718 2804 5774 qua:
2830 5717 3013 5775 grano
3045 5695 3501 5773 sinapis'contpn—

1902 5779 2074 5839 ratur,
2105 5771 2202 5827 hoc
2226 5771 2518 5843 Apostolus
2536 5773 2685 5827 docet
2701 5771 2815 5828 tota
2833 5771 2951 5845 'ﬁde
2980 5774 3098 5845 ﬁeri
3126 5771 3298 5845 posse.
