  <div class='ocr_page' id='page_1' title='image "/cluster/home/n/w/nwhite01/storage/ocr_20150623/26/hvd.32044015471402/051.png"; bbox 0 0 4004 6332; ppageno 0'>
   <div class='ocr_carea' id='block_1_1' title="bbox 430 330 2036 391">
    <p class='ocr_par' dir='ltr' id='par_1_1' title="bbox 430 330 2036 390">
     <span class='ocr_line' id='line_1_1' title="bbox 430 330 2036 390; baseline -0.002 0"><span class='ocrx_word' id='word_1_1' title='bbox 430 335 491 390; x_wconf 85' lang='lat'><strong>9|</strong></span> <span class='ocrx_word' id='word_1_2' title='bbox 1674 332 1729 387; x_wconf 88' lang='lat' dir='ltr'><strong>S.</strong></span> <span class='ocrx_word' id='word_1_3' title='bbox 1778 330 2036 390; x_wconf 76' lang='lat' dir='ltr'><strong>EUSEBII</strong></span> 
     </span>
    </p>
   </div>
   <div class='ocr_carea' id='block_1_2' title="bbox 2146 330 3724 391">
    <p class='ocr_par' dir='ltr' id='par_1_2' title="bbox 2146 331 3724 391">
     <span class='ocr_line' id='line_1_2' title="bbox 2146 331 3724 391; baseline 0.001 -2"><span class='ocrx_word' id='word_1_4' title='bbox 2146 331 2475 390; x_wconf 72' lang='grc' dir='ltr'><strong>ΙΕΒΟΝἹΜΙ</strong></span> <span class='ocrx_word' id='word_1_5' title='bbox 3653 333 3724 391; x_wconf 63' lang='lat' dir='ltr'><strong>9S</strong></span> 
     </span>
    </p>
   </div>
   <div class='ocr_carea' id='block_1_3' title="bbox 429 448 3726 524">
    <p class='ocr_par' dir='ltr' id='par_1_3' title="bbox 429 448 3726 524">
     <span class='ocr_line' id='line_1_3' title="bbox 429 448 3726 524; baseline -0.001 -16"><span class='ocrx_word' id='word_1_6' title='bbox 429 452 575 524; x_wconf 91' lang='lat' dir='ltr'><strong>quod</strong></span> <span class='ocrx_word' id='word_1_7' title='bbox 618 452 879 508; x_wconf 83' lang='lat' dir='ltr'><strong>Dominus</strong></span> <span class='ocrx_word' id='word_1_8' title='bbox 928 450 1063 506; x_wconf 79' lang='lat' dir='ltr'><strong>dixit</strong></span> <span class='ocrx_word' id='word_1_9' title='bbox 1100 449 1210 507; x_wconf 84' lang='lat' dir='ltr'><strong>lide</strong></span> <span class='ocrx_word' id='word_1_10' title='bbox 1257 450 1395 516; x_wconf 83' lang='lat' dir='ltr'><strong>fieri,</strong></span> <span class='ocrx_word' id='word_1_11' title='bbox 1446 465 1569 521; x_wconf 76' lang='lat' dir='ltr'><strong>qua:</strong></span> <span class='ocrx_word' id='word_1_12' title='bbox 1613 465 1786 521; x_wconf 81' lang='lat' dir='ltr'><strong>grano</strong></span> <span class='ocrx_word' id='word_1_13' title='bbox 1821 450 2028 520; x_wconf 81' lang='lat' dir='ltr'><strong>sinapis</strong></span> <span class='ocrx_word' id='word_1_14' title='bbox 2054 454 2106 513; x_wconf 80' lang='grc' dir='ltr'>Α</span> <span class='ocrx_word' id='word_1_15' title='bbox 2131 450 2199 506; x_wconf 89' lang='lat' dir='ltr'><strong>ad</strong></span> <span class='ocrx_word' id='word_1_16' title='bbox 2231 452 2393 507; x_wconf 89' lang='lat' dir='ltr'><strong>unius</strong></span> <span class='ocrx_word' id='word_1_17' title='bbox 2430 450 2733 507; x_wconf 74' lang='lat' dir='ltr'><strong>divinitatis</strong></span> <span class='ocrx_word' id='word_1_18' title='bbox 2763 449 3010 521; x_wconf 80' lang='lat' dir='ltr'><strong>perducit</strong></span> <span class='ocrx_word' id='word_1_19' title='bbox 3047 448 3318 505; x_wconf 82' lang='lat' dir='ltr'><strong>notitiam.</strong></span> <span class='ocrx_word' id='word_1_20' title='bbox 3344 448 3561 505; x_wconf 62' lang='lat' dir='ltr'><strong>Farina:</strong></span> <span class='ocrx_word' id='word_1_21' title='bbox 3585 463 3726 520; x_wconf 83' lang='lat' dir='ltr'><strong>quo-</strong></span> 
     </span>
    </p>
   </div>
   <div class='ocr_carea' id='block_1_4' title="bbox 433 541 2029 617">
    <p class='ocr_par' dir='ltr' id='par_1_4' title="bbox 433 541 2029 617">
     <span class='ocr_line' id='line_1_4' title="bbox 433 541 2029 617; baseline -0.001 -17"><span class='ocrx_word' id='word_1_22' title='bbox 433 553 805 617; x_wconf 85' lang='lat' dir='ltr'><strong>comparetur,</strong></span> <span class='ocrx_word' id='word_1_23' title='bbox 860 544 964 601; x_wconf 88' lang='lat' dir='ltr'><strong>hoc</strong></span> <span class='ocrx_word' id='word_1_24' title='bbox 1012 543 1306 616; x_wconf 81' lang='lat' dir='ltr'><strong>Apostolus</strong></span> <span class='ocrx_word' id='word_1_25' title='bbox 1344 541 1505 599; x_wconf 81' lang='lat' dir='ltr'><strong>docet</strong></span> <span class='ocrx_word' id='word_1_26' title='bbox 1555 550 1663 597; x_wconf 82' lang='lat' dir='ltr'><strong>tota</strong></span> <span class='ocrx_word' id='word_1_27' title='bbox 1709 541 1816 599; x_wconf 82' lang='lat' dir='ltr'><strong>(ide</strong></span> <span class='ocrx_word' id='word_1_28' title='bbox 1864 556 2029 614; x_wconf 80' lang='lat' dir='ltr'><strong>posse</strong></span> 
     </span>
    </p>
   </div>
   <div class='ocr_carea' id='block_1_5' title="bbox 435 639 604 696">
    <p class='ocr_par' dir='ltr' id='par_1_5' title="bbox 435 639 604 696">
     <span class='ocr_line' id='line_1_5' title="bbox 435 639 604 696; baseline -0.012 -1"><span class='ocrx_word' id='word_1_29' title='bbox 435 639 579 696; x_wconf 82' lang='lat' dir='ltr'><strong>ﬁeri.</strong></span> <span class='ocrx_word' id='word_1_30' title='bbox 601 648 604 650; x_wconf 72' lang='lat'><em>‘</em></span> 
     </span>
    </p>
   </div>
   <div class='ocr_carea' id='block_1_6' title="bbox 505 730 2030 803">
    <p class='ocr_par' dir='ltr' id='par_1_6' title="bbox 505 730 2030 803">
     <span class='ocr_line' id='line_1_6' title="bbox 505 730 2030 803; baseline -0.003 -14"><span class='ocrx_word' id='word_1_31' title='bbox 505 732 692 803; x_wconf 70' lang='lat' dir='ltr'><strong>(Vers.</strong></span> <span class='ocrx_word' id='word_1_32' title='bbox 735 731 851 802; x_wconf 72' lang='lat'><strong>&#39;53.)</strong></span> <span class='ocrx_word' id='word_1_33' title='bbox 894 732 1067 787; x_wconf 78' lang='lat' dir='ltr'><strong>Aliam</strong></span> <span class='ocrx_word' id='word_1_34' title='bbox 1104 730 1408 803; x_wconf 87' lang='lat' dir='ltr'><strong>porabolam</strong></span> <span class='ocrx_word' id='word_1_35' title='bbox 1443 730 1649 785; x_wconf 84' lang='lat' dir='ltr'><strong>locutus</strong></span> <span class='ocrx_word' id='word_1_36' title='bbox 1687 739 1765 787; x_wconf 76' lang='lat' dir='ltr'><strong>est</strong></span> <span class='ocrx_word' id='word_1_37' title='bbox 1802 731 1896 785; x_wconf 84' lang='lat' dir='ltr'><strong>eis.</strong></span> <span class='ocrx_word' id='word_1_38' title='bbox 1941 730 2030 786; x_wconf 82' lang='lat' dir='ltr'><strong>Si-</strong></span> 
     </span>
    </p>
   </div>
   <div class='ocr_carea' id='block_1_7' title="bbox 439 825 2028 900">
    <p class='ocr_par' dir='ltr' id='par_1_7' title="bbox 439 825 2028 900">
     <span class='ocr_line' id='line_1_7' title="bbox 439 825 2028 900; baseline -0.004 -16"><span class='ocrx_word' id='word_1_39' title='bbox 439 828 562 884; x_wconf 88' lang='lat' dir='ltr'><strong>mile</strong></span> <span class='ocrx_word' id='word_1_40' title='bbox 600 837 674 883; x_wconf 90' lang='lat' dir='ltr'><strong>est</strong></span> <span class='ocrx_word' id='word_1_41' title='bbox 712 844 923 900; x_wconf 78' lang='lat' dir='ltr'><strong>regnum</strong></span> <span class='ocrx_word' id='word_1_42' title='bbox 964 825 1209 881; x_wconf 68' lang='lat' dir='ltr'><strong>(telorum</strong></span> <span class='ocrx_word' id='word_1_43' title='bbox 1248 828 1500 896; x_wconf 79' lang='lat' dir='ltr'><strong>fermento</strong></span> <span class='ocrx_word' id='word_1_44' title='bbox 1524 867 1537 891; x_wconf 95' lang='lat'><strong>,</strong></span> <span class='ocrx_word' id='word_1_45' title='bbox 1577 825 1715 897; x_wconf 84' lang='lat' dir='ltr'><strong>quod</strong></span> <span class='ocrx_word' id='word_1_46' title='bbox 1763 833 2028 897; x_wconf 80' lang='lat' dir='ltr'><strong>acceptant</strong></span> 
     </span>
    </p>
   </div>
   <div class='ocr_carea' id='block_1_8' title="bbox 436 918 2029 990">
    <p class='ocr_par' dir='ltr' id='par_1_8' title="bbox 436 918 2029 990">
     <span class='ocr_line' id='line_1_8' title="bbox 436 918 2029 990; baseline -0.002 -15"><span class='ocrx_word' id='word_1_47' title='bbox 436 921 628 976; x_wconf 86' lang='lat' dir='ltr'><strong>mulier</strong></span> <span class='ocrx_word' id='word_1_48' title='bbox 656 922 922 976; x_wconf 78' lang='lat' dir='ltr'><strong>abscondit</strong></span> <span class='ocrx_word' id='word_1_49' title='bbox 948 920 1003 974; x_wconf 90' lang='lat' dir='ltr'><strong>in</strong></span> <span class='ocrx_word' id='word_1_50' title='bbox 1035 919 1225 989; x_wconf 70' lang='lat' dir='ltr'><strong>[arium</strong></span> <span class='ocrx_word' id='word_1_51' title='bbox 1252 919 1380 973; x_wconf 82' lang='lat' dir='ltr'><strong>satis</strong></span> <span class='ocrx_word' id='word_1_52' title='bbox 1409 918 1593 988; x_wconf 81' lang='lat' dir='ltr'><strong>tribus,</strong></span> <span class='ocrx_word' id='word_1_53' title='bbox 1621 921 1783 974; x_wconf 83' lang='lat' dir='ltr'><strong>donec</strong></span> <span class='ocrx_word' id='word_1_54' title='bbox 1812 923 2029 990; x_wconf 79' lang='lat' dir='ltr'><strong>fermen-</strong></span> 
     </span>
    </p>
   </div>
   <div class='ocr_carea' id='block_1_9' title="bbox 434 1010 2025 1070">
    <p class='ocr_par' dir='ltr' id='par_1_9' title="bbox 434 1010 2025 1070">
     <span class='ocr_line' id='line_1_9' title="bbox 434 1010 2025 1070; baseline -0.002 -2"><span class='ocrx_word' id='word_1_55' title='bbox 434 1023 596 1069; x_wconf 87' lang='lat' dir='ltr'><strong>tatum</strong></span> <span class='ocrx_word' id='word_1_56' title='bbox 626 1023 700 1070; x_wconf 83' lang='lat' dir='ltr'><strong>est</strong></span> <span class='ocrx_word' id='word_1_57' title='bbox 729 1024 911 1068; x_wconf 88' lang='lat' dir='ltr'><strong>totum.</strong></span> <span class='ocrx_word' id='word_1_58' title='bbox 944 1013 1199 1067; x_wconf 73' lang='lat' dir='ltr'><strong>Diversus</strong></span> <span class='ocrx_word' id='word_1_59' title='bbox 1238 1023 1323 1068; x_wconf 85' lang='lat' dir='ltr'><strong>est</strong></span> <span class='ocrx_word' id='word_1_60' title='bbox 1362 1013 1640 1066; x_wconf 82' lang='lat' dir='ltr'><strong>hominum</strong></span> <span class='ocrx_word' id='word_1_61' title='bbox 1676 1010 2025 1066; x_wconf 82' lang='lat' dir='ltr'><strong>stomachus:</strong></span> 
     </span>
    </p>
   </div>
   <div class='ocr_carea' id='block_1_10' title="bbox 430 1101 2028 1176">
    <p class='ocr_par' dir='ltr' id='par_1_10' title="bbox 430 1101 2028 1176">
     <span class='ocr_line' id='line_1_10' title="bbox 430 1101 2028 1176; baseline -0.004 -15"><span class='ocrx_word' id='word_1_62' title='bbox 430 1108 521 1162; x_wconf 86' lang='lat' dir='ltr'><strong>alii</strong></span> <span class='ocrx_word' id='word_1_63' title='bbox 549 1109 773 1169; x_wconf 89' lang='lat' dir='ltr'><strong>amaris,</strong></span> <span class='ocrx_word' id='word_1_64' title='bbox 806 1106 893 1159; x_wconf 87' lang='lat' dir='ltr'><strong>alii</strong></span> <span class='ocrx_word' id='word_1_65' title='bbox 924 1104 1202 1171; x_wconf 82' lang='lat' dir='ltr'><strong>dulcibus,</strong></span> <span class='ocrx_word' id='word_1_66' title='bbox 1238 1103 1325 1158; x_wconf 88' lang='lat' dir='ltr'><strong>alii</strong></span> <span class='ocrx_word' id='word_1_67' title='bbox 1355 1101 1464 1176; x_wconf 78' lang='grc' dir='ltr'><strong>[ΑΙ.</strong></span> <span class='ocrx_word' id='word_1_68' title='bbox 1498 1102 1732 1175; x_wconf 81' lang='lat' dir='ltr'><strong>hi...illi]</strong></span> <span class='ocrx_word' id='word_1_69' title='bbox 1760 1103 2028 1158; x_wconf 84' lang='lat' dir='ltr'><strong>austerio-</strong></span> 
     </span>
    </p>
   </div>
   <div class='ocr_carea' id='block_1_11' title="bbox 432 1195 2031 1265">
    <p class='ocr_par' dir='ltr' id='par_1_11' title="bbox 432 1195 2031 1265">
     <span class='ocr_line' id='line_1_11' title="bbox 432 1195 2031 1265; baseline -0.005 -8"><span class='ocrx_word' id='word_1_70' title='bbox 432 1200 603 1265; x_wconf 88' lang='lat' dir='ltr'><strong>ribus,</strong></span> <span class='ocrx_word' id='word_1_71' title='bbox 636 1199 727 1253; x_wconf 89' lang='lat' dir='ltr'><strong>alii</strong></span> <span class='ocrx_word' id='word_1_72' title='bbox 760 1199 973 1254; x_wconf 89' lang='lat' dir='ltr'><strong>lenibus</strong></span> <span class='ocrx_word' id='word_1_73' title='bbox 1003 1197 1343 1254; x_wconf 85' lang='lat' dir='ltr'><strong>delectantur</strong></span> <span class='ocrx_word' id='word_1_74' title='bbox 1364 1195 1517 1253; x_wconf 88' lang='lat' dir='ltr'><strong>cibis.</strong></span> <span class='ocrx_word' id='word_1_75' title='bbox 1552 1195 1813 1265; x_wconf 85' lang='lat' dir='ltr'><strong>Proponit</strong></span> <span class='ocrx_word' id='word_1_76' title='bbox 1853 1196 2031 1265; x_wconf 80' lang='lat' dir='ltr'><strong>itaque</strong></span> 
     </span>
    </p>
   </div>
   <div class='ocr_carea' id='block_1_12' title="bbox 432 1289 2028 1363">
    <p class='ocr_par' dir='ltr' id='par_1_12' title="bbox 432 1289 2028 1363">
     <span class='ocr_line' id='line_1_12' title="bbox 432 1289 2028 1363; baseline -0.004 -13"><span class='ocrx_word' id='word_1_77' title='bbox 432 1294 715 1359; x_wconf 86' lang='lat' dir='ltr'><strong>Dominus,</strong></span> <span class='ocrx_word' id='word_1_78' title='bbox 745 1302 803 1347; x_wconf 89' lang='lat' dir='ltr'><strong>ut</strong></span> <span class='ocrx_word' id='word_1_79' title='bbox 823 1294 935 1363; x_wconf 87' lang='lat' dir='ltr'><strong>jam</strong></span> <span class='ocrx_word' id='word_1_80' title='bbox 968 1307 1130 1362; x_wconf 89' lang='lat' dir='ltr'><strong>supra</strong></span> <span class='ocrx_word' id='word_1_81' title='bbox 1158 1291 1417 1359; x_wconf 83' lang='lat' dir='ltr'><strong>diximus,</strong></span> <span class='ocrx_word' id='word_1_82' title='bbox 1452 1291 1694 1346; x_wconf 86' lang='lat' dir='ltr'><strong>diversas</strong></span> <span class='ocrx_word' id='word_1_83' title='bbox 1723 1289 2028 1358; x_wconf 74' lang='lat' dir='ltr'><strong>parabolas,</strong></span> 
     </span>
    </p>
   </div>
   <div class='ocr_carea' id='block_1_13' title="bbox 436 1383 2031 1459">
    <p class='ocr_par' dir='ltr' id='par_1_13' title="bbox 436 1383 2031 1459">
     <span class='ocr_line' id='line_1_13' title="bbox 436 1383 2031 1459; baseline -0.004 -14"><span class='ocrx_word' id='word_1_84' title='bbox 436 1397 493 1445; x_wconf 86' lang='lat' dir='ltr'><strong>ut</strong></span> <span class='ocrx_word' id='word_1_85' title='bbox 515 1388 666 1459; x_wconf 81' lang='lat' dir='ltr'><strong>juxta</strong></span> <span class='ocrx_word' id='word_1_86' title='bbox 697 1388 981 1442; x_wconf 78' lang='lat' dir='ltr'><strong>vulnerum</strong></span> <span class='ocrx_word' id='word_1_87' title='bbox 1010 1387 1296 1442; x_wconf 81' lang='lat' dir='ltr'><strong>varietates</strong></span> <span class='ocrx_word' id='word_1_88' title='bbox 1326 1394 1380 1442; x_wconf 93' lang='lat' dir='ltr'><strong>et</strong></span> <span class='ocrx_word' id='word_1_89' title='bbox 1408 1385 1673 1441; x_wconf 78' lang='lat' dir='ltr'><strong>medicina</strong></span> <span class='ocrx_word' id='word_1_90' title='bbox 1697 1383 1908 1439; x_wconf 85' lang='lat' dir='ltr'><strong>diversa</strong></span> <span class='ocrx_word' id='word_1_91' title='bbox 1937 1384 2031 1438; x_wconf 88' lang='lat' dir='ltr'><strong>sit.</strong></span> 
     </span>
    </p>
   </div>
   <div class='ocr_carea' id='block_1_14' title="bbox 434 1477 2033 1552">
    <p class='ocr_par' dir='ltr' id='par_1_14' title="bbox 434 1477 2033 1552">
     <span class='ocr_line' id='line_1_14' title="bbox 434 1477 2033 1552; baseline -0.003 -14"><span class='ocrx_word' id='word_1_92' title='bbox 434 1481 627 1538; x_wconf 85' lang='lat' dir='ltr'><strong>Mulier</strong></span> <span class='ocrx_word' id='word_1_93' title='bbox 667 1482 801 1547; x_wconf 88' lang='lat' dir='ltr'><strong>ista,</strong></span> <span class='ocrx_word' id='word_1_94' title='bbox 844 1496 965 1552; x_wconf 72' lang='lat' dir='ltr'><strong>qum</strong></span> <span class='ocrx_word' id='word_1_95' title='bbox 1006 1479 1331 1535; x_wconf 80' lang='lat' dir='ltr'><strong>fermentum</strong></span> <span class='ocrx_word' id='word_1_96' title='bbox 1374 1479 1616 1550; x_wconf 80' lang='lat' dir='ltr'><strong>accepit,</strong></span> <span class='ocrx_word' id='word_1_97' title='bbox 1654 1486 1712 1534; x_wconf 89' lang='lat' dir='ltr'><strong>et</strong></span> <span class='ocrx_word' id='word_1_98' title='bbox 1748 1477 2033 1533; x_wconf 84' lang='lat' dir='ltr'><strong>abscondit</strong></span> 
     </span>
    </p>
   </div>
   <div class='ocr_carea' id='block_1_15' title="bbox 434 1572 2033 1642">
    <p class='ocr_par' dir='ltr' id='par_1_15' title="bbox 434 1572 2033 1642">
     <span class='ocr_line' id='line_1_15' title="bbox 434 1572 2033 1642; baseline -0.002 -13"><span class='ocrx_word' id='word_1_99' title='bbox 434 1573 571 1630; x_wconf 90' lang='lat' dir='ltr'><strong>illud</strong></span> <span class='ocrx_word' id='word_1_100' title='bbox 613 1574 667 1628; x_wconf 92' lang='lat' dir='ltr'><strong>in</strong></span> <span class='ocrx_word' id='word_1_101' title='bbox 707 1573 899 1628; x_wconf 59' lang='lat' dir='ltr'><strong>{urinae</strong></span> <span class='ocrx_word' id='word_1_102' title='bbox 938 1572 1072 1627; x_wconf 84' lang='lat' dir='ltr'><strong>satis</strong></span> <span class='ocrx_word' id='word_1_103' title='bbox 1124 1572 1327 1642; x_wconf 90' lang='lat' dir='ltr'><strong>tribus,</strong></span> <span class='ocrx_word' id='word_1_104' title='bbox 1387 1572 1559 1628; x_wconf 88' lang='lat' dir='ltr'><strong>donec</strong></span> <span class='ocrx_word' id='word_1_105' title='bbox 1607 1572 2033 1627; x_wconf 85' lang='lat' dir='ltr'><strong>lermentaretur</strong></span> 
     </span>
    </p>
   </div>
   <div class='ocr_carea' id='block_1_16' title="bbox 439 1663 2033 1739">
    <p class='ocr_par' dir='ltr' id='par_1_16' title="bbox 439 1663 2033 1739">
     <span class='ocr_line' id='line_1_16' title="bbox 439 1663 2033 1739; baseline -0.004 -14"><span class='ocrx_word' id='word_1_106' title='bbox 439 1677 612 1725; x_wconf 90' lang='lat' dir='ltr'><strong>totum</strong></span> <span class='ocrx_word' id='word_1_107' title='bbox 639 1714 651 1736; x_wconf 95' lang='lat'><strong>,</strong></span> <span class='ocrx_word' id='word_1_108' title='bbox 695 1670 778 1724; x_wconf 86' lang='lat' dir='ltr'><strong>vel</strong></span> <span class='ocrx_word' id='word_1_109' title='bbox 822 1666 1135 1739; x_wconf 66' lang='lat' dir='ltr'><strong>praedicatio</strong></span> <span class='ocrx_word' id='word_1_110' title='bbox 1173 1665 1306 1721; x_wconf 87' lang='lat' dir='ltr'><strong>mihi</strong></span> <span class='ocrx_word' id='word_1_111' title='bbox 1349 1668 1563 1722; x_wconf 84' lang='lat' dir='ltr'><strong>videtur</strong></span> <span class='ocrx_word' id='word_1_112' title='bbox 1611 1665 1909 1737; x_wconf 87' lang='lat' dir='ltr'><strong>apostolica</strong></span> <span class='ocrx_word' id='word_1_113' title='bbox 1947 1663 2033 1719; x_wconf 88' lang='lat' dir='ltr'><strong>vel</strong></span> 
     </span>
    </p>
   </div>
   <div class='ocr_carea' id='block_1_17' title="bbox 2129 540 3729 616">
    <p class='ocr_par' dir='ltr' id='par_1_17' title="bbox 2129 540 3729 616">
     <span class='ocr_line' id='line_1_17' title="bbox 2129 540 3729 616; baseline 0 -18"><span class='ocrx_word' id='word_1_114' title='bbox 2129 558 2238 615; x_wconf 92' lang='lat' dir='ltr'><strong>que</strong></span> <span class='ocrx_word' id='word_1_115' title='bbox 2276 544 2385 615; x_wconf 82' lang='grc' dir='ltr'><strong>[ΑΙ.</strong></span> <span class='ocrx_word' id='word_1_116' title='bbox 2426 541 2654 616; x_wconf 86' lang='lat' dir='ltr'><strong>quippe]</strong></span> <span class='ocrx_word' id='word_1_117' title='bbox 2697 552 2815 599; x_wconf 82' lang='lat' dir='ltr'><strong>sata</strong></span> <span class='ocrx_word' id='word_1_118' title='bbox 2846 543 2973 609; x_wconf 85' lang='lat' dir='ltr'><strong>tria,</strong></span> <span class='ocrx_word' id='word_1_119' title='bbox 3006 540 3135 597; x_wconf 83' lang='lat' dir='ltr'><strong>dum</strong></span> <span class='ocrx_word' id='word_1_120' title='bbox 3168 555 3275 596; x_wconf 89' lang='lat' dir='ltr'><strong>non</strong></span> <span class='ocrx_word' id='word_1_121' title='bbox 3300 549 3385 597; x_wconf 89' lang='lat' dir='ltr'><strong>est</strong></span> <span class='ocrx_word' id='word_1_122' title='bbox 3412 541 3465 596; x_wconf 93' lang='lat' dir='ltr'><strong>in</strong></span> <span class='ocrx_word' id='word_1_123' title='bbox 3498 541 3729 612; x_wconf 77' lang='lat' dir='ltr'><strong>singulis</strong></span> 
     </span>
    </p>
   </div>
   <div class='ocr_carea' id='block_1_18' title="bbox 2131 633 3727 705">
    <p class='ocr_par' dir='ltr' id='par_1_18' title="bbox 2131 633 3727 705">
     <span class='ocr_line' id='line_1_18' title="bbox 2131 633 3727 705; baseline -0.003 -12"><span class='ocrx_word' id='word_1_124' title='bbox 2131 636 2345 693; x_wconf 87' lang='lat' dir='ltr'><strong>diversa</strong></span> <span class='ocrx_word' id='word_1_125' title='bbox 2375 644 2591 705; x_wconf 87' lang='lat' dir='ltr'><strong>natura,</strong></span> <span class='ocrx_word' id='word_1_126' title='bbox 2621 644 2679 692; x_wconf 91' lang='lat' dir='ltr'><strong>et</strong></span> <span class='ocrx_word' id='word_1_127' title='bbox 2705 634 2773 691; x_wconf 85' lang='lat' dir='ltr'><strong>ad</strong></span> <span class='ocrx_word' id='word_1_128' title='bbox 2810 636 3077 691; x_wconf 85' lang='lat' dir='ltr'><strong>unitatem</strong></span> <span class='ocrx_word' id='word_1_129' title='bbox 3118 634 3344 691; x_wconf 83' lang='lat' dir='ltr'><strong>trahunt</strong></span> <span class='ocrx_word' id='word_1_130' title='bbox 3381 633 3727 691; x_wconf 71' lang='lat' dir='ltr'><strong>substantiae.</strong></span> 
     </span>
    </p>
   </div>
   <div class='ocr_carea' id='block_1_19' title="bbox 2132 728 3732 801">
    <p class='ocr_par' dir='ltr' id='par_1_19' title="bbox 2132 728 3732 801">
     <span class='ocr_line' id='line_1_19' title="bbox 2132 728 3732 801; baseline -0.001 -16"><span class='ocrx_word' id='word_1_131' title='bbox 2132 731 2261 786; x_wconf 86' lang='lat' dir='ltr'><strong>Pius</strong></span> <span class='ocrx_word' id='word_1_132' title='bbox 2307 731 2527 801; x_wconf 86' lang='lat' dir='ltr'><strong>quidem</strong></span> <span class='ocrx_word' id='word_1_133' title='bbox 2581 743 2811 795; x_wconf 85' lang='lat' dir='ltr'><strong>sensus,</strong></span> <span class='ocrx_word' id='word_1_134' title='bbox 2858 728 2956 784; x_wconf 82' lang='lat' dir='ltr'><strong>sed</strong></span> <span class='ocrx_word' id='word_1_135' title='bbox 3011 743 3305 801; x_wconf 87' lang='lat' dir='ltr'><strong>numquam</strong></span> <span class='ocrx_word' id='word_1_136' title='bbox 3355 728 3630 799; x_wconf 66' lang='lat' dir='ltr'><strong>parabolae</strong></span> <span class='ocrx_word' id='word_1_137' title='bbox 3676 736 3732 784; x_wconf 92' lang='lat' dir='ltr'><strong>et</strong></span> 
     </span>
    </p>
   </div>
   <div class='ocr_carea' id='block_1_20' title="bbox 2132 822 3729 896">
    <p class='ocr_par' dir='ltr' id='par_1_20' title="bbox 2132 822 3729 896">
     <span class='ocr_line' id='line_1_20' title="bbox 2132 822 3729 896; baseline -0.001 -17"><span class='ocrx_word' id='word_1_138' title='bbox 2132 823 2297 881; x_wconf 89' lang='lat' dir='ltr'><strong>dubia</strong></span> <span class='ocrx_word' id='word_1_139' title='bbox 2342 825 2694 896; x_wconf 67' lang='lat' dir='ltr'><strong>aenigmatum</strong></span> <span class='ocrx_word' id='word_1_140' title='bbox 2740 824 3128 895; x_wconf 76' lang='lat' dir='ltr'><strong>intelligentia,</strong></span> <span class='ocrx_word' id='word_1_141' title='bbox 3165 833 3344 895; x_wconf 88' lang='lat' dir='ltr'><strong>potest</strong></span> <span class='ocrx_word' id='word_1_142' title='bbox 3388 822 3457 878; x_wconf 89' lang='lat' dir='ltr'><strong>ad</strong></span> <span class='ocrx_word' id='word_1_143' title='bbox 3485 823 3729 879; x_wconf 84' lang='lat' dir='ltr'><strong>auctori-</strong></span> 
     </span>
    </p>
   </div>
   <div class='ocr_carea' id='block_1_21' title="bbox 2136 916 3733 988">
    <p class='ocr_par' dir='ltr' id='par_1_21' title="bbox 2136 916 3733 988">
     <span class='ocr_line' id='line_1_21' title="bbox 2136 916 3733 988; baseline 0 -15"><span class='ocrx_word' id='word_1_144' title='bbox 2136 927 2297 973; x_wconf 85' lang='lat' dir='ltr'><strong>tatem</strong></span> <span class='ocrx_word' id='word_1_145' title='bbox 2341 917 2658 988; x_wconf 83' lang='lat' dir='ltr'><strong>dogmatum</strong></span> <span class='ocrx_word' id='word_1_146' title='bbox 2692 916 2982 987; x_wconf 79' lang='lat' dir='ltr'><strong>proﬁcere.</strong></span> <span class='ocrx_word' id='word_1_147' title='bbox 3014 917 3202 973; x_wconf 71' lang='lat' dir='ltr'><strong>Saturn</strong></span> <span class='ocrx_word' id='word_1_148' title='bbox 3234 926 3415 973; x_wconf 87' lang='lat' dir='ltr'><strong>autem</strong></span> <span class='ocrx_word' id='word_1_149' title='bbox 3444 930 3619 988; x_wconf 80' lang='lat' dir='ltr'><strong>genus</strong></span> <span class='ocrx_word' id='word_1_150' title='bbox 3645 922 3733 973; x_wconf 84' lang='lat' dir='ltr'><strong>est</strong></span> 
     </span>
    </p>
   </div>
   <div class='ocr_carea' id='block_1_22' title="bbox 2130 1011 3729 1083">
    <p class='ocr_par' dir='ltr' id='par_1_22' title="bbox 2130 1011 3729 1083">
     <span class='ocr_line' id='line_1_22' title="bbox 2130 1011 3729 1083; baseline -0.002 -14"><span class='ocrx_word' id='word_1_151' title='bbox 2130 1028 2422 1079; x_wconf 72' lang='lat' dir='ltr'><strong>mensum,</strong></span> <span class='ocrx_word' id='word_1_152' title='bbox 2453 1013 2608 1083; x_wconf 80' lang='lat' dir='ltr'><strong>juxta</strong></span> <span class='ocrx_word' id='word_1_153' title='bbox 2639 1026 2848 1068; x_wconf 89' lang='lat' dir='ltr'><strong>morem</strong></span> <span class='ocrx_word' id='word_1_154' title='bbox 2877 1012 3169 1083; x_wconf 64' lang='lat' dir='ltr'><strong>provinciae</strong></span> <span class='ocrx_word' id='word_1_155' title='bbox 3199 1011 3528 1078; x_wconf 69' lang='lat' dir='ltr'><strong>Palaestinae,</strong></span> <span class='ocrx_word' id='word_1_156' title='bbox 3559 1026 3729 1067; x_wconf 88' lang='lat' dir='ltr'><strong>unum</strong></span> 
     </span>
    </p>
   </div>
   <div class='ocr_carea' id='block_1_23' title="bbox 2133 1103 3736 1176">
    <p class='ocr_par' dir='ltr' id='par_1_23' title="bbox 2133 1103 3736 1176">
     <span class='ocr_line' id='line_1_23' title="bbox 2133 1103 3736 1176; baseline -0.001 -14"><span class='ocrx_word' id='word_1_157' title='bbox 2133 1114 2189 1162; x_wconf 89' lang='lat' dir='ltr'><strong>et</strong></span> <span class='ocrx_word' id='word_1_158' title='bbox 2219 1106 2505 1162; x_wconf 90' lang='lat' dir='ltr'><strong>dimidium</strong></span> <span class='ocrx_word' id='word_1_159' title='bbox 2550 1105 2791 1161; x_wconf 87' lang='lat' dir='ltr'><strong>modium</strong></span> <span class='ocrx_word' id='word_1_160' title='bbox 2837 1106 3081 1176; x_wconf 90' lang='lat' dir='ltr'><strong>capiens.</strong></span> <span class='ocrx_word' id='word_1_161' title='bbox 3116 1105 3385 1161; x_wconf 86' lang='lat' dir='ltr'><strong>Dicuntur</strong></span> <span class='ocrx_word' id='word_1_162' title='bbox 3413 1115 3472 1162; x_wconf 91' lang='lat' dir='ltr'><strong>et</strong></span> <span class='ocrx_word' id='word_1_163' title='bbox 3510 1104 3623 1160; x_wconf 88' lang='lat' dir='ltr'><strong>alia</strong></span> <span class='ocrx_word' id='word_1_164' title='bbox 3663 1103 3736 1161; x_wconf 85' lang='lat' dir='ltr'><strong>de</strong></span> 
     </span>
    </p>
   </div>
   <div class='ocr_carea' id='block_1_24' title="bbox 2138 1199 3733 1273">
    <p class='ocr_par' dir='ltr' id='par_1_24' title="bbox 2138 1199 3733 1273">
     <span class='ocr_line' id='line_1_24' title="bbox 2138 1199 3733 1273; baseline -0.001 -17"><span class='ocrx_word' id='word_1_165' title='bbox 2138 1201 2240 1257; x_wconf 88' lang='lat' dir='ltr'><strong>hac</strong></span> <span class='ocrx_word' id='word_1_166' title='bbox 2266 1200 2546 1270; x_wconf 89' lang='lat' dir='ltr'><strong>parabola,</strong></span> <span class='ocrx_word' id='word_1_167' title='bbox 2577 1199 2674 1257; x_wconf 89' lang='lat' dir='ltr'><strong>sed</strong></span> <span class='ocrx_word' id='word_1_168' title='bbox 2705 1214 2809 1257; x_wconf 91' lang='lat' dir='ltr'><strong>non</strong></span> <span class='ocrx_word' id='word_1_169' title='bbox 2842 1208 2927 1255; x_wconf 91' lang='lat' dir='ltr'><strong>est</strong></span> <span class='ocrx_word' id='word_1_170' title='bbox 2959 1200 3252 1273; x_wconf 67' lang='lat' dir='ltr'><strong>praesentis</strong></span> <span class='ocrx_word' id='word_1_171' title='bbox 3278 1199 3523 1256; x_wconf 66' lang='lat' dir='ltr'><strong>materiai</strong></span> <span class='ocrx_word' id='word_1_172' title='bbox 3554 1207 3733 1255; x_wconf 88' lang='lat' dir='ltr'><strong>totum</strong></span> 
     </span>
    </p>
   </div>
   <div class='ocr_carea' id='block_1_25' title="bbox 2136 1295 2716 1353">
    <p class='ocr_par' dir='ltr' id='par_1_25' title="bbox 2136 1295 2716 1353">
     <span class='ocr_line' id='line_1_25' title="bbox 2136 1295 2716 1353; baseline 0 -2"><span class='ocrx_word' id='word_1_173' title='bbox 2136 1295 2203 1351; x_wconf 92' lang='lat' dir='ltr'><strong>dc</strong></span> <span class='ocrx_word' id='word_1_174' title='bbox 2227 1295 2483 1353; x_wconf 89' lang='lat' dir='ltr'><strong>omnibus</strong></span> <span class='ocrx_word' id='word_1_175' title='bbox 2512 1296 2716 1353; x_wconf 82' lang='lat' dir='ltr'><strong>dicere.</strong></span> 
     </span>
    </p>
   </div>
   <div class='ocr_carea' id='block_1_26' title="bbox 2206 1384 3737 1459">
    <p class='ocr_par' dir='ltr' id='par_1_26' title="bbox 2206 1384 3737 1459">
     <span class='ocr_line' id='line_1_26' title="bbox 2206 1384 3737 1459; baseline -0.002 -16"><span class='ocrx_word' id='word_1_176' title='bbox 2206 1386 2387 1459; x_wconf 78' lang='lat' dir='ltr'><strong>(Vers.</strong></span> <span class='ocrx_word' id='word_1_177' title='bbox 2421 1387 2537 1458; x_wconf 72' lang='grc'><strong>54.)</strong></span> <span class='ocrx_word' id='word_1_178' title='bbox 2579 1386 2711 1442; x_wconf 70' lang='lat' dir='ltr'><strong>Herc</strong></span> <span class='ocrx_word' id='word_1_179' title='bbox 2748 1387 2925 1441; x_wconf 84' lang='lat' dir='ltr'><strong>omnia</strong></span> <span class='ocrx_word' id='word_1_180' title='bbox 2953 1387 3155 1442; x_wconf 84' lang='lat' dir='ltr'><strong>locutus</strong></span> <span class='ocrx_word' id='word_1_181' title='bbox 3192 1396 3269 1441; x_wconf 84' lang='lat' dir='ltr'><strong>est</strong></span> <span class='ocrx_word' id='word_1_182' title='bbox 3304 1384 3457 1441; x_wconf 72' lang='lat' dir='ltr'><strong>Iesus</strong></span> <span class='ocrx_word' id='word_1_183' title='bbox 3491 1386 3547 1440; x_wconf 89' lang='lat' dir='ltr'><strong>in</strong></span> <span class='ocrx_word' id='word_1_184' title='bbox 3573 1402 3737 1456; x_wconf 83' lang='lat' dir='ltr'><strong>para-</strong></span> 
     </span>
    </p>
   </div>
   <div class='ocr_carea' id='block_1_27' title="bbox 2134 1479 3736 1552">
    <p class='ocr_par' dir='ltr' id='par_1_27' title="bbox 2134 1479 3736 1552">
     <span class='ocr_line' id='line_1_27' title="bbox 2134 1479 3736 1552; baseline -0.001 -19"><span class='ocrx_word' id='word_1_185' title='bbox 2134 1479 2265 1535; x_wconf 81' lang='lat' dir='ltr'><strong>bolis</strong></span> <span class='ocrx_word' id='word_1_186' title='bbox 2294 1480 2365 1534; x_wconf 88' lang='lat' dir='ltr'><strong>ad</strong></span> <span class='ocrx_word' id='word_1_187' title='bbox 2393 1480 2591 1547; x_wconf 81' lang='lat' dir='ltr'><strong>turbas,</strong></span> <span class='ocrx_word' id='word_1_188' title='bbox 2625 1489 2675 1535; x_wconf 85' lang='lat' dir='ltr'><strong>et</strong></span> <span class='ocrx_word' id='word_1_189' title='bbox 2706 1481 2816 1534; x_wconf 83' lang='lat' dir='ltr'><strong>sine</strong></span> <span class='ocrx_word' id='word_1_190' title='bbox 2846 1479 3115 1547; x_wconf 82' lang='lat' dir='ltr'><strong>parabolis</strong></span> <span class='ocrx_word' id='word_1_191' title='bbox 3153 1496 3260 1535; x_wconf 81' lang='lat' dir='ltr'><strong>non</strong></span> <span class='ocrx_word' id='word_1_192' title='bbox 3299 1480 3609 1552; x_wconf 74' lang='lat' dir='ltr'><strong>loquebatur</strong></span> <span class='ocrx_word' id='word_1_193' title='bbox 3639 1479 3736 1534; x_wconf 80' lang='lat' dir='ltr'><strong>eis.</strong></span> 
     </span>
    </p>
   </div>
   <div class='ocr_carea' id='block_1_28' title="bbox 2136 1573 3736 1646">
    <p class='ocr_par' dir='ltr' id='par_1_28' title="bbox 2136 1573 3736 1646">
     <span class='ocr_line' id='line_1_28' title="bbox 2136 1573 3736 1646; baseline 0 -17"><span class='ocrx_word' id='word_1_194' title='bbox 2136 1573 2251 1629; x_wconf 89' lang='lat' dir='ltr'><strong>Non</strong></span> <span class='ocrx_word' id='word_1_195' title='bbox 2301 1574 2623 1645; x_wconf 89' lang='lat' dir='ltr'><strong>discipulis,</strong></span> <span class='ocrx_word' id='word_1_196' title='bbox 2668 1574 2766 1630; x_wconf 90' lang='lat' dir='ltr'><strong>sed</strong></span> <span class='ocrx_word' id='word_1_197' title='bbox 2798 1574 2975 1630; x_wconf 89' lang='lat' dir='ltr'><strong>turbis</strong></span> <span class='ocrx_word' id='word_1_198' title='bbox 3001 1590 3099 1645; x_wconf 89' lang='lat' dir='ltr'><strong>per</strong></span> <span class='ocrx_word' id='word_1_199' title='bbox 3130 1575 3417 1646; x_wconf 87' lang='lat' dir='ltr'><strong>parabolas</strong></span> <span class='ocrx_word' id='word_1_200' title='bbox 3456 1576 3736 1645; x_wconf 88' lang='lat' dir='ltr'><strong>loquitur;</strong></span> 
     </span>
    </p>
   </div>
   <div class='ocr_carea' id='block_1_29' title="bbox 2137 1666 3740 1739">
    <p class='ocr_par' dir='ltr' id='par_1_29' title="bbox 2137 1666 3740 1739">
     <span class='ocr_line' id='line_1_29' title="bbox 2137 1666 3740 1739; baseline 0.001 -18"><span class='ocrx_word' id='word_1_201' title='bbox 2137 1676 2193 1721; x_wconf 90' lang='lat' dir='ltr'><strong>et</strong></span> <span class='ocrx_word' id='word_1_202' title='bbox 2240 1681 2410 1738; x_wconf 89' lang='lat' dir='ltr'><strong>usque</strong></span> <span class='ocrx_word' id='word_1_203' title='bbox 2456 1666 2620 1722; x_wconf 88' lang='lat' dir='ltr'><strong>hodie</strong></span> <span class='ocrx_word' id='word_1_204' title='bbox 2660 1668 2833 1723; x_wconf 69' lang='lat' dir='ltr'><strong>turba:</strong></span> <span class='ocrx_word' id='word_1_205' title='bbox 2864 1668 2917 1722; x_wconf 91' lang='lat' dir='ltr'><strong>in</strong></span> <span class='ocrx_word' id='word_1_206' title='bbox 2953 1667 3230 1739; x_wconf 83' lang='lat' dir='ltr'><strong>parabolis</strong></span> <span class='ocrx_word' id='word_1_207' title='bbox 3274 1666 3740 1724; x_wconf 82' lang='lat' dir='ltr'><strong>audiuntzdisci-</strong></span> 
     </span>
    </p>
   </div>
   <div class='ocr_carea' id='block_1_30' title="bbox 437 1760 3229 1835">
    <p class='ocr_par' dir='ltr' id='par_1_30' title="bbox 437 1760 3229 1835">
     <span class='ocr_line' id='line_1_30' title="bbox 437 1760 3229 1835; baseline 0 -17"><span class='ocrx_word' id='word_1_208' title='bbox 437 1761 705 1828; x_wconf 86' lang='lat' dir='ltr'><strong>Ecclesia,</strong></span> <span class='ocrx_word' id='word_1_209' title='bbox 745 1777 866 1832; x_wconf 76' lang='lat' dir='ltr'><strong>qua:</strong></span> <span class='ocrx_word' id='word_1_210' title='bbox 904 1760 974 1817; x_wconf 92' lang='lat' dir='ltr'><strong>de</strong></span> <span class='ocrx_word' id='word_1_211' title='bbox 1012 1760 1239 1817; x_wconf 81' lang='lat' dir='ltr'><strong>diversis</strong></span> <span class='ocrx_word' id='word_1_212' title='bbox 1277 1762 1529 1833; x_wconf 82' lang='lat' dir='ltr'><strong>gentibus</strong></span> <span class='ocrx_word' id='word_1_213' title='bbox 1567 1769 1895 1833; x_wconf 85' lang='lat' dir='ltr'><strong>congregata</strong></span> <span class='ocrx_word' id='word_1_214' title='bbox 1920 1768 2025 1817; x_wconf 89' lang='lat' dir='ltr'><strong>est.</strong></span> <span class='ocrx_word' id='word_1_215' title='bbox 2059 1775 2107 1835; x_wconf 81' lang='grc' dir='ltr'><strong>Β</strong></span> <span class='ocrx_word' id='word_1_216' title='bbox 2137 1762 2248 1829; x_wconf 92' lang='lat' dir='ltr'><strong>puli</strong></span> <span class='ocrx_word' id='word_1_217' title='bbox 2277 1773 2297 1801; x_wconf 73' lang='grc' dir='ltr'><strong><em>τ</em></strong></span> <span class='ocrx_word' id='word_1_218' title='bbox 2325 1761 2472 1817; x_wconf 91' lang='lat' dir='ltr'><strong>domi</strong></span> <span class='ocrx_word' id='word_1_219' title='bbox 2500 1762 2840 1834; x_wconf 82' lang='lat' dir='ltr'><strong>interrogant</strong></span> <span class='ocrx_word' id='word_1_220' title='bbox 2868 1762 3229 1820; x_wconf 82' lang='lat' dir='ltr'><strong>Salvatorem.</strong></span> 
     </span>
    </p>
   </div>
   <div class='ocr_carea' id='block_1_31' title="bbox 433 1853 2038 1925">
    <p class='ocr_par' dir='ltr' id='par_1_31' title="bbox 433 1853 2038 1925">
     <span class='ocr_line' id='line_1_31' title="bbox 433 1853 2038 1925; baseline -0.001 -14"><span class='ocrx_word' id='word_1_221' title='bbox 433 1853 562 1911; x_wconf 69' lang='lat' dir='ltr'><strong>[late</strong></span> <span class='ocrx_word' id='word_1_222' title='bbox 624 1854 766 1910; x_wconf 88' lang='lat' dir='ltr'><strong>tollit</strong></span> <span class='ocrx_word' id='word_1_223' title='bbox 793 1854 1146 1925; x_wconf 80' lang='lat' dir='ltr'><strong>fermentum,</strong></span> <span class='ocrx_word' id='word_1_224' title='bbox 1199 1856 1442 1910; x_wconf 87' lang='lat' dir='ltr'><strong>notitiam</strong></span> <span class='ocrx_word' id='word_1_225' title='bbox 1486 1854 1696 1911; x_wconf 88' lang='lat' dir='ltr'><strong>scilicet</strong></span> <span class='ocrx_word' id='word_1_226' title='bbox 1735 1864 1792 1910; x_wconf 88' lang='lat' dir='ltr'><strong>et</strong></span> <span class='ocrx_word' id='word_1_227' title='bbox 1838 1854 2038 1910; x_wconf 84' lang='lat' dir='ltr'><strong>intelli-</strong></span> 
     </span>
    </p>
   </div>
   <div class='ocr_carea' id='block_1_32' title="bbox 437 1948 2039 2022">
    <p class='ocr_par' dir='ltr' id='par_1_32' title="bbox 437 1948 2039 2022">
     <span class='ocr_line' id='line_1_32' title="bbox 437 1948 2039 2022; baseline 0 -17"><span class='ocrx_word' id='word_1_228' title='bbox 437 1950 676 2022; x_wconf 80' lang='lat' dir='ltr'><strong>gentiam</strong></span> <span class='ocrx_word' id='word_1_229' title='bbox 706 1948 1135 2020; x_wconf 81' lang='lat' dir='ltr'><strong>Scrl&#39;pturarum,</strong></span> <span class='ocrx_word' id='word_1_230' title='bbox 1178 1960 1232 2003; x_wconf 84' lang='lat' dir='ltr'><strong>et</strong></span> <span class='ocrx_word' id='word_1_231' title='bbox 1270 1949 1558 2006; x_wconf 80' lang='lat' dir='ltr'><strong>abscondit</strong></span> <span class='ocrx_word' id='word_1_232' title='bbox 1597 1951 1725 2005; x_wconf 87' lang='lat' dir='ltr'><strong>illud</strong></span> <span class='ocrx_word' id='word_1_233' title='bbox 1768 1951 1821 2006; x_wconf 90' lang='lat' dir='ltr'><strong>in</strong></span> <span class='ocrx_word' id='word_1_234' title='bbox 1851 1949 2039 2005; x_wconf 75' lang='lat' dir='ltr'><strong>farina:</strong></span> 
     </span>
    </p>
   </div>
   <div class='ocr_carea' id='block_1_33' title="bbox 445 2042 2035 2121">
    <p class='ocr_par' dir='ltr' id='par_1_33' title="bbox 445 2042 2035 2121">
     <span class='ocr_line' id='line_1_33' title="bbox 445 2042 2035 2121; baseline -0.001 -22"><span class='ocrx_word' id='word_1_235' title='bbox 445 2043 576 2099; x_wconf 85' lang='lat' dir='ltr'><strong>satis</strong></span> <span class='ocrx_word' id='word_1_236' title='bbox 610 2042 812 2109; x_wconf 87' lang='lat' dir='ltr'><strong>tribus,</strong></span> <span class='ocrx_word' id='word_1_237' title='bbox 858 2051 917 2098; x_wconf 93' lang='lat' dir='ltr'><strong>ut</strong></span> <span class='ocrx_word' id='word_1_238' title='bbox 953 2045 1200 2114; x_wconf 85' lang='lat' dir='ltr'><strong>spiritus,</strong></span> <span class='ocrx_word' id='word_1_239' title='bbox 1230 2045 1409 2098; x_wconf 90' lang='lat' dir='ltr'><strong>anima</strong></span> <span class='ocrx_word' id='word_1_240' title='bbox 1429 2085 1443 2108; x_wconf 88' lang='lat'><strong>,</strong></span> <span class='ocrx_word' id='word_1_241' title='bbox 1477 2052 1533 2099; x_wconf 87' lang='lat' dir='ltr'><strong>et</strong></span> <span class='ocrx_word' id='word_1_242' title='bbox 1561 2058 1759 2121; x_wconf 86' lang='lat' dir='ltr'><strong>corpus</strong></span> <span class='ocrx_word' id='word_1_243' title='bbox 1789 2044 1841 2098; x_wconf 90' lang='lat' dir='ltr'><strong>in</strong></span> <span class='ocrx_word' id='word_1_244' title='bbox 1867 2058 2035 2098; x_wconf 90' lang='lat' dir='ltr'><strong>unum</strong></span> 
     </span>
    </p>
   </div>
   <div class='ocr_carea' id='block_1_34' title="bbox 438 2136 2038 2208">
    <p class='ocr_par' dir='ltr' id='par_1_34' title="bbox 438 2136 2038 2208">
     <span class='ocr_line' id='line_1_34' title="bbox 438 2136 2038 2208; baseline -0.003 -14"><span class='ocrx_word' id='word_1_245' title='bbox 438 2139 694 2205; x_wconf 85' lang='lat' dir='ltr'><strong>redacta,</strong></span> <span class='ocrx_word' id='word_1_246' title='bbox 737 2152 846 2193; x_wconf 88' lang='lat' dir='ltr'><strong>non</strong></span> <span class='ocrx_word' id='word_1_247' title='bbox 885 2137 1201 2208; x_wconf 88' lang='lat' dir='ltr'><strong>discrepent</strong></span> <span class='ocrx_word' id='word_1_248' title='bbox 1240 2138 1380 2192; x_wconf 90' lang='lat' dir='ltr'><strong>inter</strong></span> <span class='ocrx_word' id='word_1_249' title='bbox 1417 2152 1507 2202; x_wconf 86' lang='lat' dir='ltr'><strong>se;</strong></span> <span class='ocrx_word' id='word_1_250' title='bbox 1550 2136 1645 2195; x_wconf 81' lang='lat' dir='ltr'><strong>sed</strong></span> <span class='ocrx_word' id='word_1_251' title='bbox 1674 2152 1796 2192; x_wconf 89' lang='lat' dir='ltr'><strong>cum</strong></span> <span class='ocrx_word' id='word_1_252' title='bbox 1826 2136 2038 2191; x_wconf 88' lang='lat' dir='ltr'><strong>duobus</strong></span> 
     </span>
    </p>
   </div>
   <div class='ocr_carea' id='block_1_35' title="bbox 435 2228 2039 2303">
    <p class='ocr_par' dir='ltr' id='par_1_35' title="bbox 435 2228 2039 2303">
     <span class='ocr_line' id='line_1_35' title="bbox 435 2228 2039 2303; baseline -0.002 -17"><span class='ocrx_word' id='word_1_253' title='bbox 435 2238 491 2286; x_wconf 89' lang='lat' dir='ltr'><strong>et</strong></span> <span class='ocrx_word' id='word_1_254' title='bbox 519 2231 693 2285; x_wconf 91' lang='lat' dir='ltr'><strong>tribus</strong></span> <span class='ocrx_word' id='word_1_255' title='bbox 733 2230 1114 2298; x_wconf 87' lang='lat' dir='ltr'><strong>convenerint,</strong></span> <span class='ocrx_word' id='word_1_256' title='bbox 1142 2230 1258 2303; x_wconf 59' lang='lat'><strong>94</strong></span> <span class='ocrx_word' id='word_1_257' title='bbox 1286 2231 1581 2300; x_wconf 84' lang='lat' dir='ltr'><strong>impetrent</strong></span> <span class='ocrx_word' id='word_1_258' title='bbox 1609 2246 1635 2283; x_wconf 90' lang='lat' dir='ltr'><strong>a</strong></span> <span class='ocrx_word' id='word_1_259' title='bbox 1668 2229 1828 2285; x_wconf 85' lang='lat' dir='ltr'><strong>Patre</strong></span> <span class='ocrx_word' id='word_1_260' title='bbox 1865 2228 2039 2299; x_wconf 89' lang='lat' dir='ltr'><strong>quod-</strong></span> 
     </span>
    </p>
   </div>
   <div class='ocr_carea' id='block_1_36' title="bbox 438 2320 2040 2397">
    <p class='ocr_par' dir='ltr' id='par_1_36' title="bbox 438 2320 2040 2397">
     <span class='ocr_line' id='line_1_36' title="bbox 438 2320 2040 2397; baseline -0.003 -18"><span class='ocrx_word' id='word_1_261' title='bbox 438 2338 671 2394; x_wconf 88' lang='lat' dir='ltr'><strong>cumque</strong></span> <span class='ocrx_word' id='word_1_262' title='bbox 712 2324 1119 2394; x_wconf 67' lang='lat' dir='ltr'><strong>postulaverint</strong></span> <span class='ocrx_word' id='word_1_263' title='bbox 1157 2323 1376 2397; x_wconf 74' lang='lat' dir='ltr'><strong>(Matth.</strong></span> <span class='ocrx_word' id='word_1_264' title='bbox 1421 2324 1592 2392; x_wconf 80' lang='lat' dir='ltr'><strong>xvm).</strong></span> <span class='ocrx_word' id='word_1_265' title='bbox 1626 2322 1928 2377; x_wconf 89' lang='lat' dir='ltr'><strong>Disseritur</strong></span> <span class='ocrx_word' id='word_1_266' title='bbox 1955 2320 2040 2375; x_wconf 90' lang='lat' dir='ltr'><strong>lo-</strong></span> 
     </span>
    </p>
   </div>
   <div class='ocr_carea' id='block_1_37' title="bbox 440 2413 2037 2486">
    <p class='ocr_par' dir='ltr' id='par_1_37' title="bbox 440 2413 2037 2486">
     <span class='ocr_line' id='line_1_37' title="bbox 440 2413 2037 2486; baseline -0.001 -16"><span class='ocrx_word' id='word_1_267' title='bbox 440 2429 537 2470; x_wconf 90' lang='lat' dir='ltr'><strong>cus</strong></span> <span class='ocrx_word' id='word_1_268' title='bbox 578 2415 701 2483; x_wconf 87' lang='lat' dir='ltr'><strong>iste,</strong></span> <span class='ocrx_word' id='word_1_269' title='bbox 743 2423 800 2471; x_wconf 85' lang='lat' dir='ltr'><strong>et</strong></span> <span class='ocrx_word' id='word_1_270' title='bbox 836 2415 1016 2471; x_wconf 88' lang='lat' dir='ltr'><strong>aliter.</strong></span> <span class='ocrx_word' id='word_1_271' title='bbox 1058 2414 1311 2486; x_wconf 77' lang='lat' dir='ltr'><strong>Legimus</strong></span> <span class='ocrx_word' id='word_1_272' title='bbox 1343 2415 1395 2469; x_wconf 92' lang='lat' dir='ltr'><strong>in</strong></span> <span class='ocrx_word' id='word_1_273' title='bbox 1431 2415 1674 2483; x_wconf 86' lang='lat' dir='ltr'><strong>Platone,</strong></span> <span class='ocrx_word' id='word_1_274' title='bbox 1708 2426 1762 2470; x_wconf 90' lang='lat' dir='ltr'><strong>et</strong></span> <span class='ocrx_word' id='word_1_275' title='bbox 1792 2413 2037 2485; x_wconf 86' lang='lat' dir='ltr'><strong>philoso-</strong></span> 
     </span>
    </p>
   </div>
   <div class='ocr_carea' id='block_1_38' title="bbox 440 2509 2037 2585">
    <p class='ocr_par' dir='ltr' id='par_1_38' title="bbox 440 2509 2037 2585">
     <span class='ocr_line' id='line_1_38' title="bbox 440 2509 2037 2585; baseline 0.001 -20"><span class='ocrx_word' id='word_1_276' title='bbox 440 2511 673 2584; x_wconf 88' lang='lat' dir='ltr'><strong>phorum</strong></span> <span class='ocrx_word' id='word_1_277' title='bbox 725 2512 921 2583; x_wconf 82' lang='lat' dir='ltr'><strong>dogma</strong></span> <span class='ocrx_word' id='word_1_278' title='bbox 973 2510 1084 2585; x_wconf 80' lang='lat' dir='ltr'><strong>[AL</strong></span> <span class='ocrx_word' id='word_1_279' title='bbox 1134 2509 1410 2584; x_wconf 73' lang='lat' dir='ltr'><strong>dogmate]</strong></span> <span class='ocrx_word' id='word_1_280' title='bbox 1454 2511 1736 2582; x_wconf 82' lang='lat' dir='ltr'><strong>vulgatum</strong></span> <span class='ocrx_word' id='word_1_281' title='bbox 1783 2520 1889 2577; x_wconf 90' lang='lat' dir='ltr'><strong>est,</strong></span> <span class='ocrx_word' id='word_1_282' title='bbox 1922 2519 2037 2567; x_wconf 88' lang='lat' dir='ltr'><strong>tres</strong></span> 
     </span>
    </p>
   </div>
   <div class='ocr_carea' id='block_1_39' title="bbox 440 2600 2036 2677">
    <p class='ocr_par' dir='ltr' id='par_1_39' title="bbox 440 2600 2036 2677">
     <span class='ocr_line' id='line_1_39' title="bbox 440 2600 2036 2677; baseline -0.001 -17"><span class='ocrx_word' id='word_1_283' title='bbox 440 2619 565 2661; x_wconf 83' lang='lat' dir='ltr'><strong>esse</strong></span> <span class='ocrx_word' id='word_1_284' title='bbox 596 2605 648 2659; x_wconf 90' lang='lat' dir='ltr'><strong>in</strong></span> <span class='ocrx_word' id='word_1_285' title='bbox 682 2604 917 2659; x_wconf 87' lang='lat' dir='ltr'><strong>humana</strong></span> <span class='ocrx_word' id='word_1_286' title='bbox 958 2604 1136 2658; x_wconf 89' lang='lat' dir='ltr'><strong>anima</strong></span> <span class='ocrx_word' id='word_1_287' title='bbox 1174 2604 1482 2674; x_wconf 89' lang='lat' dir='ltr'><strong>passiones,</strong></span> <span class='ocrx_word' id='word_1_288' title='bbox 1516 2613 1541 2641; x_wconf 70' lang='grc' dir='ltr'>η</span> <span class='ocrx_word' id='word_1_289' title='bbox 1570 2606 1629 2659; x_wconf 88' lang='grc' dir='ltr'><strong>τὸ</strong></span> <span class='ocrx_word' id='word_1_290' title='bbox 1657 2604 1853 2677; x_wconf 70' lang='grc' dir='ltr'><strong>λογικὸν</strong></span> <span class='ocrx_word' id='word_1_291' title='bbox 1890 2600 2036 2673; x_wconf 86' lang='lat' dir='ltr'><strong>quod</strong></span> 
     </span>
    </p>
   </div>
   <div class='ocr_carea' id='block_1_40' title="bbox 438 2696 2035 2770">
    <p class='ocr_par' dir='ltr' id='par_1_40' title="bbox 438 2696 2035 2770">
     <span class='ocr_line' id='line_1_40' title="bbox 438 2696 2035 2770; baseline -0.003 -16"><span class='ocrx_word' id='word_1_292' title='bbox 438 2713 541 2754; x_wconf 85' lang='lat' dir='ltr'><strong>nos</strong></span> <span class='ocrx_word' id='word_1_293' title='bbox 593 2712 885 2770; x_wconf 88' lang='lat' dir='ltr'><strong>possumus</strong></span> <span class='ocrx_word' id='word_1_294' title='bbox 941 2697 1292 2770; x_wconf 85' lang='lat' dir='ltr'><strong>interpretari</strong></span> <span class='ocrx_word' id='word_1_295' title='bbox 1346 2696 1797 2751; x_wconf 64' lang='lat' dir='ltr'><strong>rationabilurb</strong></span> <span class='ocrx_word' id='word_1_296' title='bbox 1825 2696 2035 2767; x_wconf 77' lang='grc' dir='ltr'><strong>θυμικὸν</strong></span> 
     </span>
    </p>
   </div>
   <div class='ocr_carea' id='block_1_41' title="bbox 439 2789 2039 2864">
    <p class='ocr_par' dir='ltr' id='par_1_41' title="bbox 439 2789 2039 2864">
     <span class='ocr_line' id='line_1_41' title="bbox 439 2789 2039 2864; baseline -0.001 -16"><span class='ocrx_word' id='word_1_297' title='bbox 439 2792 584 2864; x_wconf 91' lang='lat' dir='ltr'><strong>quod</strong></span> <span class='ocrx_word' id='word_1_298' title='bbox 609 2792 873 2859; x_wconf 85' lang='lat' dir='ltr'><strong>dicamus,</strong></span> <span class='ocrx_word' id='word_1_299' title='bbox 903 2792 1115 2864; x_wconf 90' lang='lat' dir='ltr'><strong>plenum</strong></span> <span class='ocrx_word' id='word_1_300' title='bbox 1135 2793 1250 2857; x_wconf 72' lang='lat' dir='ltr'><strong>ires,</strong></span> <span class='ocrx_word' id='word_1_301' title='bbox 1275 2790 1360 2845; x_wconf 85' lang='lat' dir='ltr'><strong>vel</strong></span> <span class='ocrx_word' id='word_1_302' title='bbox 1385 2789 1642 2844; x_wconf 87' lang='lat' dir='ltr'><strong>irascibile</strong></span> <span class='ocrx_word' id='word_1_303' title='bbox 1667 2804 1687 2843; x_wconf 88' lang='lat'><strong><em>:</em></strong></span> <span class='ocrx_word' id='word_1_304' title='bbox 1706 2791 1765 2845; x_wconf 76' lang='grc' dir='ltr'><strong>τὸ</strong></span> <span class='ocrx_word' id='word_1_305' title='bbox 1793 2791 2039 2862; x_wconf 59' lang='lat' dir='ltr'><strong>imbuun-</strong></span> 
     </span>
    </p>
   </div>
   <div class='ocr_carea' id='block_1_42' title="bbox 440 2881 2039 2955">
    <p class='ocr_par' dir='ltr' id='par_1_42' title="bbox 440 2881 2039 2955">
     <span class='ocr_line' id='line_1_42' title="bbox 440 2881 2039 2955; baseline -0.003 -13"><span class='ocrx_word' id='word_1_306' title='bbox 440 2888 580 2943; x_wconf 78' lang='grc' dir='ltr'><strong>τικὸν</strong></span> <span class='ocrx_word' id='word_1_307' title='bbox 605 2884 748 2955; x_wconf 87' lang='lat' dir='ltr'><strong>quod</strong></span> <span class='ocrx_word' id='word_1_308' title='bbox 777 2885 1147 2955; x_wconf 87' lang='lat' dir='ltr'><strong>appellamus,</strong></span> <span class='ocrx_word' id='word_1_309' title='bbox 1182 2881 1578 2953; x_wconf 77' lang='lat' dir='ltr'><strong>concupiscibile</strong></span> <span class='ocrx_word' id='word_1_310' title='bbox 1607 2898 1624 2935; x_wconf 94' lang='lat'><em>:</em></span> <span class='ocrx_word' id='word_1_311' title='bbox 1654 2890 1712 2938; x_wconf 88' lang='lat' dir='ltr'><strong>et</strong></span> <span class='ocrx_word' id='word_1_312' title='bbox 1748 2892 1905 2952; x_wconf 85' lang='lat' dir='ltr'><strong>putat</strong></span> <span class='ocrx_word' id='word_1_313' title='bbox 1945 2881 2039 2937; x_wconf 91' lang='lat' dir='ltr'><strong>ille</strong></span> 
     </span>
    </p>
   </div>
   <div class='ocr_carea' id='block_1_43' title="bbox 446 2973 2037 3048">
    <p class='ocr_par' dir='ltr' id='par_1_43' title="bbox 446 2973 2037 3048">
     <span class='ocr_line' id='line_1_43' title="bbox 446 2973 2037 3048; baseline -0.003 -17"><span class='ocrx_word' id='word_1_314' title='bbox 446 2976 810 3048; x_wconf 88' lang='lat' dir='ltr'><strong>philosophus</strong></span> <span class='ocrx_word' id='word_1_315' title='bbox 848 2975 1176 3031; x_wconf 83' lang='lat' dir='ltr'><strong>rationabile</strong></span> <span class='ocrx_word' id='word_1_316' title='bbox 1216 2983 1463 3029; x_wconf 89' lang='lat' dir='ltr'><strong>nostrum</strong></span> <span class='ocrx_word' id='word_1_317' title='bbox 1505 2975 1561 3028; x_wconf 93' lang='lat' dir='ltr'><strong>in</strong></span> <span class='ocrx_word' id='word_1_318' title='bbox 1601 2973 1857 3041; x_wconf 88' lang='lat' dir='ltr'><strong>cerebro,</strong></span> <span class='ocrx_word' id='word_1_319' title='bbox 1901 2973 2037 3028; x_wconf 89' lang='lat' dir='ltr'><strong>iram</strong></span> 
     </span>
    </p>
   </div>
   <div class='ocr_carea' id='block_1_44' title="bbox 2212 1852 3742 1926">
    <p class='ocr_par' dir='ltr' id='par_1_44' title="bbox 2212 1852 3742 1926">
     <span class='ocr_line' id='line_1_44' title="bbox 2212 1852 3742 1926; baseline 0.005 -21"><span class='ocrx_word' id='word_1_320' title='bbox 2212 1853 2394 1925; x_wconf 87' lang='lat' dir='ltr'><strong>(Vers.</strong></span> <span class='ocrx_word' id='word_1_321' title='bbox 2425 1852 2543 1923; x_wconf 82' lang='lat'><strong>55.)</strong></span> <span class='ocrx_word' id='word_1_322' title='bbox 2574 1852 2643 1908; x_wconf 86' lang='lat' dir='ltr'><strong>Ut</strong></span> <span class='ocrx_word' id='word_1_323' title='bbox 2666 1854 2965 1926; x_wconf 86' lang='lat' dir='ltr'><strong>impleretur</strong></span> <span class='ocrx_word' id='word_1_324' title='bbox 2992 1854 3130 1926; x_wconf 85' lang='lat' dir='ltr'><strong>quod</strong></span> <span class='ocrx_word' id='word_1_325' title='bbox 3159 1855 3355 1909; x_wconf 85' lang='lat' dir='ltr'><strong>dictum</strong></span> <span class='ocrx_word' id='word_1_326' title='bbox 3385 1864 3462 1909; x_wconf 86' lang='lat' dir='ltr'><strong>est</strong></span> <span class='ocrx_word' id='word_1_327' title='bbox 3489 1870 3583 1926; x_wconf 89' lang='lat' dir='ltr'><strong>per</strong></span> <span class='ocrx_word' id='word_1_328' title='bbox 3613 1871 3742 1926; x_wconf 82' lang='lat' dir='ltr'><strong>pro-</strong></span> 
     </span>
    </p>
   </div>
   <div class='ocr_carea' id='block_1_45' title="bbox 2140 1945 3739 2022">
    <p class='ocr_par' dir='ltr' id='par_1_45' title="bbox 2140 1945 3739 2022">
     <span class='ocr_line' id='line_1_45' title="bbox 2140 1945 3739 2022; baseline 0.001 -24"><span class='ocrx_word' id='word_1_329' title='bbox 2140 1945 2348 2018; x_wconf 85' lang='lat' dir='ltr'><strong>phetant</strong></span> <span class='ocrx_word' id='word_1_330' title='bbox 2397 1947 2652 2003; x_wconf 80' lang='lat' dir='ltr'><strong>dicentem</strong></span> <span class='ocrx_word' id='word_1_331' title='bbox 2690 1962 2707 2000; x_wconf 91' lang='lat'><strong><em>:</em></strong></span> <span class='ocrx_word' id='word_1_332' title='bbox 2750 1947 2995 2022; x_wconf 85' lang='lat' dir='ltr'><strong>Aperiam</strong></span> <span class='ocrx_word' id='word_1_333' title='bbox 3038 1947 3092 2002; x_wconf 88' lang='lat' dir='ltr'><strong>in</strong></span> <span class='ocrx_word' id='word_1_334' title='bbox 3136 1946 3400 2019; x_wconf 83' lang='lat' dir='ltr'><strong>parabolis</strong></span> <span class='ocrx_word' id='word_1_335' title='bbox 3449 1964 3507 2002; x_wconf 85' lang='lat' dir='ltr'><strong>os</strong></span> <span class='ocrx_word' id='word_1_336' title='bbox 3542 1964 3739 2016; x_wconf 88' lang='lat' dir='ltr'><strong>meum,</strong></span> 
     </span>
    </p>
   </div>
   <div class='ocr_carea' id='block_1_46' title="bbox 2141 2040 3742 2097">
    <p class='ocr_par' dir='ltr' id='par_1_46' title="bbox 2141 2040 3742 2097">
     <span class='ocr_line' id='line_1_46' title="bbox 2141 2040 3742 2097; baseline 0.002 -4"><span class='ocrx_word' id='word_1_337' title='bbox 2141 2040 2385 2094; x_wconf 84' lang='lat' dir='ltr'><strong>eructobo</strong></span> <span class='ocrx_word' id='word_1_338' title='bbox 2421 2040 2729 2096; x_wconf 84' lang='lat' dir='ltr'><strong>abscondita</strong></span> <span class='ocrx_word' id='word_1_339' title='bbox 2756 2057 2789 2096; x_wconf 81' lang='grc' dir='ltr'>α</span> <span class='ocrx_word' id='word_1_340' title='bbox 2814 2042 3180 2096; x_wconf 82' lang='lat' dir='ltr'><strong>constitutione</strong></span> <span class='ocrx_word' id='word_1_341' title='bbox 3203 2042 3402 2095; x_wconf 87' lang='lat' dir='ltr'><strong>mundi.</strong></span> <span class='ocrx_word' id='word_1_342' title='bbox 3436 2040 3552 2097; x_wconf 83' lang='lat' dir='ltr'><strong>Hoc</strong></span> <span class='ocrx_word' id='word_1_343' title='bbox 3579 2043 3742 2097; x_wconf 88' lang='lat' dir='ltr'><strong>testi-</strong></span> 
     </span>
    </p>
   </div>
   <div class='ocr_carea' id='block_1_47' title="bbox 2143 2133 3742 2208">
    <p class='ocr_par' dir='ltr' id='par_1_47' title="bbox 2143 2133 3742 2208">
     <span class='ocr_line' id='line_1_47' title="bbox 2143 2133 3742 2208; baseline 0.002 -21"><span class='ocrx_word' id='word_1_344' title='bbox 2143 2134 2382 2188; x_wconf 90' lang='lat' dir='ltr'><strong>monium</strong></span> <span class='ocrx_word' id='word_1_345' title='bbox 2413 2133 2483 2189; x_wconf 88' lang='lat' dir='ltr'><strong>de</strong></span> <span class='ocrx_word' id='word_1_346' title='bbox 2520 2134 2919 2205; x_wconf 81' lang='lat' dir='ltr'><strong>septuagesimo</strong></span> <span class='ocrx_word' id='word_1_347' title='bbox 2951 2134 3183 2205; x_wconf 89' lang='lat' dir='ltr'><strong>septimo</strong></span> <span class='ocrx_word' id='word_1_348' title='bbox 3216 2135 3421 2203; x_wconf 86' lang='lat' dir='ltr'><strong>psalmo</strong></span> <span class='ocrx_word' id='word_1_349' title='bbox 3453 2135 3634 2207; x_wconf 76' lang='lat' dir='ltr'><strong>(Vera.</strong></span> <span class='ocrx_word' id='word_1_350' title='bbox 3677 2135 3742 2208; x_wconf 74' lang='lat'><strong>2)</strong></span> 
     </span>
    </p>
   </div>
   <div class='ocr_carea' id='block_1_48' title="bbox 2144 2226 3746 2299">
    <p class='ocr_par' dir='ltr' id='par_1_48' title="bbox 2144 2226 3746 2299">
     <span class='ocr_line' id='line_1_48' title="bbox 2144 2226 3746 2299; baseline 0.001 -19"><span class='ocrx_word' id='word_1_351' title='bbox 2144 2235 2420 2298; x_wconf 90' lang='lat' dir='ltr'><strong>sumptum</strong></span> <span class='ocrx_word' id='word_1_352' title='bbox 2448 2236 2553 2283; x_wconf 89' lang='lat' dir='ltr'><strong>est.</strong></span> <span class='ocrx_word' id='word_1_353' title='bbox 2586 2226 2713 2299; x_wconf 83' lang='lat' dir='ltr'><strong>Legi</strong></span> <span class='ocrx_word' id='word_1_354' title='bbox 2746 2228 2798 2282; x_wconf 91' lang='lat' dir='ltr'><strong>in</strong></span> <span class='ocrx_word' id='word_1_355' title='bbox 2835 2229 3112 2283; x_wconf 88' lang='lat' dir='ltr'><strong>nonnullis</strong></span> <span class='ocrx_word' id='word_1_356' title='bbox 3150 2226 3431 2283; x_wconf 89' lang='lat' dir='ltr'><strong>codicibus</strong></span> <span class='ocrx_word' id='word_1_357' title='bbox 3455 2270 3469 2295; x_wconf 95' lang='lat'><strong>,</strong></span> <span class='ocrx_word' id='word_1_358' title='bbox 3519 2238 3577 2282; x_wconf 84' lang='lat' dir='ltr'><strong>et</strong></span> <span class='ocrx_word' id='word_1_359' title='bbox 3623 2239 3746 2283; x_wconf 90' lang='lat' dir='ltr'><strong>stu-</strong></span> 
     </span>
    </p>
   </div>
   <div class='ocr_carea' id='block_1_49' title="bbox 2145 2321 3740 2397">
    <p class='ocr_par' dir='ltr' id='par_1_49' title="bbox 2145 2321 3740 2397">
     <span class='ocr_line' id='line_1_49' title="bbox 2145 2321 3740 2397; baseline 0 -20"><span class='ocrx_word' id='word_1_360' title='bbox 2145 2321 2335 2378; x_wconf 91' lang='lat' dir='ltr'><strong>diosus</strong></span> <span class='ocrx_word' id='word_1_361' title='bbox 2373 2321 2547 2378; x_wconf 88' lang='lat' dir='ltr'><strong>lector</strong></span> <span class='ocrx_word' id='word_1_362' title='bbox 2572 2322 2710 2377; x_wconf 87' lang='lat' dir='ltr'><strong>forte</strong></span> <span class='ocrx_word' id='word_1_363' title='bbox 2750 2323 2984 2393; x_wconf 84' lang='lat' dir='ltr'><strong>reperiet</strong></span> <span class='ocrx_word' id='word_1_364' title='bbox 3013 2322 3270 2393; x_wconf 90' lang='lat' dir='ltr'><strong>idipsum,</strong></span> <span class='ocrx_word' id='word_1_365' title='bbox 3299 2323 3354 2377; x_wconf 90' lang='lat' dir='ltr'><strong>in</strong></span> <span class='ocrx_word' id='word_1_366' title='bbox 3383 2337 3449 2379; x_wconf 91' lang='lat' dir='ltr'><strong>eo</strong></span> <span class='ocrx_word' id='word_1_367' title='bbox 3478 2322 3599 2379; x_wconf 90' lang='lat' dir='ltr'><strong>loco</strong></span> <span class='ocrx_word' id='word_1_368' title='bbox 3623 2323 3740 2397; x_wconf 81' lang='lat'><strong>95</strong></span> 
     </span>
    </p>
   </div>
   <div class='ocr_carea' id='block_1_50' title="bbox 2147 2415 3746 2488">
    <p class='ocr_par' dir='ltr' id='par_1_50' title="bbox 2147 2415 3746 2488">
     <span class='ocr_line' id='line_1_50' title="bbox 2147 2415 3746 2488; baseline -0.002 -15"><span class='ocrx_word' id='word_1_369' title='bbox 2147 2418 2235 2473; x_wconf 89' lang='lat' dir='ltr'><strong>ubi</strong></span> <span class='ocrx_word' id='word_1_370' title='bbox 2269 2432 2370 2473; x_wconf 90' lang='lat' dir='ltr'><strong>nos</strong></span> <span class='ocrx_word' id='word_1_371' title='bbox 2394 2417 2700 2487; x_wconf 88' lang='lat' dir='ltr'><strong>posuimus,</strong></span> <span class='ocrx_word' id='word_1_372' title='bbox 2746 2426 2801 2471; x_wconf 91' lang='lat' dir='ltr'><strong>et</strong></span> <span class='ocrx_word' id='word_1_373' title='bbox 2844 2415 3073 2488; x_wconf 81' lang='lat' dir='ltr'><strong>Vulgata</strong></span> <span class='ocrx_word' id='word_1_374' title='bbox 3106 2415 3274 2472; x_wconf 84' lang='lat' dir='ltr'><strong>habet</strong></span> <span class='ocrx_word' id='word_1_375' title='bbox 3300 2415 3469 2472; x_wconf 90' lang='lat' dir='ltr'><strong>editio</strong></span> <span class='ocrx_word' id='word_1_376' title='bbox 3496 2433 3513 2470; x_wconf 88' lang='lat'><strong>:</strong></span> <span class='ocrx_word' id='word_1_377' title='bbox 3541 2415 3611 2472; x_wconf 86' lang='lat' dir='ltr'><strong>Ut</strong></span> <span class='ocrx_word' id='word_1_378' title='bbox 3639 2417 3746 2471; x_wconf 83' lang='lat' dir='ltr'><strong>im-</strong></span> 
     </span>
    </p>
   </div>
   <div class='ocr_carea' id='block_1_51' title="bbox 2145 2509 3745 2584">
    <p class='ocr_par' dir='ltr' id='par_1_51' title="bbox 2145 2509 3745 2584">
     <span class='ocr_line' id='line_1_51' title="bbox 2145 2509 3745 2584; baseline 0 -18"><span class='ocrx_word' id='word_1_379' title='bbox 2145 2513 2375 2584; x_wconf 80' lang='lat' dir='ltr'><strong>pleretur</strong></span> <span class='ocrx_word' id='word_1_380' title='bbox 2401 2511 2539 2582; x_wconf 86' lang='lat' dir='ltr'><strong>quod</strong></span> <span class='ocrx_word' id='word_1_381' title='bbox 2564 2512 2754 2565; x_wconf 86' lang='lat' dir='ltr'><strong>dictum</strong></span> <span class='ocrx_word' id='word_1_382' title='bbox 2787 2521 2863 2566; x_wconf 87' lang='lat' dir='ltr'><strong>est</strong></span> <span class='ocrx_word' id='word_1_383' title='bbox 2889 2527 2979 2583; x_wconf 87' lang='lat' dir='ltr'><strong>per</strong></span> <span class='ocrx_word' id='word_1_384' title='bbox 3021 2510 3325 2584; x_wconf 81' lang='lat' dir='ltr'><strong>prophetam</strong></span> <span class='ocrx_word' id='word_1_385' title='bbox 3354 2509 3633 2575; x_wconf 79' lang='lat' dir='ltr'><strong>dicentem,</strong></span> <span class='ocrx_word' id='word_1_386' title='bbox 3661 2509 3745 2566; x_wconf 85' lang='lat' dir='ltr'><strong>ibi</strong></span> 
     </span>
    </p>
   </div>
   <div class='ocr_carea' id='block_1_52' title="bbox 2145 2599 3744 2677">
    <p class='ocr_par' dir='ltr' id='par_1_52' title="bbox 2145 2599 3744 2677">
     <span class='ocr_line' id='line_1_52' title="bbox 2145 2599 3744 2677; baseline -0.001 -18"><span class='ocrx_word' id='word_1_387' title='bbox 2145 2605 2404 2675; x_wconf 86' lang='lat' dir='ltr'><strong>scriptum</strong></span> <span class='ocrx_word' id='word_1_388' title='bbox 2427 2645 2443 2671; x_wconf 92' lang='lat'><strong>,</strong></span> <span class='ocrx_word' id='word_1_389' title='bbox 2475 2599 2503 2640; x_wconf 73' lang='grc' dir='ltr'><strong><em>ἀ</em></strong></span> <span class='ocrx_word' id='word_1_390' title='bbox 2542 2621 2632 2677; x_wconf 88' lang='lat' dir='ltr'><strong>per</strong></span> <span class='ocrx_word' id='word_1_391' title='bbox 2664 2603 2860 2659; x_wconf 88' lang='lat' dir='ltr'><strong>Isaiam</strong></span> <span class='ocrx_word' id='word_1_392' title='bbox 2908 2604 3215 2675; x_wconf 82' lang='lat' dir='ltr'><strong>prophetam</strong></span> <span class='ocrx_word' id='word_1_393' title='bbox 3260 2603 3533 2658; x_wconf 84' lang='lat' dir='ltr'><strong>dicentem.</strong></span> <span class='ocrx_word' id='word_1_394' title='bbox 3578 2602 3744 2671; x_wconf 85' lang='lat' dir='ltr'><strong>Quod</strong></span> 
     </span>
    </p>
   </div>
   <div class='ocr_carea' id='block_1_53' title="bbox 2142 2695 3742 2769">
    <p class='ocr_par' dir='ltr' id='par_1_53' title="bbox 2142 2695 3742 2769">
     <span class='ocr_line' id='line_1_53' title="bbox 2142 2695 3742 2769; baseline 0.001 -20"><span class='ocrx_word' id='word_1_395' title='bbox 2142 2697 2264 2769; x_wconf 85' lang='lat' dir='ltr'><strong>quia</strong></span> <span class='ocrx_word' id='word_1_396' title='bbox 2310 2696 2534 2753; x_wconf 88' lang='lat' dir='ltr'><strong>minime</strong></span> <span class='ocrx_word' id='word_1_397' title='bbox 2564 2697 2942 2752; x_wconf 83' lang='lat' dir='ltr'><strong>inveniebatur</strong></span> <span class='ocrx_word' id='word_1_398' title='bbox 2975 2696 3026 2750; x_wconf 90' lang='lat' dir='ltr'><strong>in</strong></span> <span class='ocrx_word' id='word_1_399' title='bbox 3056 2695 3227 2763; x_wconf 89' lang='lat' dir='ltr'><strong>isaia,</strong></span> <span class='ocrx_word' id='word_1_400' title='bbox 3271 2695 3509 2751; x_wconf 89' lang='lat' dir='ltr'><strong>arbitror</strong></span> <span class='ocrx_word' id='word_1_401' title='bbox 3548 2706 3742 2763; x_wconf 86' lang='lat' dir='ltr'><strong>postea</strong></span> 
     </span>
    </p>
   </div>
   <div class='ocr_carea' id='block_1_54' title="bbox 2143 2786 3748 2859">
    <p class='ocr_par' dir='ltr' id='par_1_54' title="bbox 2143 2786 3748 2859">
     <span class='ocr_line' id='line_1_54' title="bbox 2143 2786 3748 2859; baseline -0.001 -15"><span class='ocrx_word' id='word_1_402' title='bbox 2143 2805 2173 2844; x_wconf 91' lang='lat' dir='ltr'><strong>a</strong></span> <span class='ocrx_word' id='word_1_403' title='bbox 2207 2789 2562 2859; x_wconf 85' lang='lat' dir='ltr'><strong>prudentibus</strong></span> <span class='ocrx_word' id='word_1_404' title='bbox 2595 2788 2730 2845; x_wconf 84' lang='lat' dir='ltr'><strong>viris</strong></span> <span class='ocrx_word' id='word_1_405' title='bbox 2775 2803 2898 2844; x_wconf 84' lang='lat' dir='ltr'><strong>esse</strong></span> <span class='ocrx_word' id='word_1_406' title='bbox 2928 2788 3224 2845; x_wconf 85' lang='lat' dir='ltr'><strong>sublatum.</strong></span> <span class='ocrx_word' id='word_1_407' title='bbox 3257 2786 3365 2842; x_wconf 87' lang='lat' dir='ltr'><strong>Sed</strong></span> <span class='ocrx_word' id='word_1_408' title='bbox 3405 2786 3539 2842; x_wconf 89' lang='lat' dir='ltr'><strong>mihi</strong></span> <span class='ocrx_word' id='word_1_409' title='bbox 3586 2786 3748 2842; x_wconf 86' lang='lat' dir='ltr'><strong>vide—</strong></span> 
     </span>
    </p>
   </div>
   <div class='ocr_carea' id='block_1_55' title="bbox 2145 2881 3748 2955">
    <p class='ocr_par' dir='ltr' id='par_1_55' title="bbox 2145 2881 3748 2955">
     <span class='ocr_line' id='line_1_55' title="bbox 2145 2881 3748 2955; baseline -0.002 -16"><span class='ocrx_word' id='word_1_410' title='bbox 2145 2894 2234 2939; x_wconf 91' lang='lat' dir='ltr'><strong>tnr</strong></span> <span class='ocrx_word' id='word_1_411' title='bbox 2275 2883 2331 2939; x_wconf 88' lang='lat' dir='ltr'><strong>in</strong></span> <span class='ocrx_word' id='word_1_412' title='bbox 2375 2884 2645 2955; x_wconf 88' lang='lat' dir='ltr'><strong>principio</strong></span> <span class='ocrx_word' id='word_1_413' title='bbox 2696 2883 2768 2938; x_wconf 89' lang='lat' dir='ltr'><strong>ita</strong></span> <span class='ocrx_word' id='word_1_414' title='bbox 2798 2881 3006 2939; x_wconf 86' lang='lat' dir='ltr'><strong>editum</strong></span> <span class='ocrx_word' id='word_1_415' title='bbox 3039 2898 3054 2937; x_wconf 90' lang='lat'><strong>:</strong></span> <span class='ocrx_word' id='word_1_416' title='bbox 3092 2881 3244 2949; x_wconf 83' lang='lat' dir='ltr'><strong>Quod</strong></span> <span class='ocrx_word' id='word_1_417' title='bbox 3268 2881 3515 2950; x_wconf 78' lang='lat' dir='ltr'><strong>scriptum</strong></span> <span class='ocrx_word' id='word_1_418' title='bbox 3541 2889 3617 2935; x_wconf 88' lang='lat' dir='ltr'><strong>est</strong></span> <span class='ocrx_word' id='word_1_419' title='bbox 3647 2897 3748 2951; x_wconf 82' lang='lat' dir='ltr'><strong>per</strong></span> 
     </span>
    </p>
   </div>
   <div class='ocr_carea' id='block_1_56' title="bbox 2165 2973 3746 3048">
    <p class='ocr_par' dir='ltr' id='par_1_56' title="bbox 2165 2973 3746 3048">
     <span class='ocr_line' id='line_1_56' title="bbox 2165 2973 3746 3048; baseline -0.002 -18"><span class='ocrx_word' id='word_1_420' title='bbox 2165 2975 2341 3047; x_wconf 79' lang='lat' dir='ltr'><strong>Asoph</strong></span> <span class='ocrx_word' id='word_1_421' title='bbox 2391 2976 2725 3048; x_wconf 81' lang='lat' dir='ltr'><strong>prophetam,</strong></span> <span class='ocrx_word' id='word_1_422' title='bbox 2776 2975 3046 3029; x_wconf 85' lang='lat' dir='ltr'><strong>dicentem.</strong></span> <span class='ocrx_word' id='word_1_423' title='bbox 3092 2973 3540 3044; x_wconf 87' lang='lat' dir='ltr'><strong>Septuagesimns</strong></span> <span class='ocrx_word' id='word_1_424' title='bbox 3588 2973 3746 3028; x_wconf 88' lang='lat' dir='ltr'><strong>enim</strong></span> 
     </span>
    </p>
   </div>
   <div class='ocr_carea' id='block_1_57' title="bbox 447 3064 3750 3168">
    <p class='ocr_par' dir='ltr' id='par_1_57' title="bbox 447 3064 3750 3168">
     <span class='ocr_line' id='line_1_57' title="bbox 447 3064 3750 3168; baseline -0.001 -45"><span class='ocrx_word' id='word_1_425' title='bbox 447 3070 503 3123; x_wconf 92' lang='lat' dir='ltr'><strong>in</strong></span> <span class='ocrx_word' id='word_1_426' title='bbox 550 3068 695 3134; x_wconf 88' lang='lat' dir='ltr'><strong>felle,</strong></span> <span class='ocrx_word' id='word_1_427' title='bbox 742 3066 1076 3123; x_wconf 88' lang='lat' dir='ltr'><strong>desiderium</strong></span> <span class='ocrx_word' id='word_1_428' title='bbox 1122 3066 1176 3121; x_wconf 92' lang='lat' dir='ltr'><strong>in</strong></span> <span class='ocrx_word' id='word_1_429' title='bbox 1218 3066 1404 3137; x_wconf 88' lang='lat' dir='ltr'><strong>jecore</strong></span> <span class='ocrx_word' id='word_1_430' title='bbox 1445 3065 1798 3121; x_wconf 90' lang='lat' dir='ltr'><strong>commorari.</strong></span> <span class='ocrx_word' id='word_1_431' title='bbox 1840 3064 1907 3119; x_wconf 86' lang='lat' dir='ltr'><strong>Et</strong></span> <span class='ocrx_word' id='word_1_432' title='bbox 1938 3077 2039 3120; x_wconf 88' lang='lat' dir='ltr'><strong>nos</strong></span> <span class='ocrx_word' id='word_1_433' title='bbox 2064 3103 2110 3168; x_wconf 78' lang='lat' dir='ltr'>C</span> <span class='ocrx_word' id='word_1_434' title='bbox 2146 3069 2413 3139; x_wconf 85' lang='lat' dir='ltr'><strong>septimus</strong></span> <span class='ocrx_word' id='word_1_435' title='bbox 2462 3068 2731 3140; x_wconf 86' lang='lat' dir='ltr'><strong>psalmus,</strong></span> <span class='ocrx_word' id='word_1_436' title='bbox 2781 3066 2850 3123; x_wconf 90' lang='lat' dir='ltr'><strong>de</strong></span> <span class='ocrx_word' id='word_1_437' title='bbox 2880 3082 2989 3137; x_wconf 90' lang='lat' dir='ltr'><strong>quo</strong></span> <span class='ocrx_word' id='word_1_438' title='bbox 3021 3068 3125 3122; x_wconf 87' lang='lat' dir='ltr'><strong>hoc</strong></span> <span class='ocrx_word' id='word_1_439' title='bbox 3154 3073 3434 3137; x_wconf 77' lang='lat' dir='ltr'><strong>sumptum</strong></span> <span class='ocrx_word' id='word_1_440' title='bbox 3472 3074 3557 3121; x_wconf 87' lang='lat' dir='ltr'><strong>est</strong></span> <span class='ocrx_word' id='word_1_441' title='bbox 3586 3065 3750 3120; x_wconf 85' lang='lat' dir='ltr'><strong>testi-</strong></span> 
     </span>
    </p>
   </div>
   <div class='ocr_carea' id='block_1_58' title="bbox 445 3158 2041 3231">
    <p class='ocr_par' dir='ltr' id='par_1_58' title="bbox 445 3158 2041 3231">
     <span class='ocr_line' id='line_1_58' title="bbox 445 3158 2041 3231; baseline -0.002 -14"><span class='ocrx_word' id='word_1_442' title='bbox 445 3176 575 3231; x_wconf 89' lang='lat' dir='ltr'><strong>ergo</strong></span> <span class='ocrx_word' id='word_1_443' title='bbox 601 3162 644 3216; x_wconf 91' lang='lat' dir='ltr'><strong>si</strong></span> <span class='ocrx_word' id='word_1_444' title='bbox 677 3160 1054 3231; x_wconf 89' lang='lat' dir='ltr'><strong>acceperimus</strong></span> <span class='ocrx_word' id='word_1_445' title='bbox 1078 3158 1108 3199; x_wconf 71' lang='grc' dir='ltr'><strong>ι)</strong></span> <span class='ocrx_word' id='word_1_446' title='bbox 1131 3159 1459 3216; x_wconf 86' lang='lat' dir='ltr'><strong>fermentum</strong></span> <span class='ocrx_word' id='word_1_447' title='bbox 1494 3158 1879 3230; x_wconf 83' lang='lat' dir='ltr'><strong>Evangelicum</strong></span> <span class='ocrx_word' id='word_1_448' title='bbox 1912 3174 2041 3214; x_wconf 87' lang='lat' dir='ltr'><strong>san-</strong></span> 
     </span>
    </p>
   </div>
   <div class='ocr_carea' id='block_1_59' title="bbox 447 3252 2038 3326">
    <p class='ocr_par' dir='ltr' id='par_1_59' title="bbox 447 3252 2038 3326">
     <span class='ocr_line' id='line_1_59' title="bbox 447 3252 2038 3326; baseline -0.001 -15"><span class='ocrx_word' id='word_1_449' title='bbox 447 3266 657 3311; x_wconf 88' lang='lat' dir='ltr'><strong>ctarum</strong></span> <span class='ocrx_word' id='word_1_450' title='bbox 698 3254 1173 3326; x_wconf 40' lang='lat' dir='ltr'><strong>ScripturarumL</strong></span> <span class='ocrx_word' id='word_1_451' title='bbox 1200 3256 1270 3310; x_wconf 90' lang='lat' dir='ltr'><strong>de</strong></span> <span class='ocrx_word' id='word_1_452' title='bbox 1317 3269 1426 3325; x_wconf 91' lang='lat' dir='ltr'><strong>quo</strong></span> <span class='ocrx_word' id='word_1_453' title='bbox 1470 3269 1633 3323; x_wconf 86' lang='lat' dir='ltr'><strong>supra</strong></span> <span class='ocrx_word' id='word_1_454' title='bbox 1677 3252 1881 3309; x_wconf 89' lang='lat' dir='ltr'><strong>dictum</strong></span> <span class='ocrx_word' id='word_1_455' title='bbox 1925 3262 2038 3321; x_wconf 90' lang='lat' dir='ltr'><strong>est,</strong></span> 
     </span>
    </p>
   </div>
   <div class='ocr_carea' id='block_1_60' title="bbox 444 3346 2038 3417">
    <p class='ocr_par' dir='ltr' id='par_1_60' title="bbox 444 3346 2038 3417">
     <span class='ocr_line' id='line_1_60' title="bbox 444 3346 2038 3417; baseline -0.001 -14"><span class='ocrx_word' id='word_1_456' title='bbox 444 3356 559 3403; x_wconf 88' lang='lat' dir='ltr'><strong>tres</strong></span> <span class='ocrx_word' id='word_1_457' title='bbox 590 3347 840 3402; x_wconf 73' lang='lat' dir='ltr'><strong>humana:</strong></span> <span class='ocrx_word' id='word_1_458' title='bbox 874 3347 1069 3402; x_wconf 74' lang='lat' dir='ltr'><strong>anima:</strong></span> <span class='ocrx_word' id='word_1_459' title='bbox 1110 3347 1391 3417; x_wconf 84' lang='lat' dir='ltr'><strong>passiones</strong></span> <span class='ocrx_word' id='word_1_460' title='bbox 1421 3347 1473 3400; x_wconf 93' lang='lat' dir='ltr'><strong>in</strong></span> <span class='ocrx_word' id='word_1_461' title='bbox 1505 3362 1670 3401; x_wconf 89' lang='lat' dir='ltr'><strong>unum</strong></span> <span class='ocrx_word' id='word_1_462' title='bbox 1695 3346 2038 3417; x_wconf 87' lang='lat' dir='ltr'><strong>redigentur,</strong></span> 
     </span>
    </p>
   </div>
   <div class='ocr_carea' id='block_1_61' title="bbox 446 3439 2036 3510">
    <p class='ocr_par' dir='ltr' id='par_1_61' title="bbox 446 3439 2036 3510">
     <span class='ocr_line' id='line_1_61' title="bbox 446 3439 2036 3510; baseline -0.002 -14"><span class='ocrx_word' id='word_1_463' title='bbox 446 3449 506 3496; x_wconf 89' lang='lat' dir='ltr'><strong>ut</strong></span> <span class='ocrx_word' id='word_1_464' title='bbox 572 3441 624 3495; x_wconf 90' lang='lat' dir='ltr'><strong>in</strong></span> <span class='ocrx_word' id='word_1_465' title='bbox 691 3441 900 3495; x_wconf 88' lang='lat' dir='ltr'><strong>ratione</strong></span> <span class='ocrx_word' id='word_1_466' title='bbox 960 3439 1335 3508; x_wconf 87' lang='lat' dir='ltr'><strong>possideatuus</strong></span> <span class='ocrx_word' id='word_1_467' title='bbox 1381 3439 1724 3508; x_wconf 82' lang='lat' dir='ltr'><strong>prudentiam</strong></span> <span class='ocrx_word' id='word_1_468' title='bbox 1764 3455 1780 3496; x_wconf 85' lang='lat'><strong>:</strong></span> <span class='ocrx_word' id='word_1_469' title='bbox 1826 3439 1881 3493; x_wconf 92' lang='lat' dir='ltr'><strong>in</strong></span> <span class='ocrx_word' id='word_1_470' title='bbox 1932 3439 2036 3510; x_wconf 87' lang='lat' dir='ltr'><strong>ira,</strong></span> 
     </span>
    </p>
   </div>
   <div class='ocr_carea' id='block_1_62' title="bbox 447 3532 2040 3604">
    <p class='ocr_par' dir='ltr' id='par_1_62' title="bbox 447 3532 2040 3604">
     <span class='ocr_line' id='line_1_62' title="bbox 447 3532 2040 3604; baseline -0.001 -14"><span class='ocrx_word' id='word_1_471' title='bbox 447 3533 633 3590; x_wconf 92' lang='lat' dir='ltr'><strong>odium</strong></span> <span class='ocrx_word' id='word_1_472' title='bbox 673 3543 865 3589; x_wconf 86' lang='lat' dir='ltr'><strong>contra</strong></span> <span class='ocrx_word' id='word_1_473' title='bbox 897 3532 1026 3588; x_wconf 86' lang='lat' dir='ltr'><strong>vitia</strong></span> <span class='ocrx_word' id='word_1_474' title='bbox 1064 3551 1077 3587; x_wconf 91' lang='lat'><strong>:</strong></span> <span class='ocrx_word' id='word_1_475' title='bbox 1122 3535 1173 3588; x_wconf 89' lang='lat' dir='ltr'><strong>in</strong></span> <span class='ocrx_word' id='word_1_476' title='bbox 1204 3533 1500 3600; x_wconf 88' lang='lat' dir='ltr'><strong>desiderio,</strong></span> <span class='ocrx_word' id='word_1_477' title='bbox 1543 3533 1895 3604; x_wconf 82' lang='lat' dir='ltr'><strong>cupiditatem</strong></span> <span class='ocrx_word' id='word_1_478' title='bbox 1931 3535 2040 3589; x_wconf 86' lang='lat' dir='ltr'><strong>vir-</strong></span> 
     </span>
    </p>
   </div>
   <div class='ocr_carea' id='block_1_63' title="bbox 450 3627 2045 3698">
    <p class='ocr_par' dir='ltr' id='par_1_63' title="bbox 450 3627 2045 3698">
     <span class='ocr_line' id='line_1_63' title="bbox 450 3627 2045 3698; baseline -0.001 -15"><span class='ocrx_word' id='word_1_479' title='bbox 450 3636 659 3693; x_wconf 89' lang='lat' dir='ltr'><strong>tutum;</strong></span> <span class='ocrx_word' id='word_1_480' title='bbox 700 3635 756 3681; x_wconf 91' lang='lat' dir='ltr'><strong>et</strong></span> <span class='ocrx_word' id='word_1_481' title='bbox 796 3628 898 3682; x_wconf 85' lang='lat' dir='ltr'><strong>hoc</strong></span> <span class='ocrx_word' id='word_1_482' title='bbox 937 3634 1108 3682; x_wconf 87' lang='lat' dir='ltr'><strong>totum</strong></span> <span class='ocrx_word' id='word_1_483' title='bbox 1151 3628 1238 3682; x_wconf 87' lang='lat' dir='ltr'><strong>liet</strong></span> <span class='ocrx_word' id='word_1_484' title='bbox 1281 3643 1377 3697; x_wconf 85' lang='lat' dir='ltr'><strong>per</strong></span> <span class='ocrx_word' id='word_1_485' title='bbox 1415 3629 1719 3682; x_wconf 83' lang='lat' dir='ltr'><strong>doctrinam</strong></span> <span class='ocrx_word' id='word_1_486' title='bbox 1754 3627 2045 3698; x_wconf 78' lang='lat' dir='ltr'><strong>Evangeli-</strong></span> 
     </span>
    </p>
   </div>
   <div class='ocr_carea' id='block_1_64' title="bbox 446 3720 2041 3792">
    <p class='ocr_par' dir='ltr' id='par_1_64' title="bbox 446 3720 2041 3792">
     <span class='ocr_line' id='line_1_64' title="bbox 446 3720 2041 3792; baseline 0 -15"><span class='ocrx_word' id='word_1_487' title='bbox 446 3736 591 3787; x_wconf 88' lang='lat' dir='ltr'><strong>cam,</strong></span> <span class='ocrx_word' id='word_1_488' title='bbox 634 3736 797 3791; x_wconf 88' lang='lat' dir='ltr'><strong>quam</strong></span> <span class='ocrx_word' id='word_1_489' title='bbox 842 3721 1001 3776; x_wconf 88' lang='lat' dir='ltr'><strong>nobis</strong></span> <span class='ocrx_word' id='word_1_490' title='bbox 1038 3729 1212 3777; x_wconf 87' lang='lat' dir='ltr'><strong>mater</strong></span> <span class='ocrx_word' id='word_1_491' title='bbox 1253 3720 1497 3776; x_wconf 86' lang='lat' dir='ltr'><strong>Ecclesia</strong></span> <span class='ocrx_word' id='word_1_492' title='bbox 1540 3721 1809 3792; x_wconf 65' lang='lat' dir='ltr'><strong>praestitit.</strong></span> <span class='ocrx_word' id='word_1_493' title='bbox 1855 3721 2041 3777; x_wconf 86' lang='lat' dir='ltr'><strong>Dicam</strong></span> 
     </span>
    </p>
   </div>
   <div class='ocr_carea' id='block_1_65' title="bbox 452 3814 2043 3886">
    <p class='ocr_par' dir='ltr' id='par_1_65' title="bbox 452 3814 2043 3886">
     <span class='ocr_line' id='line_1_65' title="bbox 452 3814 2043 3886; baseline 0 -15"><span class='ocrx_word' id='word_1_494' title='bbox 452 3822 508 3871; x_wconf 86' lang='lat' dir='ltr'><strong>et</strong></span> <span class='ocrx_word' id='word_1_495' title='bbox 546 3816 761 3871; x_wconf 89' lang='lat' dir='ltr'><strong>tertiam</strong></span> <span class='ocrx_word' id='word_1_496' title='bbox 801 3814 1160 3886; x_wconf 85' lang='lat' dir='ltr'><strong>quorumdam</strong></span> <span class='ocrx_word' id='word_1_497' title='bbox 1203 3815 1653 3885; x_wconf 83' lang='lat' dir='ltr'><strong>intelligentiam,</strong></span> <span class='ocrx_word' id='word_1_498' title='bbox 1693 3827 1751 3871; x_wconf 90' lang='lat' dir='ltr'><strong>ut</strong></span> <span class='ocrx_word' id='word_1_499' title='bbox 1791 3816 2043 3871; x_wconf 82' lang='lat' dir='ltr'><strong>curiosus</strong></span> 
     </span>
    </p>
   </div>
   <div class='ocr_carea' id='block_1_66' title="bbox 451 3908 2039 3981">
    <p class='ocr_par' dir='ltr' id='par_1_66' title="bbox 451 3908 2039 3981">
     <span class='ocr_line' id='line_1_66' title="bbox 451 3908 2039 3981; baseline 0.001 -19"><span class='ocrx_word' id='word_1_500' title='bbox 451 3908 622 3963; x_wconf 90' lang='lat' dir='ltr'><strong>lector</strong></span> <span class='ocrx_word' id='word_1_501' title='bbox 653 3923 684 3964; x_wconf 91' lang='lat' dir='ltr'><strong>e</strong></span> <span class='ocrx_word' id='word_1_502' title='bbox 714 3909 961 3981; x_wconf 89' lang='lat' dir='ltr'><strong>pluribus</strong></span> <span class='ocrx_word' id='word_1_503' title='bbox 998 3908 1143 3980; x_wconf 90' lang='lat' dir='ltr'><strong>quod</strong></span> <span class='ocrx_word' id='word_1_504' title='bbox 1184 3909 1473 3978; x_wconf 83' lang='lat' dir='ltr'><strong>placuerit,</strong></span> <span class='ocrx_word' id='word_1_505' title='bbox 1513 3908 1679 3979; x_wconf 85' lang='lat' dir='ltr'><strong>eligat</strong></span> <span class='ocrx_word' id='word_1_506' title='bbox 1712 3927 1724 3963; x_wconf 93' lang='lat'><strong>:</strong></span> <span class='ocrx_word' id='word_1_507' title='bbox 1760 3908 2039 3965; x_wconf 80' lang='lat' dir='ltr'><strong>Mulierem</strong></span> 
     </span>
    </p>
   </div>
   <div class='ocr_carea' id='block_1_67' title="bbox 451 4001 2042 4074">
    <p class='ocr_par' dir='ltr' id='par_1_67' title="bbox 451 4001 2042 4074">
     <span class='ocr_line' id='line_1_67' title="bbox 451 4001 2042 4074; baseline 0.001 -17"><span class='ocrx_word' id='word_1_508' title='bbox 451 4001 609 4057; x_wconf 86' lang='lat' dir='ltr'><strong>istam</strong></span> <span class='ocrx_word' id='word_1_509' title='bbox 652 4011 708 4057; x_wconf 90' lang='lat' dir='ltr'><strong>et</strong></span> <span class='ocrx_word' id='word_1_510' title='bbox 749 4002 849 4074; x_wconf 88' lang='lat' dir='ltr'><strong>ipsi</strong></span> <span class='ocrx_word' id='word_1_511' title='bbox 884 4002 1186 4059; x_wconf 70' lang='lat' dir='ltr'><strong>Ecclesiam</strong></span> <span class='ocrx_word' id='word_1_512' title='bbox 1229 4003 1680 4072; x_wconf 86' lang='lat' dir='ltr'><strong>interpretantur,</strong></span> <span class='ocrx_word' id='word_1_513' title='bbox 1724 4017 1848 4074; x_wconf 77' lang='lat' dir='ltr'><strong>quae</strong></span> <span class='ocrx_word' id='word_1_514' title='bbox 1879 4002 2042 4059; x_wconf 84' lang='lat' dir='ltr'><strong>iidem</strong></span> 
     </span>
    </p>
   </div>
   <div class='ocr_carea' id='block_1_68' title="bbox 448 4093 2036 4153">
    <p class='ocr_par' dir='ltr' id='par_1_68' title="bbox 448 4093 2036 4153">
     <span class='ocr_line' id='line_1_68' title="bbox 448 4093 2036 4153; baseline 0.002 -4"><span class='ocrx_word' id='word_1_515' title='bbox 448 4093 686 4151; x_wconf 86' lang='lat' dir='ltr'><strong>hominis</strong></span> <span class='ocrx_word' id='word_1_516' title='bbox 714 4096 899 4151; x_wconf 72' lang='lat' dir='ltr'><strong>larium</strong></span> <span class='ocrx_word' id='word_1_517' title='bbox 927 4098 1062 4151; x_wconf 86' lang='lat' dir='ltr'><strong>satis</strong></span> <span class='ocrx_word' id='word_1_518' title='bbox 1095 4097 1264 4151; x_wconf 86' lang='lat' dir='ltr'><strong>tribus</strong></span> <span class='ocrx_word' id='word_1_519' title='bbox 1295 4096 1702 4151; x_wconf 85' lang='lat' dir='ltr'><strong>commiscuerit</strong></span> <span class='ocrx_word' id='word_1_520' title='bbox 1722 4096 2036 4153; x_wconf 90' lang='lat' dir='ltr'><strong>credulitati</strong></span> 
     </span>
    </p>
   </div>
   <div class='ocr_carea' id='block_1_69' title="bbox 443 4186 2039 4262">
    <p class='ocr_par' dir='ltr' id='par_1_69' title="bbox 443 4186 2039 4262">
     <span class='ocr_line' id='line_1_69' title="bbox 443 4186 2039 4262; baseline 0.004 -20"><span class='ocrx_word' id='word_1_521' title='bbox 443 4186 639 4255; x_wconf 86' lang='lat' dir='ltr'><strong>Patris,</strong></span> <span class='ocrx_word' id='word_1_522' title='bbox 672 4196 729 4243; x_wconf 91' lang='lat' dir='ltr'><strong>et</strong></span> <span class='ocrx_word' id='word_1_523' title='bbox 755 4188 907 4256; x_wconf 85' lang='lat' dir='ltr'><strong>Filii,</strong></span> <span class='ocrx_word' id='word_1_524' title='bbox 937 4199 991 4245; x_wconf 90' lang='lat' dir='ltr'><strong>et</strong></span> <span class='ocrx_word' id='word_1_525' title='bbox 1019 4189 1253 4261; x_wconf 88' lang='lat' dir='ltr'><strong>Spiritus</strong></span> <span class='ocrx_word' id='word_1_526' title='bbox 1281 4190 1477 4245; x_wconf 90' lang='lat' dir='ltr'><strong>sancti.</strong></span> <span class='ocrx_word' id='word_1_527' title='bbox 1510 4187 1757 4262; x_wconf 86' lang='lat' dir='ltr'><strong>Cumque</strong></span> <span class='ocrx_word' id='word_1_528' title='bbox 1786 4190 1841 4246; x_wconf 88' lang='lat' dir='ltr'><strong>in</strong></span> <span class='ocrx_word' id='word_1_529' title='bbox 1868 4207 2039 4248; x_wconf 91' lang='lat' dir='ltr'><strong>unum</strong></span> 
     </span>
    </p>
   </div>
   <div class='ocr_carea' id='block_1_70' title="bbox 444 4278 2039 4355">
    <p class='ocr_par' dir='ltr' id='par_1_70' title="bbox 444 4278 2039 4355">
     <span class='ocr_line' id='line_1_70' title="bbox 444 4278 2039 4355; baseline 0.004 -20"><span class='ocrx_word' id='word_1_530' title='bbox 444 4278 610 4337; x_wconf 89' lang='lat' dir='ltr'><strong>fuerit</strong></span> <span class='ocrx_word' id='word_1_531' title='bbox 650 4282 993 4348; x_wconf 82' lang='lat' dir='ltr'><strong>fermentata,</strong></span> <span class='ocrx_word' id='word_1_532' title='bbox 1040 4301 1147 4338; x_wconf 90' lang='lat' dir='ltr'><strong>non</strong></span> <span class='ocrx_word' id='word_1_533' title='bbox 1188 4300 1286 4340; x_wconf 92' lang='lat' dir='ltr'><strong>nos</strong></span> <span class='ocrx_word' id='word_1_534' title='bbox 1316 4284 1381 4340; x_wconf 89' lang='lat' dir='ltr'><strong>ad</strong></span> <span class='ocrx_word' id='word_1_535' title='bbox 1420 4284 1690 4355; x_wconf 84' lang='lat' dir='ltr'><strong>triplicem</strong></span> <span class='ocrx_word' id='word_1_536' title='bbox 1719 4284 1913 4353; x_wconf 91' lang='lat' dir='ltr'><strong>Deum,</strong></span> <span class='ocrx_word' id='word_1_537' title='bbox 1941 4285 2039 4342; x_wconf 88' lang='lat' dir='ltr'><strong>sed</strong></span> 
     </span>
    </p>
   </div>
   <div class='ocr_carea' id='block_1_71' title="bbox 523 4417 2035 4498">
    <p class='ocr_par' dir='ltr' id='par_1_71' title="bbox 523 4417 2035 4498">
     <span class='ocr_line' id='line_1_71' title="bbox 523 4417 2035 4498; baseline 0.003 -26"><span class='ocrx_word' id='word_1_538' title='bbox 523 4427 549 4498; x_wconf 66' lang='grc' dir='ltr'><strong>εξ</strong></span> <span class='ocrx_word' id='word_1_539' title='bbox 576 4417 632 4475; x_wconf 91' lang='lat' dir='ltr'><strong>ln</strong></span> <span class='ocrx_word' id='word_1_540' title='bbox 656 4419 930 4498; x_wconf 79' lang='lat' dir='ltr'><strong>plerisque</strong></span> <span class='ocrx_word' id='word_1_541' title='bbox 953 4434 1085 4477; x_wconf 87' lang='lat' dir='ltr'><strong>mss.</strong></span> <span class='ocrx_word' id='word_1_542' title='bbox 1111 4423 1658 4498; x_wconf 49' lang='lat' dir='ltr'><strong>etiioytortrpaquod,</strong></span> <span class='ocrx_word' id='word_1_543' title='bbox 1685 4433 1791 4498; x_wconf 80' lang='lat' dir='ltr'><strong>etc.</strong></span> <span class='ocrx_word' id='word_1_544' title='bbox 1821 4423 2035 4498; x_wconf 74' lang='lat' dir='ltr'><strong>libabb.</strong></span> 
     </span>
    </p>
   </div>
   <div class='ocr_carea' id='block_1_72' title="bbox 446 4491 2039 4569">
    <p class='ocr_par' dir='ltr' id='par_1_72' title="bbox 446 4491 2039 4569">
     <span class='ocr_line' id='line_1_72' title="bbox 446 4491 2039 4569; baseline 0.004 -27"><span class='ocrx_word' id='word_1_545' title='bbox 446 4491 789 4569; x_wconf 68' lang='lat' dir='ltr'><strong>rationabile,</strong></span> <span class='ocrx_word' id='word_1_546' title='bbox 824 4493 881 4547; x_wconf 86' lang='grc' dir='ltr'><strong>τὸ</strong></span> <span class='ocrx_word' id='word_1_547' title='bbox 910 4491 1418 4569; x_wconf 49' lang='lat' dir='ltr'><strong>tipfynortuoufquod</strong></span> <span class='ocrx_word' id='word_1_548' title='bbox 1439 4491 1674 4569; x_wconf 20' lang='lat' dir='ltr'><strong>Adicimus</strong></span> <span class='ocrx_word' id='word_1_549' title='bbox 1706 4493 1917 4565; x_wconf 86' lang='lat' dir='ltr'><strong>plenum</strong></span> <span class='ocrx_word' id='word_1_550' title='bbox 1948 4496 2039 4549; x_wconf 74' lang='lat' dir='ltr'><strong>ira:</strong></span> 
     </span>
    </p>
   </div>
   <div class='ocr_carea' id='block_1_73' title="bbox 449 4561 1958 4649">
    <p class='ocr_par' dir='ltr' id='par_1_73' title="bbox 449 4561 1958 4649">
     <span class='ocr_line' id='line_1_73' title="bbox 449 4561 1958 4649; baseline 0.003 -34"><span class='ocrx_word' id='word_1_551' title='bbox 449 4561 849 4649; x_wconf 36' lang='lat' dir='ltr'><strong>ueltirascibi&#39;le;</strong></span> <span class='ocrx_word' id='word_1_552' title='bbox 876 4561 1288 4649; x_wconf 34' lang='lat' dir='ltr'><strong>assumens»,</strong></span> <span class='ocrx_word' id='word_1_553' title='bbox 1311 4566 1447 4630; x_wconf 84' lang='lat' dir='ltr'><strong>quod</strong></span> <span class='ocrx_word' id='word_1_554' title='bbox 1457 4561 1815 4649; x_wconf 62' lang='lat' dir='ltr'><strong>appellamus,</strong></span> <span class='ocrx_word' id='word_1_555' title='bbox 1846 4578 1958 4622; x_wconf 85' lang='lat' dir='ltr'><strong>etc.</strong></span> 
     </span>
    </p>
   </div>
   <div class='ocr_carea' id='block_1_74' title="bbox 521 4632 2043 4708">
    <p class='ocr_par' dir='ltr' id='par_1_74' title="bbox 521 4632 2043 4708">
     <span class='ocr_line' id='line_1_74' title="bbox 521 4632 2043 4708; baseline 0.003 -20"><span class='ocrx_word' id='word_1_556' title='bbox 521 4632 834 4708; x_wconf 54' lang='lat' dir='ltr'><strong>bimam»,</strong></span> <span class='ocrx_word' id='word_1_557' title='bbox 883 4635 1189 4708; x_wconf 81' lang='lat' dir='ltr'><strong>fermentum</strong></span> <span class='ocrx_word' id='word_1_558' title='bbox 1240 4632 1686 4708; x_wconf 55' lang='lat' dir='ltr'><strong>Et&#39;angelii&#39;cunt</strong></span> <span class='ocrx_word' id='word_1_559' title='bbox 1737 4646 2043 4693; x_wconf 81' lang='lat' dir='ltr'><strong>sanctarum</strong></span> 
     </span>
    </p>
   </div>
   <div class='ocr_carea' id='block_1_75' title="bbox 452 4704 1084 4778">
    <p class='ocr_par' dir='ltr' id='par_1_75' title="bbox 452 4704 1084 4778">
     <span class='ocr_line' id='line_1_75' title="bbox 452 4704 1084 4778; baseline 0.002 -19"><span class='ocrx_word' id='word_1_560' title='bbox 452 4704 846 4778; x_wconf 83' lang='lat' dir='ltr'><strong>Scripturarum</strong></span> <span class='ocrx_word' id='word_1_561' title='bbox 874 4704 1084 4761; x_wconf 82' lang='lat' dir='ltr'><strong>notitia.</strong></span> 
     </span>
    </p>
   </div>
   <div class='ocr_carea' id='block_1_76' title="bbox 526 4777 2046 4848">
    <p class='ocr_par' dir='ltr' id='par_1_76' title="bbox 526 4777 2046 4848">
     <span class='ocr_line' id='line_1_76' title="bbox 526 4777 2046 4848; baseline 0.004 -18"><span class='ocrx_word' id='word_1_562' title='bbox 526 4787 548 4814; x_wconf 76' lang='grc' dir='ltr'>ε</span> <span class='ocrx_word' id='word_1_563' title='bbox 578 4777 821 4832; x_wconf 82' lang='lat' dir='ltr'><strong>Martian.</strong></span> <span class='ocrx_word' id='word_1_564' title='bbox 868 4778 1072 4848; x_wconf 82' lang='lat' dir='ltr'><strong>legerat</strong></span> <span class='ocrx_word' id='word_1_565' title='bbox 1103 4777 1348 4833; x_wconf 82' lang='lat' dir='ltr'><strong>Domini:</strong></span> <span class='ocrx_word' id='word_1_566' title='bbox 1371 4788 1424 4832; x_wconf 89' lang='lat' dir='ltr'><strong>at</strong></span> <span class='ocrx_word' id='word_1_567' title='bbox 1450 4779 1632 4835; x_wconf 83' lang='lat' dir='ltr'><strong>Jcsum</strong></span> <span class='ocrx_word' id='word_1_568' title='bbox 1664 4781 1811 4839; x_wconf 91' lang='lat' dir='ltr'><strong>domi</strong></span> <span class='ocrx_word' id='word_1_569' title='bbox 1851 4780 2046 4836; x_wconf 90' lang='lat' dir='ltr'><strong>solitos</strong></span> 
     </span>
    </p>
   </div>
   <div class='ocr_carea' id='block_1_77' title="bbox 450 4846 2047 4921">
    <p class='ocr_par' dir='ltr' id='par_1_77' title="bbox 450 4846 2047 4921">
     <span class='ocr_line' id='line_1_77' title="bbox 450 4846 2047 4921; baseline 0.004 -20"><span class='ocrx_word' id='word_1_570' title='bbox 450 4846 757 4921; x_wconf 80' lang='lat' dir='ltr'><strong>discipulos</strong></span> <span class='ocrx_word' id='word_1_571' title='bbox 784 4846 1070 4919; x_wconf 82' lang='lat' dir='ltr'><strong>sciscitari,</strong></span> <span class='ocrx_word' id='word_1_572' title='bbox 1111 4865 1184 4905; x_wconf 78' lang='lat' dir='ltr'><strong>ex</strong></span> <span class='ocrx_word' id='word_1_573' title='bbox 1215 4850 1332 4920; x_wconf 90' lang='lat' dir='ltr'><strong>ipso</strong></span> <span class='ocrx_word' id='word_1_574' title='bbox 1364 4851 1665 4921; x_wconf 80' lang='lat' dir='ltr'><strong>Evangelio</strong></span> <span class='ocrx_word' id='word_1_575' title='bbox 1704 4852 1929 4908; x_wconf 84' lang='lat' dir='ltr'><strong>Hieron.</strong></span> <span class='ocrx_word' id='word_1_576' title='bbox 1966 4854 2047 4908; x_wconf 83' lang='lat' dir='ltr'><strong>in-</strong></span> 
     </span>
    </p>
   </div>
   <div class='ocr_carea' id='block_1_78' title="bbox 452 4917 829 4976">
    <p class='ocr_par' dir='ltr' id='par_1_78' title="bbox 452 4917 829 4976">
     <span class='ocr_line' id='line_1_78' title="bbox 452 4917 829 4976; baseline 0.011 -4"><span class='ocrx_word' id='word_1_577' title='bbox 452 4917 621 4974; x_wconf 87' lang='lat' dir='ltr'><strong>ferius</strong></span> <span class='ocrx_word' id='word_1_578' title='bbox 644 4920 829 4976; x_wconf 83' lang='lat' dir='ltr'><strong>tradit.</strong></span> 
     </span>
    </p>
   </div>
   <div class='ocr_carea' id='block_1_79' title="bbox 525 4987 2046 5065">
    <p class='ocr_par' dir='ltr' id='par_1_79' title="bbox 525 4987 2046 5065">
     <span class='ocr_line' id='line_1_79' title="bbox 525 4987 2046 5065; baseline 0.004 -19"><span class='ocrx_word' id='word_1_579' title='bbox 525 4987 553 5027; x_wconf 70' lang='grc' dir='ltr'><em>ἀ</em></span> <span class='ocrx_word' id='word_1_580' title='bbox 579 4991 817 5062; x_wconf 82' lang='lat' dir='ltr'><strong>ldipsum</strong></span> <span class='ocrx_word' id='word_1_581' title='bbox 858 4994 985 5050; x_wconf 86' lang='lat' dir='ltr'><strong>alibi</strong></span> <span class='ocrx_word' id='word_1_582' title='bbox 1028 5001 1271 5049; x_wconf 84' lang='lat' dir='ltr'><strong>notatum</strong></span> <span class='ocrx_word' id='word_1_583' title='bbox 1300 5004 1385 5050; x_wconf 85' lang='lat' dir='ltr'><strong>est</strong></span> <span class='ocrx_word' id='word_1_584' title='bbox 1413 4994 1591 5062; x_wconf 82' lang='lat' dir='ltr'><strong>nobis,</strong></span> <span class='ocrx_word' id='word_1_585' title='bbox 1627 5003 1794 5065; x_wconf 76' lang='lat' dir='ltr'><strong>utque</strong></span> <span class='ocrx_word' id='word_1_586' title='bbox 1820 4996 1910 5053; x_wconf 80' lang='lat' dir='ltr'><strong>hic</strong></span> <span class='ocrx_word' id='word_1_587' title='bbox 1939 4995 2046 5052; x_wconf 71' lang='grc' dir='ltr'><strong>γυρ-</strong></span> 
     </span>
    </p>
   </div>
   <div class='ocr_carea' id='block_1_80' title="bbox 457 5065 2043 5134">
    <p class='ocr_par' dir='ltr' id='par_1_80' title="bbox 457 5065 2043 5134">
     <span class='ocr_line' id='line_1_80' title="bbox 457 5065 2043 5134; baseline 0.004 -17"><span class='ocrx_word' id='word_1_588' title='bbox 457 5070 631 5118; x_wconf 89' lang='lat' dir='ltr'><strong>terum</strong></span> <span class='ocrx_word' id='word_1_589' title='bbox 678 5065 781 5120; x_wconf 87' lang='lat' dir='ltr'><strong>alia</strong></span> <span class='ocrx_word' id='word_1_590' title='bbox 829 5079 1188 5134; x_wconf 80' lang='lat' dir='ltr'><strong>congeramus</strong></span> <span class='ocrx_word' id='word_1_591' title='bbox 1231 5066 1569 5134; x_wconf 89' lang='lat' dir='ltr'><strong>testimonia,</strong></span> <span class='ocrx_word' id='word_1_592' title='bbox 1610 5079 1800 5127; x_wconf 83' lang='lat' dir='ltr'><strong>auctor</strong></span> <span class='ocrx_word' id='word_1_593' title='bbox 1841 5067 2043 5129; x_wconf 81' lang='lat' dir='ltr'><strong>liomil.</strong></span> 
     </span>
    </p>
   </div>
   <div class='ocr_carea' id='block_1_81' title="bbox 454 5136 2040 5209">
    <p class='ocr_par' dir='ltr' id='par_1_81' title="bbox 454 5136 2040 5209">
     <span class='ocr_line' id='line_1_81' title="bbox 454 5136 2040 5209; baseline 0.003 -20"><span class='ocrx_word' id='word_1_594' title='bbox 454 5151 583 5190; x_wconf 76' lang='lat' dir='ltr'><strong>xvttt</strong></span> <span class='ocrx_word' id='word_1_595' title='bbox 614 5136 716 5189; x_wconf 90' lang='lat' dir='ltr'><strong>sub</strong></span> <span class='ocrx_word' id='word_1_596' title='bbox 748 5136 1288 5209; x_wconf 87' lang='lat' dir='ltr'><strong>nomineCIementis</strong></span> <span class='ocrx_word' id='word_1_597' title='bbox 1319 5153 1471 5205; x_wconf 84' lang='lat' dir='ltr'><strong>papae</strong></span> <span class='ocrx_word' id='word_1_598' title='bbox 1502 5138 1657 5208; x_wconf 86' lang='lat' dir='ltr'><strong>legit,</strong></span> <span class='ocrx_word' id='word_1_599' title='bbox 1698 5155 1788 5209; x_wconf 83' lang='lat' dir='ltr'><strong>per</strong></span> <span class='ocrx_word' id='word_1_600' title='bbox 1818 5138 2040 5194; x_wconf 87' lang='lat' dir='ltr'><strong>Isaiam.</strong></span> 
     </span>
    </p>
   </div>
   <div class='ocr_carea' id='block_1_82' title="bbox 456 5208 2046 5266">
    <p class='ocr_par' dir='ltr' id='par_1_82' title="bbox 456 5208 2046 5266">
     <span class='ocr_line' id='line_1_82' title="bbox 456 5208 2046 5266; baseline 0.001 -4"><span class='ocrx_word' id='word_1_601' title='bbox 456 5209 664 5262; x_wconf 83' lang='lat' dir='ltr'><strong>Auctor</strong></span> <span class='ocrx_word' id='word_1_602' title='bbox 684 5209 939 5263; x_wconf 72' lang='lat' dir='ltr'><strong>Breviarii</strong></span> <span class='ocrx_word' id='word_1_603' title='bbox 963 5208 1018 5262; x_wconf 88' lang='lat' dir='ltr'><strong>in</strong></span> <span class='ocrx_word' id='word_1_604' title='bbox 1046 5209 1362 5264; x_wconf 78' lang='lat' dir='ltr'><strong>Psalterium</strong></span> <span class='ocrx_word' id='word_1_605' title='bbox 1385 5210 1487 5264; x_wconf 87' lang='lat' dir='ltr'><strong>sub</strong></span> <span class='ocrx_word' id='word_1_606' title='bbox 1520 5208 1738 5265; x_wconf 78' lang='lat' dir='ltr'><strong>nomine</strong></span> <span class='ocrx_word' id='word_1_607' title='bbox 1763 5210 1823 5266; x_wconf 88' lang='lat' dir='ltr'><strong>S.</strong></span> <span class='ocrx_word' id='word_1_608' title='bbox 1856 5210 2046 5265; x_wconf 83' lang='lat' dir='ltr'><strong>Hiero-</strong></span> 
     </span>
    </p>
   </div>
   <div class='ocr_carea' id='block_1_83' title="bbox 453 5279 2042 5350">
    <p class='ocr_par' dir='ltr' id='par_1_83' title="bbox 453 5279 2042 5350">
     <span class='ocr_line' id='line_1_83' title="bbox 453 5279 2042 5350; baseline 0.004 -18"><span class='ocrx_word' id='word_1_609' title='bbox 453 5279 603 5350; x_wconf 89' lang='lat' dir='ltr'><strong>nymi</strong></span> <span class='ocrx_word' id='word_1_610' title='bbox 635 5294 689 5348; x_wconf 91' lang='lat' dir='ltr'><strong>p.</strong></span> <span class='ocrx_word' id='word_1_611' title='bbox 724 5281 863 5337; x_wconf 82' lang='lat' dir='ltr'><strong>5l6:</strong></span> <span class='ocrx_word' id='word_1_612' title='bbox 894 5279 1100 5334; x_wconf 82' lang='lat' dir='ltr'><strong>Dicitur</strong></span> <span class='ocrx_word' id='word_1_613' title='bbox 1129 5297 1248 5350; x_wconf 84' lang='lat' dir='ltr'><strong>ergo</strong></span> <span class='ocrx_word' id='word_1_614' title='bbox 1271 5280 1325 5336; x_wconf 84' lang='lat' dir='ltr'><strong>in</strong></span> <span class='ocrx_word' id='word_1_615' title='bbox 1351 5279 1604 5337; x_wconf 69' lang='lat' dir='ltr'><strong>Mattiaco</strong></span> <span class='ocrx_word' id='word_1_616' title='bbox 1629 5281 1821 5347; x_wconf 75' lang='lat' dir='ltr'><strong>:ch,</strong></span> <span class='ocrx_word' id='word_1_617' title='bbox 1854 5284 2042 5350; x_wconf 84' lang='lat' dir='ltr'><strong>inquit.</strong></span> 
     </span>
    </p>
   </div>
   <div class='ocr_carea' id='block_1_84' title="bbox 453 5351 2044 5424">
    <p class='ocr_par' dir='ltr' id='par_1_84' title="bbox 453 5351 2044 5424">
     <span class='ocr_line' id='line_1_84' title="bbox 453 5351 2044 5424; baseline 0.004 -22"><span class='ocrx_word' id='word_1_618' title='bbox 453 5351 595 5421; x_wconf 77' lang='lat' dir='ltr'><strong>facta</strong></span> <span class='ocrx_word' id='word_1_619' title='bbox 627 5361 765 5416; x_wconf 90' lang='lat' dir='ltr'><strong>sunt,</strong></span> <span class='ocrx_word' id='word_1_620' title='bbox 792 5361 856 5424; x_wconf 25' lang='lat' dir='ltr'><strong>Aut</strong></span> <span class='ocrx_word' id='word_1_621' title='bbox 894 5352 1196 5421; x_wconf 86' lang='lat' dir='ltr'><strong>impleretur</strong></span> <span class='ocrx_word' id='word_1_622' title='bbox 1232 5353 1371 5421; x_wconf 82' lang='lat' dir='ltr'><strong>quod</strong></span> <span class='ocrx_word' id='word_1_623' title='bbox 1406 5354 1656 5423; x_wconf 81' lang='lat' dir='ltr'><strong>scriptum</strong></span> <span class='ocrx_word' id='word_1_624' title='bbox 1686 5364 1759 5407; x_wconf 81' lang='lat' dir='ltr'><strong>est</strong></span> <span class='ocrx_word' id='word_1_625' title='bbox 1788 5356 1841 5407; x_wconf 90' lang='lat' dir='ltr'><strong>in</strong></span> <span class='ocrx_word' id='word_1_626' title='bbox 1864 5352 2044 5424; x_wconf 81' lang='lat' dir='ltr'><strong>Asaplt</strong></span> 
     </span>
    </p>
   </div>
   <div class='ocr_carea' id='block_1_85' title="bbox 455 5422 2041 5493">
    <p class='ocr_par' dir='ltr' id='par_1_85' title="bbox 455 5422 2041 5493">
     <span class='ocr_line' id='line_1_85' title="bbox 455 5422 2041 5493; baseline 0.003 -18"><span class='ocrx_word' id='word_1_627' title='bbox 455 5425 731 5493; x_wconf 83' lang='lat' dir='ltr'><strong>propheta.</strong></span> <span class='ocrx_word' id='word_1_628' title='bbox 777 5422 866 5478; x_wconf 86' lang='lat' dir='ltr'><strong>Sic</strong></span> <span class='ocrx_word' id='word_1_629' title='bbox 904 5424 1164 5477; x_wconf 84' lang='lat' dir='ltr'><strong>invenitur</strong></span> <span class='ocrx_word' id='word_1_630' title='bbox 1212 5425 1266 5475; x_wconf 85' lang='lat' dir='ltr'><strong>in</strong></span> <span class='ocrx_word' id='word_1_631' title='bbox 1299 5422 1533 5478; x_wconf 84' lang='lat' dir='ltr'><strong>omnibus</strong></span> <span class='ocrx_word' id='word_1_632' title='bbox 1564 5425 1815 5479; x_wconf 85' lang='lat' dir='ltr'><strong>veteribus</strong></span> <span class='ocrx_word' id='word_1_633' title='bbox 1847 5422 2041 5480; x_wconf 82' lang='lat' dir='ltr'><strong>codici-</strong></span> 
     </span>
    </p>
   </div>
   <div class='ocr_carea' id='block_1_86' title="bbox 450 5493 2045 5565">
    <p class='ocr_par' dir='ltr' id='par_1_86' title="bbox 450 5493 2045 5565">
     <span class='ocr_line' id='line_1_86' title="bbox 450 5493 2045 5565; baseline 0.004 -19"><span class='ocrx_word' id='word_1_634' title='bbox 450 5494 563 5557; x_wconf 80' lang='lat' dir='ltr'><strong>bus,</strong></span> <span class='ocrx_word' id='word_1_635' title='bbox 586 5495 677 5548; x_wconf 82' lang='lat' dir='ltr'><strong>sed</strong></span> <span class='ocrx_word' id='word_1_636' title='bbox 693 5493 929 5549; x_wconf 86' lang='lat' dir='ltr'><strong>homines</strong></span> <span class='ocrx_word' id='word_1_637' title='bbox 956 5497 1252 5564; x_wconf 80' lang='lat' dir='ltr'><strong>ignorantes</strong></span> <span class='ocrx_word' id='word_1_638' title='bbox 1281 5495 1510 5549; x_wconf 78' lang='lat' dir='ltr'><strong>tulerunt</strong></span> <span class='ocrx_word' id='word_1_639' title='bbox 1528 5494 1683 5561; x_wconf 83' lang='lat' dir='ltr'><strong>illud,</strong></span> <span class='ocrx_word' id='word_1_640' title='bbox 1712 5496 1765 5551; x_wconf 89' lang='lat' dir='ltr'><strong>id</strong></span> <span class='ocrx_word' id='word_1_641' title='bbox 1792 5506 1898 5565; x_wconf 86' lang='lat' dir='ltr'><strong>est,</strong></span> <span class='ocrx_word' id='word_1_642' title='bbox 1927 5497 2045 5552; x_wconf 84' lang='lat' dir='ltr'><strong>abs-</strong></span> 
     </span>
    </p>
   </div>
   <div class='ocr_carea' id='block_1_87' title="bbox 450 5565 2044 5639">
    <p class='ocr_par' dir='ltr' id='par_1_87' title="bbox 450 5565 2044 5639">
     <span class='ocr_line' id='line_1_87' title="bbox 450 5565 2044 5639; baseline 0.005 -23"><span class='ocrx_word' id='word_1_643' title='bbox 450 5565 675 5639; x_wconf 68' lang='lat' dir='ltr'><strong>tulerunt</strong></span> <span class='ocrx_word' id='word_1_644' title='bbox 699 5566 899 5637; x_wconf 75' lang='lat' dir='ltr'><strong>Asaph.</strong></span> <span class='ocrx_word' id='word_1_645' title='bbox 925 5566 1155 5636; x_wconf 80' lang='lat' dir='ltr'><strong>Denique</strong></span> <span class='ocrx_word' id='word_1_646' title='bbox 1180 5566 1344 5618; x_wconf 85' lang='lat' dir='ltr'><strong>multa</strong></span> <span class='ocrx_word' id='word_1_647' title='bbox 1372 5568 1655 5639; x_wconf 63' lang='lat' dir='ltr'><strong>lcvungelia</strong></span> <span class='ocrx_word' id='word_1_648' title='bbox 1689 5584 1849 5636; x_wconf 75' lang='lat' dir='ltr'><strong>usque</strong></span> <span class='ocrx_word' id='word_1_649' title='bbox 1886 5567 2044 5624; x_wconf 86' lang='lat' dir='ltr'><strong>hodie</strong></span> 
     </span>
    </p>
   </div>
   <div class='ocr_carea' id='block_1_88' title="bbox 448 5634 2039 5710">
    <p class='ocr_par' dir='ltr' id='par_1_88' title="bbox 448 5634 2039 5710">
     <span class='ocr_line' id='line_1_88' title="bbox 448 5634 2039 5710; baseline 0.003 -22"><span class='ocrx_word' id='word_1_650' title='bbox 448 5636 524 5689; x_wconf 85' lang='lat' dir='ltr'><strong>ita</strong></span> <span class='ocrx_word' id='word_1_651' title='bbox 545 5634 769 5710; x_wconf 75' lang='lat' dir='ltr'><strong>habent:</strong></span> <span class='ocrx_word' id='word_1_652' title='bbox 788 5634 843 5710; x_wconf 81' lang='lat' dir='ltr'><strong>ut</strong></span> <span class='ocrx_word' id='word_1_653' title='bbox 867 5634 1165 5710; x_wconf 82' lang='lat' dir='ltr'><strong>impleretur</strong></span> <span class='ocrx_word' id='word_1_654' title='bbox 1190 5639 1331 5706; x_wconf 82' lang='lat' dir='ltr'><strong>quod</strong></span> <span class='ocrx_word' id='word_1_655' title='bbox 1356 5634 1605 5709; x_wconf 73' lang='lat' dir='ltr'><strong>scriptum</strong></span> <span class='ocrx_word' id='word_1_656' title='bbox 1624 5649 1699 5692; x_wconf 86' lang='lat' dir='ltr'><strong>est</strong></span> <span class='ocrx_word' id='word_1_657' title='bbox 1723 5634 1813 5710; x_wconf 84' lang='lat' dir='ltr'><strong>per</strong></span> <span class='ocrx_word' id='word_1_658' title='bbox 1844 5639 2039 5710; x_wconf 80' lang='lat' dir='ltr'><strong>Isaiam</strong></span> 
     </span>
    </p>
   </div>
   <div class='ocr_carea' id='block_1_89' title="bbox 447 5708 2041 5780">
    <p class='ocr_par' dir='ltr' id='par_1_89' title="bbox 447 5708 2041 5780">
     <span class='ocr_line' id='line_1_89' title="bbox 447 5708 2041 5780; baseline 0.006 -20"><span class='ocrx_word' id='word_1_659' title='bbox 447 5708 751 5777; x_wconf 86' lang='lat' dir='ltr'><strong>prophetam</strong></span> <span class='ocrx_word' id='word_1_660' title='bbox 777 5708 1074 5780; x_wconf 81' lang='lat' dir='ltr'><strong>:Aperiam</strong></span> <span class='ocrx_word' id='word_1_661' title='bbox 1116 5711 1167 5764; x_wconf 90' lang='lat' dir='ltr'><strong>in</strong></span> <span class='ocrx_word' id='word_1_662' title='bbox 1209 5708 1521 5774; x_wconf 78' lang='lat' dir='ltr'><strong>l’arabolis,</strong></span> <span class='ocrx_word' id='word_1_663' title='bbox 1564 5720 1668 5765; x_wconf 83' lang='lat' dir='ltr'><strong>etc.</strong></span> <span class='ocrx_word' id='word_1_664' title='bbox 1718 5708 1828 5765; x_wconf 87' lang='lat' dir='ltr'><strong>IIoc</strong></span> <span class='ocrx_word' id='word_1_665' title='bbox 1868 5709 2041 5769; x_wconf 79' lang='lat' dir='ltr'><strong>Isaias</strong></span> 
     </span>
    </p>
   </div>
   <div class='ocr_carea' id='block_1_90' title="bbox 452 5780 2037 5855">
    <p class='ocr_par' dir='ltr' id='par_1_90' title="bbox 452 5780 2037 5855">
     <span class='ocr_line' id='line_1_90' title="bbox 452 5780 2037 5855; baseline 0.003 -24"><span class='ocrx_word' id='word_1_666' title='bbox 452 5795 555 5855; x_wconf 78' lang='lat' dir='ltr'><strong>non</strong></span> <span class='ocrx_word' id='word_1_667' title='bbox 595 5781 844 5855; x_wconf 80' lang='lat' dir='ltr'><strong>loquitur,</strong></span> <span class='ocrx_word' id='word_1_668' title='bbox 884 5784 973 5855; x_wconf 82' lang='lat' dir='ltr'><strong>sed</strong></span> <span class='ocrx_word' id='word_1_669' title='bbox 1008 5780 1203 5855; x_wconf 70' lang='lat' dir='ltr'><strong>Asaph.</strong></span> <span class='ocrx_word' id='word_1_670' title='bbox 1238 5780 1474 5855; x_wconf 68' lang='lat' dir='ltr'><strong>Denique</strong></span> <span class='ocrx_word' id='word_1_671' title='bbox 1499 5791 1547 5837; x_wconf 82' lang='lat' dir='ltr'><strong>et</strong></span> <span class='ocrx_word' id='word_1_672' title='bbox 1576 5783 1767 5855; x_wconf 84' lang='lat' dir='ltr'><strong>impius</strong></span> <span class='ocrx_word' id='word_1_673' title='bbox 1789 5782 2037 5855; x_wconf 80' lang='lat' dir='ltr'><strong>Porphy-</strong></span> 
     </span>
    </p>
   </div>
   <div class='ocr_carea' id='block_1_91' title="bbox 446 5851 2039 5930">
    <p class='ocr_par' dir='ltr' id='par_1_91' title="bbox 446 5851 2039 5930">
     <span class='ocr_line' id='line_1_91' title="bbox 446 5851 2039 5930; baseline 0 -19"><span class='ocrx_word' id='word_1_674' title='bbox 446 5851 557 5911; x_wconf 77' lang='lat' dir='ltr'><strong>rius</strong></span> <span class='ocrx_word' id='word_1_675' title='bbox 581 5853 826 5925; x_wconf 83' lang='lat' dir='ltr'><strong>proponit</strong></span> <span class='ocrx_word' id='word_1_676' title='bbox 848 5851 1121 5914; x_wconf 77' lang='lat' dir='ltr'><strong>adversum</strong></span> <span class='ocrx_word' id='word_1_677' title='bbox 1142 5870 1236 5914; x_wconf 81' lang='lat' dir='ltr'><strong>nos</strong></span> <span class='ocrx_word' id='word_1_678' title='bbox 1261 5853 1358 5916; x_wconf 83' lang='lat' dir='ltr'><strong>hoc</strong></span> <span class='ocrx_word' id='word_1_679' title='bbox 1390 5851 1582 5930; x_wconf 80' lang='lat' dir='ltr'><strong>ipsum,</strong></span> <span class='ocrx_word' id='word_1_680' title='bbox 1612 5864 1660 5915; x_wconf 81' lang='lat' dir='ltr'><strong>et</strong></span> <span class='ocrx_word' id='word_1_681' title='bbox 1688 5854 1846 5917; x_wconf 78' lang='lat' dir='ltr'><strong>dicit;</strong></span> <span class='ocrx_word' id='word_1_682' title='bbox 1867 5851 2039 5914; x_wconf 71' lang='lat' dir='ltr'><strong>Evan-</strong></span> 
     </span>
    </p>
   </div>
   <div class='ocr_carea' id='block_1_92' title="bbox 2069 4536 2122 4598">
    <p class='ocr_par' dir='ltr' id='par_1_92' title="bbox 2069 4536 2122 4598">
     <span class='ocr_line' id='line_1_92' title="bbox 2069 4536 2122 4598; baseline 0 -2"><span class='ocrx_word' id='word_1_683' title='bbox 2069 4536 2122 4598; x_wconf 91' lang='lat' dir='ltr'><strong>D</strong></span> 
     </span>
    </p>
   </div>
   <div class='ocr_carea' id='block_1_93' title="bbox 2148 3159 3750 3231">
    <p class='ocr_par' dir='ltr' id='par_1_93' title="bbox 2148 3159 3750 3231">
     <span class='ocr_line' id='line_1_93' title="bbox 2148 3159 3750 3231; baseline -0.002 -14"><span class='ocrx_word' id='word_1_684' title='bbox 2148 3162 2414 3231; x_wconf 91' lang='lat' dir='ltr'><strong>monium,</strong></span> <span class='ocrx_word' id='word_1_685' title='bbox 2447 3162 2628 3231; x_wconf 81' lang='lat' dir='ltr'><strong>Asaplt</strong></span> <span class='ocrx_word' id='word_1_686' title='bbox 2664 3159 2946 3231; x_wconf 83' lang='lat' dir='ltr'><strong>prephetae</strong></span> <span class='ocrx_word' id='word_1_687' title='bbox 2977 3160 3135 3215; x_wconf 88' lang='lat' dir='ltr'><strong>titulo</strong></span> <span class='ocrx_word' id='word_1_688' title='bbox 3161 3160 3497 3216; x_wconf 89' lang='lat' dir='ltr'><strong>inscribitur.</strong></span> <span class='ocrx_word' id='word_1_689' title='bbox 3533 3160 3599 3214; x_wconf 87' lang='lat' dir='ltr'><strong>Et</strong></span> <span class='ocrx_word' id='word_1_690' title='bbox 3625 3160 3750 3231; x_wconf 90' lang='lat' dir='ltr'><strong>pri-</strong></span> 
     </span>
    </p>
   </div>
   <div class='ocr_carea' id='block_1_94' title="bbox 2148 3251 3749 3324">
    <p class='ocr_par' dir='ltr' id='par_1_94' title="bbox 2148 3251 3749 3324">
     <span class='ocr_line' id='line_1_94' title="bbox 2148 3251 3749 3324; baseline -0.002 -13"><span class='ocrx_word' id='word_1_691' title='bbox 2148 3271 2295 3311; x_wconf 88' lang='lat' dir='ltr'><strong>tnum</strong></span> <span class='ocrx_word' id='word_1_692' title='bbox 2324 3258 2652 3324; x_wconf 87' lang='lat' dir='ltr'><strong>scriptorem</strong></span> <span class='ocrx_word' id='word_1_693' title='bbox 2686 3269 2793 3308; x_wconf 89' lang='lat' dir='ltr'><strong>non</strong></span> <span class='ocrx_word' id='word_1_694' title='bbox 2824 3252 3166 3308; x_wconf 81' lang='lat' dir='ltr'><strong>intellexisse</strong></span> <span class='ocrx_word' id='word_1_695' title='bbox 3192 3251 3399 3324; x_wconf 82' lang='lat' dir='ltr'><strong>Asapb,</strong></span> <span class='ocrx_word' id='word_1_696' title='bbox 3437 3261 3491 3306; x_wconf 94' lang='lat' dir='ltr'><strong>et</strong></span> <span class='ocrx_word' id='word_1_697' title='bbox 3517 3259 3749 3321; x_wconf 86' lang='lat' dir='ltr'><strong>putasse</strong></span> 
     </span>
    </p>
   </div>
   <div class='ocr_carea' id='block_1_95' title="bbox 2145 3343 3746 3419">
    <p class='ocr_par' dir='ltr' id='par_1_95' title="bbox 2145 3343 3746 3419">
     <span class='ocr_line' id='line_1_95' title="bbox 2145 3343 3746 3419; baseline -0.002 -15"><span class='ocrx_word' id='word_1_698' title='bbox 2145 3348 2430 3419; x_wconf 87' lang='lat' dir='ltr'><strong>scriptoris</strong></span> <span class='ocrx_word' id='word_1_699' title='bbox 2475 3347 2696 3415; x_wconf 84' lang='lat' dir='ltr'><strong>vitium,</strong></span> <span class='ocrx_word' id='word_1_700' title='bbox 2743 3355 2909 3418; x_wconf 89' lang='lat' dir='ltr'><strong>atque</strong></span> <span class='ocrx_word' id='word_1_701' title='bbox 2938 3344 3261 3402; x_wconf 90' lang='lat' dir='ltr'><strong>emendasse</strong></span> <span class='ocrx_word' id='word_1_702' title='bbox 3306 3360 3504 3401; x_wconf 90' lang='lat' dir='ltr'><strong>nomen</strong></span> <span class='ocrx_word' id='word_1_703' title='bbox 3559 3343 3746 3415; x_wconf 56' lang='lat' dir='ltr'><strong>Isaia,</strong></span> 
     </span>
    </p>
   </div>
   <div class='ocr_carea' id='block_1_96' title="bbox 2145 3436 3751 3514">
    <p class='ocr_par' dir='ltr' id='par_1_96' title="bbox 2145 3436 3751 3514">
     <span class='ocr_line' id='line_1_96' title="bbox 2145 3436 3751 3514; baseline -0.002 -16"><span class='ocrx_word' id='word_1_704' title='bbox 2145 3442 2300 3514; x_wconf 86' lang='lat' dir='ltr'><strong>cujus</strong></span> <span class='ocrx_word' id='word_1_705' title='bbox 2346 3441 2666 3497; x_wconf 82' lang='lat' dir='ltr'><strong>vocabulum</strong></span> <span class='ocrx_word' id='word_1_706' title='bbox 2718 3440 3057 3495; x_wconf 81' lang='lat' dir='ltr'><strong>manifestius</strong></span> <span class='ocrx_word' id='word_1_707' title='bbox 3116 3445 3252 3493; x_wconf 88' lang='lat' dir='ltr'><strong>erat.</strong></span> <span class='ocrx_word' id='word_1_708' title='bbox 3310 3436 3604 3495; x_wconf 89' lang='lat' dir='ltr'><strong>Sciendum</strong></span> <span class='ocrx_word' id='word_1_709' title='bbox 3656 3445 3751 3494; x_wconf 79' lang='lat' dir='ltr'><strong>est</strong></span> 
     </span>
    </p>
   </div>
   <div class='ocr_carea' id='block_1_97' title="bbox 2147 3529 3743 3606">
    <p class='ocr_par' dir='ltr' id='par_1_97' title="bbox 2147 3529 3743 3606">
     <span class='ocr_line' id='line_1_97' title="bbox 2147 3529 3743 3606; baseline -0.003 -17"><span class='ocrx_word' id='word_1_710' title='bbox 2147 3536 2348 3606; x_wconf 84' lang='lat' dir='ltr'><strong>itaque,</strong></span> <span class='ocrx_word' id='word_1_711' title='bbox 2390 3534 2532 3605; x_wconf 91' lang='lat' dir='ltr'><strong>quod</strong></span> <span class='ocrx_word' id='word_1_712' title='bbox 2575 3534 2627 3588; x_wconf 93' lang='lat' dir='ltr'><strong>in</strong></span> <span class='ocrx_word' id='word_1_713' title='bbox 2671 3532 2893 3603; x_wconf 90' lang='lat' dir='ltr'><strong>psalmis</strong></span> <span class='ocrx_word' id='word_1_714' title='bbox 2931 3542 2986 3587; x_wconf 90' lang='lat' dir='ltr'><strong>et</strong></span> <span class='ocrx_word' id='word_1_715' title='bbox 3014 3531 3237 3603; x_wconf 83' lang='lat' dir='ltr'><strong>hymnis</strong></span> <span class='ocrx_word' id='word_1_716' title='bbox 3274 3541 3330 3586; x_wconf 90' lang='lat' dir='ltr'><strong>et</strong></span> <span class='ocrx_word' id='word_1_717' title='bbox 3355 3529 3584 3586; x_wconf 89' lang='lat' dir='ltr'><strong>canticis</strong></span> <span class='ocrx_word' id='word_1_718' title='bbox 3619 3530 3743 3599; x_wconf 90' lang='lat' dir='ltr'><strong>Dei,</strong></span> 
     </span>
    </p>
   </div>
   <div class='ocr_carea' id='block_1_98' title="bbox 2146 3628 3746 3699">
    <p class='ocr_par' dir='ltr' id='par_1_98' title="bbox 2146 3628 3746 3699">
     <span class='ocr_line' id='line_1_98' title="bbox 2146 3628 3746 3699; baseline -0.003 -12"><span class='ocrx_word' id='word_1_719' title='bbox 2146 3648 2253 3687; x_wconf 90' lang='lat' dir='ltr'><strong>non</strong></span> <span class='ocrx_word' id='word_1_720' title='bbox 2281 3630 2455 3687; x_wconf 92' lang='lat' dir='ltr'><strong>solum</strong></span> <span class='ocrx_word' id='word_1_721' title='bbox 2494 3628 2684 3693; x_wconf 85' lang='lat' dir='ltr'><strong>David,</strong></span> <span class='ocrx_word' id='word_1_722' title='bbox 2715 3628 2812 3684; x_wconf 86' lang='lat' dir='ltr'><strong>sed</strong></span> <span class='ocrx_word' id='word_1_723' title='bbox 2842 3636 2898 3684; x_wconf 89' lang='lat' dir='ltr'><strong>et</strong></span> <span class='ocrx_word' id='word_1_724' title='bbox 2922 3628 3131 3694; x_wconf 68' lang='lat' dir='ltr'><strong>caeteri,</strong></span> <span class='ocrx_word' id='word_1_725' title='bbox 3157 3643 3386 3699; x_wconf 87' lang='lat' dir='ltr'><strong>quorum</strong></span> <span class='ocrx_word' id='word_1_726' title='bbox 3420 3628 3746 3699; x_wconf 69' lang='lat' dir='ltr'><strong>przescripta</strong></span> 
     </span>
    </p>
   </div>
   <div class='ocr_carea' id='block_1_99' title="bbox 2146 3720 3752 3793">
    <p class='ocr_par' dir='ltr' id='par_1_99' title="bbox 2146 3720 3752 3793">
     <span class='ocr_line' id='line_1_99' title="bbox 2146 3720 3752 3793; baseline -0.002 -14"><span class='ocrx_word' id='word_1_727' title='bbox 2146 3734 2271 3780; x_wconf 88' lang='lat' dir='ltr'><strong>sunt</strong></span> <span class='ocrx_word' id='word_1_728' title='bbox 2318 3725 2539 3779; x_wconf 90' lang='lat' dir='ltr'><strong>nomina</strong></span> <span class='ocrx_word' id='word_1_729' title='bbox 2562 3765 2578 3792; x_wconf 93' lang='lat'><strong>,</strong></span> <span class='ocrx_word' id='word_1_730' title='bbox 2628 3723 2910 3793; x_wconf 69' lang='lat' dir='ltr'><strong>pmpltetat</strong></span> <span class='ocrx_word' id='word_1_731' title='bbox 2938 3723 3045 3778; x_wconf 93' lang='lat' dir='ltr'><strong>sint</strong></span> <span class='ocrx_word' id='word_1_732' title='bbox 3074 3721 3424 3793; x_wconf 87' lang='lat' dir='ltr'><strong>appellandi:</strong></span> <span class='ocrx_word' id='word_1_733' title='bbox 3452 3720 3634 3792; x_wconf 82' lang='lat' dir='ltr'><strong>Asaph</strong></span> <span class='ocrx_word' id='word_1_734' title='bbox 3659 3722 3752 3777; x_wconf 87' lang='lat' dir='ltr'><strong>vi-</strong></span> 
     </span>
    </p>
   </div>
   <div class='ocr_carea' id='block_1_100' title="bbox 2145 3813 3750 3881">
    <p class='ocr_par' dir='ltr' id='par_1_100' title="bbox 2145 3813 3750 3881">
     <span class='ocr_line' id='line_1_100' title="bbox 2145 3813 3750 3881; baseline 0 -10"><span class='ocrx_word' id='word_1_735' title='bbox 2145 3817 2349 3874; x_wconf 88' lang='lat' dir='ltr'><strong>delicet</strong></span> <span class='ocrx_word' id='word_1_736' title='bbox 2373 3828 2428 3872; x_wconf 90' lang='lat' dir='ltr'><strong>et</strong></span> <span class='ocrx_word' id='word_1_737' title='bbox 2453 3815 2711 3881; x_wconf 75' lang='lat' dir='ltr'><strong>lditltum,</strong></span> <span class='ocrx_word' id='word_1_738' title='bbox 2744 3824 2799 3871; x_wconf 89' lang='lat' dir='ltr'><strong>et</strong></span> <span class='ocrx_word' id='word_1_739' title='bbox 2828 3816 3001 3871; x_wconf 87' lang='lat' dir='ltr'><strong>Eman</strong></span> <span class='ocrx_word' id='word_1_740' title='bbox 3042 3814 3310 3880; x_wconf 86' lang='lat' dir='ltr'><strong>Ezraites,</strong></span> <span class='ocrx_word' id='word_1_741' title='bbox 3341 3824 3396 3869; x_wconf 89' lang='lat' dir='ltr'><strong>et</strong></span> <span class='ocrx_word' id='word_1_742' title='bbox 3422 3813 3648 3881; x_wconf 65' lang='lat' dir='ltr'><strong>Etlian,</strong></span> <span class='ocrx_word' id='word_1_743' title='bbox 3684 3824 3750 3871; x_wconf 83' lang='lat' dir='ltr'><strong>et</strong></span> 
     </span>
    </p>
   </div>
   <div class='ocr_carea' id='block_1_101' title="bbox 2148 3905 3743 3980">
    <p class='ocr_par' dir='ltr' id='par_1_101' title="bbox 2148 3905 3743 3980">
     <span class='ocr_line' id='line_1_101' title="bbox 2148 3905 3743 3980; baseline 0 -15"><span class='ocrx_word' id='word_1_744' title='bbox 2148 3910 2245 3965; x_wconf 87' lang='lat' dir='ltr'><strong>lilii</strong></span> <span class='ocrx_word' id='word_1_745' title='bbox 2274 3908 2476 3976; x_wconf 85' lang='lat' dir='ltr'><strong>Cltore,</strong></span> <span class='ocrx_word' id='word_1_746' title='bbox 2515 3918 2569 3966; x_wconf 87' lang='lat' dir='ltr'><strong>et</strong></span> <span class='ocrx_word' id='word_1_747' title='bbox 2608 3908 2803 3980; x_wconf 88' lang='lat' dir='ltr'><strong>reliqui</strong></span> <span class='ocrx_word' id='word_1_748' title='bbox 2832 3924 2973 3980; x_wconf 91' lang='lat' dir='ltr'><strong>quos</strong></span> <span class='ocrx_word' id='word_1_749' title='bbox 2999 3905 3279 3979; x_wconf 87' lang='lat' dir='ltr'><strong>Scriptura</strong></span> <span class='ocrx_word' id='word_1_750' title='bbox 3320 3917 3743 3965; x_wconf 85' lang='lat' dir='ltr'><strong>commemorat.</strong></span> 
     </span>
    </p>
   </div>
   <div class='ocr_carea' id='block_1_102' title="bbox 2145 4001 3745 4074">
    <p class='ocr_par' dir='ltr' id='par_1_102' title="bbox 2145 4001 3745 4074">
     <span class='ocr_line' id='line_1_102' title="bbox 2145 4001 3745 4074; baseline 0 -17"><span class='ocrx_word' id='word_1_751' title='bbox 2145 4002 2413 4074; x_wconf 80' lang='lat' dir='ltr'><strong>Quodque</strong></span> <span class='ocrx_word' id='word_1_752' title='bbox 2459 4018 2524 4059; x_wconf 79' lang='lat' dir='ltr'><strong>ex</strong></span> <span class='ocrx_word' id='word_1_753' title='bbox 2574 4016 2806 4073; x_wconf 87' lang='lat' dir='ltr'><strong>persona</strong></span> <span class='ocrx_word' id='word_1_754' title='bbox 2859 4002 3073 4057; x_wconf 91' lang='lat' dir='ltr'><strong>Domini</strong></span> <span class='ocrx_word' id='word_1_755' title='bbox 3126 4002 3325 4057; x_wconf 89' lang='lat' dir='ltr'><strong>dicitur</strong></span> <span class='ocrx_word' id='word_1_756' title='bbox 3362 4019 3375 4057; x_wconf 88' lang='lat'><strong>:</strong></span> <span class='ocrx_word' id='word_1_757' title='bbox 3413 4001 3654 4073; x_wconf 78' lang='lat' dir='ltr'><strong>Aperiunt</strong></span> <span class='ocrx_word' id='word_1_758' title='bbox 3681 4004 3745 4057; x_wconf 84' lang='lat' dir='ltr'><strong>in</strong></span> 
     </span>
    </p>
   </div>
   <div class='ocr_carea' id='block_1_103' title="bbox 2148 4093 3746 4169">
    <p class='ocr_par' dir='ltr' id='par_1_103' title="bbox 2148 4093 3746 4169">
     <span class='ocr_line' id='line_1_103' title="bbox 2148 4093 3746 4169; baseline -0.003 -17"><span class='ocrx_word' id='word_1_759' title='bbox 2148 4094 2411 4169; x_wconf 85' lang='lat' dir='ltr'><strong>parabolis</strong></span> <span class='ocrx_word' id='word_1_760' title='bbox 2455 4112 2513 4150; x_wconf 88' lang='lat' dir='ltr'><strong>os</strong></span> <span class='ocrx_word' id='word_1_761' title='bbox 2561 4111 2732 4149; x_wconf 85' lang='lat' dir='ltr'><strong>meum</strong></span> <span class='ocrx_word' id='word_1_762' title='bbox 2775 4110 2791 4145; x_wconf 90' lang='lat'><em>:</em></span> <span class='ocrx_word' id='word_1_763' title='bbox 2835 4093 3074 4149; x_wconf 84' lang='lat' dir='ltr'><strong>eructabo</strong></span> <span class='ocrx_word' id='word_1_764' title='bbox 3102 4094 3460 4149; x_wconf 87' lang='lat' dir='ltr'><strong>absconditaa</strong></span> <span class='ocrx_word' id='word_1_765' title='bbox 3489 4094 3746 4148; x_wconf 86' lang='lat' dir='ltr'><strong>constitu-</strong></span> 
     </span>
    </p>
   </div>
   <div class='ocr_carea' id='block_1_104' title="bbox 2145 4185 3744 4255">
    <p class='ocr_par' dir='ltr' id='par_1_104' title="bbox 2145 4185 3744 4255">
     <span class='ocr_line' id='line_1_104' title="bbox 2145 4185 3744 4255; baseline -0.003 -11"><span class='ocrx_word' id='word_1_766' title='bbox 2145 4191 2282 4245; x_wconf 89' lang='lat' dir='ltr'><strong>tione</strong></span> <span class='ocrx_word' id='word_1_767' title='bbox 2309 4188 2510 4255; x_wconf 86' lang='lat' dir='ltr'><strong>mundi,</strong></span> <span class='ocrx_word' id='word_1_768' title='bbox 2540 4186 2998 4243; x_wconf 88' lang='lat' dir='ltr'><strong>considerandum</strong></span> <span class='ocrx_word' id='word_1_769' title='bbox 3037 4187 3303 4243; x_wconf 88' lang='lat' dir='ltr'><strong>attentius</strong></span> <span class='ocrx_word' id='word_1_770' title='bbox 3343 4195 3399 4241; x_wconf 90' lang='lat' dir='ltr'><strong>et</strong></span> <span class='ocrx_word' id='word_1_771' title='bbox 3452 4185 3744 4242; x_wconf 87' lang='lat' dir='ltr'><strong>invenien-</strong></span> 
     </span>
    </p>
   </div>
   <div class='ocr_carea' id='block_1_105' title="bbox 2143 4280 3747 4354">
    <p class='ocr_par' dir='ltr' id='par_1_105' title="bbox 2143 4280 3747 4354">
     <span class='ocr_line' id='line_1_105' title="bbox 2143 4280 3747 4354; baseline -0.002 -14"><span class='ocrx_word' id='word_1_772' title='bbox 2143 4284 2273 4341; x_wconf 90' lang='lat' dir='ltr'><strong>dum</strong></span> <span class='ocrx_word' id='word_1_773' title='bbox 2335 4282 2570 4338; x_wconf 85' lang='lat' dir='ltr'><strong>describi</strong></span> <span class='ocrx_word' id='word_1_774' title='bbox 2621 4295 2899 4354; x_wconf 86' lang='lat' dir='ltr'><strong>egressum</strong></span> <span class='ocrx_word' id='word_1_775' title='bbox 2954 4280 3177 4338; x_wconf 87' lang='lat' dir='ltr'><strong>lsraelis</strong></span> <span class='ocrx_word' id='word_1_776' title='bbox 3237 4296 3305 4337; x_wconf 79' lang='lat' dir='ltr'><strong>ex</strong></span> <span class='ocrx_word' id='word_1_777' title='bbox 3350 4280 3627 4354; x_wconf 67' lang='lat' dir='ltr'><strong>Egypto,</strong></span> <span class='ocrx_word' id='word_1_778' title='bbox 3682 4288 3747 4336; x_wconf 88' lang='lat' dir='ltr'><strong>et</strong></span> 
     </span>
    </p>
   </div>
   <div class='ocr_carea' id='block_1_106' title="bbox 2144 4419 3747 4495">
    <p class='ocr_par' dir='ltr' id='par_1_106' title="bbox 2144 4419 3747 4495">
     <span class='ocr_line' id='line_1_106' title="bbox 2144 4419 3747 4495; baseline -0.001 -18"><span class='ocrx_word' id='word_1_779' title='bbox 2144 4423 2329 4495; x_wconf 82' lang='lat' dir='ltr'><strong>gelista</strong></span> <span class='ocrx_word' id='word_1_780' title='bbox 2372 4432 2532 4479; x_wconf 78' lang='lat' dir='ltr'><strong>uester</strong></span> <span class='ocrx_word' id='word_1_781' title='bbox 2563 4419 2845 4495; x_wconf 73' lang='lat' dir='ltr'><strong>Matthazus</strong></span> <span class='ocrx_word' id='word_1_782' title='bbox 2882 4430 2989 4495; x_wconf 79' lang='lat' dir='ltr'><strong>tam</strong></span> <span class='ocrx_word' id='word_1_783' title='bbox 3018 4420 3288 4495; x_wconf 77' lang='lat' dir='ltr'><strong>imperitus</strong></span> <span class='ocrx_word' id='word_1_784' title='bbox 3315 4419 3440 4495; x_wconf 70' lang='lat' dir='ltr'><strong>fuit,</strong></span> <span class='ocrx_word' id='word_1_785' title='bbox 3460 4430 3519 4495; x_wconf 72' lang='lat' dir='ltr'><strong>ut</strong></span> <span class='ocrx_word' id='word_1_786' title='bbox 3546 4419 3747 4495; x_wconf 55' lang='lat' dir='ltr'><strong>dicere;</strong></span> 
     </span>
    </p>
   </div>
   <div class='ocr_carea' id='block_1_107' title="bbox 2144 4491 3749 4565">
    <p class='ocr_par' dir='ltr' id='par_1_107' title="bbox 2144 4491 3749 4565">
     <span class='ocr_line' id='line_1_107' title="bbox 2144 4491 3749 4565; baseline -0.001 -16"><span class='ocrx_word' id='word_1_787' title='bbox 2144 4491 2285 4565; x_wconf 69' lang='lat' dir='ltr'><strong>quod</strong></span> <span class='ocrx_word' id='word_1_788' title='bbox 2303 4495 2555 4564; x_wconf 84' lang='lat' dir='ltr'><strong>scriptum</strong></span> <span class='ocrx_word' id='word_1_789' title='bbox 2579 4504 2652 4550; x_wconf 87' lang='lat' dir='ltr'><strong>est</strong></span> <span class='ocrx_word' id='word_1_790' title='bbox 2678 4509 2769 4564; x_wconf 89' lang='lat' dir='ltr'><strong>per</strong></span> <span class='ocrx_word' id='word_1_791' title='bbox 2792 4493 2993 4549; x_wconf 83' lang='lat' dir='ltr'><strong>Isaiam</strong></span> <span class='ocrx_word' id='word_1_792' title='bbox 3020 4492 3348 4565; x_wconf 70' lang='lat' dir='ltr'><strong>prophetam.</strong></span> <span class='ocrx_word' id='word_1_793' title='bbox 3372 4491 3577 4561; x_wconf 85' lang='lat' dir='ltr'><strong>Quibus</strong></span> <span class='ocrx_word' id='word_1_794' title='bbox 3598 4491 3749 4565; x_wconf 69' lang='lat' dir='ltr'><strong>adde</strong></span> 
     </span>
    </p>
   </div>
   <div class='ocr_carea' id='block_1_108' title="bbox 2147 4562 3743 4637">
    <p class='ocr_par' dir='ltr' id='par_1_108' title="bbox 2147 4562 3743 4637">
     <span class='ocr_line' id='line_1_108' title="bbox 2147 4562 3743 4637; baseline -0.002 -16"><span class='ocrx_word' id='word_1_795' title='bbox 2147 4562 2489 4637; x_wconf 77' lang='lat' dir='ltr'><strong>Anonymnm</strong></span> <span class='ocrx_word' id='word_1_796' title='bbox 2536 4562 2765 4620; x_wconf 79' lang='lat' dir='ltr'><strong>relatum</strong></span> <span class='ocrx_word' id='word_1_797' title='bbox 2812 4566 2864 4620; x_wconf 90' lang='lat' dir='ltr'><strong>in</strong></span> <span class='ocrx_word' id='word_1_798' title='bbox 2897 4562 3254 4637; x_wconf 67' lang='lat' dir='ltr'><strong>Expositione</strong></span> <span class='ocrx_word' id='word_1_799' title='bbox 3281 4562 3595 4637; x_wconf 65' lang='lat' dir='ltr'><strong>Graacorutn</strong></span> <span class='ocrx_word' id='word_1_800' title='bbox 3625 4563 3743 4618; x_wconf 58' lang='lat' dir='ltr'><strong>Pa-</strong></span> 
     </span>
    </p>
   </div>
   <div class='ocr_carea' id='block_1_109' title="bbox 2151 4634 3749 4706">
    <p class='ocr_par' dir='ltr' id='par_1_109' title="bbox 2151 4634 3749 4706">
     <span class='ocr_line' id='line_1_109' title="bbox 2151 4634 3749 4706; baseline -0.003 -13"><span class='ocrx_word' id='word_1_801' title='bbox 2151 4634 2381 4693; x_wconf 63' lang='lat' dir='ltr'><strong>trum&#39;in</strong></span> <span class='ocrx_word' id='word_1_802' title='bbox 2418 4637 2677 4706; x_wconf 86' lang='lat' dir='ltr'><strong>psalmos,</strong></span> <span class='ocrx_word' id='word_1_803' title='bbox 2704 4637 2842 4706; x_wconf 87' lang='lat' dir='ltr'><strong>psal.</strong></span> <span class='ocrx_word' id='word_1_804' title='bbox 2873 4650 3076 4693; x_wconf 75' lang='lat' dir='ltr'><strong>Lxxvu.</strong></span> <span class='ocrx_word' id='word_1_805' title='bbox 3108 4635 3236 4691; x_wconf 63' lang='lat' dir='ltr'><strong>Haec</strong></span> <span class='ocrx_word' id='word_1_806' title='bbox 3262 4634 3749 4706; x_wconf 76' lang='lat' dir='ltr'><strong>animadvertisset</strong></span> 
     </span>
    </p>
   </div>
   <div class='ocr_carea' id='block_1_110' title="bbox 2150 4704 3751 4779">
    <p class='ocr_par' dir='ltr' id='par_1_110' title="bbox 2150 4704 3751 4779">
     <span class='ocr_line' id='line_1_110' title="bbox 2150 4704 3751 4779; baseline -0.001 -13"><span class='ocrx_word' id='word_1_807' title='bbox 2150 4704 2489 4776; x_wconf 83' lang='lat' dir='ltr'><strong>Sabaterius,</strong></span> <span class='ocrx_word' id='word_1_808' title='bbox 2516 4709 2607 4779; x_wconf 88' lang='lat' dir='ltr'><strong>qui</strong></span> <span class='ocrx_word' id='word_1_809' title='bbox 2635 4704 2915 4778; x_wconf 71' lang='lat' dir='ltr'><strong>vulgatam</strong></span> <span class='ocrx_word' id='word_1_810' title='bbox 2939 4715 3103 4779; x_wconf 81' lang='lat' dir='ltr'><strong>atque</strong></span> <span class='ocrx_word' id='word_1_811' title='bbox 3132 4722 3249 4765; x_wconf 77' lang='lat' dir='ltr'><strong>eam</strong></span> <span class='ocrx_word' id='word_1_812' title='bbox 3280 4706 3498 4775; x_wconf 82' lang='lat' dir='ltr'><strong>quidem</strong></span> <span class='ocrx_word' id='word_1_813' title='bbox 3531 4704 3751 4779; x_wconf 73' lang='lat' dir='ltr'><strong>Italam</strong></span> 
     </span>
    </p>
   </div>
   <div class='ocr_carea' id='block_1_111' title="bbox 2150 4776 3754 4851">
    <p class='ocr_par' dir='ltr' id='par_1_111' title="bbox 2150 4776 3754 4851">
     <span class='ocr_line' id='line_1_111' title="bbox 2150 4776 3754 4851; baseline -0.006 -14"><span class='ocrx_word' id='word_1_814' title='bbox 2150 4781 2450 4837; x_wconf 85' lang='lat' dir='ltr'><strong>scelionetn</strong></span> <span class='ocrx_word' id='word_1_815' title='bbox 2482 4776 2548 4835; x_wconf 65' lang='lat' dir='ltr'><strong>es</strong></span> <span class='ocrx_word' id='word_1_816' title='bbox 2576 4776 2892 4834; x_wconf 74' lang='lat' dir='ltr'><strong>Colbertino</strong></span> <span class='ocrx_word' id='word_1_817' title='bbox 2924 4776 3108 4851; x_wconf 80' lang='lat' dir='ltr'><strong>nescio</strong></span> <span class='ocrx_word' id='word_1_818' title='bbox 3154 4795 3261 4851; x_wconf 81' lang='lat' dir='ltr'><strong>quo</strong></span> <span class='ocrx_word' id='word_1_819' title='bbox 3308 4794 3413 4851; x_wconf 76' lang='lat' dir='ltr'><strong>tus.</strong></span> <span class='ocrx_word' id='word_1_820' title='bbox 3455 4777 3612 4851; x_wconf 74' lang='lat' dir='ltr'><strong>nobis</strong></span> <span class='ocrx_word' id='word_1_821' title='bbox 3644 4778 3754 4834; x_wconf 73' lang='lat' dir='ltr'><strong>ob-</strong></span> 
     </span>
    </p>
   </div>
   <div class='ocr_carea' id='block_1_112' title="bbox 2154 4847 3748 4921">
    <p class='ocr_par' dir='ltr' id='par_1_112' title="bbox 2154 4847 3748 4921">
     <span class='ocr_line' id='line_1_112' title="bbox 2154 4847 3748 4921; baseline -0.003 -12"><span class='ocrx_word' id='word_1_822' title='bbox 2154 4852 2343 4913; x_wconf 84' lang='lat' dir='ltr'><strong>trudit,</strong></span> <span class='ocrx_word' id='word_1_823' title='bbox 2362 4851 2537 4921; x_wconf 85' lang='lat' dir='ltr'><strong>deque</strong></span> <span class='ocrx_word' id='word_1_824' title='bbox 2566 4851 2672 4906; x_wconf 89' lang='lat' dir='ltr'><strong>boc</strong></span> <span class='ocrx_word' id='word_1_825' title='bbox 2694 4850 3013 4918; x_wconf 78' lang='lat' dir='ltr'><strong>Hieronymi</strong></span> <span class='ocrx_word' id='word_1_826' title='bbox 3035 4852 3153 4906; x_wconf 87' lang='lat' dir='ltr'><strong>loco</strong></span> <span class='ocrx_word' id='word_1_827' title='bbox 3171 4847 3297 4904; x_wconf 74' lang='lat' dir='ltr'><strong>cum</strong></span> <span class='ocrx_word' id='word_1_828' title='bbox 3320 4850 3371 4903; x_wconf 90' lang='lat' dir='ltr'><strong>in</strong></span> <span class='ocrx_word' id='word_1_829' title='bbox 3396 4847 3748 4921; x_wconf 65' lang='lat' dir='ltr'><strong>prwfatiutte,</strong></span> 
     </span>
    </p>
   </div>
   <div class='ocr_carea' id='block_1_113' title="bbox 2153 4920 3748 4994">
    <p class='ocr_par' dir='ltr' id='par_1_113' title="bbox 2153 4920 3748 4994">
     <span class='ocr_line' id='line_1_113' title="bbox 2153 4920 3748 4994; baseline -0.003 -15"><span class='ocrx_word' id='word_1_830' title='bbox 2153 4934 2264 4979; x_wconf 88' lang='lat' dir='ltr'><strong>tum</strong></span> <span class='ocrx_word' id='word_1_831' title='bbox 2304 4925 2379 4981; x_wconf 90' lang='lat' dir='ltr'><strong>in.</strong></span> <span class='ocrx_word' id='word_1_832' title='bbox 2406 4926 2549 4979; x_wconf 89' lang='lat' dir='ltr'><strong>notis</strong></span> <span class='ocrx_word' id='word_1_833' title='bbox 2577 4924 2752 4994; x_wconf 83' lang='lat' dir='ltr'><strong>otiose</strong></span> <span class='ocrx_word' id='word_1_834' title='bbox 2793 4921 3055 4994; x_wconf 73' lang='lat' dir='ltr'><strong>diSputat.</strong></span> <span class='ocrx_word' id='word_1_835' title='bbox 3103 4921 3379 4994; x_wconf 82' lang='lat' dir='ltr'><strong>Annotare</strong></span> <span class='ocrx_word' id='word_1_836' title='bbox 3418 4920 3748 4989; x_wconf 65' lang='lat' dir='ltr'><strong>prsestabat,</strong></span> 
     </span>
    </p>
   </div>
   <div class='ocr_carea' id='block_1_114' title="bbox 2151 4992 3748 5067">
    <p class='ocr_par' dir='ltr' id='par_1_114' title="bbox 2151 4992 3748 5067">
     <span class='ocr_line' id='line_1_114' title="bbox 2151 4992 3748 5067; baseline -0.005 -12"><span class='ocrx_word' id='word_1_837' title='bbox 2151 4997 2294 5067; x_wconf 82' lang='lat' dir='ltr'><strong>quod</strong></span> <span class='ocrx_word' id='word_1_838' title='bbox 2326 4995 2385 5052; x_wconf 69' lang='grc' dir='ltr'><strong>ὃ.</strong></span> <span class='ocrx_word' id='word_1_839' title='bbox 2418 4996 2577 5055; x_wconf 79' lang='lat' dir='ltr'><strong>i’atcr</strong></span> <span class='ocrx_word' id='word_1_840' title='bbox 2617 4993 2892 5066; x_wconf 73' lang='lat' dir='ltr'><strong>Vulgatam</strong></span> <span class='ocrx_word' id='word_1_841' title='bbox 2941 4992 3235 5067; x_wconf 76' lang='lat' dir='ltr'><strong>Editionem</strong></span> <span class='ocrx_word' id='word_1_842' title='bbox 3279 4992 3545 5067; x_wconf 55' lang='lat' dir='ltr'><strong>nominat,</strong></span> <span class='ocrx_word' id='word_1_843' title='bbox 3590 5008 3748 5067; x_wconf 64' lang='lat' dir='ltr'><strong>qum,</strong></span> 
     </span>
    </p>
   </div>
   <div class='ocr_carea' id='block_1_115' title="bbox 2148 5062 3750 5136">
    <p class='ocr_par' dir='ltr' id='par_1_115' title="bbox 2148 5062 3750 5136">
     <span class='ocr_line' id='line_1_115' title="bbox 2148 5062 3750 5136; baseline -0.001 -15"><span class='ocrx_word' id='word_1_844' title='bbox 2148 5062 2206 5122; x_wconf 83' lang='lat' dir='ltr'><strong>tit</strong></span> <span class='ocrx_word' id='word_1_845' title='bbox 2238 5084 2305 5124; x_wconf 77' lang='lat' dir='ltr'><strong>ex</strong></span> <span class='ocrx_word' id='word_1_846' title='bbox 2352 5067 2619 5123; x_wconf 86' lang='lat' dir='ltr'><strong>vocabulo</strong></span> <span class='ocrx_word' id='word_1_847' title='bbox 2652 5062 2824 5129; x_wconf 72' lang='lat' dir='ltr'><strong>notat,</strong></span> <span class='ocrx_word' id='word_1_848' title='bbox 2861 5080 2973 5136; x_wconf 76' lang='lat' dir='ltr'><strong>pra:</strong></span> <span class='ocrx_word' id='word_1_849' title='bbox 3003 5065 3215 5123; x_wconf 69' lang='lat' dir='ltr'><strong>creteris</strong></span> <span class='ocrx_word' id='word_1_850' title='bbox 3261 5064 3384 5123; x_wconf 86' lang='lat' dir='ltr'><strong>aliis</strong></span> <span class='ocrx_word' id='word_1_851' title='bbox 3430 5062 3750 5136; x_wconf 81' lang='lat' dir='ltr'><strong>obtinebat.</strong></span> 
     </span>
    </p>
   </div>
   <div class='ocr_carea' id='block_1_116' title="bbox 2147 5134 3746 5204">
    <p class='ocr_par' dir='ltr' id='par_1_116' title="bbox 2147 5134 3746 5204">
     <span class='ocr_line' id='line_1_116' title="bbox 2147 5134 3746 5204; baseline -0.001 -11"><span class='ocrx_word' id='word_1_852' title='bbox 2147 5138 2281 5193; x_wconf 88' lang='lat' dir='ltr'><strong>Nam</strong></span> <span class='ocrx_word' id='word_1_853' title='bbox 2313 5154 2434 5192; x_wconf 86' lang='lat' dir='ltr'><strong>eum</strong></span> <span class='ocrx_word' id='word_1_854' title='bbox 2466 5140 2562 5192; x_wconf 84' lang='lat' dir='ltr'><strong>bos</strong></span> <span class='ocrx_word' id='word_1_855' title='bbox 2604 5134 3040 5192; x_wconf 83' lang='lat' dir='ltr'><strong>Commentarios</strong></span> <span class='ocrx_word' id='word_1_856' title='bbox 3089 5136 3369 5194; x_wconf 86' lang='lat' dir='ltr'><strong>scriberet.</strong></span> <span class='ocrx_word' id='word_1_857' title='bbox 3418 5134 3746 5204; x_wconf 86' lang='lat' dir='ltr'><strong>jamdudum</strong></span> 
     </span>
    </p>
   </div>
   <div class='ocr_carea' id='block_1_117' title="bbox 2148 5205 3750 5279">
    <p class='ocr_par' dir='ltr' id='par_1_117' title="bbox 2148 5205 3750 5279">
     <span class='ocr_line' id='line_1_117' title="bbox 2148 5205 3750 5279; baseline -0.001 -14"><span class='ocrx_word' id='word_1_858' title='bbox 2148 5221 2277 5265; x_wconf 87' lang='lat' dir='ltr'><strong>ante</strong></span> <span class='ocrx_word' id='word_1_859' title='bbox 2300 5224 2474 5265; x_wconf 88' lang='lat' dir='ltr'><strong>annos</strong></span> <span class='ocrx_word' id='word_1_860' title='bbox 2499 5209 2632 5264; x_wconf 89' lang='lat' dir='ltr'><strong>circ.</strong></span> <span class='ocrx_word' id='word_1_861' title='bbox 2664 5208 2975 5279; x_wconf 88' lang='lat' dir='ltr'><strong>quindecim</strong></span> <span class='ocrx_word' id='word_1_862' title='bbox 3002 5208 3155 5276; x_wconf 82' lang='lat' dir='ltr'><strong>jussu</strong></span> <span class='ocrx_word' id='word_1_863' title='bbox 3180 5207 3415 5271; x_wconf 86' lang='lat' dir='ltr'><strong>Damasi,</strong></span> <span class='ocrx_word' id='word_1_864' title='bbox 3438 5205 3750 5279; x_wconf 76' lang='lat' dir='ltr'><strong>Evangelia</strong></span> 
     </span>
    </p>
   </div>
   <div class='ocr_carea' id='block_1_118' title="bbox 2148 5278 3749 5350">
    <p class='ocr_par' dir='ltr' id='par_1_118' title="bbox 2148 5278 3749 5350">
     <span class='ocr_line' id='line_1_118' title="bbox 2148 5278 3749 5350; baseline -0.002 -13"><span class='ocrx_word' id='word_1_865' title='bbox 2148 5281 2218 5337; x_wconf 87' lang='lat' dir='ltr'><strong>ad</strong></span> <span class='ocrx_word' id='word_1_866' title='bbox 2243 5281 2463 5338; x_wconf 68' lang='lat' dir='ltr'><strong>Graecos</strong></span> <span class='ocrx_word' id='word_1_867' title='bbox 2510 5281 2728 5337; x_wconf 88' lang='lat' dir='ltr'><strong>codices</strong></span> <span class='ocrx_word' id='word_1_868' title='bbox 2770 5287 3199 5350; x_wconf 80' lang='lat' dir='ltr'><strong>recognoverat,</strong></span> <span class='ocrx_word' id='word_1_869' title='bbox 3253 5293 3353 5333; x_wconf 83' lang='lat' dir='ltr'><strong>nec</strong></span> <span class='ocrx_word' id='word_1_870' title='bbox 3395 5289 3543 5333; x_wconf 83' lang='lat' dir='ltr'><strong>certe</strong></span> <span class='ocrx_word' id='word_1_871' title='bbox 3574 5278 3749 5335; x_wconf 82' lang='lat' dir='ltr'><strong>aliam</strong></span> 
     </span>
    </p>
   </div>
   <div class='ocr_carea' id='block_1_119' title="bbox 2147 5350 3753 5423">
    <p class='ocr_par' dir='ltr' id='par_1_119' title="bbox 2147 5350 3753 5423">
     <span class='ocr_line' id='line_1_119' title="bbox 2147 5350 3753 5423; baseline -0.003 -17"><span class='ocrx_word' id='word_1_872' title='bbox 2147 5370 2310 5423; x_wconf 87' lang='lat' dir='ltr'><strong>quam</strong></span> <span class='ocrx_word' id='word_1_873' title='bbox 2339 5353 2621 5423; x_wconf 80' lang='lat' dir='ltr'><strong>Vulgatam</strong></span> <span class='ocrx_word' id='word_1_874' title='bbox 2659 5351 2952 5407; x_wconf 84' lang='lat' dir='ltr'><strong>editionem</strong></span> <span class='ocrx_word' id='word_1_875' title='bbox 2986 5350 3089 5404; x_wconf 86' lang='lat' dir='ltr'><strong>sibi</strong></span> <span class='ocrx_word' id='word_1_876' title='bbox 3116 5358 3435 5423; x_wconf 74' lang='lat' dir='ltr'><strong>sumpserat</strong></span> <span class='ocrx_word' id='word_1_877' title='bbox 3471 5364 3753 5423; x_wconf 76' lang='lat' dir='ltr'><strong>recogno-</strong></span> 
     </span>
    </p>
   </div>
   <div class='ocr_carea' id='block_1_120' title="bbox 2149 5420 3754 5494">
    <p class='ocr_par' dir='ltr' id='par_1_120' title="bbox 2149 5420 3754 5494">
     <span class='ocr_line' id='line_1_120' title="bbox 2149 5420 3754 5494; baseline 0.001 -15"><span class='ocrx_word' id='word_1_878' title='bbox 2149 5420 2672 5481; x_wconf 36' lang='lat' dir='ltr'><strong>scentlattthednlu</strong></span> <span class='ocrx_word' id='word_1_879' title='bbox 2706 5423 2889 5494; x_wconf 88' lang='lat' dir='ltr'><strong>itaque</strong></span> <span class='ocrx_word' id='word_1_880' title='bbox 2929 5420 3161 5477; x_wconf 83' lang='lat' dir='ltr'><strong>notanda</strong></span> <span class='ocrx_word' id='word_1_881' title='bbox 3207 5428 3353 5494; x_wconf 68' lang='lat' dir='ltr'><strong>sunt,</strong></span> <span class='ocrx_word' id='word_1_882' title='bbox 3388 5435 3508 5494; x_wconf 73' lang='lat' dir='ltr'><strong>qua:</strong></span> <span class='ocrx_word' id='word_1_883' title='bbox 3537 5420 3605 5474; x_wconf 87' lang='lat' dir='ltr'><strong>de</strong></span> <span class='ocrx_word' id='word_1_884' title='bbox 3635 5422 3754 5480; x_wconf 74' lang='lat' dir='ltr'><strong>ista</strong></span> 
     </span>
    </p>
   </div>
   <div class='ocr_carea' id='block_1_121' title="bbox 2150 5490 3757 5566">
    <p class='ocr_par' dir='ltr' id='par_1_121' title="bbox 2150 5490 3757 5566">
     <span class='ocr_line' id='line_1_121' title="bbox 2150 5490 3757 5566; baseline -0.002 -15"><span class='ocrx_word' id='word_1_885' title='bbox 2150 5496 2377 5565; x_wconf 78' lang='lat' dir='ltr'><strong>Vulgata</strong></span> <span class='ocrx_word' id='word_1_886' title='bbox 2426 5495 2722 5566; x_wconf 77' lang='lat' dir='ltr'><strong>significat:</strong></span> <span class='ocrx_word' id='word_1_887' title='bbox 2750 5490 2962 5550; x_wconf 76' lang='lat' dir='ltr'><strong>scilicet</strong></span> <span class='ocrx_word' id='word_1_888' title='bbox 2996 5494 3236 5547; x_wconf 86' lang='lat' dir='ltr'><strong>omnium</strong></span> <span class='ocrx_word' id='word_1_889' title='bbox 3262 5492 3437 5566; x_wconf 68' lang='lat' dir='ltr'><strong>fuiSse</strong></span> <span class='ocrx_word' id='word_1_890' title='bbox 3469 5490 3757 5566; x_wconf 74' lang='lat' dir='ltr'><strong>interpre-</strong></span> 
     </span>
    </p>
   </div>
   <div class='ocr_carea' id='block_1_122' title="bbox 2147 5562 3754 5637">
    <p class='ocr_par' dir='ltr' id='par_1_122' title="bbox 2147 5562 3754 5637">
     <span class='ocr_line' id='line_1_122' title="bbox 2147 5562 3754 5637; baseline -0.001 -15"><span class='ocrx_word' id='word_1_891' title='bbox 2147 5562 2411 5624; x_wconf 82' lang='lat' dir='ltr'><strong>talionum</strong></span> <span class='ocrx_word' id='word_1_892' title='bbox 2455 5562 2921 5637; x_wconf 70' lang='lat' dir='ltr'><strong>antiquissimam,</strong></span> <span class='ocrx_word' id='word_1_893' title='bbox 2956 5566 3009 5621; x_wconf 91' lang='lat' dir='ltr'><strong>in</strong></span> <span class='ocrx_word' id='word_1_894' title='bbox 3058 5580 3161 5634; x_wconf 87' lang='lat' dir='ltr'><strong>qua</strong></span> <span class='ocrx_word' id='word_1_895' title='bbox 3190 5565 3424 5637; x_wconf 74' lang='lat' dir='ltr'><strong>primum</strong></span> <span class='ocrx_word' id='word_1_896' title='bbox 3475 5562 3754 5637; x_wconf 76' lang='lat' dir='ltr'><strong>scriptum</strong></span> 
     </span>
    </p>
   </div>
   <div class='ocr_carea' id='block_1_123' title="bbox 2145 5632 3758 5715">
    <p class='ocr_par' dir='ltr' id='par_1_123' title="bbox 2145 5632 3758 5715">
     <span class='ocr_line' id='line_1_123' title="bbox 2145 5632 3758 5715; baseline -0.003 -20"><span class='ocrx_word' id='word_1_897' title='bbox 2145 5639 2335 5697; x_wconf 89' lang='lat' dir='ltr'><strong>fuisset</strong></span> <span class='ocrx_word' id='word_1_898' title='bbox 2360 5657 2449 5707; x_wconf 83' lang='lat' dir='ltr'><strong>per</strong></span> <span class='ocrx_word' id='word_1_899' title='bbox 2466 5632 2660 5715; x_wconf 73' lang='lat' dir='ltr'><strong>Asaplt,</strong></span> <span class='ocrx_word' id='word_1_900' title='bbox 2689 5649 2801 5715; x_wconf 77' lang='lat' dir='ltr'><strong>tum</strong></span> <span class='ocrx_word' id='word_1_901' title='bbox 2829 5632 3125 5715; x_wconf 78' lang='lat' dir='ltr'><strong>repositum</strong></span> <span class='ocrx_word' id='word_1_902' title='bbox 3152 5632 3242 5709; x_wconf 84' lang='lat' dir='ltr'><strong>per</strong></span> <span class='ocrx_word' id='word_1_903' title='bbox 3264 5632 3484 5701; x_wconf 84' lang='lat' dir='ltr'><strong>Isaiam,</strong></span> <span class='ocrx_word' id='word_1_904' title='bbox 3508 5634 3758 5706; x_wconf 82' lang='lat' dir='ltr'><strong>denique</strong></span> 
     </span>
    </p>
   </div>
   <div class='ocr_carea' id='block_1_124' title="bbox 2143 5710 3758 5840">
    <p class='ocr_par' dir='ltr' id='par_1_124' title="bbox 2143 5710 3758 5840">
     <span class='ocr_line' id='line_1_124' title="bbox 2143 5710 3758 5840; baseline -0.006 -75"><span class='ocrx_word' id='word_1_905' title='bbox 2143 5727 2349 5840; x_wconf 51' lang='lat' dir='ltr'><strong>ames</strong></span> <span class='ocrx_word' id='word_1_906' title='bbox 2377 5729 2402 5765; x_wconf 85' lang='lat' dir='ltr'><strong>a</strong></span> <span class='ocrx_word' id='word_1_907' title='bbox 2434 5711 2794 5792; x_wconf 82' lang='lat' dir='ltr'><strong>prudentibus</strong></span> <span class='ocrx_word' id='word_1_908' title='bbox 2834 5710 2969 5769; x_wconf 78' lang='lat' dir='ltr'><strong>viris</strong></span> <span class='ocrx_word' id='word_1_909' title='bbox 3017 5710 3118 5767; x_wconf 86' lang='lat' dir='ltr'><strong>hoc</strong></span> <span class='ocrx_word' id='word_1_910' title='bbox 3158 5721 3377 5787; x_wconf 81' lang='lat' dir='ltr'><strong>quoque</strong></span> <span class='ocrx_word' id='word_1_911' title='bbox 3419 5721 3622 5763; x_wconf 87' lang='lat' dir='ltr'><strong>nomen</strong></span> <span class='ocrx_word' id='word_1_912' title='bbox 3653 5724 3758 5762; x_wconf 87' lang='lat' dir='ltr'><strong>su-</strong></span> 
     </span>
     <span class='ocr_line' id='line_1_125' title="bbox 2203 5796 2348 5840; baseline 0 -1"><span class='ocrx_word' id='word_1_913' title='bbox 2203 5796 2348 5840; x_wconf 80' lang='lat' dir='ltr'><strong>alth</strong></span> 
     </span>
    </p>
   </div>
   <div class='ocr_carea' id='block_1_125' title="bbox 2203 5796 2348 5840">
    <p class='ocr_par' dir='ltr' id='par_1_125' title="bbox 2203 5796 2348 5840">
     <span class='ocr_line' id='line_1_126' title="bbox 2203 5796 2348 5840; baseline 0 -1"><span class='ocrx_word' id='word_1_914' title='bbox 2203 5796 2348 5840; x_wconf 80' lang='lat' dir='ltr'><strong>alth</strong></span> 
     </span>
    </p>
   </div>
  </div>
