4004 6332
236 304 298 364 95
706 297 1357 357 COMMENTARIORUM
1398 298 1462 355 IN
1504 297 1962 358 EVANGELIUM
2005 296 2344 358 ΜΛΤἹῊΕΙ
2382 297 2517 359 LIB.
2554 302 2617 358 ll.
2651 303 2806 359 CAP.
2842 301 2986 359 XIII.
3428 304 3499 361 94

235 419 394 478 omnia
429 418 575 491 signa
626 421 876 486 narrari,
929 435 1050 491 quae
1105 417 1158 473 in
1218 416 1390 473 Exodi
1448 408 2029 480 continentnrﬁdam
2070 432 2193 475 cum
2226 418 2309 476 his
2336 420 2430 492 qui
2478 419 2677 477 fratres
2722 420 2831 493 97
2881 421 3253 491 nominentur,
3294 431 3350 478 et
3377 432 3504 480 sunt

234 512 455 573 historia.
517 512 593 569 Ex
645 528 755 585 quo
806 513 1159 584 intelligimus
1216 511 1468 569 universa
1522 511 1614 567 illa
1671 525 1794 583 qua:

231 607 407 677 scripta
436 616 580 673 sunt,
616 606 929 677 parabolice
964 606 1282 663 sentienda:
1310 621 1413 663 nec
1450 607 1791 663 manifestam

233 708 419 757 tantum
457 713 653 755 sonare
690 699 970 770 litteram,
1014 700 1110 756 sed
1150 710 1205 757 et
1248 699 1563 757 abscondita
1611 715 1796 756 sacra-

229 802 419 857 menta;
461 792 562 849 hoc
598 792 749 849 enim
789 808 849 849 se
879 793 1132 850 Salvator
1168 793 1469 850 edicturum
1510 809 1631 850 esse
1671 808 1793 864 pro-

227 886 393 956 mittit,
433 885 683 957 aperiens
721 902 782 942 os
823 903 981 943 suum
1022 888 1076 943 in
1118 887 1411 959 parabolis,
1454 896 1508 944 et
1538 896 1795 943 eructans

226 979 519 1037 abscondita
543 995 573 1034 a
599 979 998 1037 constitutione
1025 981 1231 1037 mundi.

284 1073 464 1145 (Vera.
499 1071 633 1142 '56.)
683 1071 828 1129 Tunc
861 1074 1092 1129 dimissis
1117 1073 1282 1130 turbis
1312 1074 1449 1129 venit
1481 1074 1536 1128 in
1564 1074 1794 1140 domum,

224 1178 264 1223 et
301 1176 615 1222 accesserunt
646 1166 716 1220 ad
740 1184 856 1222 cum
885 1166 1137 1239 discipuli
1174 1169 1308 1237 ejus,
1350 1167 1579 1222 dicentes
1595 1184 1611 1220 :
1631 1166 1794 1222 Edis-

224 1275 318 1317 scre
345 1258 483 1313 nobis
506 1259 817 1332 parabolam
842 1259 1168 1314 zizaniorum
1189 1261 1323 1332 agri.
1354 1259 1585 1315 Dimittit
1608 1259 1797 1315 turbas

228 1357 398 1422 iesus,
437 1362 493 1409 et
530 1353 755 1409 domum
792 1354 1109 1421 revertitur,
1164 1362 1224 1408 ut
1261 1352 1524 1409 accedant
1560 1352 1625 1407 ad
1666 1366 1789 1408 eum

221 1447 484 1519 discipuli,
525 1455 583 1504 et
616 1456 833 1504 secreto
873 1447 1213 1519 interrogent
1251 1462 1372 1519 qua:
1421 1447 1651 1517 populus
1689 1460 1791 1502 nec

220 1543 508 1601 merebatur
536 1543 752 1610 audire,
781 1557 887 1598 nco
926 1551 1157 1615 poterat.
1186 1541 1426 1597 Edissere
1462 1542 1606 1597 nobis
1630 1558 1790 1611 para-

222 1637 366 1693 bolam
392 1638 719 1691 zizaniorum
748 1636 886 1710 agri.

280 1727 447 1800 (Vers.
478 1729 550 1785 ‘57
582 1728 764 1800 seqq.)
793 1727 894 1796 Qui
923 1728 1259 1801 respondens,
1291 1729 1365 1784 ait
1394 1744 1413 1784 :
1440 1728 1545 1796 Qui
1572 1730 1792 1785 seminat
1827 1754 1871 1814 Β
1902 1734 2117 1807 gregari
2149 1735 2200 1790 in
2231 1734 2450 1802 horrea,
2484 1731 2836 1788 manifestum
2881 1739 2965 1787 est
2995 1730 3284 1788 lItPI‘CIiCOS
3326 1746 3498 1803 quos-
3592 1743 3599 1749 '

221 1823 384 1878 bonum
408 1837 606 1890 semen,
631 1832 708 1876 est
739 1820 915 1878 Filius
944 1821 1187 1878 hominis.
1216 1822 1351 1897 Ager
1392 1831 1559 1877 autem
1587 1823 1699 1896 96
1725 1832 1798 1878 est

221 1917 442 1971 mundus.
470 1913 684 1972 Bonum
709 1932 827 1973 vero
853 1934 1045 1987 semen,
1075 1916 1130 1971 hi
1158 1928 1276 1973 sunt
1304 1919 1403 1989 ﬁlii
1434 1918 1579 1991 regni
1615 1935 1631 1973 :
1660 1919 1799 1973 ziza-

218 2011 293 2062 nia
344 2016 512 2063 autem
563 2009 665 2078 ﬁlii
708 2022 829 2064 sunt
881 2026 1122 2082 nequam.
1192 2009 1444 2066 Inimicus
1492 2021 1662 2066 autent
1710 2010 1801 2083 qui

217 2103 458 2158 seminavit
495 2121 585 2171 ea,
627 2113 703 2159 est
741 2104 1002 2160 diabolus.
1044 2104 1232 2162 Messis
1259 2124 1396 2175 rero,
1428 2106 1797 2161 consummatio

218 2196 369 2253 seculi
394 2208 488 2253 est.
522 2196 784 2254 Messores
805 2208 976 2254 autem
992 2200 1175 2272 Angeli
1197 2212 1338 2254 sunt.
1371 2200 1655 2272 Sicutcrgo
1685 2200 1795 2254 col-

218 2291 425 2361 liguntur
445 2291 680 2359 zizania,
717 2303 767 2346 et
799 2292 910 2364 igni
935 2292 1341 2347 comburuntur:
1365 2293 1438 2346 sic
1462 2294 1557 2346 erit
1588 2294 1641 2346 in
1668 2309 1791 2348 con-

217 2384 539 2440 summatione
565 2384 769 2441 seaculi.
798 2382 970 2439 Mittet
997 2402 1116 2457 ergo
1142 2383 1189 2439 F
1191 2386 1313 2440 ilius
1335 2384 1555 2441 hominis
1583 2388 1793 2456 angelos

217 2493 337 2547 suos,
364 2485 411 2533 et
439 2476 694 2549 colligant
723 2476 787 2533 de
812 2492 975 2552 regno
999 2481 1111 2551 ejus
1141 2480 1314 2534 omnia
1336 2478 1605 2548 scandala,
1629 2486 1675 2532 et
1706 2495 1791 2533 eos

218 2573 289 2645 qui
326 2571 521 2642 faciunt
587 2573 939 2645 iniquitatem,
977 2581 1027 2628 et
1072 2573 1268 2627 mittent
1316 2589 1402 2627 eos
1440 2576 1492 2627 in
1530 2573 1789 2627 caminum

217 2667 363 2739 ignis,
402 2664 475 2721 ibi
528 2667 631 2721 erit
673 2668 824 2729 ﬂetus
864 2677 911 2721 et
949 2667 1144 2721 stridor
1194 2667 1443 2722 dentium.
1498 2668 1789 2738 Pel'SllIClte

216 2761 436 2830 exposuit
462 2760 615 2831 quod
644 2775 775 2832 ager
807 2761 1042 2817 mundus
1078 2762 1150 2816 sit
1179 2780 1189 2816 :
1216 2771 1387 2827 sator,
1419 2760 1587 2817 Filius
1621 2760 1795 2817 homi—

218 2853 316 2921 nis;
359 2852 567 2909 bonum
617 2867 847 2921 semen,
890 2853 988 2910 lilii
1027 2856 1212 2927 regni;
1254 2855 1494 2921 zizuttia,
1534 2855 1630 2910 filii
1675 2871 1793 2925 pes-

217 2948 350 3016 simi;
379 2949 720 3009 zizaniorum
762 2962 932 3019 sator,
972 2952 1250 3019 diabolus;
1284 2954 1505 3018 messis,
1537 2967 1793 3008 consum-

225 3043 370 3098 matio
405 3044 633 3113 mundi;
678 3060 990 3115 messores,
1038 3044 1238 3117 angeli.
1290 3040 1481 3100 Omnia
1538 3044 1789 3099 scandala

226 3135 511 3193 referuntur
556 3137 623 3193 ad
664 3138 904 3207 zizania;
939 3137 1073 3210 justi
1114 3149 1433 3211 rcputantur
1457 3138 1510 3194 in
1542 3139 1682 3195 ﬁlios
1709 3155 1793 3196 re-

215 3228 308 3299 gni.
345 3228 509 3302 Ergo,
560 3238 622 3287 ut
659 3246 827 3302 supra
867 3230 1001 3299 dixi,
1040 3248 1160 3303 qua:
1200 3232 1445 3303 exposita
1473 3242 1597 3287 sunt
1623 3250 1653 3289 a
1688 3231 1793 3287 Do-

216 3320 363 3391 mino,
383 3322 465 3377 his
490 3322 768 3379 debemus
792 3324 1209 3380 accommodare
1238 3324 1420 3380 ﬁdem.
1452 3326 1583 3391 Quae
1610 3336 1791 3381 autem

218 3412 390 3481 tacita,
427 3424 482 3472 et
521 3426 735 3472 nostra:
772 3416 1149 3490 intelligentia:
1187 3419 1478 3489 derelicta,
1525 3420 1790 3489 perstrin-

216 3505 360 3575 genda
396 3516 525 3564 sunt
569 3508 831 3567 breviter.
863 3510 1128 3568 Homines
1162 3513 1252 3583 qui
1282 3512 1581 3581 dormiunt,
1625 3516 1793 3586 magi-

214 3609 335 3656 stros
390 3601 768 3659 Ecclesiarum
809 3604 1073 3679 intellige.
1112 3607 1309 3664 Servos
1347 3609 1789 3679 patrisfamilias,

217 3707 274 3747 ne
295 3692 419 3752 alios
446 3698 697 3768 accipias
729 3714 891 3769 quam
920 3700 1165 3772 angelos,
1198 3701 1289 3773 qui
1319 3702 1566 3774 quotidie
1605 3703 1792 3760 vident

216 3783 379 3843 {aciem
405 3787 597 3847 Patris
628 3788 846 3863 (Matth.
870 3794 1050 3865 xvm).
1076 3792 1520 3851 Diabolusautem
1542 3805 1790 3866 propter-

216 3893 265 3933 ea
292 3879 549 3949 inimicus
591 3881 760 3940 homo
784 3884 1118 3958 appellatur;
1162 3887 1283 3959 quia
1316 3888 1457 3943 Deus
1494 3904 1616 3944 esse
1647 3887 1791 3945 desio

215 3971 298 4030 rit.
322 3974 385 4032 Et
410 3976 462 4033 in
495 3991 653 4033 nouo
682 3977 895 4050 psalmo
916 3980 1178 4050 scriptum
1205 3992 1285 4036 est
1309 3980 1378 4036 de
1405 3996 1508 4037 eo:
1534 3980 1787 4054 Exsurge,

215 4063 428 4136 Domine,
460 4086 571 4125 non
601 4074 927 4138 confortatur
957 4071 1110 4127 homo
1145 4072 1317 4144 (Psal.
1343 4090 1419 4141 Ix,
1447 4074 1561 4143 ‘20).
1588 4074 1789 4142 Quam-

215 4155 379 4215 obrem
417 4175 529 4217 non
570 4160 832 4230 dormiat,
873 4163 965 4234 qui
1018 4162 1278 4221 Ecclesia:
1318 4169 1642 4238 praepositus
1680 4180 1784 4236 εει,

216 4265 276 4309 ne
307 4270 399 4327 per
434 4256 587 4314 illius
627 4258 1010 4332 negligentiam
1053 4261 1302 4317 inimicus
1342 4261 1506 4318 homo
1536 4278 1788 4334 superse—

215 4345 360 4404 minet
381 4349 617 4415 zizania,
649 4348 755 4408 hoc
780 4360 885 4424 est,
919 4350 1303 4410 haereticorum
1333 4356 1605 4425 dOgmata.
1630 4356 1784 4425 Quod

214 4448 368 4496 autem
397 4443 633 4501 dicitur:
662 4443 746 4501 Ne
767 4448 900 4515 {orte
929 4446 1226 4520 colligentes
1248 4448 1467 4517 zizania,
1511 4450 1785 4508 eradicetis

214 4530 349 4590 simul
390 4546 439 4593 et
486 4542 850 4610 frumentum,
900 4539 1061 4596 datttr
1107 4542 1259 4597 locus
1305 4544 1679 4613 poenitentiae,
1728 4555 1784 4601 et

213 4642 473 4689 monemur
504 4650 576 4692 ne
629 4635 742 4691 cito
787 4647 1132 4708 amputemus
1180 4638 1405 4695 fratrem
1442 4658 1455 4694 :
1498 4640 1621 4711 quia
1670 4639 1784 4696 ﬁeri

215 4732 400 4796 potest,
452 4738 512 4783 ut
538 4726 636 4785 ille
663 4727 754 4800 qui
804 4728 969 4787 hodie
1001 4733 1168 4788 noxio
1195 4732 1524 4804 depravatus
1563 4742 1647 4790 est
1689 4733 1786 4790 do-

212 4829 391 4889 gmate,
421 4836 545 4877 cras
574 4824 864 4894 resipiscat
901 4834 957 4881 et
985 4826 1284 4884 defendere
1333 4828 1555 4900 incipiat
1584 4829 1785 4885 verita-

215 4916 323 4966 tem.
349 4912 480 4972 Illud
502 4931 723 4989 quoque
749 4917 893 4990 quod
916 4921 1202 4991 sequitur:
1229 4922 1400 4977 Sinite
1428 4932 1645 4996 utraque
1666 4940 1782 4979 cre-

212 5018 333 5059 scere
365 5024 524 5080 usque
558 5010 632 5064 ad
669 5026 885 5067 messem
928 5012 1127 5084 (Deut.
1158 5030 1275 5085 xttt,
1325 5015 1424 5089 5),
1458 5017 1667 5074 videtur
1699 5020 1783 5077 illi

213 5106 464 5170 przecepto
503 5116 628 5158 esse
664 5104 998 5159 contrarium
1026 5104 1274 5177 :Auferte
1304 5108 1495 5161 malum
1526 5108 1591 5163 de
1614 5110 1781 5166 medio

213 5201 408 5251 rutrum
451 5194 630 5270 (Isai.
682 5198 747 5269 t);
781 5208 837 5255 et
862 5214 1202 5272 nequaquam
1224 5201 1548 5258 societatem
1581 5204 1785 5260 habens

274 5343 298 5371 ⁸
323 5334 435 5393 Duo
460 5352 492 5394 e
514 5337 725 5395 nostris
751 5352 912 5403 mss.,
935 5339 1026 5396 sed
1050 5342 1187 5411 quod
1207 5358 1346 5397 more
1367 5345 1635 5398 servantis.
1662 5345 1783 5402 Cte-

219 5410 375 5484 [erum
404 5411 653 5484 proxima
697 5412 953 5484 superior
983 5410 1094 5467 tota
1121 5413 1393 5484 expositio
1437 5431 1502 5470 cx
1532 5416 1782 5481 Origcnis

215 5474 599 5558 Commentario
623 5483 679 5558 in
704 5474 852 5537 bu'nc
874 5482 1056 5558 locum
1088 5474 1374 5558 desumpta
1406 5496 1521 5540 est:
1564 5474 1781 5543 Videtur

216 5548 325 5628 inihi
348 5554 628 5629 secundum
658 5553 768 5609 han:
798 5548 1357 5629 ager‘illeAScriptn'ra
1412 5574 1539 5626 esse,
1582 5560 1779 5614 consita

215 5625 269 5672 iis
302 5638 409 5703 quae
448 5625 723 5698 perspicua
760 5633 897 5703 sunt
924 5626 975 5680 in
1016 5625 1247 5703 historia:
1276 5629 1440 5703 uerbis
1463 5625 1530 5683 et,
1552 5629 1703 5703 chis
1732 5638 1779 5687 et

215 5694 578 5773 prophetarum,
621 5708 671 5753 et
709 5695 923 5773 reliquis
947 5694 1706 5773 sententiis.ACopiosaﬂquippc
1725 5713 1779 5759 et

215 5768 339 5817 saria
361 5768 495 5840 ratio
540 5779 610 5823 est
653 5769 810 5822 totius
840 5768 1129 5840 Scriptura:
1158 5768 1441 5827 verborum.
1481 5768 1778 5829 Thesa'urus

215 5844 369 5892 antem
390 5838 443 5894 in
470 5856 598 5917 agro
623 5838 971 5899 absconditus
1008 5845 1200 5902 occulti
1224 5853 1367 5916 sunt,
1395 5855 1440 5901 et
1462 5844 1552 5907 sub
1581 5848 1780 5924 perspi-

1906 513 2139 570 adulteri
2170 525 2226 571 et
2254 515 2635 572 fornicatores.
2676 514 2733 572 Si
2764 515 2910 573 enim
2955 516 3286 587 prohibetur
3323 517 3505 574 eradi-

1905 607 2076 673 catio,
2125 615 2180 664 et
2212 622 2382 679 usque
2411 608 2478 664 ad
2515 624 2750 665 messem
2799 609 3033 665 tenenda
3079 620 3164 666 est
3209 609 3499 683 patientia,

1904 700 2182 772 quomodo
2209 701 2467 770 ejiciendi
2496 711 2622 758 stmt
2658 702 2875 774 quidam
2903 703 2973 760 de
3005 703 3187 759 medio
3214 703 3506 760 nostrum?

1907 794 2054 850 Inter
2085 794 2323 851 triticum
2355 804 2410 851 et
2450 796 2680 865 zizania,
2727 797 2871 868 quod
2921 811 3019 854 nos
3049 798 3385 869 appellamus
3425 798 3504 855 lo-

1903 889 2053 956 tium,
2088 887 2350 960 quamdiu
2397 887 2562 944 herba
2608 897 2715 957 est,
2756 899 2811 946 et
2841 891 3078 945 nondum
3110 889 3323 946 culmus
3353 889 3504 947 venit

1899 982 1965 1038 ad
1995 983 2228 1054 spicam,
2253 980 2478 1053 grandis
2510 981 2810 1038 similitudo
2833 990 2940 1049 est,
2972 993 3026 1038 et
3056 984 3107 1037 in
3133 982 3498 1039 discernenda

1905 1086 1997 1132 aut
2029 1075 2199 1143 nulla,
2231 1085 2323 1131 aut
2349 1075 2687 1147 perdifﬁcilis
2712 1075 2968 1132 distantia
2999 1075 3109 1151 [ΑΙ.
3149 1075 3496 1153 substantia].

1900 1170 2208 1227 Prmmonet
2258 1185 2390 1242 ergo
2421 1170 2707 1239 Dominus,
2757 1185 2825 1226 ne
2866 1168 2956 1226 ubi
3004 1169 3134 1241 quid
3185 1170 3497 1243 ambiguum

1900 1277 2005 1333 est,
2057 1266 2168 1320 cito
2219 1265 2545 1321 sententiam
2597 1262 2975 1334 proferamus;
3019 1263 3116 1321 sed
3157 1263 3277 1321 Deo
3308 1263 3505 1335 judicii

1902 1358 2191 1415 terminum
2222 1373 2570 1415 reservemus
2610 1374 2623 1411 :
2668 1366 2725 1413 ut
2749 1372 2871 1414 cum
2903 1357 3021 1413 dies
3044 1355 3235 1428 judicii
3259 1358 3494 1428 venerit,

1902 1454 1993 1510 ille
2024 1470 2129 1509 non
2164 1451 2533 1525 suSpicionem
2571 1450 2837 1519 criminis,
2870 1451 2964 1507 sed
3000 1452 3345 1508 manifestum
3377 1466 3501 1508 rea-

1902 1558 2015 1604 tum
2045 1547 2114 1604 de
2155 1557 2470 1604 sanctorum
2501 1555 2648 1603 cmtu
2676 1543 2880 1618 eiiciat.
2929 1544 3085 1614 Quod
3130 1551 3310 1601 autem
3339 1543 3497 1613 dixit,

1901 1641 2234 1696 zizaniorum
2263 1637 2554 1695 fasciculos
2582 1637 2797 1710 ignibus
2825 1637 2989 1707 tradi,
3021 1646 3077 1692 et
3107 1636 3343 1693 triticum
3372 1654 3501 1693 ccu-

1901 1845 2007 1900 que
2054 1837 2109 1884 et
2159 1828 2473 1901 hypocritas
2516 1826 2642 1883 ﬁdei
2690 1824 2953 1897 gehennm
3000 1824 3216 1895 ignibus
3263 1838 3492 1881 concre-

1904 1922 2165 1988 mundos;
2223 1930 2442 1977 sanctos
2503 1935 2637 1976 vero
2688 1918 2780 1991 qui
2838 1917 3189 1989 appellantur
3234 1919 3495 1987 triticum,

1904 2017 2139 2082 ItOI‘l‘Ci“,
2175 2017 2225 2071 id
2255 2025 2363 2084 est,
2393 2015 2769 2070 mansionibus
2800 2012 3114 2069 coelestibus
3143 2011 3367 2082 suscipi.

1973 2112 2155 2182 (Vers.
2188 2110 2305 2182 45.)
2344 2110 2490 2165 Tunc
2508 2111 2644 2182 justi
2683 2107 2955 2181 fulgebunt
2984 2109 3115 2162 sicut
3144 2106 3222 2162 sol
3252 2108 3304 2162 in
3338 2124 3498 2180 regno

1902 2201 2083 2257 Patris
2113 2218 2288 2257 eorum
2316 2201 2431 2274 [ΑΙ.
2460 2202 2587 2275 sui].
2618 2202 2724 2270 Qui
2744 2201 2897 2256 habet
2925 2217 3081 2255 aures
3104 2200 3375 2265 audiendi,
3402 2217 3498 2256 att-

1901 2298 2023 2351 diat.
2088 2296 2146 2352 In
2194 2297 2450 2368 praesenti
2490 2298 2692 2353 smculo
2724 2294 2896 2365 fulget
2939 2293 3030 2349 lux
3058 2304 3371 2349 sanctorum
3402 2308 3498 2350 co-

1898 2407 2013 2446 ram
2033 2389 2345 2446 hominibus
2368 2409 2381 2457 ;
2415 2402 2535 2461 post
2556 2389 3084 2445 consummationem
3107 2397 3288 2443 autem
3310 2386 3499 2443 mundi

1898 2486 2001 2557 ipsi
2024 2485 2157 2555 justi
2185 2484 2468 2556 fulgebunt
2498 2484 2639 2540 sicut
2666 2483 2749 2540 sol
2778 2482 2830 2539 in
2855 2498 3026 2555 regno
3055 2481 3232 2537 Patris
3261 2482 3367 2537 sui.

1975 2578 2158 2653 (Vers.
2193 2579 2312 2651 44.)
2347 2577 2530 2635 Simile
2579 2585 2653 2633 est
2698 2593 2915 2651 regnum
2963 2574 3207 2630 caelorum
3255 2574 3500 2633 thesauro

1899 2673 2203 2729 abscondito
2228 2674 2283 2727 in
2313 2688 2463 2744 agro,
2493 2687 2645 2743 quem
2674 2671 2763 2742 qui
2786 2670 2977 2724 invenit
3003 2652 3159 2723 homo
3187 2667 3498 2723 abscondit:

1894 2779 1942 2824 et
1972 2785 2080 2837 pra:
2108 2766 2303 2840 gaudio
2330 2766 2475 2822 illius
2499 2766 2661 2833 vadit,
2709 2775 2757 2820 et
2802 2764 2976 2819 vendit
3005 2763 3245 2819 universa
3267 2781 3381 2837 qua:
3400 2764 3495 2818 ha-

1896 2863 1995 2931 bet,
2022 2874 2067 2917 ct
2094 2863 2212 2917 imit
2240 2880 2423 2935 agrum
2447 2859 2859 2916 illnm.Crebt‘is
2886 2858 3264 2929 parabolarum
3291 2859 3489 2913 obscu-

1894 2958 2146 3014 ritatibus
2201 2954 2485 3021 retardati,
2543 2951 2922 3008 commaticam
2981 2949 3491 3021 interpretationem

1896 3050 2231 3117 excedimus,
2260 3060 2318 3104 ut
2356 3063 2529 3119 prope
2561 3047 2629 3102 de
2659 3047 2767 3102 alio
2798 3042 3265 3114 interpretationis
3295 3057 3497 3115 genere

1896 3146 1961 3202 ad
2005 3144 2150 3201 aliud
2204 3146 2471 3200 transisse
2503 3142 2808 3198 videamur.
2848 3138 3156 3196 Tltesaurus
3184 3139 3284 3195 iste
3308 3138 3360 3194 in
3392 3152 3499 3209 quo

1896 3250 2023 3295 sunt
2053 3252 2242 3294 omnes
2284 3236 2519 3292 thesauri
2562 3234 2847 3308 sapientiae
2881 3240 2938 3288 et
2977 3231 3221 3287 scientiae
3265 3231 3495 3287 abscon—

1898 3334 2017 3401 diti,
2051 3344 2142 3387 aut
2171 3332 2311 3387 Deus
2338 3329 2574 3385 Verbum
2592 3335 2697 3394 est,
2729 3327 2819 3398 qui
2844 3327 2895 3380 in
2925 3339 3095 3381 carne
3119 3322 3320 3381 Christi
3349 3322 3497 3379 vide-

1897 3440 1984 3484 tur
2014 3427 2365 3484 absconditus
2395 3421 2622 3498 (Coloss.
2668 3420 2761 3494 ιι),
2813 3430 2906 3475 aut
2937 3429 3137 3475 sanctae
3168 3417 3491 3487 Scriptum,

1896 3524 1952 3577 in
1985 3520 2185 3592 quibus
2218 3518 2456 3589 reposita
2489 3526 2570 3571 est
2604 3515 2794 3571 notitia
2814 3513 3146 3568 Salvatoris:
3177 3527 3336 3584 queui
3368 3526 3491 3570 cum

1896 3615 2020 3685 quis
2045 3613 2096 3668 in
2127 3611 2207 3668 cis
2230 3610 2531 3677 invenerit,
2561 3607 2723 3664 debet
2744 3605 2923 3663 omnia
2948 3605 3108 3660 istius
3132 3603 3316 3660 mundi
3341 3618 3496 3659 emo—

1899 3709 2137 3764 lumenta
2169 3716 2545 3771 contemnere,
2592 3711 2649 3757 ut
2697 3701 2848 3756 illum
2883 3700 3059 3769 possit
3100 3698 3301 3755 habere
3329 3713 3490 3769 quem

1896 3800 2119 3873 reperit.
2152 3798 2306 3869 Quod
2339 3804 2521 3854 autem
2567 3795 2818 3867 sequitur
2846 3811 2861 3851 :
2899 3792 3064 3860 Quem
3092 3808 3207 3849 cum
3243 3791 3491 3846 invenerit

1895 3894 2049 3950 homo
2068 3893 2182 3966 98
2203 3889 2470 3945 abscondit
2505 3905 2524 3944 :
2553 3887 2759 3943 idcirco
2794 3884 3000 3939 dicitur
3020 3926 3034 3948 ,
3079 3898 3184 3937 non
3209 3882 3354 3953 quod
3386 3882 3491 3939 hoc

1896 3988 1964 4043 de
1994 3986 2191 4042 invidia
2220 3983 2405 4047 iaciat,
2435 3980 2531 4038 sed
2557 3978 2701 4054 quod
2726 3987 2750 4016 α
2772 3976 2969 4033 timore
3000 3973 3290 4041 servantis,
3317 3984 3369 4029 et
3396 3987 3491 4029 no-

1894 4079 2053 4137 lentis
2084 4078 2336 4150 perdere,
2370 4075 2674 4131 abscmtdat
2704 4072 2755 4127 in
2778 4064 2947 4128 corde
2974 4084 3094 4137 suo,
3121 4083 3282 4143 quem
3313 4065 3495 4139 pristi.

1891 4176 1975 4232 nis
2006 4174 2245 4245 praetulit
2276 4171 2644 4227 facultatibus.

1963 4268 2142 4345 (Vers.
2174 4268 2267 4335 45,
2290 4263 2410 4338 46.)
2444 4262 2648 4349 Iterum
2685 4262 2855 4317 simile
2879 4269 2953 4315 est
2999 4275 3214 4331 regnum
3242 4257 3489 4312 caelorum

1890 4364 2090 4419 homini
2138 4360 2471 4434 negotiatori,
2521 4356 2775 4429 quierenti
2829 4353 2989 4409 bonas
3028 4352 3364 4427 margaritas.
3393 4349 3490 4406 In-

1890 4467 2038 4511 uenta
2063 4465 2237 4509 autem
2266 4470 2370 4507 una
2404 4451 2631 4524 pretiosa
2681 4447 2791 4525 [AL
2834 4443 3230 4520 pretiosissima]
3279 4461 3488 4516 marga-

1810 4516 1864 4577 Β
1890 4555 2012 4617 rita,
2042 4551 2166 4605 abiit
2206 4558 2251 4605 et
2283 4516 2519 4603 uendidit
2555 4516 2727 4600 omnia
2757 4559 2876 4617 quia
2903 4541 3106 4609 habuit,
3128 4551 3176 4595 et
3200 4541 3323 4597 emit
3348 4557 3484 4596 eam.

1894 4646 2033 4702 Aliis
2071 4644 2255 4701 verbis
2282 4642 2516 4714 idipsum
2542 4640 2685 4712 quod
2710 4652 2874 4710 supra
2905 4636 3128 4694 dicitur.
3163 4635 3324 4690 Bome
3346 4649 3489 4690 mar-

1888 4741 2103 4815 garitae,
2137 4753 2272 4809 quas
2299 4735 2499 4809 quaerit
2526 4735 2770 4801 institor,
2806 4732 2915 4787 Lex
2946 4740 2999 4786 et
3024 4729 3309 4801 propheta:
3337 4737 3487 4784 sunt.

1889 4832 2031 4891 Audi
2058 4874 2072 4899 ,
2103 4831 2367 4897 Marcion;
2409 4827 2557 4895 audi,
2590 4824 2888 4882 Manichaee
2920 4843 2935 4878 ;
2969 4823 3125 4879 bonae
3181 4822 3489 4893 margaritae

1889 4933 2020 4983 sunt
2040 4924 2149 4981 Lex
2179 4933 2233 4981 et
2262 4920 2569 4995 prophetae,
2589 4927 2645 4974 et
2674 4902 2865 4973 notitia
2887 4916 3088 4972 veteris
3112 4914 3484 4970 Instrumenti.

1891 5019 2070 5077 Unutn
2126 4992 2306 5074 autem
2367 4992 2458 5072 est
2498 5012 2525 5053 δ
2564 4992 3034 5084 pretiosissimum
3088 5009 3482 5080 margaritum,

1891 5112 2117 5170 scientia
2150 5110 2480 5177 Salvatoris,
2506 5118 2561 5163 et
2588 5116 2993 5162 sacramentum
3019 5104 3283 5174 passionis
3313 5102 3480 5169 illius,

1892 5219 1950 5268 et
2006 5192 2428 5265 resurrectionis
2479 5217 2761 5260 arcanum.
2823 5199 2976 5271 Quod
3027 5214 3149 5254 cum
3219 5197 3487 5253 invenerit

1890 5351 2000 5403 cnis
2045 5348 2208 5404 verbis
2246 5345 2472 5401 abstrusi
2511 5360 2689 5400 sensus
2738 5342 3010 5415 sapientia:
3050 5336 3395 5394 delitescentis
3426 5336 3482 5390 in

1886 5422 2130 5496 mysterio
2161 5429 2208 5475 et
2228 5419 2455 5475 Christo.
2516 5485 2548 5496 Α
2590 5488 2602 5496 _
2774 5485 2835 5496 η,

1960 5479 1985 5531 Ῑ)
2019 5493 2145 5549 Haec
2173 5506 2394 5560 quoque
2424 5505 2489 5544 ex
2511 5485 2745 5555 Origene
2774 5479 3350 5560 Hieronymushljcrme
3378 5480 3479 5536 de-

1888 5563 2126 5634 srripsit,
2156 5550 2273 5632 qui:
2304 5550 2495 5634 Latine
2526 5550 2753 5634 satis_sit
2781 5550 3044 5634 recitasse
3080 5573 3093 5609 :
3129 5550 3237 5605 Illa
3259 5561 3330 5606 cst
3360 5569 3479 5625 pre-

1888 5626 2021 5690 tiosa
2045 5626 2325 5706 margarita
2350 5631 2609 5699 Christus,
2658 5630 2750 5706 Dei
2812 5626 3049 5706 Verbum,
3075 5640 3328 5706 superans
3360 5640 3478 5693 pre-

1888 5708 2047 5761 tiosas
2078 5698 2381 5778 Scripturas
2413 5714 2459 5759 et
2489 5720 2668 5778 sensus
2698 5700 2850 5778 {tegis
2874 5715 2935 5778 ac
2964 5698 3355 5778 prophetarum,
3376 5711 3476 5759 quo

1886 5788 2110 5853 reperto,
2141 5770 2340 5857 reliqua
2379 5774 2558 5857 militia
2603 5770 3103 5857 facilefcupiuntur,
3156 5777 3212 5829 et
3255 5776 3478 5839 Cat-tem,

1891 5845 2011 5923 qua:
2036 5862 2146 5910 tute
2164 5845 2280 5925 ipse
2309 5845 2671 5907 consulueris.
