4004 6332
467 289 539 348 95
1711 297 1773 356 S.
1816 294 2089 358 EUSEBII
2127 289 2514 348 HIERONYMI
3694 283 3772 345 96

468 405 640 463 homo
668 409 1002 480 negotiator,
1034 413 1234 469 similis
1261 413 1413 470 Pauli
1441 414 1695 482 apostoli,
1723 416 1906 472 omnia
1934 413 2066 486 legis

2181 408 2330 461 trium
2358 406 2476 481 |Al.
2512 407 2724 481 terram]
2780 424 2951 473 suam,
3003 404 3217 461 docebat
3265 421 3354 462 eos
3396 409 3449 460 in
3501 421 3766 478 synagoga

469 499 975 575 prophetarumque
1006 510 1289 578 mysteria,
1341 514 1398 562 et
1424 507 1844 565 observationes
1872 508 2064 579 pristi-

469 610 592 663 nas,
624 598 677 651 in
708 597 911 669 quibus
941 600 1215 670 inculpate
1240 602 1470 670 vixerat,
1502 604 1654 673 quasi
1712 612 2065 674 purgamenta

466 691 771 747 contemnit
817 703 873 748 et
925 694 1272 765 quisquilias,
1325 706 1388 752 ut
1438 697 1714 753 Christum
1765 697 2068 753 lucrifaciat

474 778 741 856 (Philipp.
780 784 887 856 tu).
933 784 1050 841 Non
1094 802 1202 857 quo
1252 788 1496 844 inventio
1551 804 1706 845 nova:
1754 792 2067 860 margarita:

472 873 862 931 condemnatio
914 878 985 933 sit
1033 889 1278 935 veterum
1329 882 1795 952 margaritarum:
1835 880 1930 938 sed
1960 896 2070 952 quo

471 967 886 1035 comparatione
915 968 1035 1039 ejus
1066 972 1245 1026 omnis
1271 972 1375 1027 alia
1401 988 1615 1044 gemma
1643 974 1804 1030 vilior
1832 975 1922 1029 sit.

544 1057 725 1129 (Vers.
754 1059 825 1115 47
850 1061 1031 1133 seqq.)
1058 1061 1258 1118 lterum
1287 1066 1457 1120 simile
1476 1075 1549 1122 est
1574 1082 1792 1136 regnum
1815 1067 2065 1122 caelorum

471 1168 676 1224 sugente
704 1155 877 1210 missae
909 1165 963 1211 tn
996 1174 1160 1226 mare,
1182 1168 1231 1214 et
1258 1175 1324 1214 ea:
1345 1162 1482 1215 omni
1502 1177 1689 1233 genere
1705 1162 1926 1230 piscium
1950 1178 2069 1216 con-

472 1248 729 1317 greganti.
762 1247 932 1315 Quam
962 1265 1077 1303 cum
1100 1250 1314 1321 impleta
1344 1263 1496 1317 esset,
1530 1253 1825 1322 educentes,
1851 1264 1902 1307 et
1924 1270 2073 1308 secus

469 1334 617 1391 littus
634 1339 890 1408 sedentes,
916 1342 1181 1415 elegerunt
1206 1343 1367 1399 bonos
1386 1345 1440 1400 in
1463 1360 1587 1401 vasa
1605 1354 1665 1412 ις
1696 1347 1866 1401 malos
1894 1356 2070 1401 autem

468 1431 613 1499 foras
660 1433 913 1488 miserunt
953 1450 971 1488 :
1019 1434 1112 1491 Sic
1153 1437 1247 1491 erit
1290 1437 1347 1491 in
1390 1442 1832 1494 consummatione
1864 1442 2066 1507 swculi,

2174 516 2373 566 eorum,
2404 502 2478 553 ita
2501 511 2558 554 ut
2585 502 2899 558 mirarentur
2924 507 2970 555 et
3006 500 3257 555 dicerent.
3279 497 3412 555 Post
3442 500 3728 570 parabolas
3745 543 3763 570 ,

2173 607 2310 663 quas
2334 593 2547 649 locutus
2580 594 2753 650 estad
2787 595 3073 664 ροιιυιυιη,
3110 602 3167 650 et
3198 608 3331 662 quas
3379 594 3478 649 soli
3531 593 3769 665 apestoli

2175 684 2505 755 intelligunt,
2544 687 2742 742 transit
2775 687 2828 740 in
2861 686 3092 756 patriam
3121 700 3300 755 suam,
3328 694 3388 740 ut
3419 686 3491 741 ibi
3522 687 3769 758 apertius

2174 776 2387 832 doceat.

2251 869 2401 925 Unde
2428 872 2550 924 huic
2576 870 2833 941 sapientia
2865 869 2997 938 haec,
3022 879 3069 925 et
3099 871 3353 926 virtutes?
3377 869 3511 926 Mira
3537 869 3770 927 stultitia

2171 962 2598 1019 Nazara-norum
2632 982 2645 1018 :
2676 966 2942 1019 mirantur
2984 963 3129 1019 unde
3185 963 3384 1019 habeat
3439 962 3768 1033 sapientiam

2166 1057 2460 1126 sapientia,
2475 1068 2529 1113 et
2546 1058 2772 1114 virtutes
2786 1058 2962 1112 virtus
2977 1074 2993 1123 ;
3010 1056 3107 1113 sed
3128 1072 3284 1113 error
3304 1057 3357 1112 in
3381 1068 3633 1129 promptu
3654 1065 3768 1121 est,

2176 1151 2321 1220 quod
2354 1148 2492 1206 fabri
2523 1150 2689 1205 lilium
2715 1151 3083 1221 suspicantur.

2246 1246 2428 1318 (Vers.
2464 1247 2556 1313 55,
2588 1246 2706 1319 56.)
2744 1246 2934 1301 Nonne
2973 1247 3057 1300 hic
3087 1257 3160 1301 est
3192 1246 3329 1317 fabri
3368 1246 3554 1315 ﬁlius?
3600 1265 3773 1302 nonne

2171 1347 2333 1392 mater
2370 1342 2481 1412 ejus
2528 1339 2723 1393 dicitur
2770 1338 2990 1408 Maria,‘,
3010 1347 3056 1393 et
3098 1341 3291 1411 fratres
3316 1341 3432 1411 ejus
3466 1338 3693 1394 Iacobus
3721 1347 3772 1394 et

2174 1431 2372 1500 Joseph
2400 1444 2447 1488 et
2469 1434 2649 1487 Simon
2669 1443 2717 1487 et
2739 1433 2907 1487 Judas
2922 1435 2945 1487 ?
2963 1442 3010 1487 et
3031 1449 3235 1487 sorores
3260 1437 3372 1506 ejus
3397 1451 3565 1489 nonne
3589 1450 3772 1490 omnes

468 1522 681 1577 exibunt
725 1528 931 1598 angeli,
977 1538 1024 1583 et
1053 1530 1368 1599 separabunt
1396 1532 1566 1586 malos
1596 1533 1662 1588 de
1691 1534 1863 1588 medio
1898 1536 2075 1607 justo-
2171 1525 2318 1592 apud
2343 1540 2436 1577 ηοδ
2466 1524 2630 1578 81ml?
2668 1523 2818 1578 Unde
2843 1540 2964 1597 “'90
3002 1524 3124 1578 huic
3151 1526 3325 1579 οηυιὶα
3348 1526 3485 1580 ista?
3525 1524 3593 1578 El
3618 1543 3774 1581 δεαη·

465 1632 605 1682 rum,
630 1628 681 1674 et
708 1620 913 1675 mittent
934 1638 1020 1675 eos
1048 1624 1100 1677 in
1132 1624 1390 1679 caminum
1418 1626 1574 1698 ignis,
1619 1626 1688 1680 ibi
1712 1627 1809 1681 erit
1834 1630 1987 1698 fletus
2022 1637 2068 1683 et

2175 1617 2544 1673 dalizabantur
2592 1618 2647 1671 in
2678 1634 2756 1671 eo.
2797 1616 2969 1672 Error
3014 1618 3327 1674 Judaeorum
3374 1618 3520 1674 salus
3578 1627 3772 1675 nostra

467 1708 666 1762 stridor
689 1709 943 1766 dentium.
968 1711 1199 1782 Impleto
1218 1712 1475 1771 Jeremiaa
1489 1716 1766 1781 vaticinia,
1790 1716 2022 1773 dicentis
2049 1736 2059 1771 :
2095 1732 2144 1794 Β
2172 1722 2278 1780 est,
2300 1720 2356 1768 et
2373 1713 2748 1768 haereticorum
2768 1712 3172 1767 condemnatio.
3188 1710 3458 1768 Intantum
3481 1714 3622 1768 enim
3643 1728 3774 1768 cer-

466 1797 603 1853 Ecce
631 1816 724 1872 ego
757 1803 957 1857 mittam
984 1806 1054 1859 ad
1081 1821 1168 1861 ros
1193 1806 1475 1879 piscatores
1505 1808 1697 1863 multos
1732 1808 1927 1881 (Jerem
1950 1825 2058 1876 xw,

466 1890 557 1963 16)
594 1911 608 1948 :
642 1903 926 1965 postquam
958 1898 1256 1955 audierunt
1284 1900 1481 1956 Petrus
1510 1911 1565 1958 et
1601 1902 1867 1968 Andreas,
1900 1902 2066 1959 Jaco-

468 1985 572 2041 bus
596 1996 653 2043 et
690 1987 954 2057 Joannes,
981 1991 1074 2047 lilii
1098 1993 1347 2050 Zebedaai
1382 2012 1395 2049 :
1431 1995 1722 2067 Sequimini
1767 2013 1868 2064 me,
1901 2006 1950 2050 et
1978 1998 2065 2068 fa-

470 2077 606 2133 ciam
637 2096 724 2135 vos
750 2083 1038 2154 piscatores
1051 2086 1318 2142 hominum
1339 2085 1518 2160 (Matt.
1549 2104 1622 2154 tv,
1649 2087 2070 2160 l9),contexue-

467 2179 599 2226 runt
643 2173 748 2229 sibi
794 2190 860 2231 ex
912 2177 1089 2233 veteri
1133 2188 1189 2235 et
1247 2194 1390 2236 novo
1435 2189 1769 2237 testamento
1809 2198 2063 2252 sagenam

474 2262 500 2302 ι)
516 2264 970 2336 Evangelieorum
986 2269 1298 2342 dogmatum
1318 2290 1334 2339 ;
1357 2282 1410 2329 et
1434 2275 1701 2331 miserunt
1714 2290 1832 2330 eam
1847 2276 1899 2331 in
1916 2292 2067 2335 mare

396 2360 409 2369 '
469 2354 634 2435 huius
665 2361 850 2415 surculi
888 2380 900 2416 :
933 2378 1053 2433 quas
1104 2378 1280 2436 usque
1304 2363 1470 2422 hodie
1501 2366 1553 2421 in
1585 2367 1777 2422 mediis
1810 2366 2066 2426 ﬂuctibus

472 2450 738 2521 tenditur,
796 2455 1017 2525 rapiens
1074 2457 1142 2513 de
1185 2458 1345 2514 salsis
1402 2468 1459 2514 et
1505 2460 1709 2515 amaris
1756 2462 2067 2531 gurgitibus

467 2541 725 2614 quidquid
761 2544 1037 2615 inciderit,
1072 2547 1125 2602 id
1147 2556 1251 2616 est,
1283 2557 1339 2605 et
1363 2549 1540 2606 bonos
1565 2551 1814 2606 homines
1852 2562 1906 2607 et
1952 2568 2067 2608 ma-

475 2634 581 2700 los,
613 2642 669 2690 et
693 2636 804 2708 99
835 2638 1071 2707 optimos
1102 2639 1280 2710 pisces
1306 2649 1363 2697 et
1389 2641 1679 2712 pessimos.
1712 2642 1847 2697 Cum
1885 2653 2066 2700 autem

471 2729 679 2783 venerit
722 2732 1121 2787 consummatio
1161 2741 1217 2788 et
1257 2732 1381 2788 linis
1431 2733 1641 2799 mundi,
1674 2742 1734 2788 ut
1768 2735 1885 2805 ipse
1930 2736 2069 2791 infra

472 2822 817 2880 manifestius
852 2826 1100 2893 disserit,
1140 2836 1266 2883 tunc
1296 2843 1493 2898 sagena
1524 2828 1850 2884 extrahetur
1884 2829 1952 2884 ad
1984 2830 2072 2885 lit-

470 2923 558 2972 tus
598 2936 610 2971 :
658 2928 785 2973 tunc
826 2935 1014 2975 verum
1048 2922 1517 2976 secernendorum
1550 2922 1774 2991 piscium
1803 2923 2067 2993 judicium

2169 1804 2371 1859 nebant
2407 1804 2681 1859 hominem
2710 1802 2897 1859 Jesum
2927 1800 3229 1873 Christum,
3265 1813 3322 1857 ut
3348 1802 3486 1859 fabri
3516 1814 3776 1874 putarent

2175 1897 2333 1969 100
2356 1896 2528 1951 lilium
2560 1912 2573 1949 :
2611 1895 2802 1950 Nonne
2828 1896 2910 1948 hic
2939 1906 3013 1949 est
3045 1895 3181 1968 fabri
3212 1896 3401 1965 ﬁlius?
3453 1896 3667 1952 Miraris
3726 1898 3776 1953 si

2169 2000 2351 2044 errent
2386 1990 2438 2044 in
2466 1988 2745 2056 fratribus,
2776 2004 2899 2044 cum
2933 2000 3116 2046 errent
3154 1990 3209 2045 in
3237 1992 3421 2059 patre?
3452 1990 3629 2046 Locus
3666 1992 3776 2047 iste

2171 2081 2386 2151 plenius
2415 2082 2469 2137 in
2501 2082 2818 2152 supradicto
2859 2091 3055 2137 contra
3088 2082 3408 2139 Helvedium
3446 2083 3631 2139 libello
3677 2099 3781 2138 ex.

2178 2177 2387 2246 positus
2416 2183 2521 2233 est.

2252 2269 2434 2343 (Vers.
2464 2272 2581 2341 57.)
2626 2269 2783 2325 Iesus
2830 2282 3003 2327 autem
3054 2272 3187 2328 dixit
3233 2274 3307 2327 eis
3340 2289 3354 2326 :
3390 2272 3511 2328 Non
3535 2283 3607 2329 est
3634 2273 3778 2330 Pro-

2174 2363 2331 2436 pheta
2360 2364 2470 2419 sine
2500 2363 2714 2433 honore,
2747 2365 2848 2419 nisi
2872 2366 2924 2418 in
2950 2368 3124 2435 patria
3150 2382 3245 2420 sua
3280 2374 3329 2420 et
3371 2367 3424 2420 in
3455 2366 3607 2421 domo
3647 2384 3769 2422 sua.

2173 2454 2574 2525 Propemodum
2607 2457 2855 2511 naturale
2895 2469 2978 2513 est
3006 2457 3162 2514 cives
3201 2473 3421 2529 semper
3448 2460 3655 2517 civibus
3687 2462 3777 2516 in-

2174 2547 2387 2603 videre.
2425 2547 2541 2604 Non
2574 2552 2719 2603 enim
2741 2549 3097 2604 considerant
3121 2551 3409 2620 praesentia
3442 2553 3544 2607 viri
3575 2567 3773 2623 Opera,

2172 2642 2266 2696 sed
2290 2642 2492 2713 fragilis
2514 2645 2872 2698 recordautur
2893 2644 3159 2713 infantiae,
3177 2647 3333 2718 quasi
3355 2662 3460 2703 non
3478 2656 3533 2704 et
3551 2649 3648 2719 ipsi
3671 2664 3777 2719 per

2173 2736 2393 2791 eosdem
2414 2745 2634 2792 aetatum
2661 2738 2859 2808 gradus
2879 2738 2946 2794 ad
2978 2751 3242 2796 maturam
3261 2752 3475 2799 aetatem
3493 2745 3772 2800 venerint.

2246 2828 2428 2899 (Vers.
2454 2830 2568 2903 58.)
2594 2829 2663 2884 Et
2684 2848 2795 2887 non
2829 2833 2949 2901 fecit
2996 2833 3069 2887 ibi
3097 2833 3311 2888 virtutes
3332 2835 3520 2890 multas
3552 2847 3775 2906 propter

2172 2916 2585 2970 incredulitatem
2609 2934 2805 2972 eorunt.
2840 2918 2956 2973 Non
2990 2920 3134 2989 quod
3157 2920 3321 2975 etiam
3351 2921 3778 2979 illisiucredulis

472 3007 839 3085 [ALSignum]
879 3013 1366 3082 demonstrabitur,
1420 3024 1474 3069 et
1516 3016 1669 3086 quasi
1728 3015 1781 3070 in
1830 3017 2065 3088 quodam
2094 3046 2141 3110 ρ
2175 3005 2515 3110 facere‘non
2577 3009 2820 3077 potuerit
2871 3009 3109 3065 virtutes
3159 3010 3396 3076 multas;
3455 3010 3551 3067 sed
3622 3013 3777 3083 quod

468 3101 812 3172 quietissimo
839 3113 1019 3175 portu,
1052 3106 1181 3161 boni
1212 3107 1496 3162 mittentur
1525 3108 1576 3162 in
1613 3122 1737 3162 vasa
1760 3109 2067 3164 C(elestiutu

479 3196 821 3252 mansionum
857 3215 871 3251 :
906 3198 1081 3253 malos
1137 3208 1316 3255 autem
1367 3201 1656 3256 torrendos
1687 3211 1743 3257 et
1786 3203 2072 3259 exsiccan-

475 3284 574 3340 dos
594 3287 860 3358 gehennm
888 3290 1105 3345 llamma
1128 3293 1409 3363 suscipiet.

551 3379 728 3450 (Vers.
781 3380 898 3455 5f.)
942 3382 1286 3439 Intellexistis
1336 3385 1447 3441 hazc
1494 3386 1706 3442 omnia?
1746 3387 1937 3443 Dicunt
1976 3391 2022 3444 ei
2053 3406 2072 3445 :

475 3468 672 3527 Etiam.
698 3472 786 3527 Ait
813 3473 938 3529 illis.
974 3474 1057 3529 Ad
1081 3477 1362 3545 apostolos
1394 3480 1613 3549 proprie
1649 3494 1832 3535 sermo
1865 3491 1975 3547 est;
2015 3492 2070 3538 et

464 3563 580 3619 illis
605 3565 802 3621 dicitur
835 3583 849 3621 :
881 3565 1224 3624 Inlellexistis
1249 3570 1361 3625 lucc
1387 3572 1599 3637 omnia;
1633 3571 1783 3639 Quos
1814 3588 1922 3627 non
1957 3575 2068 3629 vult

472 3657 663 3714 audire
695 3669 902 3717 tantum
935 3672 995 3717 ut
1026 3663 1285 3734 populum
1309 3707 1325 3733 ,
1379 3666 1479 3722 sed
1526 3667 1834 3740 intelligere
1865 3680 1921 3724 ut
1955 3686 2069 3725 ma-

472 3751 673 3820 gistros
704 3752 936 3809 futuros.
1527 3828 1536 3838 ἱ

550 3845 732 3914 (Vers.
918 3847 1047 3903 Ideo
1077 3851 1243 3905 omnis
1290 3850 1475 3907 Scriba
1497 3854 1681 3909 doctus
1704 3838 1756 3909 in
1778 3870 1937 3927 regno
1966 3874 2066 3912 caa-

470 3936 641 3992 lorum
670 3939 855 3994 similis
895 3951 968 3995 est
996 3943 1198 3997 homini
1236 3943 1625 4014 patrifamilias,
1657 3948 1746 4014 qui
1772 3947 1972 4018 profert
2001 3950 2065 4002 tle

472 4031 716 4088 thesauro
750 4050 843 4087 suo
866 4050 996 4088 nova
1025 4045 1072 4089 et
1101 4044 1291 4091 vetera.
1343 4035 1596 4092 lnstructi
1624 4048 1780 4093 erant
1809 4041 2064 4111 apostoli,

475 4122 684 4180 Scriba:
734 4137 787 4181 et
811 4129 1006 4182 notarii
1069 4129 1391 4195 Salvatoris,
1442 4129 1533 4198 qui
1592 4131 1759 4185 verba
1812 4132 1958 4188 illius
2014 4143 2066 4190 et

474 4228 744 4288 praecepta
775 4221 1061 4290 signabant
1098 4221 1152 4276 in
1186 4221 1386 4278 tabulis
1418 4222 1599 4278 cordis
1625 4224 1956 4292 carnalibus,
1981 4241 2066 4281 re-

466 4325 698 4380 gnorum
723 4313 1028 4369 caelestium
1050 4316 1504 4383 sacramentis,et
1521 4327 1543 4356 ο
1563 4317 1846 4387 pollebant
1875 4319 2069 4388 opibus

476 4404 895 4475 patrisfamiliae,
943 4407 1236 4477 ejicientes
1291 4409 1360 4465 de
1397 4410 1651 4466 thesauro
1690 4411 2064 4468 doctrinarum

470 4510 690 4551 suarum
721 4512 856 4553 nova
903 4508 958 4553 et
1002 4508 1185 4555 vetera
1222 4518 1233 4553 :
1281 4511 1341 4556 ut
1379 4502 1637 4573 quidquid
1677 4504 1731 4557 in
1767 4505 2067 4576 Evangelio

468 4588 859 4659 pnedicabant,
885 4590 1020 4662 legis
1047 4602 1103 4646 et
1132 4592 1525 4663 pr0phetarum
1558 4596 1785 4650 vocibus
1816 4612 2070 4666 compro-

472 4678 685 4734 barent.
733 4680 886 4737 Unde
942 4691 998 4739 et
1042 4698 1240 4754 sponsa
1287 4684 1423 4740 dicit
1473 4688 1527 4741 in
1570 4687 1798 4744 Cantico
1824 4692 2069 4746 cantico-

465 4789 586 4828 rum
619 4792 632 4828 :
669 4774 819 4830 Nova
864 4788 912 4832 et
939 4775 967 4814 ἀ
991 4787 1182 4845 vetera,
1208 4780 1480 4850 fratruelis
1526 4798 1688 4851 meus,
1735 4787 1935 4840 servavi
1974 4788 2065 4842 tibi

469 4863 645 4941 (Cant.
668 4882 763 4934 vlt,
806 4869 914 4942 13>).

537 4958 717 5023 (Vers.
746 4962 834 5027 55,
881 4962 998 5031 5i.)
1030 4961 1099 5017 Et
1129 4962 1322 5033 factum
1367 4975 1443 5020 est
1493 4983 1610 5022 cum
1656 4983 2061 5026 consummasset

464 5049 622 5106 Jesus
646 5052 924 5124 parabolas
953 5056 1103 5122 istas,
1143 5059 1352 5112 transiit
1383 5059 1519 5113 inde.
1560 5060 1627 5114 Et
1654 5063 1859 5117 veniens
1885 5066 1938 5119 in
1966 5082 2061 5136 pa-

542 5239 566 5267 ι
602 5230 820 5359 Αιὶόιιηῑ
843 5242 956 5290 tres
976 5234 1147 5291 Palat.
1178 5237 1337 5293 codd.
1355 5256 1473 5311 sua,
1498 5241 1645 5312 quod
1670 5258 1771 5300 nec
1798 5244 1849 5298 in
1871 5243 2063 5300 Grieco

542 5318 660 5356 tona
694 5344 708 5358 .

468 5317 708 5358 resonat.

537 5372 928 5455 ξιϐοηῐςςβηᾱτι
969 5375 1220 5455 Origenis
1265 5381 1648 5455 interpretatio
1705 5385 1866 5455 hujus
1922 5387 2058 5452 loci,

469 5446 557 5525 cui
610 5446 1700 5525 es_t__Hieronymianaismare-perquam
1758 5446 2057 5511 simillima;

470 5516 898 5601 'l‘heophilactus
922 5516 1139 5592 quoque
1171 5524 1316 5579 hunc
1362 5516 1539 5580 loc-um
1558 5516 1632 5582 ex
1659 5528 1897 5598 Origene
1922 5530 2066 5584 arri-

472 5596 836 5738 puglhltabb”
853 5670 919 5738 _et
942 5664 1266 5738 pullulabant
1289 5675 1338 5721 et
1365 5668 1649 5738 pollebant.

541 5728 569 5769 ³
599 5731 653 5786 lu
684 5728 831 5789 mss.
851 5728 1270 5807 Exemplaribns
1301 5728 1616 5797 monasterii
1654 5743 1822 5798 nostri
1856 5742 1918 5799 S.
1950 5743 2063 5798 An-

468 5802 616 5860 dreae
659 5818 818 5861 secus
839 5802 1179 5867 Avenionem
1199 5809 1328 5867 etin
1349 5826 1458 5867 uno
1480 5812 1539 5869 S.
1560 5812 1773 5885 Remigi
1795 5816 2063 5885 legimus:

2173 3115 2243 3185 ne
2272 3099 2472 3155 multas
2515 3100 2722 3158 faciens
2758 3104 3020 3169 virtutes,
3070 3105 3219 3159 cives
3273 3104 3589 3160 incredulos
3632 3122 3777 3162 con-

2175 3191 2475 3248 demnaret.
2507 3192 2695 3248 Potest
2724 3203 2909 3250 autem
2940 3207 2996 3252 et
3017 3195 3178 3251 aliter
3207 3196 3465 3268 intelligi,
3494 3197 3640 3268 quod
3672 3197 3774 3252 Je-

2173 3300 2266 3342 sus
2298 3287 2636 3355 despiciatur
2659 3290 2711 3343 in
2742 3288 2907 3344 domo
2938 3298 2993 3367 et
3017 3292 3067 3345 in
3090 3292 3259 3361 patria
3288 3306 3406 3358 sua,
3442 3291 3547 3348 hoc
3575 3304 3682 3359 est,
3721 3293 3777 3350 in

2174 3380 2380 3451 populo
2405 3379 2736 3436 Jndseorum.
2778 3382 2846 3437 Et
2874 3383 2997 3439 ideo
3025 3385 3099 3439 ibi
3134 3400 3300 3455 pauca
3343 3386 3492 3453 signa
3533 3387 3726 3442 fecerit
3756 3404 3775 3445 :

2172 3490 2242 3529 ne
2272 3475 2487 3548 penitus
2513 3477 2924 3535 inexcusabiles
2950 3479 3163 3535 fierent.
3188 3480 3390 3548 Maiora
3414 3490 3592 3536 autem
3616 3483 3775 3553 signa

2172 3565 2419 3636 quotidie
2450 3567 2502 3621 in
2533 3569 2788 3638 gentibus
2821 3585 2916 3639 per
2946 3571 3231 3638 apostolos
3253 3570 3402 3637 facit,
3438 3588 3541 3626 non
3576 3582 3684 3628 tam
3719 3575 3775 3631 in

2177 3660 2465 3714 sanatione
2488 3674 2806 3729 corporum,
2837 3677 2997 3732 quam
3032 3661 3088 3716 in
3117 3662 3421 3718 animarum
3445 3665 3642 3720 salute.

2244 3747 2399 3820 (Cap.
2430 3749 2809 3806 XlV.—Vers.
2844 3752 2895 3818 1,
2925 3753 3009 3824 2.)
3041 3752 3109 3807 In
3159 3753 3256 3808 illo
3304 3766 3532 3825 tempore
3561 3757 3773 3812 audivit

2173 3842 2413 3898 Herodes
2453 3840 2736 3899 Tetrarrha
2774 3847 2969 3916 famam
3008 3846 3173 3917 Iesu,
3214 3860 3261 3904 et
3305 3851 3377 3904 ait
3404 3852 3580 3920 pueris
3613 3855 3726 3906 suis
3753 3871 3773 3907 :

2177 3938 2280 3993 Hic
2305 3950 2379 3993 est
2406 3937 2635 3994 Joannes
2665 3939 2926 4008 Baptista,
2955 3942 3067 4009 ipse
3091 3945 3315 3997 surrexit
3345 3960 3376 3997 a
3423 3946 3643 3998 mortuis
3676 3962 3694 3999 :
3729 3957 3777 4001 et

2171 4032 2285 4086 ideo
2309 4033 2517 4087 virtutes
2539 4043 2821 4102 aperantur
2851 4037 2903 4088 in
2945 4051 3023 4088 eo.
3066 4036 3294 4103 Quidam
3341 4036 3773 4091 Ecclesiastit-o-

2172 4140 2291 4179 runt
2323 4124 2680 4194 interpretum
2723 4141 2917 4181 causas
2940 4129 3161 4198 quierit,
3184 4144 3356 4198 quare
3388 4129 3635 4184 Herodes
3663 4131 3776 4187 i~ta

2172 4221 2245 4275 sit
2289 4222 2622 4293 suspicatus,
2678 4230 2736 4275 ut
2781 4231 2936 4293 putet
2965 4239 2991 4274 a
3024 4224 3252 4278 mortuis
3280 4222 3545 4279 Joannem
3577 4240 3775 4279 resur-

2174 4312 2410 4380 rexisse,
2442 4320 2498 4366 et
2532 4310 2656 4366 ideo
2681 4312 2913 4367 virtutes
2938 4313 3151 4383 operari
3177 4314 3229 4369 in
3259 4329 3345 4380 eo,
3374 4314 3533 4385 quasi
3563 4315 3780 4371 erroris

2174 4405 2337 4461 alieni
2373 4405 2530 4459 nobis
2556 4403 2833 4460 reddenda
2882 4405 2953 4460 sit
2997 4406 3161 4473 ratio,
3190 4416 3283 4462 aut
3303 4406 3780 4481 μετεμψυχώσεως

2176 4496 2318 4551 facta
2348 4511 2413 4551 ex
2440 4495 2521 4551 bis
2553 4496 2735 4551 verbis
2764 4495 2966 4553 habeat
3014 4498 3382 4566 occasionem,
3414 4514 3536 4554 cum
3580 4499 3780 4570 utique

2174 4606 2241 4646 eo
2274 4599 2520 4659 tempore
2566 4606 2676 4660 quo
2731 4591 2973 4647 Joannes
3019 4591 3321 4647 decollatus
3364 4600 3470 4656 est,
3504 4592 3782 4651 Dominus

2174 4685 2394 4755 triginta
2440 4692 2588 4739 esset
2625 4698 2897 4738 annorum
2932 4701 2945 4737 :
2979 4683 3396 4757 μετεμψυχώσις
3423 4695 3603 4739 autem
3646 4695 3779 4756 post

2180 4779 2384 4834 multos
2415 4792 2682 4832 annorum
2714 4776 2974 4843 circulos,
3022 4777 3075 4831 in
3117 4777 3331 4833 diversa
3363 4790 3593 4847 corpora
3623 4777 3779 4833 dicat

2175 4874 2387 4926 animas
2416 4869 2704 4925 insinuari.

2242 4966 2423 5035 (Vers.
2460 4967 2514 5033 5,
2542 4961 2623 5034 4.)
2656 4961 2894 5017 Herodes
2917 4963 3050 5017 enim
3081 4964 3244 5018 tenuit
3271 4961 3550 5031 Joannem,
3577 4972 3625 5016 et
3648 4965 3779 5018 alli-

2166 5062 2305 5139 gavit
2330 5075 2469 5125 eum,
2501 5066 2549 5113 et
2577 5058 2750 5129 posuit
2772 5057 2824 5111 in
2846 5073 3103 5112 carcerem
3143 5066 3355 5129 prapter
3386 5057 3770 5129 Herodiadem,

2172 5245 2323 5299 Nova
2353 5259 2468 5296 cum
2509 5240 2785 5307 veteribus,
2826 5241 3096 5312 fratruelis
3133 5258 3299 5308 meus,
3341 5251 3444 5297 etc.
3493 5239 3669 5295 Man'r.
3703 5271 3779 5283 -ο

2165 5314 2350 5370 Nostri
2396 5328 2609 5375 omnes,
2660 5323 2713 5366 et
2755 5311 2892 5379 quos
2923 5311 3266 5367 Martianmus
3289 5312 3589 5381 consuluit,
3625 5328 3766 5366 mss.

2161 5386 2312 5452 libri,
2344 5384 2491 5438 Nova
2521 5400 2638 5437 cum
2664 5384 2939 5449 veteribus,
2966 5384 3230 5456 fratruelis
3262 5402 3425 5450 meus,
3455 5397 3558 5437 etc.
3594 5382 3778 5437 Porro

2173 5460 2537 5527 Hieronymus
2564 5471 2629 5508 cx
2665 5457 2989 5510 Adamantio
3034 5458 3193 5527 hujus
3226 5457 3328 5511 loci
3365 5457 3778 5521 interpretatio-

2168 5544 2290 5584 nem
2347 5525 2416 5583 de
2476 5543 2631 5581 more
2686 5528 2978 5594 expressit.
3032 5525 3412 5583 Conlerendus
3466 5540 3649 5580 autem
3717 5538 3777 5581 et

2166 5599 2593 5672 Chrysos‘tomuS
2629 5598 2804 5672 [igtttil
2832 5598 2901 5653 47
2934 5599 2987 5653 iu
3018 5601 3330 5672 Mallltmum
3359 5642 3396 5672 ,7
3429 5597 3773 5672 Augtntinus

2166 5669 2373 5741 Quist.
2398 5672 2450 5726 in
2479 5674 2653 5739 ipsum
2680 5670 3113 5741 Evangelistam,
3146 5680 3201 5727 et
3232 5671 3472 5742 Cyrillus
3509 5670 3579 5724 de
3619 5669 3778 5723 Ado-

2168 5742 2457 5801 rationein
2481 5744 2676 5816 spiritu
2704 5750 2763 5800 et
2781 5742 3038 5799 veritate.
