4004 6332
225 336 281 393 91
675 318 1328 382 COMMENTARIORUM
1366 315 1431 373 Η
1475 308 1924 371 μῑνΛΝιξιειιυΜ
1966 304 2305 365 MATTHIEI
2345 304 2478 361 LIB.
2523 300 2590 360 ll.
2630 302 2789 362 CAP.
2826 301 2972 363 XIV.
3401 303 3473 361 98

228 462 407 505 uxorem
429 454 452 481 ει
481 441 706 515 Philippi
739 440 915 512 fratris
958 438 1061 493 sui.
1097 435 1312 493 Dicebat
1338 433 1473 488 enim
1501 430 1583 486 illi
1608 428 1773 484 Joan-
1799 427 1849 488 A
1951 422 2132 515 (ἵετε.
2157 421 2239 493 8.)
2267 419 2353 515 Da
2375 419 2524 515 mihi,
2553 420 2744 515 inquit,
2768 419 2853 474 hic
2872 421 2927 474 in
2958 418 3104 474 disco
3131 424 3284 515 caput
3310 415 3479 472 Joan-

227 558 296 596 nes
312 555 327 591 :
346 536 451 592 Non
476 535 586 590 licet
607 510 699 589 tibi
727 510 912 587 habere
937 546 1071 585 eam.
1101 528 1273 584 Vetus
1296 533 1485 582 narrat
1511 523 1766 588 historia,

1896 517 1959 569 iis
1989 513 2262 585 Baptislw.
2295 511 2561 568 llerodias
2590 511 2787 569 timens
2818 528 2888 569 ne
2911 512 3158 569 llerodes
3185 510 3476 581 aliquando

225 633 490 702 Philippum
519 626 745 683 Herodis
789 624 1014 695 majoris
1057 621 1227 677 ﬁlium
1266 620 1397 689 (sub
1422 634 1532 689 quo
1575 613 1762 669 Domi-
1877 607 2252 702 resipisceret,
2286 607 2371 663 vel
2405 606 2655 677 Philippo
2686 607 2844 679 102
2877 606 3262 662 lratriamicus
3294 605 3472 676 lieret,

225 699 440 794 ωιεῐίιέίι
469 723 520 778 in
550 717 891 793 Egyptum),
924 717 1153 774 fratrem
1182 714 1345 785 hujus
1374 709 1638 777 Herodis,
1670 706 1771 762 sub
1875 712 2041 773 alque
2081 701 2285 758 illicita:
2335 700 2542 771 nuptiae
2593 701 2824 770 repudio
2868 699 3239 766 solverentur,
3288 710 3475 754 monet

223 835 310 893 quo
333 792 505 888 passus
533 823 617 869 est
643 792 917 880 Christus,
964 808 1190 864 duxisse
1224 818 1449 861 uxorem
1502 798 1770 856 llerodia—
1879 794 2071 863 ﬁliam,
2102 794 2236 850 utin
2264 794 2381 865 ipso
2404 794 2588 850 statim
2612 795 2890 863 convivio,
2915 803 3080 866 caput
3100 792 3332 849 Joannis
3356 808 3479 863 pos-

222 886 489 972 dem—ﬁliam
502 908 682 964 Amm
699 903 885 978 regis!)
905 920 922 970 ;
943 911 1140 974 postea
1159 915 1290 956 vero
1313 899 1467 972 ιοι
1483 906 1505 934 ο
1525 907 1772 950 socerum
1880 890 2019 946 tulet
2042 906 2056 944 :
2107 888 2274 961 digno
2318 889 2473 959 operi
2526 888 2833 945 saltationis
2852 929 2867 956 ,
2917 888 3142 960 dignum
3193 886 3477 959 sanguinis

222 1004 541 1079 ejus,exortis
553 999 878 1074 quibusdam
895 1007 1084 1054 contra
1101 1008 1367 1067 generum
1383 988 1777 1053 simultatibus,
1882 981 2189 1079 praemium.

225 1071 383 1154 tulisse
400 1096 556 1150 tiliam
571 1071 757 1160 suam,
787 1090 918 1146 etin
949 1088 1196 1144 dolorem
1220 1083 1420 1155 prioris
1441 1080 1644 1147 triariti,
1673 1079 1776 1133 lle-
1954 1072 2022 1127 Et
2047 1073 2380 1128 contristatus
2396 1081 2469 1128 est
2485 1088 2597 1128 rex.
2617 1071 3040 1131 Consuetudinis
3063 1072 3474 1145 Scripturarum

222 1189 344 1247 rodis
370 1187 567 1243 inimici
600 1186 722 1257 ejus
763 1181 972 1254 nuptiis
1000 1179 1313 1250 copulasse.
1346 1174 1478 1242 Quis
1499 1174 1569 1229 sit
1595 1180 1778 1229 autem
1880 1175 1999 1234 est,
2042 1179 2100 1224 ut
2139 1169 2457 1240 Opinionem
2484 1169 2781 1226 multorum
2812 1169 2891 1225 sic
2920 1180 3103 1226 narret
3146 1169 3476 1237 historicus,

222 1283 294 1337 hic
332 1280 618 1350 Philippus,
659 1276 995 1348 evangelista
1052 1274 1228 1329 Lucas
1275 1271 1489 1341 plenius
1545 1268 1713 1324 docet
1761 1281 1776 1319 :
1882 1262 2162 1331 quomodo
2192 1277 2262 1319 eo
2285 1273 2532 1334 tempore
2553 1263 2621 1319 ab
2651 1262 2909 1319 omnibus
2938 1261 3291 1319 credebatur.
3322 1263 3482 1319 Sicut

218 1376 345 1430 Anno
386 1370 764 1445 quintodecimo
806 1368 1014 1438 imperii
1061 1364 1252 1420 Tiberii
1306 1361 1564 1427 Caesaris,
1604 1375 1784 1428 procu-
1882 1354 2087 1426 Joseph
2130 1357 2200 1411 ab
2251 1357 2367 1426 ipsa
2414 1372 2635 1428 quoque
2682 1356 2848 1411 Maria
2906 1355 3285 1426 appellabatur
3325 1367 3482 1426 pater

219 1477 341 1522 rente
361 1464 540 1519 Pontio
564 1462 742 1518 Pilato
762 1460 1003 1516 Judteam
1024 1475 1043 1526 ;
1066 1456 1324 1513 letrarcha
1344 1466 1516 1509 autem
1542 1450 1780 1507 Goliltece
1883 1447 2043 1513 Jesu.
2072 1449 2145 1503 ita
2173 1458 2229 1505 et
2254 1464 2398 1506 nunc
2427 1448 2675 1505 Herodes
2707 1448 2908 1505 dicitur
2935 1449 3322 1520 contristatus,
3355 1450 3483 1522 quia

223 1556 432 1619 Herode;
463 1554 717 1627 Philippo
762 1569 881 1607 vero
921 1551 1086 1619 fratre
1129 1552 1241 1622 ejus
1281 1545 1541 1602 tetrarcha
1570 1543 1781 1599 Itura'a:
1884 1542 1988 1596 hoc
2018 1542 2435 1598 discumbentes
2462 1542 2729 1613 putabant
2756 1540 2914 1614 (Luc.
2939 1541 3024 1610 tt).
3054 1539 3073 1578 ί
3103 1542 3486 1598 Dissimulator

222 1659 261 1703 et
284 1647 613 1703 Traconitidis
668 1645 896 1715 regionis
929 1642 1078 1717 (Luc.
1110 1658 1188 1709 Ill,
1220 1641 1298 1710 1).
1354 1640 1498 1709 Ergo
1537 1639 1778 1693 Joannes
1880 1636 2029 1692 enim
2078 1637 2280 1693 mentis
2328 1653 2446 1692 sua:
2478 1651 2534 1691 et
2571 1635 2769 1692 artifex
2802 1646 2826 1684 ε
2862 1635 3179 1704 homicidii,
3212 1636 3488 1693 tristitiam

223 1740 432 1808 Baptista
477 1738 567 1809 qui
619 1744 849 1792 venerat
875 1735 928 1788 in
961 1734 1155 1804 Spiritu
1188 1742 1242 1787 et
1269 1732 1466 1786 virtute
1496 1728 1652 1792 Elite,
1685 1742 1778 1784 ea—
1883 1727 2211 1796 praeferebat
2240 1729 2293 1782 in
2326 1729 2489 1795 facie,
2514 1744 2638 1783 eum
2670 1728 2911 1783 laetitiam
2938 1726 3165 1785 haberet
3194 1730 3247 1785 in
3278 1741 3484 1787 mente.

220 1833 317 1889 dem
337 1832 660 1888 auctoritate
680 1845 785 1901 qua
811 1829 900 1884 ille
931 1825 1120 1921 Achab
1147 1823 1596 1921 corripuerat,
1624 1823 1780 1921 Jeza-
1812 1860 1858 1921 Β
1957 1818 2149 1887 (Vers.
2195 1819 2262 1886 9,
2306 1819 2423 1921 10.)
2469 1817 2703 1921 l’rOpter
2756 1820 3142 1921 jusjurandum
3201 1827 3488 1921 autemnet

220 1923 289 1981 bel
312 1923 394 1994 (Ill
433 1922 559 1995 Reg.
595 1922 739 1992 ιιι),
768 1920 948 1990 arguit
992 1916 1266 1975 llerodem
1298 1927 1353 1971 et
1383 1914 1778 1981 llerodiadem,
1812 1910 1856 1921 ⁶“
1889 1919 2100 1980 propter
2129 1927 2216 1965 cos
2240 1910 2331 1982 qui
2361 1911 2561 1979 pariter
2587 1911 2998 1982 discumbebant,
3024 1915 3187 1985 jussit
3211 1913 3348 1969 dari.
3378 1912 3490 1968 Mi-

220 2016 334 2087 quod
365 2016 579 2070 illicitas
624 2012 845 2080 nuptias
885 2009 1139 2077 fecerint,
1171 2018 1227 2065 et
1257 2024 1368 2065 non
1394 2007 1581 2073 liceat,
1615 2007 1783 2061 lratre
1888 2003 2077 2071 sitque.
2108 2012 2152 2057 ct
2181 2002 2457 2058 decollavit
2477 2000 2740 2059 Joannem
2768 2006 2822 2059 in
2847 2022 3075 2061 carcere.
3104 2005 3295 2063 Scelus
3317 2022 3488 2062 exeu-

221 2110 400 2165 riveule
426 2121 723 2179 germano,
748 2119 977 2160 uxorem
1004 2101 1152 2158 illius
1182 2099 1662 2157 ducerezmalens
1692 2113 1784 2168 pe—
1889 2107 1974 2152 sat
2015 2098 2333 2167 juramento
2361 2140 2377 2164 ,
2426 2108 2485 2153 ut
2533 2097 2636 2153 sub
2680 2101 2974 2156 occasione
3022 2101 3246 2172 pietatis
3294 2101 3497 2173 impius

220 2200 416 2257 riclitari
446 2198 592 2270 apud
638 2212 851 2268 regem,
910 2211 1075 2267 quam
1134 2204 1363 2265 propter
1416 2192 1782 2247 adulationem
1891 2191 2068 2247 ﬁeret.
2095 2190 2252 2259 Quod
2277 2199 2460 2247 autem
2491 2190 2765 2261 subjecit:
2799 2192 2864 2247 Et
2882 2203 3093 2265 propter
3119 2211 3206 2250 eos
3226 2196 3318 2267 qui
3347 2196 3490 2267 pari-

220 2310 319 2352 esse
344 2294 630 2349 immemor
653 2297 1054 2363 praceptorum
1079 2287 1196 2344 Dei.
1892 2294 1969 2340 ter
1994 2285 2410 2351 discumbebant,
2439 2285 2557 2341 vult
2599 2300 2792 2342 omnes
2834 2287 3065 2344 sceleris
3092 2289 3177 2344 sui
3207 2304 3330 2346 esse
3360 2306 3493 2346 cou-

280 2386 449 2457 (Vers.
479 2385 580 2457 5.)
616 2382 689 2439 Et
723 2382 901 2438 volens
942 2381 1090 2436 illum
1123 2381 1388 2447 occidere,
1423 2380 1592 2434 timuit
1620 2394 1792 2450 popu-
1891 2387 2099 2447 sortes,
2135 2389 2191 2432 ut
2223 2377 2276 2432 in
2309 2376 2595 2434 luxurioso
2622 2378 2947 2451 impuroque
2966 2382 3219 2437 convivio
3249 2393 3497 2440 cruenta:

221 2479 342 2534 lunt:
361 2479 478 2551 quia
499 2464 643 2532 sicut
671 2474 979 2548 prophetam
1001 2491 1117 2530 eum
1138 2471 1425 2528 habebant:
1446 2471 1788 2529 Seditionem
1895 2471 2073 2541 epulas
2100 2468 2470 2526 deferrentur.

222 2573 406 2642 quidem
431 2571 556 2647 [Αι.
578 2567 813 2642 quippe]
841 2568 1026 2640 populi
1057 2566 1351 2621 verebatur
1380 2575 1602 2635 propter
1622 2564 1790 2621 Joan-
1964 2563 2161 2634 (Vers.
2202 2563 2317 2633 11.)
2350 2562 2416 2617 Ει
2455 2564 2676 2619 allatum
2703 2575 2781 2621 est
2819 2576 2973 2636 caput
2998 2568 3113 2637 ejus
3143 2568 3200 2624 in
3239 2570 3407 2640 disco,
3437 2582 3489 2627 et

221 2682 388 2734 penna
412 2681 518 2737 quo
544 2663 762 2720 sciebat
793 2662 981 2717 turbas
1007 2662 1060 2716 in
1090 2660 1329 2716 Jordane
1360 2658 1622 2730 plurimas
1653 2659 1783 2729 bap-
1891 2659 2074 2712 datum
2101 2667 2178 2713 est
2204 2658 2426 2730 puella,
2463 2669 2511 2713 et
2549 2661 2726 2715 attulit
2775 2663 2931 2716 matri
2971 2678 3102 2717 sate.
3144 2663 3402 2734 Legimus
3435 2664 3490 2722 in

222 2759 414 2825 tizatas;
447 2757 550 2814 sed
583 2770 772 2811 amore
802 2753 1126 2811 vincebatur
1164 2751 1378 2816 uxoris,
1416 2752 1487 2807 ob
1519 2750 1674 2821 cujus
1698 2766 1786 2806 ar-
1896 2753 2142 2809 Romana
2195 2754 2461 2820 historia,
2517 2753 2846 2811 Flaminium
2896 2755 3092 2812 ducem
3145 2757 3452 2816 Rettianum
3475 2801 3492 2829 ,

221 2848 379 2907 dorem
405 2850 580 2905 etiam
610 2848 704 2903 Dei
729 2852 1004 2918 praecepta
1028 2846 1340 2917 neglexerat
1371 2842 1594 2916 (Genes.
1625 2860 1694 2898 ιι.
1713 2842 1754 2916 ).
1896 2846 2039 2919 quod
2062 2844 2446 2903 haccutnbenti
2473 2844 2579 2917 [ΑΙ.
2605 2846 3100 2919 accubanti]juxta
3124 2851 3496 2908 meretricula:

285 2942 451 3015 (Vers.
483 2940 575 3012 6.)
604 2940 705 2995 Die
744 2949 918 2994 autem
952 2936 1145 2994 natalis
1180 2936 1413 2992 Herodis
1448 2937 1651 2991 saltavit
1681 2935 1795 3006 ﬁlia
1897 2942 2038 2998 latus
2066 2957 2190 3012 quan
2221 2956 2518 3012 numquam
2548 2955 2608 2997 se
2632 2941 2838 2998 vidisse
2866 2942 3075 2999 diceret
3100 2943 3378 3002 hominem
3402 2946 3501 3003 de-

218 3033 502 3091 Herodiadis
560 3036 615 3089 in
670 3032 842 3087 medio
890 3047 909 3087 :
958 3041 1010 3086 et
1056 3031 1251 3101 placuit
1300 3028 1527 3085 Herodi.
1576 3029 1793 3084 Nullum
1898 3034 2192 3100 collatum,
2224 3046 2484 3087 assensus
2515 3034 2583 3086 sit
2614 3044 2671 3087 ut
2700 3047 2827 3090 reus
2856 3034 3076 3104 quidam
3105 3036 3357 3106 capitalis
3386 3038 3498 3093 cri-

222 3124 244 3165 δ
263 3128 406 3183 alium
435 3126 755 3184 invenimus
784 3125 1113 3181 observasse
1142 3123 1289 3179 diem
1322 3122 1524 3177 natalis
1548 3122 1656 3187 sui,
1690 3121 1795 3176 nisi

1944 3127 2065 3183 linis
2097 3128 2150 3182 in
2178 3127 2457 3183 convivio
2470 3136 2847 3197 truncaretur,
2881 3143 2913 3184 a
2939 3131 3263 3188 censoribus
3286 3132 3525 3203 pulsum-

224 3219 492 3291 llerodern,
527 3229 592 3277 et
626 3220 1007 3289 Pharaonem,
1040 3227 1100 3274 ut
1127 3232 1357 3289 quorum
1397 3225 1517 3272 erat
1558 3231 1654 3287 par
1689 3215 1790 3270 im-
1824 3215 1869 3237 υ
1905 3220 2082 3287 curia,
2127 3221 2271 3292 quod
2304 3222 2493 3292 epulas
2522 3222 2773 3293 sanguini
2807 3224 3122 3295 miscuerit,
3153 3235 3209 3282 et
3240 3239 3498 3298 mortem,

223 3314 403 3385 pietas,
433 3322 592 3371 esset
614 3322 672 3369 et
698 3327 808 3368 una
838 3312 1187 3369 solemnitas.
1904 3314 2157 3385 quamvis
2193 3314 2343 3369 noxii
2378 3314 2652 3383 hominis,
2689 3316 2741 3370 in
2772 3317 3004 3374 alterius
3030 3319 3259 3377 delicias
3290 3324 3506 3393 prtrsti-

283 3407 454 3479 (Vers.
496 3406 598 3478 7.)
649 3404 803 3461 Unde
842 3421 960 3459 cum
994 3405 1299 3477 juramento
1334 3401 1603 3474 pollicitus
1640 3410 1714 3457 est
1750 3401 1799 3456 ei
1907 3406 2063 3473 terit,
2108 3415 2165 3461 ut
2200 3405 2371 3462 libido
2401 3415 2454 3460 et
2486 3406 2839 3463 homicidium
2871 3408 3080 3479 pariter
3115 3412 3502 3471 miscerentur.

228 3503 330 3558 dare
353 3504 720 3573 quodcumque
745 3501 1053 3574 postulasset
1076 3499 1140 3553 ab
1170 3515 1251 3554 eo.
1277 3499 1341 3554 At
1367 3498 1461 3553 illa
1494 3499 1799 3568 prteritonita
1905 3503 2120 3569 Quanto
2158 3500 2479 3557 sceleratior
2509 3499 2761 3557 Herodes
2799 3510 2856 3559 et
2895 3503 3166 3561 llerodias
3194 3521 3260 3564 ac
3288 3508 3467 3579 puella
3488 3555 3503 3580 ,

230 3612 257 3648 a
279 3606 420 3650 ntatre
448 3612 574 3650 sua.
604 3595 718 3665 Ego
741 3608 850 3649 non
875 3607 1082 3649 excuso
1106 3592 1399 3659 Herodem,
1428 3590 1576 3661 quod
1601 3592 1800 3647 invitus
1907 3609 2028 3666 quae
2064 3593 2312 3660 saltavit,
2363 3593 2418 3647 in
2466 3592 2705 3662 pretium
2756 3595 3038 3666 sanguinis
3075 3608 3238 3669 caput
3270 3601 3512 3670 postulat

229 3699 274 3744 et
291 3690 466 3745 nolens
490 3697 725 3761 propter
751 3688 1123 3759 juramentum
1154 3697 1175 3723 ο
1204 3685 1557 3741 homicidium
1584 3684 1797 3753 fecerit,
1903 3688 2219 3760 prophetae,
2250 3694 2311 3741 ut
2334 3686 2534 3743 habeat
2561 3686 2614 3743 in
2645 3695 2922 3756 potestate
2951 3689 3189 3761 linguam
3212 3733 3228 3759 ,
3256 3709 3377 3763 quae
3402 3695 3511 3751 illi-

230 3781 307 3852 qui
325 3783 386 3837 ad
417 3783 521 3839 hoc
548 3782 694 3838 forte
716 3782 944 3852 juravit,
979 3789 1038 3835 ut
1066 3779 1262 3835 futuras
1292 3779 1558 3835 occisioni
1588 3779 1799 3834 machi-
1903 3784 2041 3841 citas
2061 3784 2274 3850 nuptias
2296 3781 2579 3853 arguebat.
2607 3780 2723 3837 Hoc
2742 3780 2899 3852 juxta
2920 3783 3159 3841 litteram
3174 3785 3376 3842 laetum
3401 3788 3510 3854 sit;

234 3890 316 3930 nas
338 3886 693 3949 pnepararet.
731 3874 986 3945 Alioquin
1019 3875 1064 3928 si
1097 3874 1169 3929 ob
1193 3873 1574 3945 jusjurandum
1607 3871 1805 3929 fecisse
1908 3893 2011 3933 nos
2037 3885 2221 3932 autem
2254 3889 2430 3946 usque
2461 3873 2625 3930 hodie
2653 3876 2929 3931 cernimus
2967 3876 3021 3932 in
3068 3879 3249 3948 capite
3275 3879 3511 3939 Joannis

234 3968 455 4035 sedit-it,
492 3972 541 4025 si
579 3968 783 4039 patris,
818 3968 864 4023 si
899 3968 1092 4023 matris
1126 3968 1464 4038 postulasset
1492 3968 1803 4037 interitum,
1907 3972 2220 4045 prophetas,
2253 3971 2477 4029 Judzeos
2504 3970 2820 4039 Christum,
2873 3972 2966 4043 qui
3012 3985 3178 4044 caput
3226 3975 3384 4047 103
3425 3987 3520 4034 est

233 4060 448 4119 facturus
476 4064 684 4131 fuerat,
724 4079 791 4117 an
831 4063 980 4116 non?
1015 4062 1173 4129 Quod
1208 4062 1261 4117 in
1294 4078 1355 4117 se
1385 4079 1517 4135 ergo
1556 4066 1807 4135 repudia-
1914 4065 2341 4138 prophetarum,
2388 4063 2717 4135 perdidisse.

235 4159 369 4208 turus
405 4153 527 4227 [ΑΙ.
566 4152 934 4226 repudiatus]
975 4152 1109 4222 luit,
1146 4161 1503 4210 contemnere
1540 4155 1727 4212 debuit
1754 4166 1809 4214 et
1988 4159 2058 4214 Et
2086 4158 2387 4215 accedentes
2414 4158 2659 4228 discipuli
2686 4158 2835 4230 ejus,
2865 4158 3098 4214 tulerunt
3141 4176 3330 4232 corpus
3368 4164 3512 4234 eius,

235 4245 585 4320 inpropheta.
1918 4262 1965 4308 et
2010 4250 2333 4325 sepelierunt
2387 4249 2543 4304 illud.
2596 4248 2789 4306 Refert
2834 4248 3114 4321 Josephus
3172 4252 3228 4308 in
3278 4253 3515 4326 quodam

301 4410 551 4483 fNomen
580 4408 825 4483 Philippi
855 4408 1029 4464 noStri
1065 4408 1320 4483 ignorant
1347 4421 1480 4483 mss.
1650 4482 1655 4483 γ
1922 4412 2116 4483 quippe
2139 4407 2544 4483 hoc_Pharaone
2564 4405 2735 4483 _(_Gen.
2764 4423 2862 4475 χι,
2895 4406 3120 4483 20)Λ[αἰι
3160 4410 3420 4470 Herodes.
3450 4413 3519 4471 Et

298 4481 324 4520 δ
350 4481 694 4538 Addunlduo
715 4478 891 4536 Palat.
909 4478 1483 4545 mss.,Arabum;'alii,
1508 4494 1606 4548 pro
1623 4482 1815 4549 Arette,
1924 4478 2072 4538 hom.
2103 4484 2135 4537 8
2166 4483 2217 4536 in
2247 4481 2479 4537 Levilic.
2505 4498 2518 4535 :
2554 4478 2724 4534 Nerua
2767 4496 2835 4534 ea:
2874 4478 3111 4536 omnibus
3142 4483 3352 4540 Sanctis
3379 4486 3521 4543 inve-

242 4553 405 4625 legunt
428 4554 709 4626 Phethrai,
731 4568 893 4626 quam
925 4552 1212 4626 lectionem
1239 4561 1303 4626 et
1335 4550 1680 4626 Martianteus
1720 4572 1819 4610 no-
1854 4623 1868 4626 _
1923 4556 2065 4609 nitur
2084 4553 2218 4608 diem
2244 4555 2436 4626 festum
2461 4550 2541 4606 vel
2563 4552 2854 4626 convivium
2881 4569 3129 4626 magnum
3156 4555 3321 4626 egisse
3350 4558 3403 4611 in
3430 4559 3516 4614 die

243 4622 308 4680 tat
333 4641 394 4682 ex
416 4642 526 4681 uno
555 4625 613 4681 S.
647 4624 877 4694 Remigii
904 4622 1115 4695 codice,
1149 4622 1407 4695 additque
1448 4622 1680 4695 Pbetros
1718 4643 1819 4681 no-
1845 4623 1895 4683 D
1924 4627 2117 4680 natalis
2158 4626 2258 4679 sui.
2291 4623 2493 4680 Verum
2525 4631 2591 4695 iet
2628 4622 2925 4695 Agrippam
2967 4622 3150 4695 regem
3169 4622 3203 4687 ,⁷
3225 4634 3281 4681 et
3323 4628 3516 4685 Antio-

245 4711 353 4752 men
383 4697 620 4765 regionis
644 4710 794 4761 esse,
820 4710 940 4765 qua:
964 4694 1161 4749 Arabia
1186 4693 1392 4765 Petraea
1425 4694 1643 4749 dicitur.
1680 4695 1817 4753 lnle-
1921 4697 2108 4761 chum,
2140 4697 2385 4765 aliosque
2429 4694 2629 4749 mullos
2671 4693 2830 4750 bona:
2877 4694 3047 4765 frugis
3092 4694 3239 4751 virus
3282 4701 3514 4757 natalem

245 4767 334 4823 rim
358 4781 409 4824 et
435 4764 701 4839 Origenes
727 4766 893 4839 tradit
929 4777 1118 4820 contra
1144 4764 1474 4839 nonnullos,
1526 4767 1615 4839 qui
1650 4778 1816 4839 post—
1922 4785 2079 4824 suum
2110 4764 2440 4829 celebrasse,
2469 4766 2690 4821 tradunt
2718 4766 2993 4839 Historias.
3024 4765 3156 4839 Vide
3182 4770 3512 4834 peculiarem

246 4854 389 4911 quam
450 4835 684 4911 obiisset
742 4835 1059 4911 Philippus.
1123 4835 1409 4911 ﬁliamque
1467 4837 1809 4911 reliquisset,
1922 4841 2027 4897 hoc
2056 4842 2123 4895 de
2162 4845 2487 4911 argumento
2532 4838 2784 4893 canonici
2829 4836 3124 4893 Frontonis
3170 4840 3518 4900 dissertatio-

249 4909 593 4966 llerodiadem
624 4909 812 4964 fratris
844 4922 1073 4963 uxorem
1104 4907 1326 4963 duxisse
1357 4907 1627 4963 Herodem
1668 4912 1812 4968 vole-
1921 4928 2069 4969 nem.

249 4979 387 5065 bant,
420 4982 596 5065 majus
631 4979 803 5062 luisse
841 4977 1413 5065 ﬂagitium-Herodisn
1436 4980 1527 5065 qui
1558 4995 1754 5065 nempe
1781 4999 1811 5039 a

1997 4995 2020 5065 ὲ
2065 4982 2266 5065 Eodem
2297 4996 2460 5065 sensu
2491 4980 2793 5065 Origepesb.
2824 4982 3014 5065 μᾶλλον
3042 4983 3298 5065 ἐπιορκεῖν
3322 4983 3520 5065 ἠεύοριι

251 5003 387 5049 DEI“,
420 5003 596 5053 majus
631 5003 802 5036 11115813
842 5003 1099 5048 uagulqu
1142 5003 1393 5043 Πειτυυιδ,
1436 5003 1525 5049 ψη
1558 5003 1754 5048 uelnpe
1781 5003 1811 5039 a

251 5050 975 5135 fratreetiamrlutnjivente
1007 5048 1291 5135 conjgtge'm
1309 5048 1645 5135 abduxisset.
1677 5052 1815 5135 (ξοη-

1997 5003 2020 5023 ι’
2065 5003 2266 5038 nouem
2297 5003 2460 5037 sensu
2491 5003 2793 5071 υιΊευειυδν.
2867 5003 3014 5037 αΑΑον
3042 5003 3298 5059 επιορκειν
3322 5008 3352 5045 η
3379 5003 3510 5065 ωορ-

1930 5064 2027 5135 κεζν
2056 5054 2181 5112 ἴδεν
2200 5056 2273 5135 ,οὐ
2300 5055 2487 5135 τοξυτὸν
2511 5055 2614 5129 γὰρ
2649 5075 2708 5113 ην
2737 5003 2987 5135 quispam
3000 5058 3314 5135 τιςροπιτςείας
3342 5055 3511 5135 ὅρκῳ,

253 5125 424 5203 einunt
451 5140 584 5203 vero
715 5122 1048 5203 llieronymp
1077 5121 1202 5203 alii;
1230 5120 1487 5203 Basilius
1506 5120 1823 5181 Seleucien-

1935 5131 2009 5184 καὶ
2051 5137 2143 5188 τῆς
2188 5120 2906 5203 ἀνᾳιρέσεως’π]οοφηῖιᾶεῆς
2941 5120 3296 5203 Pejeraudum
3329 5120 3516 5203 potius

253 5194 322 5249 sis
346 5208 485 5271 orat.
508 5197 575 5252 18
601 5193 833 5271 Herodis
857 5191 979 5247 enin
1009 5191 1561 5271 llerodiad‘enuptias
1577 5201 1823 5271 μριχεὶαν
1927 5211 2060 5265 erat,
2085 5215 2241 5271 quam
2253 5191 2551 5271 jriramrnlo
2573 5191 2839 5250 s'ta'ndum.
2862 5191 3079 5251 Temere
3098 5199 3289 5270 quippe
3306 5191 3523 5271 jurasse

254 5265 884 5339 appellat,eumque.ait_,
904 5280 1061 5339 usum
1078 5281 1235 5339 regno
1249 5262 1480 5317 libidinis
1492 5262 1823 5339 administro.
1930 5262 2193 5326 non'adeo
2218 5262 2537 5339 culpandum
2565 5274 2695 5339 erat,
2718 5282 2874 5339 quant
2901 5262 3116 5337 propter
3141 5262 3418 5339 juram'enti
3445 5280 3523 5326 te-

256 5335 562 5394 Conlereudi
595 5340 820 5411 insuper
849 5335 1248 5411 losephus‘lib.
1282 5350 1440 5401 xvut,
1481 5351 1601 5407 cap.
1641 5336 1707 5407 5,
1743 5356 1832 5396 re-
1934 5342 2222 5397 meritatem
2250 5335 2567 5411 prophetarit
2586 5335 2723 5411 letho
2752 5336 2976 5411 dedisse.

256 5412 614 5481 rentioresque
642 5408 842 5479 passim
871 5409 1224 5477 interpretes.
2012 5412 2033 5451 τ
2076 5407 2259 5466 Penes
2280 5407 2502 5475 Victor.,
2531 5407 2835 5481 Dissimulat
2862 5410 2997 5481 enim
3022 5410 3204 5464 mentis
3229 5426 3340 5466 suae
3367 5411 3524 5468 mali-

325 5494 345 5553 ς
386 5480 618 5553 libabo,
650 5496 879 5553 socrum.
917 5550 928 5553 _
1096 5548 1145 5553 η
1216 5551 1225 5553 ,

1944 5485 2066 5538 tiam
2092 5482 2285 5553 artifex
2312 5480 2592 5553 homicida,
2622 5496 2739 5535 cum
2768 5480 3038 5534 tristitiam
3059 5483 3111 5535 in
3134 5482 3289 5550 facie,
3318 5491 3366 5535 ct
3388 5483 3525 5539 lasti-

323 5550 348 5588 δ
389 5546 634 5610 Totidem
675 5552 816 5607 bona
861 5550 968 5613 fide
996 5548 1179 5605 verbis
1213 5551 1332 5605 haec
1359 5546 1724 5621 Hieronymus
1759 5570 1825 5611 ex
1937 5557 2063 5610 tiam
2093 5546 2298 5608 haberet
2327 5552 2381 5606 in
2407 5559 2594 5606 mente.

261 5622 479 5710 Qiigene
509 5623 790 5710 descripsit
818 5624 914 5710 τιέξ
954 5621 1194 5710 οὐδςρξίας
1238 5631 1435 5710 γρᾳφῆς
1464 5622 1691 5710 sﬁpopsu
1731 5627 1834 5710 ῥπό

2012 5636 2037 5710 ξ
2078 5626 2214 5710 alas.
2235 5623 2718 5710 pleriqueptnnes,
2741 5621 3031 5710 homicida.
3052 5621 3144 5679 Sic
3167 5623 3519 5710 Rhabbanus.

264 5692 447 5781 amotio»)
476 5691 716 5781 ψέρλιοὺ
741 5691 990 5781 fatigatum:
1007 5691 1224 5781 ,Ιξξξκος
1414 5691 1609 5766 [adlima-
1633 5700 1832 5781 ,ἐκείνου

2012 5695 2040 5735 ιι
2082 5691 2316 5781 Rbabb.,
2356 5691 2496 5765 quod
2548 5693 2826 5749 accubanti
2863 5696 3026 5766 juxta
3072 5711 3127 5750 se
3167 5696 3526 5771 meretricula,

264 5772 349 5843 rei:
374 5762 550 5843 super.
578 5768 605 5843 ᾇ
631 5762 900 5843 Ἠρώῃδῃέξ
934 5762 987 5819 Ν
993 5762 1139 5843 ullibi
1186 5762 1437 5843 scriptam
1471 5769 1771 5843 reperimtts
1803 5786 1836 5822 a

652 5762 900 5843 api-idne:
934 5762 1139 5843 Nullibi
1186 5762 1437 5843 scriptam
1471 5769 1771 5843 reperimtts
1803 5786 1836 5822 a
1941 5786 2087 5843 quae,
2119 5774 2227 5824 etc.

258 5837 400 5906 justo
449 5836 700 5912 quopiam
747 5836 908 5907 fuisse
964 5837 1217 5894 celebrata
1270 5836 1559 5896 natalitia':
1609 5840 1838 5911 iniquior
