4004 6332
254 313 339 371 ni
710 281 1363 368 ροιιιιειιτιιιιοιιιιιί
1399 303 1467 364 IN
1510 300 1835 364 suum

1964 300 1969 362 ῐ
2009 298 2347 363 ιιΑττιιΑει
2388 298 2521 359 LIB.
2562 298 2630 360 ιι.
2670 282 2827 360 CAP.
2870 298 3016 359 xw.
3409 292 3545 361 tta

252 429 371 482 ciens
394 424 446 480 in
468 422 665 493 calum,
699 421 959 480 benedixit
988 434 1035 479 ct
1065 423 1235 496 fregit,
1284 432 1330 476 ct
1362 421 1504 477 dedit
1533 420 1807 493 discipulis
1834 429 1888 489 Α
1912 421 2056 476 solus
2085 435 2256 476 orare.
2318 418 2539 492 Vespere
2570 428 2744 475 autem
2781 421 2918 491 facta
2978 418 3120 476 solus
3142 427 3252 474 erat
3300 416 3393 473 ibi.
3451 418 3509 473 Si

253 534 409 589 pansa.
438 516 719 587 Aspicitin
744 516 967 583 ctelum,
1024 523 1083 571 ut
1111 516 1229 570 illic
1255 514 1445 570 oculos
1493 511 1803 584 dirigendos
1906 513 2143 571 fuissent
2191 529 2315 571 cum
2367 530 2433 571 eo
2474 514 2729 585 discipuli
2777 514 2994 582 Petrus,
3024 520 3084 570 et
3130 510 3391 577 Jacobus,
3445 520 3504 566 ct

245 611 430 668 doceat.
467 607 714 678 Quinque
753 622 923 679 panes
976 615 1032 663 et
1060 606 1199 663 duos
1238 605 1532 678 pisciculos
1573 604 1805 675 sumpsit
1906 605 2166 674 Joannes,
2218 609 2310 679 qui
2341 607 2589 665 videram
2619 607 2849 678 gloriam
2885 605 3280 671 transformari.
3338 604 3506 663 torsi-

246 706 291 759 in
316 717 511 769 manus,
540 711 599 758 et
623 700 787 773 fregit
812 714 930 770 eos,
956 698 1287 770 tradiditque
1302 697 1604 771 discipulis.
1627 697 1801 753 Fran-
1906 710 1995 757 tan
2026 701 2404 759 ascendissent
2431 704 2485 758 in
2502 712 2748 759 montem
2766 717 2891 759 cum
2916 716 3008 768 eo;
3025 700 3121 758 sed
3138 700 3296 756 turba
3326 698 3393 756 ad
3423 713 3507 755 su-

241 807 380 869 gente
433 797 681 866 Domino,
729 794 1088 851 seminarium
1143 794 1207 849 tit
1240 793 1510 848 ciborum.
1564 790 1625 848 Si
1652 790 1799 848 enim
1906 794 2090 851 blimia
2121 795 2280 867 sequi
2330 811 2442 854 non
2492 805 2707 868 potest,
2738 796 2842 855 nisi
2873 796 3126 852 docuerit
3178 810 3297 851 eam
3350 794 3505 865 juxta

241 891 443 948 fuissent
466 888 681 960 integri,
705 897 889 944 etnon
916 887 969 942 in
998 885 1174 942 frusta
1194 885 1482 956 discerpti,
1516 898 1616 941 nec
1642 882 1801 940 divisi
1903 904 2057 946 mare
2088 891 2141 945 in
2176 890 2383 957 liuore,
2419 898 2476 948 et
2502 892 2706 949 aluerit
2741 891 2799 948 in
2856 890 3099 949 deserto.
3130 888 3288 964 Quod
3319 899 3501 944 autem

238 987 285 1043 in
312 984 655 1055 multiplicem
686 991 956 1053 segetem,
985 982 1193 1048 turbas,
1220 989 1277 1037 et
1307 993 1530 1052 pueros,
1559 988 1615 1036 et
1644 979 1802 1036 femi-
1902 985 2154 1041 ascendit
2182 985 2335 1042 solus
2373 1001 2557 1055 orare,
2615 1002 2721 1041 non
2777 984 2845 1040 ad
2890 1000 3017 1042 eum
3051 983 3259 1040 referas
3297 982 3390 1054 qui
3431 981 3501 1038 de

243 1094 346 1144 nas,
375 1088 568 1134 tantam
585 1076 988 1133 multitudinem
1013 1076 1162 1131 alere
1192 1089 1300 1131 non
1333 1082 1605 1145 poterant.
1630 1072 1801 1129 Fran-
1900 1078 2142 1147 quinque
2170 1079 2403 1149 panibus
2428 1078 2671 1149 quinque
2693 1078 2861 1134 millia
2892 1075 3159 1134 saturavit
3189 1074 3491 1140 hominum,

237 1172 359 1242 gitur
381 1185 506 1243 ergo
526 1172 611 1228 lex
638 1186 760 1226 cum
792 1169 1095 1241 prepltetis,
1122 1179 1179 1223 et
1215 1169 1272 1223 in
1315 1168 1487 1224 lrusta
1524 1166 1799 1236 discerpi-
1901 1174 2155 1244 exceptis
2204 1173 2449 1244 parvulis
2479 1181 2537 1229 et
2585 1172 2941 1237 mulieribus;
2987 1170 3082 1228 sed
3131 1170 3197 1226 ad
3226 1186 3350 1227 eum
3378 1171 3493 1241 qui,

240 1275 330 1330 tur,
346 1273 398 1321 et
417 1264 533 1334 ejus
554 1263 608 1319 in
633 1262 875 1320 medium
894 1262 1151 1335 mysteria
1174 1260 1545 1332 proferuntur,
1573 1269 1632 1317 ut
1652 1260 1798 1332 quod
1902 1266 2089 1322 audita
2120 1275 2295 1322 morte
2332 1265 2586 1334 Joannis,
2608 1265 2839 1323 secessit
2868 1266 2921 1320 in
2949 1264 3329 1333 solitudinem,
3386 1279 3496 1320 non

231 1359 473 1430 integrum
506 1367 561 1414 et
586 1372 919 1429 permanens
961 1356 1018 1411 in
1061 1363 1205 1412 statu
1246 1355 1475 1425 pristino
1524 1368 1635 1410 non
1684 1353 1794 1410 ale-
1897 1362 2047 1435 quod
2079 1377 2372 1434 personam
2403 1360 2623 1417 Domini
2665 1374 3004 1431 separemus,
3046 1358 3141 1414 sed
3165 1358 3310 1429 quod
3335 1372 3502 1429 opera

230 1452 348 1515 bat,
398 1450 630 1507 divisum
680 1450 737 1505 in
787 1458 973 1523 partes
1032 1447 1147 1504 alat
1188 1448 1434 1519 gentium
1493 1446 1797 1504 multitudi-

1784 1476 1797 1487 '
1897 1456 2181 1528 ejusinter
2209 1454 2380 1511 Deum
2411 1465 2468 1510 et
2493 1454 2769 1509 hominem
2796 1452 2977 1509 divisa
3007 1452 3177 1508 sint“
3205 1464 3307 1495 Vw
3326 1462 3365 1503 ι’.

229 1560 352 1601 nem-
1976 1549 2133 1622 107
2164 1547 2348 1621 (Vera.
2375 1546 2497 1619 94.)
2541 1546 2800 1603 Naoicula
2852 1554 3019 1599 autem
3061 1546 3114 1599 in
3164 1541 3332 1598 medio
3368 1542 3499 1597 mari

283 1637 445 1710 (Vera.
480 1635 608 1708 ιο.)
649 1634 960 1709 ‘Discipuli
987 1643 1161 1690 autem
1210 1635 1463 1690 ἀσάετωιι
1506 1633 1690 1689 turbis.
1727 1630 1795 1687 El
1888 1640 2195 1715 jactabatur
2216 1638 2461 1711 ﬂuctibus
2489 1653 2509 1693 :
2531 1647 2639 1693 erat
2654 1638 2788 1694 enim
2809 1633 3501 1691 contrariusventusﬂecte

226 1731 637 1786 manducaverunt
668 1746 866 1795 omnes,
895 1738 944 1785 et
989 1730 1218 1784 saturati
1237 1740 1380 1783 sunt.
1409 1727 1659 1785 Turbma
1689 1727 1796 1784 Do-
1897 1736 2053 1806 quasi
2088 1734 2269 1799 inviti,
2297 1743 2352 1789 et
2378 1740 2744 1789 retractantes
2769 1729 3006 1802 apostoli
3060 1745 3089 1784 a
3138 1728 3374 1785 Domino
3413 1743 3502 1784 rc-

223 1824 347 1879 ιιιίηο
380 1839 476 1894 per
500 1824 789 1894 lpostolos
816 1822 1077 1878 alimenta
1106 1822 1435 1891 διιεεὶρίιιηι-
1826 1832 1872 1894 Β
1902 1838 2209 1888 cesserant,
2245 1841 2317 1882 ne
2371 1826 2466 1881 illo
2504 1826 2755 1893 absente,
2801 1822 3085 1895 naufragia
3134 1821 3495 1879 sustinerent.

265 1915 323 1971 Et
336 1916 1109 1988 tuleruntreliquiasduodecim
1122 1917 1374 1988 cophinos
1386 1916 1791 1988 fragmentum":
1899 1920 2148 1992 Denique
2176 1920 2407 1976 Domino
2433 1919 2489 1974 in
2525 1919 2725 1974 montis
2757 1917 3045 1974 cacumine
3100 1923 3497 1981 commorante,

222 2009 394 2079 plenos-
422 2009 818 2082 Unusquisque
839 2011 1216 2081 aposmlomm
1238 2010 1308 2066 tle
1340 2010 1583 2079 reliquiis
1602 2008 1793 2065 Salva-
1895 2021 2081 2075 statim
2120 2025 2318 2073 ventus
2350 2015 2662 2071 contrarius
2713 2014 2909 2078 oritur,
2940 2019 2996 2066 et
3034 2012 3215 2067 turbat
3242 2024 3414 2076 mare,
3448 2018 3505 2064 ct

219 2103 333 2160 toris
373 2103 566 2175 imples
618 2103 918 2173 copbiunm
965 2118 1144 2170 suum,
1176 2112 1238 2159 ut
1285 2103 1373 2158 vel
1420 2102 1619 2158 habeat
1650 2101 1791 2156 unde
1893 2110 2279 2182 periclitantur
2307 2107 2567 2179 apostoli,
2623 2116 2679 2161 ct
2706 2105 2913 2161 tamdiu
2945 2103 3244 2161 imminens
3272 2102 3493 2159 naufra-

222 2205 383 2264 Ροεηλ
405 2195 671 2267 εθηιίῠαε
697 2194 885 2251 Cibum
906 2195 1168 2266 Ρνωιιεειιν
1206 2196 1287 2250 ναι
1332 2210 1397 2251 εἰ
1430 2193 1680 2264 πθιίίιυίίι
1702 2192 1795 2249 άο⁴
1901 2205 2049 2275 gium
2073 2211 2422 2273 perseverat,
2472 2199 2728 2270 quamdiu
2758 2197 2919 2254 Jesus
2940 2197 3141 2255 veniat.

218 2301 315 2344 seat
338 2305 493 2345 veros
517 2290 702 2345 fuisse
724 2304 916 2361 panes,
931 2290 1025 2362 qui
1049 2300 1240 2361 postea
1269 2288 1615 2360 multiplicati
1639 2299 1788 2345 sunt.
1962 2297 2147 2369 (vers.
2175 2293 2299 2366 25.)
2341 2293 2547 2360 Quarta
2604 2301 2775 2348 autem
2807 2291 2986 2363 vigilia
3029 2289 3197 2345 noctis
3226 2289 3367 2345 venit
3424 2287 3495 2342 ad

218 2383 271 2438 Et
294 2383 436 2439 simul
469 2400 691 2456 qumre,
729 2384 1014 2455 quomodo
1043 2386 1097 2440 in
1117 2399 1305 2441 eremo
1329 2394 1385 2441 et
1414 2385 1466 2439 in
1498 2394 1608 2439 tam
1634 2394 1789 2439 vasta
1890 2407 1977 2447 εοι
1995 2390 2439 2462 mbulanssstpra
2461 2403 2626 2445 mare.
2655 2387 2937 2443 Stationes
2959 2393 3019 2441 et
3048 2383 3252 2454 vigiliae
3284 2382 3500 2439 milita-

214 2476 480 2533 soiitudine
508 2492 694 2550 panes
731 2492 843 2533 non
867 2478 1241 2547 inveniantur,
1266 2476 1374 2533 nisi
1399 2477 1641 2549 quinque
1670 2486 1789 2534 tan-
1892 2501 1984 2542 res
2014 2485 2068 2540 in
2093 2495 2250 2541 terna
2285 2486 2542 2538 horarum
2567 2480 2744 2552 spatia
2763 2478 3102 2536 dividuntur.
3152 2477 3387 2546 Quando
3411 2493 3499 2533 cr-

213 2580 327 2638 tntn,
347 2583 402 2629 et
431 2572 555 2629 duo
581 2572 858 2642 pisciculi,
891 2573 1049 2646 106
1077 2581 1137 2629 et
1166 2581 1273 2629 tam
1306 2573 1466 2628 facile
1494 2571 1785 2630 duodecim

1920 2593 1962 2641 ;o
1988 2576 2145 2644 dicit,
2170 2586 2362 2647 quarta
2406 2575 2590 2644 vigilia
2620 2575 2801 2629 noctis
2825 2573 3046 2629 venisse
3078 2571 3143 2626 ad
3175 2587 3268 2628 eos
3316 2572 3501 2628 Domi-

210 2668 397 2735 cophini
422 2666 449 2705 δ
471 2669 851 2739 reperiantur.
1889 2685 2043 2739 num,
2071 2669 2313 2725 ostendit
2358 2677 2468 2723 tota
2517 2676 2675 2723 nocte
2707 2668 3063 2735 periclitatos,
3095 2677 3150 2722 et
3186 2675 3210 2701 θ
3242 2674 3491 2721 extrema

268 2756 444 2829 (Vera.
494 2755 651 2831 21.)
691 2759 1123 2815 Mandacantiaun
1172 2769 1347 2815 autem
1390 2760 1491 2832 fuit
1543 2776 1785 2814 numerus
1890 2772 2049 2835 parte
2074 2765 2273 2831 noctis,
2303 2762 2543 2833 atquein
2571 2763 3056 2817 consummatione
3082 2759 3273 2817 mundi
3294 2759 3376 2817 eis
3400 2774 3497 2814 au-

207 2848 397 2921 quinqus
422 2851 604 2905 millia
629 2852 882 2920 virorum,
936 2851 1164 2922 exceptis
1191 2851 1493 2906 mulieribus
1522 2861 1571 2905 et
1595 2867 1787 2919 parvu-
1892 2856 2087 2913 xilium
2110 2855 2493 2927 pmbiturum.

208 2939 277 2994 lis.
296 2941 446 2997 iusta
468 2958 768 3000 numerum
797 2944 1036 3015 quinque
1052 2960 1273 3015 panum,
1303 2953 1359 3001 et
1376 2943 1782 3000 comedentium

1961 2948 2151 3021 (Vera.
2182 2947 2298 3019 26.)
2341 2947 2411 3002 Et
2450 2948 2677 3003 videntes
2707 2963 2826 3002 eum
2855 2961 3019 3018 supra
3044 2960 3191 2999 mare
3215 2943 3491 3001 ambulan—

209 3030 416 3088 Virorum
463 3036 723 3107 quinque
750 3036 983 3091 millium
1043 3037 1332 3093 multitudo
1373 3046 1478 3093 est.
1531 3036 1785 3093 Necdum
1888 3054 2012 3111 tem,
2063 3043 2258 3098 turbati
2308 3051 2452 3111 sunt,
2501 3040 2930 3113 dicentes:un
2980 3039 3289 3112 phantasma
3309 3048 3407 3097 est.
3434 3038 3493 3095 Si

212 3124 331 3180 enim
352 3127 669 3184 secundum
714 3128 949 3184 alterius
976 3129 1082 3185 loci
1109 3130 1478 3186 narrationem
1500 3129 1568 3186 ad
1593 3141 1780 3200 septe-
1884 3134 2046 3207 juxta
2102 3133 2435 3191 Marcionem
2475 3144 2530 3189 et
2562 3131 2942 3200 Manicheum,
2997 3130 3257 3187 Dominus
3305 3140 3497 3187 noster

208 3218 389 3274 narium
437 3238 738 3278 numerum
778 3233 1007 3278 venerat
1028 3262 1046 3292 ,
1100 3239 1263 3295 quem
1312 3224 1404 3294 qui
1459 3224 1781 3293 comedunt,
1810 3213 1858 3280 Ο
1891 3242 1999 3283 non
2024 3236 2106 3282 est
2129 3235 2287 3283 natus
2312 3241 2380 3281 ex
2408 3225 2656 3296 Virgine,
2682 3224 2781 3279 sed
2813 3223 2965 3280 visus
2996 3223 3049 3281 in
3072 3224 3487 3297 phantasmate;

208 3322 409 3380 quatuor
431 3316 608 3372 millia
655 3323 812 3383 sunt,
836 3316 1011 3372 vicina
1058 3316 1488 3389 Evangeliorum
1530 3334 1780 3375 numero.
1886 3318 2167 3391 quomodo
2209 3333 2355 3375 nunc
2403 3318 2640 3389 apostoli
2670 3318 2868 3377 timent
2916 3333 2984 3377 ne
3024 3316 3348 3389 phantasma
3410 3317 3491 3370 vi-

207 3400 479 3463 Comedunt
499 3419 691 3464 autem
717 3409 956 3481 quinque
984 3409 1160 3466 millia
1183 3411 1427 3466 virorum
1455 3412 1546 3482 qui
1575 3412 1627 3467 in
1652 3427 1779 3483 per-
1887 3412 2089 3468 deant?

204 3495 372 3555 lectum
424 3502 605 3559 virum
659 3513 971 3571 creverant,
1006 3512 1061 3560 et
1109 3503 1481 3576 sequebantur
1532 3520 1680 3572 eum,
1712 3505 1783 3563 de
1961 3505 2033 3565 Et
2060 3523 2170 3578 pra:
2187 3507 2371 3562 timore
2393 3505 2770 3562 clamauerunt.
2801 3499 3073 3558 Confusus
3090 3502 3297 3558 clamor
3325 3511 3379 3559 et
3411 3498 3490 3559 iu«i

204 3606 292 3663 quo
315 3595 437 3652 dicit
482 3598 791 3654 Zacharias
823 3615 843 3655 ε
874 3598 1007 3653 Ecce
1054 3599 1156 3664 vir,
1191 3597 1375 3653 Oriens
1426 3615 1613 3655 nomen
1641 3602 1778 3671 ejus.
1886 3608 2037 3655 certa
2068 3614 2190 3665 vox,
2210 3598 2392 3670 magni
2423 3597 2641 3654 timoris
2682 3595 2945 3653 indicium
2975 3605 3081 3653 est.

209 3687 461 3760 (Ζαεέμνι,
495 3693 621 3764 ιε.)
656 3687 913 3750 Mulieres
955 3702 1159 3764 autem,
1190 3704 1213 3733 ο
1241 3704 1294 3749 et
1336 3693 1549 3765 parvuli
1570 3739 1585 3763 ,
1616 3708 1781 3752 sexus
1962 3691 2145 3763 (Vere.
2176 3691 2295 3764 27.)
2327 3692 2622 3762 Statimque
2651 3688 2811 3745 Iesus
2834 3688 3040 3745 locutus
3067 3699 3141 3744 est
3162 3689 3259 3756 eis,
3292 3689 3489 3746 dicens:

206 3777 378 3853 fragilis
406 3796 458 3843 et
487 3796 630 3843 tetas
662 3787 862 3853 minor,
885 3803 1111 3844 numero
1132 3786 1341 3857 indigni
1367 3797 1513 3844 sunt.
1542 3787 1698 3846 Unde
1726 3798 1782 3846 et
1888 3786 2091 3845 Habete
2119 3786 2394 3858 ﬁduciam,
2428 3802 2522 3862 ego
2574 3801 2710 3853 sunt,
2765 3784 2928 3838 nolite
2959 3783 3152 3838 timere.
3186 3781 3342 3850 Quod
3372 3783 3491 3852 pri-

203 3874 249 3931 in
272 3876 621 3938 Numerorum
647 3880 789 3936 libro
831 3880 1047 3953 quoties
1074 3881 1390 3938 sacerdotes
1412 3892 1575 3953 atque
1612 3881 1777 3938 Levi-
1887 3898 2037 3941 mum
2065 3881 2386 3939 versabatur
2410 3879 2469 3935 in
2493 3893 2678 3946 causa,
2720 3877 2824 3933 hoc
2863 3886 3039 3947 curat,
3081 3884 3135 3931 et
3165 3873 3487 3931 timentibus

205 3975 278 4036 ιε,
298 3981 342 4027 et
367 3974 652 4030 exercitus
684 3973 773 4029 vel
796 3974 973 4029 turbae
990 3974 1348 4047 pugnantium
1364 3973 1776 4044 describuntur,
1886 3973 2160 4046 prtccipit,
2183 3971 2630 4040 dicensallabete
2657 3970 2931 4043 fiduciam,
2974 3969 3137 4024 nolite
3181 3969 3381 4023 timere.
3413 3966 3487 4022 Et

205 4063 320 4118 servi
346 4077 395 4121 et
417 4067 708 4135 mulieres,
742 4077 797 4123 et
822 4068 1056 4138 parvuli,
1084 4076 1140 4123 et
1170 4068 1360 4139 vulgus
1391 4067 1629 4140 ignobile
1654 4069 1778 4126 abs-
1886 4067 2032 4142 quod
2061 4066 2330 4141 sequitur,
2374 4064 2488 4138 Ego
2515 4082 2651 4133 sum,
2678 4080 2778 4121 nec
2809 4062 3089 4136 subjunglt
3117 4062 3241 4131 quis
3266 4060 3362 4127 sit,
3398 4060 3485 4116 vel

207 4166 290 4223 ιω
312 4172 531 4215 numero
557 4160 1024 4230 prwlermillilur-
1882 4178 1953 4223 ex
1974 4177 2111 4219 voce
2134 4160 2238 4218 sibi
2267 4168 2393 4215 uota
2438 4167 2694 4229 poterant
2734 4174 2861 4214 eum
2914 4154 3239 4225 intelligere,
3270 4155 3362 4224 qui
3393 4170 3490 4225 per

260 4246 424 4319 (Vera.
456 4250 580 4323 22.)
630 4250 701 4306 Et
728 4248 757 4289 ει
788 4253 967 4307 statim
1004 4253 1254 4325 compulit
1303 4251 1459 4309 Iesus
1488 4252 1778 4324 discipulos
1882 4253 2132 4311 obscura:
2157 4253 2333 4308 noctis
2356 4253 2617 4308 tenebras
2640 4250 2987 4321 loquebatur,
3021 4249 3105 4305 vel
3135 4246 3152 4287 ί
3170 4248 3347 4319 ipsum
3365 4262 3488 4304 esse

201 4350 299 4394 suos
320 4343 593 4398 ascendere
645 4346 701 4398 in
730 4343 1043 4412 naviculam,
1085 4353 1133 4399 et
1163 4344 1449 4416 praecedere
1473 4361 1591 4399 eum
1633 4355 1777 4401 trans
1887 4346 2235 4420 repetebant,
2289 4360 2449 4416 quem
2496 4343 2739 4399 locutum
2789 4341 2857 4397 ad
2900 4341 3123 4414 Moysen
3175 4350 3481 4396 noverant:

201 4430 379 4502 fretum,
425 4436 598 4494 donec
642 4436 921 4491 dimitteret
951 4436 1145 4494 turbas.
1200 4435 1493 4509 Discipulis
1519 4438 1779 4510 praecepit
1881 4440 2013 4498 Hice
2067 4440 2206 4495 dices
2254 4438 2380 4509 [iliis
2427 4434 2648 4492 Israel:
2690 4435 2782 4507 qui
2833 4446 2932 4503 est,
2992 4433 3131 4488 misit
3166 4449 3243 4487 me
3270 4432 3340 4487 ad
3386 4448 3476 4487 vos

200 4530 547 4601 transfretare,
575 4538 636 4585 et
665 4529 935 4601 compulit
963 4539 1026 4585 ut
1049 4530 1407 4586 ascenderant
1428 4531 1775 4591 naviculam:
1886 4534 2087 4605 (Exod.
2112 4549 2193 4602 ιιι,
2223 4531 2334 4603 Η).

199 4631 288 4686 quo
312 4634 561 4679 sermone
589 4622 903 4679 ostenditur
951 4622 1154 4679 invitos
1184 4638 1278 4678 eos
1329 4639 1359 4677 ιι
1408 4622 1640 4680 Domino
1691 4641 1775 4681 rc-
1801 4621 1857 4684 D
1952 4629 2139 4700 (\‘ers.
2169 4626 2264 4695 28,
2295 4622 2417 4696 ‘29.)
2459 4622 2804 4693 Respondeas
2850 4631 3025 4677 autent
3052 4619 3267 4688 Petrus,
3302 4620 3437 4676 dixit
3461 4636 3481 4676 :

200 4714 399 4771 cessisse
432 4733 446 4768 :
475 4716 610 4772 dum
662 4730 849 4773 amore
880 4717 1238 4788 praeceptoris
1265 4732 1333 4772 ne
1359 4728 1617 4790 punctum
1648 4720 1770 4792 qui-
1884 4723 2129 4790 Domine,
2162 4721 2207 4777 si
2234 4734 2291 4775 tu
2316 4737 2391 4787 es,
2436 4718 2557 4788 iube
2607 4734 2686 4772 me
2734 4716 2907 4773 venire
2938 4715 3006 4770 ad
3039 4725 3085 4768 ιε
3114 4732 3271 4788 super
3296 4731 3480 4785 aquas.

198 4804 300 4865 dem
329 4814 591 4884 temporis
619 4813 689 4868 ab
719 4829 784 4870 eo
812 4813 1003 4870 volunt
1025 4815 1298 4885 separari.
1881 4824 1949 4875 At
1970 4820 2083 4889 ipse
2109 4817 2186 4870 ait
2220 4832 2238 4870 :
2269 4814 2422 4870 Veni.
2456 4813 2515 4870 in
2537 4815 2791 4870 omnibus
2816 4812 2952 4869 lacis
2982 4809 3387 4869 ardentissima:
3417 4811 3485 4867 li-

256 4902 424 4976 (Vers.
448 4908 575 4981 95.)
620 4905 690 4962 Et
714 4908 930 4964 dimissa
957 4909 1127 4976 turba,
1177 4908 1414 4964 ascendit
1448 4911 1505 4965 in
1552 4920 1775 4969 montem
1883 4912 1970 4970 dei
2011 4909 2287 4967 invenitur
2332 4907 2547 4963 Petrus.
2578 4905 2943 4978 Interrogatis
2981 4903 3296 4975 discipulis,
3320 4920 3482 4977 quem

258 5072 428 5145 {Huic
446 5073 759 5145 Scriptura:
783 5069 1055 5145 versiculo
1078 5069 1417 5145 substituunt
1469 5078 1580 5145 tres
1628 5088 1763 5132 mss.
1871 5072 2065 5145 dumii
2084 5069 2174 5143 qui
2203 5069 2391 5145 viginti
2403 5084 2574 5145 annos
2628 5067 2740 5145 nati
2765 5069 2818 5145 in
2848 5066 2983 5122 libro
3014 5064 3367 5145 umerorum
3396 5081 3479 5119 re-

197 5137 394 5219 Etdcdit
417 5137 698 5219 discipulis
716 5160 877 5217 panes
910 5158 928 5195 :
966 5142 1211 5213 discipuli
1238 5153 1409 5219 autem
1437 5143 1622 5200 turbis.
1872 5143 2014 5199 censi
2042 5137 2184 5212 sunt,
2219 5137 2495 5197 Israelitas
2527 5140 2665 5219 viros
2707 5140 2872 5208 fuisse
2903 5155 2921 5192 :
2948 5140 3044 5219 qui
3063 5155 3182 5219 vero
3207 5140 3351 5209 digni
3370 5154 3473 5191 non

252 5213 277 5252 δ
299 5216 397 5275 Prs
436 5210 794 5289 reperiantur,
843 5230 965 5286 qua:
990 5210 1252 5289 tinavera
1275 5213 1580 5289 iectiogest;
1617 5224 1675 5272 ut
1701 5234 1766 5274 ex
1873 5222 2062 5289 erant,
2088 5210 2307 5289 quorum
2327 5223 2473 5289 tanta
2499 5212 2635 5266 ratio
2664 5221 2711 5265 et
2738 5228 2985 5265 numerus
3025 5210 3323 5279 haberetur,
3356 5225 3482 5278 pne-

197 5283 297 5354 ipso
323 5283 509 5345 statim
534 5298 806 5360 contextu
855 5283 1159 5360 apparebit,
1193 5287 1638 5360 vitiose__lectum
1672 5290 1769 5343 ba-
1872 5283 2220 5360 restitissem
2248 5285 2490 5360 (ciuiuus.

197 5352 362 5433 etenus
386 5362 713 5433 repleantur.
740 5352 944 5433 Mirum
964 5357 1069 5413 ltoc
1102 5358 1181 5433 ait
1226 5372 1351 5433 esse
1385 5358 1766 5433 Hieronymus,
1950 5352 2213 5433 {Vocula
2240 5352 2415 5433 statim
2446 5359 2497 5410 in
2532 5354 2733 5433 nostris
2759 5370 2889 5433 m_s_s.
2909 5352 3476 5433 desideratur.__Porro

199 5425 506 5556 mdpanes
551 5448 659 5488 non
697 5430 1049 5487 inveniantur
1076 5428 1178 5485 nisi
1208 5430 1466 5501 quinque,
1502 5425 1630 5500 etei,
1658 5425 1765 5487 tam
1878 5428 2023 5487 sacri
2046 5437 2221 5485 textus
2253 5428 2761 5496 interpretationem
2796 5426 2882 5482 hic
2908 5440 3121 5499 quoque
3159 5425 3217 5480 S.
3275 5425 3472 5479 Doctor

271 5502 335 5556 'le
358 5515 543 5556 autem
559 5502 848 5556 duodecim
876 5501 1115 5556 conbini.
1880 5519 1946 5556 ex
1976 5497 2305 5556 Adamantio
2335 5499 2613 5555 delibavit.

271 5497 543 5561 ile-antem
559 5502 848 5560 duodecim
876 5501 1115 5573 copbini.
1226 5497 1240 5501 ⁷
1356 5497 1371 5500 ⁷
1454 5497 1461 5500 ⁷
1618 5497 1625 5500 ⁷
1880 5519 1946 5561 ex
1976 5497 2305 5573 Adamantio
2335 5499 2613 5555 delibavit.

218 5640 229 5653 .
258 5584 280 5613 ε
302 5575 352 5631 id
380 5579 559 5653 ipsum
586 5574 862 5653 transtulit
882 5573 1336 5653 _cx.A_damantio,
1373 5573 1527 5644 cujus
1552 5587 1770 5653 senten-
1956 5584 1978 5653 ς
2012 5572 2803 5653 _V‘ictor_;,_ct.ca:trem_o_noctis.

199 5639 467 5718 Ψωμὸᾼά
502 5647 664 5718 paulo
692 5643 963 5718 prolixior
985 5644 1077 5708 sit,
1110 5644 1303 5718 Latine
1326 5639 1537 5702 tantum
1580 5647 1771 5702 lauda-
1955 5642 1974 5686 ί
2012 5643 2165 5699 Unus
2195 5643 2451 5718 Palatin.,
2485 5643 2562 5696 vel
2587 5642 2759 5706 ipsum
2780 5642 2910 5718 scire
2934 5646 3193 5718 poterant,
3221 5656 3370 5718 quem
3402 5639 3476 5693 lo-

196 5711 358 5790 Ιὶριιιιέ
372 5737 386 5773 :
408 5711 568 5775 Dicat
581 5711 763 5790 autent
792 5715 1005 5786 aliquis,
1039 5733 1155 5790 cum
1185 5717 1333 5790 inulti
1372 5733 1466 5790 pro
1517 5719 1702 5773 merito
1724 5729 1773 5775 et
1878 5729 2075 5790 catum,
2108 5724 2221 5790 etc;
2242 5714 2479 5790 Rursum
2508 5731 2604 5785 pro
2628 5712 2936 5790 repetebant.
2972 5713 3102 5765 olim
3152 5711 3375 5790 vulgati,
3400 5728 3484 5765 rc-

197 5786 367 5861 ?iribus
407 5788 749 5853 comederint,
786 5797 851 5861 ct
881 5783 1157 5861 participes
1197 5788 1331 5861 facti
1356 5783 1551 5861 fuerint
1574 5807 1772 5861 panum
1880 5788 2153 5860 putabant.
2189 5786 2399 5845 thabb.
2446 5783 2790 5857 quoquc,rel
2841 5784 3010 5855 ipsum
3057 5798 3165 5837 isse
3186 5784 3315 5839 scire
3346 5797 3487 5855 pate-

196 5853 565 5934 batedictianis,
592 5877 675 5921 eos
705 5859 798 5932 qui
827 5853 1037 5917 numero
1057 5853 1213 5930 digni
1232 5853 1399 5929 erant,
1426 5853 1767 5933 quent'admo-
1880 5853 2023 5917 rant.
2462 5853 2477 5857 ﬂ
2572 5853 2586 5857 ’
2669 5853 2675 5855 ⁷
2862 5853 2869 5855 ”
3280 5882 3283 5885 ·
