4004 6332
515 284 621 346 1θῦ

1761 286 1819 343 S.
1860 283 2133 343 EUSEBII
2169 285 2559 343 lllERONYMl

3706 295 3803 354 104

516 402 766 457 homines
793 400 1039 459 dicerent
1064 402 1251 460 Jesum
1295 402 1389 460 Dei
1410 403 1606 461 Filium
1638 401 1950 459 conﬁtetur.
2002 402 2106 457 νο-
2134 410 2181 468 Α
2213 420 2359 470 nam,
2383 403 2726 477 apprehendit
2748 421 2889 473 eum,
2915 416 2964 461 et
2991 406 3064 460 ait
3090 406 3168 461 illi
3196 404 3461 467 :Modicte
3483 408 3628 480 ﬁdei,
3652 426 3803 481 quare

512 499 719 555 lentem
764 500 830 555 ad
877 501 1189 571 passionem
1222 517 1484 573 pergere,
1533 500 1834 571 prohibet:
1879 507 1936 555 et
1985 499 2111 554 licet

512 600 664 648 erret
690 593 743 647 in
769 608 957 661 sensu,
997 602 1176 650 tamen
1207 609 1316 648 non
1352 602 1509 648 errat
1555 592 1607 647 in
1656 591 1850 647 atl‘ectu
1881 609 1894 645 :
1920 592 2109 646 nolens

510 700 638 743 eum
667 688 831 755 mori,
861 703 1023 759 quem
1059 688 1256 743 Filium
1288 688 1383 743 Dei
1416 687 1592 742 fuerat
1620 688 1779 755 paulo
1805 694 1932 742 ante
1980 702 2110 741 cin-

2212 496 2503 551 dubitasti?
2533 495 2598 550 Et
2644 513 2763 551 cum
2792 498 3111 553 ascendisset
3157 497 3214 553 in
3243 499 3560 568 nauiculam,
3586 503 3798 557 cessavit

2212 600 2419 643 ventus.
2471 590 2528 644 Si
2581 590 2832 660 apostolo
2861 591 3047 656 Petro,
3080 591 3150 647 de
3178 592 3339 662 cujus
3371 592 3479 649 ﬁde
3508 603 3563 648 et
3609 593 3802 651 ardore

2212 685 2410 738 mentis
2460 699 2628 754 supra
2671 684 2950 755 diximus,
2994 685 3085 755 qui
3124 687 3469 742 conﬁdenter
3517 672 3805 760 rogaret-at

512 781 711 839 fessus.
753 784 810 837 ln
838 791 1078 839 montem
1110 798 1232 838 cum
1261 781 1546 838 Salvatorc
1576 782 1719 837 inter
1748 781 1952 851 primos
2001 782 2110 850 pri-
2209 778 2573 843 Salvatorem,
2618 778 2809 834 dicens
2841 778 3125 847 :Domine,
3160 780 3209 833 si
3234 789 3290 834 tu
3311 797 3389 847 es,
3430 780 3561 854 jube
3599 798 3680 838 me
3724 799 3803 837 ve-

512 891 632 932 mus
656 875 923 942 ascendit,
970 884 1023 929 et
1055 874 1109 929 in
1152 873 1407 944 passione
1448 873 1601 929 solus
1629 873 1895 944 sequitur,
1949 872 2109 945 108

514 981 795 1042 peccatum
849 967 1154 1038 negationis
1198 967 1341 1039 quod
1365 984 1432 1022 ex
1469 966 1757 1037 repentino
1784 966 1980 1021 timore
2005 972 2106 1022 de-

511 1062 821 1127 scenderat,
844 1060 1047 1115 amaris
1068 1061 1255 1116 statim
1277 1060 1451 1116 abluit
1476 1060 1757 1132 lacrymis.
1772 1069 1795 1096 α
1823 1058 1955 1114 Post
1980 1073 2106 1129 pas-

512 1154 721 1210 sionem
754 1168 876 1207 cum
908 1160 1097 1208 essent
1144 1151 1200 1206 in
1244 1151 1366 1207 lacu
1413 1150 1774 1218 Genesareth,
1828 1157 1886 1206 et
1930 1151 2105 1220 pisca-

507 1259 716 1313 rentur,
749 1255 805 1302 et
834 1245 1101 1300 Dominus
1127 1252 1303 1300 staret
1328 1245 1379 1299 in
1431 1244 1640 1311 littore,
1672 1243 1797 1298 aliis
1843 1243 2100 1311 paulatim

508 1336 917 1410 navigantibus,
952 1337 1044 1393 ille
1073 1353 1183 1391 non
1214 1335 1420 1407 patitur
1449 1349 1655 1402 moras,
1682 1333 1782 1391 sed
1827 1335 2103 1391 acciuetus

506 1435 777 1508 epcndyte
799 1449 923 1500 suo,
962 1433 1146 1488 statim
1172 1430 1538 1503 prtecipitatur
1567 1430 1623 1484 in
1650 1429 1866 1485 ﬂuctus.
1898 1428 2098 1484 Eodem

505 1532 672 1604 igitur
696 1530 821 1585 ﬁdei
851 1527 1050 1584 ardore
1074 1544 1183 1599 quo
1200 1541 1439 1597 semper,
1464 1539 1853 1595 nuncquoque,
1887 1523 2101 1579 creteris

506 1622 838 1689 tacentibus,
872 1620 1045 1677 credit
1076 1634 1136 1675 se
1167 1633 1326 1689 posse
1381 1616 1561 1673 facere
1611 1631 1711 1687 per
1764 1616 2098 1672 voluntatem

504 1716 774 1787 magistri,
819 1713 965 1786 quod
999 1712 1092 1769 ille
1134 1721 1344 1783 poterat
1391 1725 1489 1781 per
1532 1717 1806 1765 naturam.
1856 1706 1991 1763 Jube
2017 1723 2101 1762 me

498 1812 670 1866 uenire
698 1808 766 1862 ad
807 1817 855 1863 te
878 1823 1039 1877 super
1066 1822 1251 1876 aquas.
1284 1803 1365 1859 Tu
1419 1802 1675 1873 praecipe,
1702 1810 1760 1857 et
1784 1800 1932 1857 illico
1968 1800 2098 1854 soli-
2129 1810 2174 1870 Β

502 1904 779 1960 dabuntur
842 1900 1004 1956 undae
1042 1907 1144 1955 :et
1171 1899 1292 1954 leve
1333 1896 1427 1953 ﬁet
1451 1910 1654 1966 corpus
1696 1893 1841 1966 quod
1899 1909 1995 1966 per
2043 1908 2103 1949 se

542 2015 667 2048 rave
704 2015 809 2048 85L

542 2015 594 2048 l‘il
795 2034 809 2048 .

503 2013 535 2069 8
572 2003 990 2144 ἆθάῖίἓεηάεηδ
1029 2085 1222 2142 Petrus
1242 2085 1308 2140 de
1337 2084 1595 2147 navicula,
1623 2082 1918 2138 ambulabat
1948 2098 2101 2155 super

499 2201 711 2257 aquam,
746 2192 803 2240 ut
829 2183 1026 2243 ueniret
1050 2181 1120 2237 ad
1144 2181 1351 2236 Jesum.
1383 2180 1488 2249 Qui
1520 2187 1709 2250 putant
1736 2178 1950 2234 Domini
1978 2192 2101 2233 cor-

508 2295 610 2351 pus
640 2280 765 2335 ideo
789 2292 898 2333 non
927 2289 1052 2334 esse
1077 2290 1294 2341 verum,
1325 2274 1450 2344 quia
1475 2286 1640 2344 super
1669 2271 1861 2326 molles
1905 2284 2095 2341 aquas,

502 2373 671 2430 molle
717 2381 774 2429 et
811 2384 1031 2427 aereum
1057 2367 1370 2434 incesserit,
1424 2363 1790 2436 respondeant
1826 2362 2101 2434 quomodo

493 2465 853 2523 ambulaverit
874 2464 1253 2533 Petrus,quem
1277 2460 1461 2531 utique
1478 2473 1670 2515 verum
1694 2457 1971 2512 hominem
1984 2470 2093 2512 non

494 2561 793 2634 negabunt.

571 2652 751 2723 (Vers.
783 2648 900 2722 50.)
948 2646 1143 2703 Videas
1174 2662 1293 2702 vero
1345 2655 1552 2701 ventum
1599 2644 1852 2712 ualidum,
1901 2644 2091 2699 timuit.

494 2744 565 2801 Et
593 2762 710 2800 cum
749 2743 985 2814 cmpisset
1040 2739 1225 2813 mergi,
1280 2738 1546 2806 clamavit,
1595 2738 1771 2793 dicens
1800 2735 2090 2806 :Domiac,

494 2847 699 2903 salvum
741 2860 821 2901 me
870 2843 977 2914 fac.
1027 2839 1271 2895 Ardebat
1298 2838 1462 2893 animi
1515 2836 1671 2905 ﬁdes,
1714 2835 1810 2892 sed
1855 2837 2091 2892 humana

490 2937 761 3011 fragilitas
790 2936 845 2991 in
893 2932 1219 3005 profundum
1280 2929 1531 2985 trahebat
1572 2946 1585 2983 :
1630 2929 1905 2999 paululum
1958 2944 2091 3001 ergo

490 3031 819 3102 relinquitur
853 3025 1166 3094 tentatioui,
1215 3034 1273 3079 ut
1299 3033 1566 3095 augeatur
1609 3021 1777 3090 ﬁdes,
1810 3031 1866 3077 et
1890 3021 2093 3077 intelli-

489 3136 582 3200 gat
620 3142 679 3181 se
709 3140 818 3180 non
842 3121 1103 3178 facilitate
1149 3117 1552 3191 postulationis,
1583 3116 1683 3173 sed
1712 3117 1957 3187 potentia
1981 3115 2089 3173 Do-

491 3221 624 3278 tnini
648 3224 1056 3275 conservatum.

564 3313 747 3387 (Vers.
777 3310 870 3379 51,
894 3309 1013 3380 52.)
1058 3305 1128 3362 Et
1148 3306 1393 3361 continuo
1421 3303 1579 3359 Jesus
1634 3302 1919 3361 extendens
1972 3320 2087 3359 ma-

562 3457 588 3487 α
621 3443 895 3516 Przeponit
916 3442 1056 3498 idem
1082 3455 1210 3507 ms.,
1242 3438 1477 3516 _Dein_de.

560 3519 587 3558 ιι
627 3511 877 3582 Frustra,
918 3529 1077 3585 quam
1111 3511 1345 3585 nesciret
1387 3512 1526 3585 ipse.
1565 3511 2083 3585 interpretationem

492 3592 825 3663 llierOnymo
864 3580 1174 3663 suggerunt
1218 3582 1656 3663 ejﬂusneditores,
1701 3580 1977 3663 Victorius
2031 3592 2086 3636 et

488 3652 863 3725 Martiatiaeus;
889 3652 1064 3727 neque
1089 3654 1232 3727 enim
1252 3656 1313 3711 S.
1333 3653 1494 3709 Pater
1510 3668 1662 3727 suam
1688 3652 1913 3727 prpprie
1934 3659 2086 3727 igno-

490 3738 724 3791 rantiam
769 3724 1054 3802 preﬁtetur
1079 3769 1094 3795 ,
1131 3726 1228 3802 sed
1266 3741 1433 3802 quani
1471 3728 1527 3802 in_
1566 3726 1710 3802 hunc
1752 3725 1929 3802 locum
1963 3724 2084 3779 Ori-

488 3821 659 3877 genes
688 3796 1013 3877 sententiam
1042 3796 1372 3877 contulerat.
1412 3796 1604 3877 Latine
1637 3796 1703 3849 ad
1740 3797 1963 3877 verbum
1998 3812 2083 3877 re-

494 3865 654 3932 ludit.
703 3876 761 3931 In
804 3874 995 3930 Graeco
1027 3881 1146 3925 erat
1181 3886 1195 3923 :
1224 3865 1401 3924 Ἦλθον
1431 3869 1503 3942 si;
1529 3875 1622 3942 γῆν
1669 3870 1988 3942 Paveo-«pie,
2024 3866 2082 3929 ἧς

494 3888 654 3932 ludit.
705 3888 761 3931 In
804 3888 995 3930 Graeco
1027 3888 1146 3925 erat
1181 3888 1195 3923 :
1236 3888 1401 3924 umor
1431 3889 1503 3929 εις
1529 3889 1622 3942 γῆν
1669 3888 1950 3994 ιἐνεσαὲετ
1973 3909 1988 3933 ,
2024 3890 2082 3929 ης

489 3954 580 4025 τήν
606 3950 869 4025 ἑρμηνείαν
897 3946 939 4000 εἰ
967 3942 1217 4025 ἔγνωμεν,
1261 3940 1465 4025 uitiata?
1488 3943 1645 4025 αὐτῇς
1685 3940 1851 4025 ὠνάμς
1882 3961 1917 4021 at
1946 3936 2007 4025 civ
2031 3962 2083 3995 τι

488 4009 736 4097 πρὀςξέήν
770 4026 870 4076 τῶν
907 4009 1249 4097 «potentium?
1291 4010 1542 4097 διπὸυνιπμξτιοἶ
1579 4009 1840 4093 Venerunt
1874 4013 1933 4093 ’θη
1972 4022 2080 4064 lcr-

489 4082 607 4147 ram
631 4082 980 4153 Genesaretlt',
1026 4082 1179 4158 cujus
1224 4082 1697 4158 interpretationem
1729 4082 1775 4135 si
1809 4083 2076 4158 sciremus,

490 4166 553 4218 ab
593 4162 690 4218 illa
730 4166 1036 4236 juuaremar
1067 4153 1395 4236 aliquatenus
1448 4153 1517 4207 ad
1567 4168 1746 4236 eorum
1785 4154 2084 4236 tle-"quibus

489 4225 1162 4301 aginmsfexpositionem.
1201 4228 1505 4301 Scripserat
1535 4241 1667 4281 vero
1698 4225 1815 4301 ipse
1845 4225 1996 4301 ljier.
2024 4226 2079 4283 in

539 4296 782 4362 ominum
802 4296 976 4367 libro,
1007 4315 1168 4370 quem
1201 4298 1255 4370 in
1290 4297 1485 4352 bonam
1513 4306 1722 4370 partem
1753 4298 1822 4351 ab
1845 4296 2082 4370 Otigene

489 4379 811 4435 adornatum
839 4367 1046 4435 fuisse,
1077 4369 1422 4426 manifesmtn
1456 4367 1560 4433 esi,
1595 4367 1859 4423 Gennesar
1897 4369 2080 4423 hortus

491 4450 824 4519 principum;
860 4444 942 4501 sic
971 4441 1119 4519 enim
1150 4457 1250 4513 pro
1287 4451 1430 4494 ortus
1460 4440 1640 4519 malim
1665 4482 1678 4504 ,
1718 4447 1787 4519 ut
1824 4441 1878 4491 in
1925 4438 2079 4492 Notis

487 4510 555 4578 ad
590 4510 734 4575 hunc
776 4510 953 4572 locum
997 4510 1341 4567 observatum
1376 4522 1460 4566 est
1501 4511 1677 4567 nobis.
1718 4510 1921 4566 Verum
1976 4526 2076 4582 pro

486 4609 586 4648 suo
608 4592 838 4662 quisque
859 4585 1077 4655 ingenio
1099 4584 1258 4662 aliam
1291 4591 1451 4655 atque
1469 4582 1643 4662 _aliatn
1667 4582 2077 4662 interpretatio-

487 4652 1344 4721 nemexcudere—contenderunt
1368 4652 1440 4709 ex
1469 4653 1574 4709 hoc
1600 4652 1865 4708 vocabulo
1901 4652 2074 4708 edito-

486 4751 597 4792 res.
629 4733 907 4789 Vietorius
941 4727 1280 4785 Genesar-eth
1324 4726 1391 4781 ab
1436 4726 1599 4780 llebr.
1629 4733 1873 4784 m‘J‘N’:
1902 4723 2072 4780 inter-

486 4812 755 4879 pretatur,
780 4803 970 4858 vallem
988 4798 1254 4879 ﬂoridam,
1280 4797 1526 4878 hancque
1547 4797 1944 4879 eapositionem
1968 4797 2066 4864 ait,

484 4866 674 4937 sensui
692 4866 1008 4946 Hieronymi
1032 4873 1236 4940 Optime
1260 4869 1529 4946 coaptati,
1560 4868 1687 4921 dtttn
1711 4867 1779 4923 de
1810 4866 1995 4946 littore
2014 4879 2070 4923 et

486 4936 940 5021 tranquillissim'o
972 4936 1150 5021 portu,
1179 4956 1288 5021 quo
1314 4936 1800 5021 Ecclesitenavem
1816 4936 2070 5021 pliristus

483 5009 811 5084 transduxit,
834 5009 1170 5073 mentionem
1193 5009 1338 5067 facit.
1357 5011 1423 5066 Et
1446 5009 1795 5084 Martianteus
1820 5010 1935 5079 ipse
1950 5018 2066 5084 tam

483 5095 677 5150 stricte
708 5080 950 5146 Victorio
969 5085 1241 5149 adhaeret,
1276 5097 1334 5137 ut
1362 5099 1429 5137 ne
1454 5082 1622 5137 Verbo
1657 5080 1874 5149 quidem
1907 5082 2066 5137 ablu-

479 5166 593 5221 dat.
626 5166 948 5220 Econtrarto
976 5158 1149 5213 visum
1180 5156 1254 5211 cl.
1283 5154 1476 5211 lluetio
1509 5162 1594 5208 est
1623 5152 1849 5222 hujusce
1873 5151 2067 5207 dictio-

479 5238 568 5293 nis
594 5235 858 5307 originem
887 5230 1096 5307 relerre
1123 5229 1358 5307 spissum
1402 5224 1713 5307 ttt'gplitl‘m,
1754 5238 1878 5278 cum
1906 5224 2062 5307 nulla

478 5311 639 5380 plane
673 5295 849 5362 Exstat
883 5304 1007 5373 ejus
1030 5295 1235 5380 metuio
1268 5301 1320 5380 in
1350 5295 2062 5380 velerisn'l'estatuenti'He-

478 5366 667 5437 braico
705 5366 997 5433 contextu:
1049 5372 1100 5426 in
1149 5370 1282 5426 Novi
1327 5378 1505 5424 autem
1553 5366 1780 5439 Syriaca
1823 5366 2065 5439 editione

474 5452 744 5508 scribatur
764 5456 947 5509 nam.
975 5444 1159 5499 Placet
1180 5457 1312 5497 vero
1345 5437 1609 5511 integram
1633 5438 1932 5493 dot-tissimi
1960 5437 2063 5494 hu-

467 5522 626 5594 jusce
650 5518 971 5592 Origeniani
996 5514 1310 5594 interpretis
1338 5512 1746 5594 annotationent
1782 5511 2013 5593 recitare
2046 5550 2061 5594 ε

472 5582 560 5649 cui
585 5606 641 5650 et
676 5582 916 5647 nostram
949 5586 1130 5643 statim
1148 5582 1511 5655 subjiciemus
1531 5624 1547 5651 ,
1580 5598 1700 5654 qua:
1737 5584 1965 5652 propior
1996 5582 2064 5637 ad

473 5666 634 5720 ﬁdem
663 5662 896 5719 videtur.
927 5659 1019 5717 Ait
1046 5658 1135 5713 ille
1163 5672 1177 5710 :

548 5736 805 5790 Derivant
835 5732 940 5786 hoc
972 5743 1170 5784 nomen
1195 5726 1289 5782 alii
1318 5740 1348 5780 a
1369 5735 1688 5791 ΓΓἚΠἻΠἺᾸ,
1717 5724 1857 5795 quod
1893 5726 2061 5780 inter-

473 5817 779 5883 pretantur,
808 5802 958 5860 Δινιιιιὶσ
980 5801 1170 5874 ﬂorida
1205 5815 1223 5854 :
1260 5798 1481 5855 mallem
1507 5796 1660 5853 vallis
1682 5798 1881 5853 consita
1907 5840 1922 5866 ,
1953 5806 2059 5857 ﬁt:

2211 872 2323 927 nire
2352 872 2420 926 ad
2451 882 2500 927 te
2527 889 2690 944 super
2709 889 2894 945 aquas,
2921 877 3045 945 quia
3095 876 3372 946 paululum
3422 876 3626 943 timuit,
3675 876 3804 934 dici-

2211 974 2298 1021 tur
2322 984 2337 1020 :
2370 964 2599 1022 Modica:
2620 966 2768 1037 ﬁdei,
2801 985 2963 1038 quare
2984 968 3275 1024 dubitasti?
3297 968 3424 1040 quid
3446 970 3601 1026 nobis
3622 971 3802 1027 dicen-

2206 1059 2335 1114 dum
2360 1069 2467 1124 est,
2498 1062 2585 1128 qui
2621 1060 2777 1130 hujus
2805 1061 3035 1117 lllOdiCJ:
3066 1062 3213 1131 ﬁdei,
3239 1077 3340 1119 nec
3362 1062 3643 1119 minimam
3676 1066 3792 1135 qui-

2207 1152 2330 1209 dem
2359 1152 2622 1209 habemus
2652 1154 3093 1224 portiunculam?

2279 1247 2463 1318 (Vers.
2493 1247 2610 1317 '55.)
2653 1248 2757 1318 Qui
2780 1258 2958 1304 autem
3005 1249 3061 1303 in
3086 1250 3327 1304 navicula
3349 1260 3523 1317 erant,
3558 1265 3802 1310 venerunt

2206 1352 2254 1396 et
2284 1342 2631 1397 adoraverunt
2655 1360 2799 1411 eum,
2827 1343 3055 1399 dicentes
3083 1361 3096 1397 :
3134 1343 3266 1399 Vere
3294 1342 3343 1397 F
3346 1346 3467 1399 ilius
3490 1346 3585 1400 Dei
3605 1363 3681 1401 es.
3719 1346 3799 1403 Ad

2207 1450 2372 1490 unum
2398 1435 2611 1505 signum
2641 1435 3037 1507 tranquillitate
3071 1437 3235 1492 maris
3267 1435 3505 1505 reddita,
3532 1454 3653 1509 quin
3681 1450 3800 1508 post

2207 1526 2405 1582 nimias
2436 1527 2705 1596 procellas
2738 1528 3012 1583 interdum
3045 1537 3099 1583 et
3129 1543 3259 1582 casu
3288 1528 3405 1583 ﬁeri
3429 1529 3589 1596 solet,
3619 1541 3801 1587 nauta:

2204 1629 2369 1691 atque
2396 1631 2649 1675 vectores
2677 1635 2810 1676 vere
2839 1620 3035 1676 Filium
3059 1621 3151 1676 Dei
3168 1620 3518 1689 conﬁtentur,
3547 1630 3604 1678 et
3636 1624 3800 1680 Arius

2206 1713 2258 1767 in
2290 1713 2539 1769 Ecclesia
2567 1714 2832 1784 praedicat
2854 1727 3187 1771 creaturam.

2278 1805 2458 1877 (Vers.
2516 1804 2635 1879 54.)
2674 1806 2745 1862 Et
2791 1825 2911 1863 cum
2960 1812 3384 1880 transfretasset,
3448 1821 3693 1865 venerunt
3744 1811 3799 1864 ia

2211 1900 2370 1972 109
2389 1909 2583 1955 terram
2613 1899 2944 1956 Genesaretlt.
2981 1902 3337 1971 Si_sciremus
3366 1902 3496 1974 quid
3520 1903 3573 1958 in
3605 1912 3799 1959 nostra

2201 1992 2385 2062 lingua
2424 2003 2710 2049 resonaret
2733 1992 2758 2031 ι)
2788 1992 3147 2061 Genesaretb,
3199 1994 3623 2067 intelliget-emus
3662 2011 3799 2067 quo-

2201 2086 2365 2142 modo
2390 2088 2553 2143 Jesus
2575 2103 2675 2159 per
2694 2098 2878 2160 typum
2901 2088 3273 2159 apostolorum
3304 2098 3362 2145 et
3401 2089 3573 2155 navis,
3607 2088 3800 2146 Eccle-

2200 2185 2335 2237 siam
2366 2181 2436 2236 de
2469 2181 2869 2251 persecutionis
2891 2181 3178 2253 naufragio
3211 2181 3497 2237 liberatam
3543 2181 3799 2237 transdu-

2200 2285 2289 2330 tat
2333 2274 2592 2343 adlittus,
2625 2275 2755 2331 etin
2808 2274 3262 2344 tranquillissimo
3304 2284 3465 2346 portu
3515 2274 3684 2332 iaciat
3713 2290 3800 2331 re-

2198 2369 2507 2440 quiescere.

2271 2462 2451 2535 (Vers.
2484 2462 2611 2535 55.)
2644 2463 2713 2519 Et
2740 2480 2856 2519 cum
2895 2465 3251 2537 cognovissent
3278 2481 3397 2520 eum
3440 2465 3538 2519 viri
3577 2466 3681 2519 loci
3735 2466 3801 2521 il-

2197 2557 2321 2625 lius,
2346 2557 2598 2613 miserunt
2624 2558 2679 2611 in
2712 2560 3003 2613 uniuersam
3024 2558 3283 2630 regionem
3311 2556 3479 2612 illam.
3507 2555 3802 2629 Cognove-

2196 2658 2322 2704 runt
2350 2664 2473 2705 eum
2507 2663 2745 2715 rumore,
2773 2665 2879 2705 non
2903 2648 3039 2706 facie
3058 2690 3075 2718 ,
3099 2650 3186 2706 vel
3214 2662 3364 2708 certe
3391 2666 3491 2722 pro
3518 2649 3799 2721 signorum

2194 2741 2594 2814 magnitudine,
2628 2758 2749 2813 qute
2777 2742 3022 2813 patrabat
3063 2742 3118 2798 in
3168 2743 3412 2814 populis,
3445 2743 3611 2799 etiam
3643 2744 3802 2799 vultu

2194 2837 2440 2909 plurimis
2470 2848 2631 2891 notus
2669 2845 2811 2891 erat.
2844 2836 2913 2891 Et
2944 2834 3069 2893 vide
3092 2844 3293 2907 quanta
3329 2834 3402 2891 sit
3443 2835 3577 2891 ﬁdes
3621 2835 3805 2891 homi-

2195 2947 2321 2986 num
2355 2941 2513 2987 terrte
2538 2928 2874 2987 Geuesareth
2896 2972 2912 2998 ,
2961 2938 3021 2984 ut
3059 2945 3164 2984 non
3203 2927 3549 2999 pra-sentiunt
3583 2937 3802 2984 tantum

2193 3028 2368 3081 salute
2387 3024 2628 3080 contenti
2659 3024 2799 3089 sint,
2833 3022 2930 3078 sed
2957 3024 3176 3078 mittant
3205 3021 3270 3076 ad
3301 3022 3435 3077 alias
3468 3038 3565 3092 per
3599 3021 3804 3077 circui-

2194 3131 2302 3174 tmn
2330 3118 2597 3185 civitates,
2626 3131 2734 3187 quo
2762 3130 2956 3172 omnes
2982 3124 3209 3171 currant
3230 3114 3297 3170 ad
3328 3114 3622 3172 medicum.

2266 3211 2444 3283 (Vers.
2473 3209 2591 3281 36.)
2623 3209 2693 3264 Et
2724 3210 3021 3265 obtulerunt
3053 3211 3100 3265 ei
3138 3227 3311 3265 onmes
3339 3209 3472 3265 male
3504 3209 3760 3266 habentes
3782 3251 3797 3277 ,

2195 3315 2243 3361 et
2268 3303 2520 3376 regebant
2548 3320 2683 3371 eum,
2714 3313 2771 3358 ut
2798 3303 2878 3358 uel
2905 3301 3161 3373 ﬁmbriam
3183 3304 3464 3359 uestimenti
3487 3305 3596 3373 eius
3612 3314 3804 3375 tange-

2189 3441 2393 3511 quippe
2430 3440 2701 3511 surculum
2730 3440 3041 3511 signiﬁcat:
3072 3441 3310 3497 feracem
3342 3442 3490 3497 enim
3531 3456 3658 3497 esse
3709 3458 3803 3499 re-

2188 3510 2404 3583 gionem
2445 3510 2583 3584 hanc
2620 3510 2687 3584 ad
2731 3512 3040 3584 prodigium
3072 3528 3245 3584 usque
3275 3513 3606 3568 testiﬁcatur
3635 3514 3804 3570 lose-

2192 3584 2329 3653 phus
2361 3584 2396 3637 Ι.
2425 3599 2480 3655 tu
2510 3583 2584 3655 de
2616 3583 2751 3655 Bell.
2779 3582 2995 3640 Judaic.
3023 3582 3248 3655 copiis
3272 3627 3288 3649 ,
3321 3593 3376 3640 et
3408 3584 3640 3654 Joseplii
3664 3600 3803 3655 per-

2190 3666 2385 3728 petuus
2426 3653 2670 3728 imitator
2693 3654 3037 3728 llegesippus
3069 3653 3106 3710 II
3139 3671 3197 3710 tu
3228 3656 3418 3711 Excid.
3450 3653 3631 3714 .leros.
3664 3653 3797 3728 cap.

2186 3725 2278 3780 26.
2319 3731 2357 3781 A
2399 3736 2547 3798 111::
2580 3724 2796 3798 laetum
2828 3726 3139 3798 eonjeetant
3171 3727 3387 3798 quidam
3416 3738 3574 3790 "tot:
3605 3773 3619 3797 ,
3672 3724 3803 3785 mit-

2190 3808 2323 3871 tato
2359 3811 2390 3851 a
2421 3795 2855 3871 Clialdwiscaph
2896 3795 2946 3851 iti
2990 3799 3153 3871 gimel
3185 3795 3241 3854 et
3280 3801 3486 3871 inserto
3537 3795 3756 3855 samech
3780 3843 3796 3867 ,

2188 3870 2330 3939 quod
2358 3884 2546 3923 verum
2571 3877 2674 3923 est.
2697 3867 2881 3938 Itaque
2912 3867 3113 3932 passim
3145 3869 3196 3924 in
3223 3873 3397 3926 reteri
3430 3870 3800 3928 Testamento

2190 3941 2467 4012 regionem
2497 3940 2788 3995 Cinnereth
2811 3956 2839 3994 a
2864 3940 3137 3996 Chaldmis
3158 3942 3539 4007 Paraphrastis
3562 3941 3802 4000 Genue-

2189 4029 2300 4076 sar,
2323 4024 2375 4067 et
2404 4012 2783 4067 Gcnnesareth
2797 4013 3128 4083 appellatum
3150 4015 3501 4070 nanciscaris.
3531 4016 3582 4065 In
3604 4030 3673 4070 ea
3702 4032 3797 4071 au-

2190 4096 2300 4139 tem
2330 4082 2697 4154 appellatione
2728 4082 3048 4152 placuerunt
3072 4085 3204 4149 sibi,
3240 4085 3382 4153 quod
3414 4100 3510 4139 sna
3543 4086 3799 4143 dialecto

2187 4156 2525 4224 signiﬁcaret
2562 4162 2705 4209 ortus
2743 4156 3072 4224 principum;
3119 4163 3177 4210 et
3215 4171 3279 4211 ex
3339 4156 3484 4212 tribu
3523 4157 3796 4223 Nephtali

2186 4244 2307 4296 quo:
2341 4227 2411 4280 ibi
2452 4229 2558 4281 sita
2595 4237 2714 4288 est,
2756 4226 2904 4281 mille
2945 4227 3219 4295 principes
3251 4228 3479 4296 profecti
3511 4229 3795 4286 Davidem

2184 4296 2593 4362 convenissent,
2620 4296 2639 4351 ι
2668 4297 2792 4352 Par.
2816 4311 2915 4366 χιι,
2941 4299 3030 4353 3i.
3066 4298 3250 4369 Longe
3275 4314 3404 4354 vero
3433 4299 3796 4369 iueptissima

2186 4379 2289 4427 est.
2318 4372 2434 4440 sive
2461 4369 2811 4440 etymologia,
2846 4369 3193 4434 sireallnsio,
3218 4387 3379 4439 quam
3405 4370 3528 4426 loco
3553 4371 3796 4428 laudato

2182 4441 2339 4495 allet't
2367 4438 2740 4510 HegeSippus':
2764 4439 3016 4508 Genesar,
3045 4438 3247 4509 inquit,
3267 4442 3461 4496 dicitur
3481 4440 3671 4497 (ἔταξα)
3702 4462 3797 4499 vo-

2182 4512 2396 4580 cabulo,
2426 4511 2579 4583 quasi
2606 4528 2857 4583 generatis
2885 4512 2983 4566 sibi
3017 4529 3198 4567 auram
3231 4530 3369 4583 aqua
3394 4515 3592 4577 dulcis,
3624 4528 3680 4569 et
3718 4519 3795 4571 ad

2179 4580 2702 4665 potandantltabilis:
2740 4582 2821 4637 Ex
2853 4583 3053 4665 quibus
3083 4594 3198 4665 lani
3221 4580 3469 4665 obscuris
3498 4586 3652 4665 vocis
3684 4589 3796 4665 ltu-

2178 4653 2264 4723 jus
2296 4654 2532 4717 iudiciis,
2568 4653 2789 4709 minime
2817 4655 3016 4710 mirum
3047 4656 3323 4710 concludit
3350 4671 3503 4723 esse,
3524 4659 3569 4712 si
3601 4658 3758 4716 insci
3788 4698 3793 4702 ι

2178 4727 2306 4799 tiam
2348 4740 2500 4780 suam
2533 4724 2622 4781 hic
2643 4733 2833 4796 aperte
2859 4724 3126 4798 Origenes
3151 4767 3169 4795 ,
3214 4743 3280 4782 ex
3322 4743 3495 4799 eoque
3538 4728 3790 4787 Hieron.

2175 4798 2552 4868 proﬁteantur.

2243 4868 2323 4924 Ne
2358 4870 2619 4925 lectorem
2648 4868 2852 4923 diutius
2880 4876 3090 4924 teneam
3110 4909 3125 4936 ,
3156 4868 3284 4924 dico
3306 4886 3436 4940 ego,
3476 4875 3796 4931 commode

2174 4940 2365 4995 deduci
2422 4954 2583 5010 posse
2635 4940 2776 5017 hanc
2826 4955 3013 4995 vocem
3069 4955 3098 4994 a
3140 4949 3381 5017 iro-’3:
3417 4959 3513 5012 pro
3551 4943 3796 5017 integro

2171 5020 2490 5085 [may-1:3,
2524 5012 2669 5085 quod
2704 5022 2865 5066 sonat
2901 5017 3078 5066 hortos
3116 5013 3326 5079 decem,
3378 5018 3523 5085 ipsos
3552 5012 3799 5074 scilicet

2174 5081 2509 5153 Decapoleos
2544 5081 2765 5151 hortos,
2799 5098 2893 5139 seu
2926 5088 3145 5153 preprie
3176 5087 3363 5140 decem
3392 5081 3607 5141 urbium
3639 5086 3799 5144 lior-

2177 5163 2281 5208 tos.
2329 5156 2392 5208 Et.
2420 5166 2563 5210 terra
2593 5153 2813 5224 quidem
2846 5154 3184 5211 Genesareth
3218 5159 3286 5210 ab
3329 5157 3614 5213 hortorum
3668 5162 3795 5217 fre-

2172 5228 2391 5298 quentia
2416 5267 2431 5291 ,
2456 5226 2534 5298 sic
2562 5226 2835 5298 appellata
2862 5236 2974 5291 est,
3000 5242 3121 5298 qua:
3153 5228 3302 5298 regio
3330 5237 3415 5284 est
3461 5231 3528 5284 ad
3558 5228 3794 5289 Lacnru

2173 5296 2640 5370 Galilmanlliram
2672 5297 2831 5370 hujus
2862 5296 3101 5370 regionis
3126 5296 3427 5354 ubertatem
3450 5300 3619 5356 modo
3656 5304 3797 5360 lau-

2172 5369 2332 5422 datus
2364 5369 2430 5422 ab
2461 5368 2655 5424 lluetio
2685 5368 3020 5441 Hegesippus
3048 5370 3339 5441 prtedirat,
3377 5382 3659 5429 utsacros
3697 5376 3798 5432 in-

2174 5443 2332 5495 terim
2362 5448 2619 5495 auctores
2656 5440 2897 5505 taceam,
2922 5441 3255 5511 Matthteum,
3288 5440 3486 5498 Lucam
3516 5453 3573 5499 et
3618 5444 3798 5502 hlar-

2170 5527 2317 5583 cmn.
2367 5511 2567 5583 Lacum
2605 5524 2789 5568 autem
2829 5512 3165 5569 Genesareth
3211 5514 3383 5568 hortis
3427 5514 3796 5583 Decapoleos

2173 5582 2443 5660 vicinum;
2484 5582 2754 5653 losephus
2784 5600 3001 5660 quoque
3020 5584 3185 5660 tradit
3204 5584 3273 5660 de
3300 5585 3456 5640 Bello
3495 5582 3624 5660 cap.
3667 5592 3754 5646 55
3776 5635 3795 5660 ,

2167 5663 2225 5708 et
2264 5654 2331 5708 ad
2362 5654 2651 5711 Genuesar
2678 5654 2848 5726 usque
2876 5654 3051 5712 lacum
3089 5657 3333 5726 ejusdem
3376 5658 3623 5712 nominis
3664 5654 3801 5718 ter;

2166 5741 2281 5781 ram
2302 5726 2566 5798 praetendi
2591 5768 2606 5794 ,
2638 5742 2760 5798 qua:
2782 5737 2836 5783 et
2855 5738 3049 5783 natura
3080 5739 3133 5782 et
3165 5730 3417 5783 ubertate
3450 5730 3800 5798 plantarum

2164 5797 2409 5859 muniunt
2435 5797 2891 5870 at-bttstorumque
2912 5798 3127 5854 caeteris
3154 5797 3463 5870 pra-staret.
