4004 6332
244 316 331 371 105

693 304 1350 367 COMMENTARIORUM
1391 303 1456 361 IN
1498 300 1948 361 EVANGELIUM
1994 300 2327 362 ΜὶΤΤΗιΕΙ
2365 303 2496 362 LIB.
2543 304 2607 361 ll.
2652 304 2810 361 CAP.
2850 304 2967 361 XV.

3388 308 3492 364 106

238 438 347 482 rent.
386 423 446 479 Et
480 421 779 494 quicumque
814 428 1121 493 tetigerunt,
1170 420 1302 476 salui
1345 419 1471 489 {acti
1511 428 1648 473 sunt.
1686 418 1786 485 Qui
1816 435 1864 497 Α
1894 418 2245 477 lutationibus
2263 431 2317 478 et
2345 420 2542 478 ofﬁciis
2569 421 2880 477 deferendis
2902 465 2916 489 ,
2943 431 3203 494 quantum
3250 426 3405 499 ιιι
3437 428 3491 482 in

239 520 356 578 male
385 532 439 574 se
475 516 689 585 habent,
721 532 826 572 non
852 524 1073 587 tangant
1094 530 1291 585 corpus
1320 514 1469 582 Jesu,
1512 530 1686 585 neque
1712 523 1786 568 to.

239 620 328 668 tum
348 612 706 666 vestimentum
733 608 885 679 ejus,
929 607 1024 664 sed
1057 616 1355 662 extremam
1389 607 1653 662 limbriam
1682 648 1695 673 ,
1738 616 1791 662 et

236 704 512 776 quicumque
548 700 857 772 tetigerint,
895 700 1251 757 sanabuntur.
1297 699 1590 753 Fimbriam
1620 700 1789 753 vesti-

236 795 376 853 meriti
408 794 534 865 ejus,
564 796 652 851 vel
676 794 957 849 minimum
988 792 1231 864 intellige
1255 792 1569 847 ntarrdatum
1604 808 1618 846 :
1647 791 1788 863 quod

237 888 310 960 qui
331 900 678 960 transgressus
710 887 870 943 luerit
893 929 908 955 ,
947 885 1204 942 minimus
1236 885 1517 941 vocabitur
1548 885 1600 940 in
1624 900 1791 956 regno

236 981 456 1037 calorum
478 979 700 1051 (Supra,
726 978 828 1054 ιιι).
848 979 942 1036 Vel
956 979 1384 1050 assumptionem
1407 979 1676 1049 corporis,
1693 993 1793 1051 per

231 1089 365 1146 quam
392 1072 632 1128 venimus
656 1072 725 1129 ad
753 1071 997 1129 Verbum
1030 1071 1124 1128 Dei
1149 1115 1163 1139 ,
1203 1080 1258 1128 et
1278 1071 1424 1126 illius
1451 1078 1637 1143 postea
1660 1070 1791 1126 frui-

231 1182 329 1221 mur
348 1164 641 1236 majestate.

289 1256 424 1330 (ϐεεν.
447 1257 811 1315 XV.—Vcrs.
842 1257 919 1330 l.)
961 1258 1107 1314 Tunc
1136 1267 1460 1314 accesserunt
1482 1259 1551 1312 ad
1582 1275 1698 1312 eum
1726 1256 1791 1312 ab

226 1347 527 1421 Jerosolymis
578 1350 783 1407 Scribit
826 1362 873 1405 et
930 1349 1190 1406 Pharisari
1229 1394 1244 1417 ,
1296 1351 1572 1405 dicentes:
1636 1351 1794 1424 llo

230 1442 371 1509 Quare
394 1442 636 1510 discipuli
665 1444 744 1498 tui
786 1442 1237 1516 transgrediuntur
1271 1442 1580 1497 traditiones
1620 1445 1790 1498 senio-

226 1538 353 1591 mn.’
375 1536 496 1591 Mira
521 1535 922 1593 Pharisaeorum
955 1536 1387 1608 Scribarumque
1414 1536 1665 1602 stultitia,
1699 1537 1791 1593 Dei

225 1628 391 1686 Filium
415 1641 653 1702 arguunt
673 1676 689 1701 ,
720 1645 892 1704 quare
914 1631 1195 1688 hominum
1220 1630 1543 1688 traditiones
1571 1640 1627 1688 et
1653 1645 1792 1703 pra:-

223 1733 352 1794 cepta
379 1740 476 1780 non
508 1735 695 1781 servet
715 1723 741 1777 ?

1895 513 2261 587 eleemosynis
2282 533 2346 573 ae
2376 532 2660 573 munermn
2685 515 2713 555 ι)
2736 517 3012 573 oblatione
3035 523 3268 574 sentitur
3292 518 3490 591 (Et-od.

1898 623 1963 660 xx
1989 617 2037 660 et
2069 624 2181 675 XXI,
2216 618 2262 663 et
2288 608 2410 665 Leu.
2444 609 2561 681 xx).
2597 607 2837 675 Honora,
2872 610 3044 682 inquit
3076 613 3390 679 Apostolus,
3419 613 3495 666 vi-

1895 701 2046 764 duas,
2085 718 2201 771 quae
2231 719 2343 758 vere
2361 703 2530 759 vidua:
2554 711 2674 757 sunt
2703 708 2721 776 (
2747 704 2763 759 1
2786 703 2923 758 Tim.
2958 720 3009 770 v,
3033 703 3100 776 3)
3127 721 3143 771 ;
3188 705 3275 760 hic
3322 706 3497 761 honor

1893 793 2096 850 donum
2139 794 2477 867 intelligitur.
2525 796 2592 851 Et
2630 798 2681 850 in
2716 797 2823 853 alio
2846 798 2971 853 loco
3014 815 3028 851 :
3068 797 3365 870 Presbyteri
3395 799 3493 853 du-

1896 887 2023 957 plici
2053 888 2248 943 honore
2276 888 2603 955 honorandi,
2629 893 2852 947 maxime
2881 893 2969 962 qui
2998 893 3234 947 laborant
3259 894 3313 948 in
3340 894 3490 949 verbo

1895 988 1942 1035 et
1971 979 2211 1035 doctrina
2245 979 2343 1035 Dei
2385 978 2566 1053 (Ibid.
2590 1022 2603 1043 ,
2642 981 2763 1053 l't').
2808 981 2877 1037 Et
2911 998 3006 1053 per
3045 985 3146 1038 hoc
3177 984 3491 1041 mandatum

1893 1074 2194 1145 iubemur,
2255 1085 2312 1130 ut
2360 1074 2484 1130 bovi
2548 1076 2819 1131 trituranti
2872 1091 2935 1131 os
3002 1091 3110 1133 non
3176 1079 3494 1134 claudamus

1900 1168 2080 1236 (Deut.
2114 1169 2264 1237 xxv).
2311 1167 2377 1224 Et
2426 1168 2618 1239 dignus
2660 1168 2731 1223 sit
2776 1170 3058 1240 operarius
3095 1171 3345 1227 mercede
3395 1186 3491 1225 sua

1899 1258 2051 1331 (Luc.
2084 1257 2163 1331 ι).
2222 1261 2564 1330 Praeceperat
2593 1260 2891 1327 Dominus,
2938 1263 3021 1317 vel
3055 1263 3490 1331 imbecillitates,

1897 1354 1980 1407 vel
2010 1362 2199 1407 aetates
2219 1393 2232 1416 ,
2281 1353 2365 1407 vel
2407 1352 2658 1421 penurias
2689 1365 2976 1422 parentum
3007 1355 3361 1409 considerans
3390 1400 3402 1417 ,
3436 1363 3495 1409 ut

1897 1444 1993 1500 ﬁlii
2024 1444 2375 1511 lionorarent,
2397 1446 2562 1499 etiam
2599 1444 2651 1498 in
2682 1443 2809 1499 vitae
2834 1446 3155 1500 necessariis
3180 1447 3493 1501 ministran-

1896 1537 2011 1603 dis,
2042 1546 2301 1609 parentes
2328 1552 2479 1593 suos.
2526 1537 2676 1592 lianc
2716 1534 3248 1607 providentissimum
3282 1538 3377 1594 Dei
3407 1539 3490 1596 lc-

1894 1645 2015 1702 gem
2054 1640 2075 1669 ε
2111 1630 2356 1685 Veientes
2387 1629 2593 1686 Scribis
2630 1639 2685 1685 et
2730 1629 2987 1686 Pbarismi
3035 1630 3356 1688 subvertere
3383 1675 3400 1702 ,
3433 1642 3493 1690 ut

1896 1723 2229 1794 impietatem
2258 1722 2359 1778 sub
2393 1723 2616 1779 nomine
2642 1721 2861 1793 pietatis
2888 1723 3209 1780 inducerent
3237 1765 3254 1792 ,
3295 1725 3497 1782 docue-

281 1816 438 1890 (Vcrs.
487 1818 542 1886 1,
584 1818 673 1891 ﬂ.)
726 1817 849 1873 Non
890 1819 1026 1874 enim
1065 1819 1240 1875 lavant
1267 1835 1453 1875 manus
1490 1836 1639 1887 suos,
1676 1835 1792 1873 cum
1821 1843 1870 1904 Β
1900 1825 2025 1873 runt
2068 1818 2337 1887 pessimos
2371 1816 2510 1872 ﬁlios
2535 1858 2551 1883 ,
2598 1826 2657 1873 ut
2684 1818 2732 1874 si
2763 1818 2886 1889 quis
2921 1834 2984 1873 ea
3030 1835 3150 1892 quae
3177 1822 3497 1891 parentibus

227 1930 377 1986 panem
404 1912 744 1967 manducant.
771 1912 960 1968 Manus
979 1954 995 1979 ,
1020 1913 1072 1969 id
1101 1922 1211 1978 est,
1232 1927 1396 1984 opera
1415 1954 1430 1981 ,
1463 1929 1569 1968 non
1600 1927 1796 1984 corpu.

225 2006 288 2063 ris
308 2008 494 2078 utique,
529 2016 559 2043 α
588 2006 687 2062 sed
728 2007 925 2062 animae
947 2006 1193 2063 lavanda:
1214 2015 1363 2074 sunt,
1396 2017 1453 2062 ut
1482 2008 1572 2063 ﬁat
1603 2008 1655 2062 in
1688 2008 1793 2061 illis

224 2101 411 2157 verbum
445 2100 568 2157 Dei.

225 2245 231 2250 .
279 2194 437 2265 (Vers.
465 2192 554 2268 ὅ.)
586 2193 713 2265 Ipse
740 2203 913 2250 autem
943 2195 1257 2267 respondens
1282 2237 1296 2263 ,
1324 2196 1397 2251 ait
1424 2195 1530 2251 illis
1561 2211 1579 2250 :
1623 2195 1797 2264 Quare

222 2293 262 2340 et
284 2300 358 2340 vos
380 2287 809 2359 transgredimini
832 2286 1139 2342 mandatum
1169 2286 1289 2356 Dei,
1314 2300 1527 2362 prapter
1557 2288 1797 2342 traditio-

223 2394 316 2431 nem
348 2381 600 2434 vestram?
649 2379 864 2434 Falsum
895 2379 1224 2435 calumniam
1272 2395 1399 2436 vera
1436 2381 1795 2451 responsione

221 2473 445 2528 contum.
474 2472 658 2541 Cum,
690 2473 901 2545 inquit,
934 2487 1037 2529 vos
1068 2484 1290 2545 propter
1318 2472 1669 2531 traditionem
1699 2474 1798 2530 bo-

222 2564 393 2621 minum
422 2574 702 2636 praecepta
730 2566 945 2622 Domini
976 2565 1281 2637 negtigatis,
1305 2583 1474 2639 quare
1502 2567 1797 2640 discipulos

222 2672 349 2714 meos
375 2660 690 2731 arguendos
716 2660 952 2731 putatis,
996 2661 1140 2731 quod
1177 2661 1455 2718 seniorum
1492 2660 1639 2733 jussa
1678 2676 1799 2733 par-

221 2751 500 2823 vipendant,
536 2764 602 2810 ut
624 2754 722 2808 Dei
753 2754 887 2810 scita
916 2755 1265 2810 custodiant?

282 2845 445 2917 (Vers.
471 2850 504 2903 4
528 2846 721 2919 seqq.)
741 2846 880 2902 Nam
908 2846 1044 2904 Deus
1072 2849 1201 2904 dixit
1221 2864 1240 2903 :
1272 2847 1495 2904 Honora
1523 2857 1722 2921 patrem
1751 2857 1799 2904 et

223 2951 405 2995 mtrem
426 2987 438 3007 ,
471 2952 519 2997 et
554 2943 649 3014 qui
676 2942 1001 2999 maledixerit
1034 2945 1173 3013 patri
1200 2944 1277 2999 vel
1306 2944 1479 3010 matri,
1507 2953 1672 2999 morte
1690 2958 1800 2998 mo-

222 3031 377 3086 riatur.
428 3032 534 3089 Vos
582 3043 758 3089 autem
810 3034 987 3091 dicitis
1015 3051 1035 3090 :
1072 3036 1396 3107 Quicumque
1432 3035 1624 3091 dixerit
1660 3035 1801 3107 patri

222 3126 286 3179 ad
300 3128 437 3180 matri
461 3143 479 3181 :
509 3143 713 3183 munus
741 3128 1106 3202 quodcumque
1135 3139 1213 3185 est
1234 3146 1301 3186 ea:
1322 3147 1403 3186 me
1435 3174 1450 3199 ,
1486 3129 1579 3184 tibi
1607 3129 1799 3202 prode-

1896 1911 2174 1969 oli'erenda
2213 1921 2368 1979 sunt,
2419 1911 2529 1967 Deo
2559 1926 2759 1967 vovere
2784 1911 3021 1967 voluerit
3060 1913 3172 1985 (qui
3211 1930 3375 1971 verus
3413 1924 3500 1972 est

1895 2005 2101 2078 Pater),
2135 2006 2342 2062 oblatio
2367 2006 2581 2063 Domini
2612 2019 2964 2077 prmponatur
2992 2021 3278 2079 parentum
3308 2026 3500 2069 mune-

1895 2097 2047 2156 ribus
2080 2118 2093 2156 :
2129 2099 2211 2157 vel
2243 2111 2394 2158 certe
2421 2101 2525 2172 ipsi
2557 2110 2845 2172 parentes,
2875 2117 2994 2174 qua:
3030 2103 3141 2159 Deo
3179 2115 3496 2162 consecrata

1895 2192 2232 2254 cernebant,
2267 2208 2334 2248 ne
2368 2192 2642 2265 sacrilegii
2685 2194 2892 2250 crimen
2927 2195 3299 2261 incurrerent,
3332 2199 3501 2256 decli-

1895 2295 2118 2352 nautea,
2152 2291 2393 2354 egestate
2428 2284 2884 2341 conﬁciebantur.
2918 2288 3093 2357 Atque
3131 2288 3202 2343 ita
3242 2289 3404 2347 ﬁebat
3439 2303 3495 2347 ut

1895 2376 2100 2433 oblatio
2128 2377 2426 2433 liberorum
2447 2418 2462 2444 ,
2487 2377 2589 2434 sub
2614 2379 2905 2433 occasione
2935 2381 3117 2451 tempii
3155 2382 3282 2448 Dei,
3319 2384 3371 2438 in
3408 2400 3500 2437 sa—

1898 2470 2179 2526 cerdotum
2218 2470 2363 2524 lucra
2401 2468 2643 2527 cederet.
2673 2469 2798 2525 Ηιιιο
2828 2470 3061 2540 pessima
3099 2472 3498 2530 Pltarismorum

1900 2565 2151 2631 traditio,
2183 2564 2251 2621 de
2279 2562 2304 2601 (ί
2332 2564 2439 2619 alia
2476 2563 2726 2620 veniebat
2756 2566 3068 2621 occasione.
3104 2567 3257 2621 Multi
3298 2568 3502 2625 baben-

1899 2672 1981 2718 tes
2030 2660 2297 2731 obligatos
2337 2674 2447 2715 :ere
2476 2659 2685 2725 alieno,
2726 2667 2780 2714 et
2815 2661 3066 2715 nolentes
3095 2660 3199 2716 sibi
3232 2661 3501 2719 creditura

1898 2752 2161 2817 reddere,
2193 2750 2515 2822 delegabant
2541 2749 2950 2816 sacerdotibus,
2981 2759 3038 2806 ut
3060 2762 3250 2808 exacta
3274 2756 3502 2822 pecunia

1900 2843 2218 2902 ministeriis
2250 2842 2442 2912 templi
2485 2849 2541 2897 et
2576 2856 2769 2897 eorum
2812 2841 2998 2896 usibus
3035 2842 3360 2899 deserviret.
3402 2844 3505 2899 Ροτ

1900 2948 2009 2996 test
2048 2947 2229 2994 autem
2262 2945 2319 2993 et
2344 2937 2486 2992 hunc
2524 2937 2764 2992 breviter
2806 2935 3007 2993 habere
3038 2951 3277 2992 sensum.
3314 2937 3504 2996 Manus

1902 3033 2039 3107 quod
2066 3049 2131 3088 ex
2156 3048 2234 3087 me
2261 3040 2359 3098 est,
2393 3030 2485 3086 tibi
2512 3031 2742 3100 proderit
2766 3046 2784 3083 :
2814 3030 3181 3102 Compellitis,
3219 3034 3414 3102 inquit,
3442 3034 3504 3089 li-

1903 3128 2039 3193 lios,
2074 3137 2125 3181 ut
2151 3125 2331 3180 dicant
2367 3123 2685 3194 parentibus
2709 3123 2823 3178 suis
2851 3142 2861 3177 :
2891 3124 3272 3196 quodcumque
3302 3128 3501 3185 donum

222 3219 293 3286 rit,
332 3232 377 3275 et
418 3238 517 3277 non
566 3223 933 3293 honoriﬁcabit
972 3233 1173 3297 patrem
1201 3241 1351 3280 suum
1380 3268 1395 3294 ,
1448 3234 1539 3279 aut
1585 3233 1801 3281 matrem
1827 3235 1872 3297 ο
1904 3220 2185 3278 oblaturus
2208 3233 2356 3275 cram
2391 3219 2524 3283 Deo,
2564 3216 2613 3270 in
2640 3227 2763 3271 tuos
2785 3231 3055 3273 consumo
3079 3219 3267 3286 cibos,
3301 3221 3505 3292 tibique

222 3330 371 3384 mm,
403 3329 447 3373 et
475 3320 696 3374 irritum
725 3321 917 3391 (ecistis
947 3321 1251 3377 ntandatum
1274 3321 1371 3377 Dei
1397 3331 1607 3395 prepter
1629 3321 1797 3377 tradi-

226 3409 387 3465 tionem
411 3423 664 3470 vestram.
696 3413 1031 3488 ngocritte,
1058 3416 1186 3472 bene
1214 3418 1537 3491 prophetarit
1566 3418 1630 3472 de
1658 3417 1800 3472 vobis

227 3497 396 3570 Isaias,
425 3505 612 3561 dicens
651 3523 672 3561 :
718 3507 958 3580 Populus
994 3508 1079 3564 hic
1111 3510 1263 3565 labiis
1308 3528 1389 3566 me
1419 3512 1637 3567 honorat
1664 3528 1684 3578 ;
1713 3527 1802 3565 cor

228 3603 369 3649 autem
392 3612 581 3653 eorum
606 3599 761 3672 longe
778 3609 853 3655 est
877 3618 909 3654 a
934 3618 1013 3657 me
1034 3601 1230 3675 (Exod.
1253 3602 1517 3673 xs,Levit.
1536 3602 1650 3674 xx).
1673 3602 1801 3658 Sine

225 3700 355 3741 causa
376 3698 552 3747 autem
585 3692 762 3747 colunt
792 3710 894 3763 me,
926 3696 1165 3751 docentes
1190 3696 1453 3752 doctrinas
1482 3707 1530 3752 et
1555 3697 1804 3751 mandata

227 3778 480 3841 hominum.
510 3785 591 3842 Et
618 3789 915 3866 convocatis
944 3790 1014 3844 ad
1041 3807 1098 3846 se
1125 3792 1311 3856 turbis,
1338 3790 1470 3846 dixit
1495 3792 1598 3845 eis:
1617 3790 1805 3845 Audite

228 3881 265 3927 et
285 3874 574 3950 intelligite.
607 3878 796 3936 Honor
829 3880 883 3936 in
916 3881 1213 3954 Scripturis
1241 3897 1350 3938 non
1380 3890 1589 3938 tantum
1629 3883 1681 3937 in
1721 3896 1808 3937 sa-

286 4021 306 4049 ι
343 4012 625 4086 Repetunt
658 4034 858 4075 nomen
887 4038 1073 4078 manus
1098 4021 1185 4077 hic
1226 4034 1336 4077 tres
1376 4036 1407 4077 e
1436 4023 1638 4077 nostris
1671 4034 1802 4075 mss.

227 4082 475 4164 Sententia
507 4098 700 4146 autem
731 4091 849 4147 hinc
880 4093 1000 4160 ipsa
1027 4104 1110 4148 est
1138 4094 1392 4164 Origenis
1419 4096 1552 4150 κατὰ
1578 4095 1637 4150 τὸ
1665 4091 1809 4148 εὔλο.

227 4176 299 4242 γξν
321 4161 577 4242 κεραίρειν
602 4166 905 4242 πειρῷμιθοι
928 4165 1121 4221 ἑαυτῶν
1153 4161 1260 4229 τάξ
1273 4167 1505 4242 πράξεις,
1533 4169 1619 4221 καὶ
1646 4165 1809 4225 οὕτως

225 4231 312 4315 res.
337 4238 431 4286 τῶν
459 4231 665 4307 ψυχῶν
692 4231 968 4315 umquam
1007 4246 1224 4315 χεῖρας,
1265 4231 1369 4292 etc.
1398 4231 1580 4291 Juxta
1616 4245 1810 4315 rectam

227 4306 450 4355 rationem
478 4317 691 4359 nostras
715 4308 939 4362 actiones
966 4306 1189 4379 purgare
1217 4323 1493 4373 conemur;
1525 4316 1572 4362 et
1593 4308 1668 4363 sic
1694 4306 1812 4361 ani-

229 4384 404 4444 morum
429 4390 624 4431 manus
652 4379 847 4444 lavare,
878 4389 983 4435 etc.

286 4442 311 4482 ι’
349 4444 565 4504 Rhabb.
597 4442 898 4505 collatione.

228 4582 239 4594 .
288 4525 308 4552 ε
343 4515 541 4594 Stricte
579 4519 950 4594 _llieronymus
978 4522 1223 4579 adltzeret
1252 4523 1605 4589 Adamantio,
1650 4536 1810 4594 quem

225 4589 271 4667 in
313 4589 685 4667 eruditissima
729 4589 845 4667 loci
875 4608 1132 4665 perquam
1166 4597 1409 4660 obscuri,
1448 4589 1701 4665 varieque
1745 4592 1814 4667 ab

228 4663 604 4737 interpretibus
643 4666 857 4737 accepti
878 4663 1229 4736 expositione
1263 4681 1445 4737 operae
1485 4663 1715 4737 pretium
1745 4663 1817 4737 sit

230 4725 399 4787 Latine
427 4736 625 4788 saltem
655 4725 974 4792 coiit'ulisse:
1004 4736 1265 4793 Pharisaei
1284 4725 1475 4793 :inaui

227 4798 295 4881 ιφ
318 4803 469 4881 talem
509 4804 654 4881 Legi
688 4810 1006 4881 contrariam
1052 4798 1382 4864 traditionem
1407 4798 1809 4881 'prodiderunt‘,

230 4873 475 4953 quius
505 4879 567 4932 in
590 4873 892 4953 'Erangelio
918 4896 1212 4953 expressam
1240 4927 1253 4947 ,
1297 4873 1452 4953 quam
1481 4897 1544 4935 ne
1574 4895 1664 4953 nos
1700 4877 1817 4953 qui-

230 4944 331 5023 {an
350 4945 634 5023 fuissemus
655 4944 880 5005 assecuti
904 4993 918 5011 ,
948 4944 1052 5005 nisi
1075 4944 1266 5023 aliquis
1295 4944 1357 5007 ea:
1390 4951 1623 5006 Hebra’is
1651 4944 1816 5003 tradi-

400 5019 556 5095 ζιοδὶξ
581 5037 803 5095 monte
829 5026 899 5077 od
922 5022 1061 5076 hunc
1103 5013 1275 5077 locum
1313 5024 1566 5095 pertinent
1594 5064 1607 5085 ,
1630 5024 1719 5095 sic
1765 5036 1819 5073 se

230 5082 474 5166 habentia.
509 5082 1232 5166 Continqitnonnumquam,
1266 5082 1439 5166 in'quit
1466 5136 1480 5161 ,
1527 5082 1817 5164 ut—fenera-

229 5164 348 5235 ιοιζει
373 5177 492 5217 cum
516 5164 574 5217 in
592 5162 853 5235 Διιὶίβείιειι
893 5162 1149 5221 debitores
1179 5162 1419 5220 incidunt
1440 5208 1455 5234 ,
1488 5167 1575 5235 qui
1609 5162 1820 5233 possunt

229 5232 458 5299 intidem,
507 5232 601 5288 sed
648 5235 830 5290 nolunt
900 5237 1129 5291 debitum
1168 5238 1385 5293 reddere
1414 5232 1449 5302 ,V
1479 5232 1705 5291 debitum
1760 5235 1814 5289 in

231 5316 506 5384 mperium
543 5306 799 5384 rationem
826 5319 1128 5384 consecrent
1149 5352 1178 5384 ,Α
1196 5311 1381 5384 quibus
1409 5309 1471 5384 in
1497 5303 1815 5380 gazophyla-

231 5377 353 5425 cium
394 5377 647 5452 pecunia
676 5380 970 5452 mittebatur
1006 5397 1102 5452 pro
1131 5377 1324 5437 viribus
1355 5422 1369 5445 ,
1420 5379 1483 5434 ab
1501 5377 1819 5452 unoquoque

233 5395 353 5425 csum
394 5395 619 5446 pecunia
676 5395 970 5434 mitteantur
1006 5397 1102 5452 pro
1131 5395 1324 5437 various
1355 5422 1369 5445 ,
1420 5395 1483 5434 ao
1516 5395 1819 5502 unoquoqpe

233 5457 395 5516 eorum
438 5449 533 5516 qui
568 5446 804 5504 solebant
834 5467 948 5504 cum
984 5453 1092 5507 illis
1120 5452 1254 5508 bona
1291 5453 1690 5506 communicare.
1776 5448 1821 5501 i—

234 5514 402 5597 cebaitt
443 5514 619 5597 autem
679 5537 1068 5597 nonnumquam
1105 5523 1568 5597 debitoribusqsua
1617 5523 1819 5597 lingua.

234 5584 423 5663 Corium
455 5600 536 5644 est
559 5592 614 5663 id
639 5595 779 5661 quod
808 5584 940 5648 mihi
969 5600 1139 5660 debes,
1167 5596 1265 5648 hoc
1293 5605 1390 5663 est,
1414 5595 1645 5655 donum;
1670 5584 1820 5645 dedi-

234 5660 335 5735 cgei
377 5666 531 5735 enim
550 5660 679 5735 illud
707 5666 1027 5735 pauperibus
1058 5670 1110 5721 in
1159 5660 1411 5721 rationtm
1461 5665 1664 5735 pietatis
1700 5679 1824 5735 erga

234 5722 391 5821 Diluta
431 5722 846 5821 Deiiidedebitor
866 5749 1247 5821 tamquamnnon
1267 5722 1559 5821 hominibus
1575 5722 1819 5821 amplius,

236 5801 319 5852 διά
339 5800 447 5879 Deo
476 5804 684 5879 debeas,
713 5823 927 5878 sumque
956 5800 1074 5879 ergo
1104 5811 1251 5864 illum
1284 5810 1486 5877 pietati,
1515 5800 1673 5863 veluti
1701 5800 1826 5862 illuc

238 5875 653 5943 concludebatur,
685 5889 741 5932 ut
784 5875 941 5934 etiam
972 5875 1151 5935 nolens
1181 5875 1410 5937 debitum
1439 5882 1679 5954 referret,
1722 5895 1824 5935 non

522 5965 794 6033 Ρηιιοι..
844 5971 1077 6034 XXVI.

1909 3314 2152 3386 prodest,
2184 3329 2217 3367 (ι
2247 3321 2419 3381 pater,
2449 3320 2503 3366 et
2530 3320 2725 3376 mater,
2761 3318 2821 3364 ut
2850 3308 2927 3364 illi
2970 3311 3224 3367 timentes
3253 3312 3505 3383 accipere

1906 3405 2051 3476 quod
2081 3404 2188 3460 Deo
2222 3405 2377 3476 112
2408 3404 2774 3471 mancipatum
2803 3401 3056 3466 videant,
3092 3402 3306 3473 inopem
3334 3407 3506 3479 magis

1909 3498 2083 3556 velint
2122 3497 2287 3553 vitam
2337 3495 2570 3562 ducere,
2614 3508 2774 3564 quam
2825 3493 3115 3551 comedere
3178 3496 3246 3552 de
3311 3512 3507 3555 conse-

1907 3599 2093 3654 cratis.

1980 3686 2163 3762 (Vers.
2197 3683 2310 3756 il.)
2341 3681 2465 3738 Non
2495 3684 2633 3755 quod
2659 3683 2819 3738 intrat
2847 3684 2904 3738 in
2944 3699 3001 3738 os
3026 3686 3372 3742 communicat
3412 3688 3506 3744 ho-

1910 3782 2098 3835 minem
2132 3796 2149 3831 :
2190 3777 2279 3833 sed
2316 3775 2455 3847 quod
2489 3775 2720 3848 procedit
2754 3792 2816 3830 ex
2853 3792 2972 3843 ore,
3018 3775 3114 3830 hoc
3161 3783 3507 3835 communicat

1913 3875 2191 3929 hominem.
2247 3870 2483 3928 Verbum
2514 3870 2889 3936 communicat,
2931 3870 3153 3939 proprie
3190 3870 3506 3943 Scriptura-

1912 4013 2140 4082 amplius
2176 4007 2478 4082 ferteratori,
2521 4008 2612 4082 sed
2632 4009 2749 4082 jam
2781 4004 2891 4082 Deo
2932 4006 2987 4082 in
3035 4007 3283 4082 rationem
3314 4028 3510 4082 ραιῳρ-

1912 4077 2053 4152 rum,
2082 4077 2287 4138 nomine
2317 4077 2644 4152 feneratoris;
2679 4077 2856 4152 Quod
2868 4077 3033 4152 igitur
3063 4077 3326 4152 fenerator
3352 4077 3509 4151 [urir-

1914 4158 1997 4213 bat
2021 4149 2290 4216 creditori,
2317 4149 2449 4206 illud
2466 4150 2612 4224 rident
2634 4149 2878 4224 nonnulli
2891 4149 3206 4224 (quandoque
3227 4152 3326 4221 [itii
3346 4149 3505 4224 facie-

1913 4229 2038 4284 bant
2076 4225 2395 4297 parentibus,
2439 4220 2778 4297 dicebantque
2817 4217 2924 4273 illis
2957 4236 2973 4297 ς
3008 4218 3157 4275 Illud
3187 4217 3325 4291 quod
3346 4217 3385 4276 ἰι
3430 4244 3508 4282 me

1914 4292 2129 4374 adjutus
2160 4298 2366 4374 fuisses,
2397 4302 2545 4374 pater
2575 4292 2652 4345 rel
2676 4299 2862 4356 mater,
2896 4292 3022 4374 scito
3052 4301 3100 4346 te
3123 4305 3456 4358 accepturum
3487 4315 3515 4353 e

1917 4362 2255 4435 Co’rbanfde
2303 4362 2510 4419 ratione
2566 4378 2850 4435 pauperum
2899 4362 3009 4417 Deo
3068 4379 3506 4435 censet-ratorum.

1919 4433 2414 4498 Deindeaudientes
2456 4444 2693 4507 parentes
2730 4433 2932 4489 Corban
2966 4450 3072 4489 csse
3101 4433 3213 4489 Deo
3242 4454 3512 4494 consecro-

1919 4525 2048 4581 tum,
2077 4514 2130 4567 id
2151 4511 2290 4584 quod
2317 4509 2412 4563 sibi
2440 4508 2671 4584 dandum
2696 4515 2825 4584 erat,
2853 4521 2955 4559 non
2981 4507 3208 4584 amplius
3228 4525 3260 4561 a
3279 4509 3405 4578 [iliis
3426 4529 3515 4565 ac-

1921 4577 2091 4655 cipere
2120 4577 2397 4655 volebant,
2428 4577 2630 4633 etiamsi
2660 4578 2809 4655 rebus
2848 4578 3150 4655 necessariis
3204 4577 3513 4655 magnopere

1920 4648 2233 4731 indigerent.
2265 4651 2448 4731 Talem
2478 4666 2599 4731 ergo
2627 4648 2954 4731 traditionem
2985 4648 3208 4731 seniores
3235 4648 3515 4731 ap_nd'ple_.

1174 4719 1638 4809 έωίςίιιάιιίιῑέι
1669 4735 1819 4791 δαί-
1847 4735 1898 4795 υ
1924 4719 2061 4809 (ista;
2108 4723 2476 4809 retectam:
2502 4721 2811 4809 ανίσιιηιιυέ
2848 4719 3037 4809 diei"
3066 4722 3202 4809 ιίαιξί
3232 4722 3309 4775 νει
3338 4719 3513 4794 ’πίπτει

1924 4801 1981 4855 id
2010 4790 2147 4870 quod
2183 4790 2342 4850 alicui
2387 4792 2832 4870 eorum_dandum
2883 4800 3013 4859 erat,
3064 4790 3267 4870 Corban
3307 4812 3436 4870 esse,
3469 4790 3516 4852 et

1923 4862 2137 4931 donum,
2170 4883 2289 4922 eum
2317 4882 2417 4918 non
2446 4864 2674 4935 amplius
2696 4862 2976 4916 debitorem
3000 4877 3108 4915 esse
3132 4866 3267 4935 patri
3296 4869 3371 4920 vel
3400 4862 3514 4922 ina-

1922 4944 1989 4997 tri
2024 4943 2092 4996 ad
2131 4936 2512 5011 suppeditanda
2542 4934 2619 4987 illi
2664 4936 2782 5011 vitte
2819 4933 3139 5011 necessaria.
3176 4933 3327 4991 Hanc
3356 4939 3516 5011 igitur

1924 5004 2252 5069 traditionem
2276 5009 2520 5065 Servatur
2544 5004 2892 5078 reprehendit,
2917 5020 3020 5078 non
3041 5005 3177 5059 t'elttt
3198 5004 3399 5073 sanant,
3425 5012 3516 5067 sed

1925 5086 2023 5141 Dei
2050 5082 2294 5138 mandato
2320 5072 2700 5133 adversantem.
2733 5074 2873 5129 Nam
2901 5077 2943 5130 si
2977 5072 3116 5129 Deus
3138 5078 3264 5131 dicit
3292 5096 3308 5131 :
3336 5072 3516 5135 lieno-

1930 5174 1984 5212 ra
2016 5168 2251 5227 patrem,
2282 5161 2337 5207 et
2370 5159 2622 5214 matrem,
2651 5147 2851 5201 dicebat
2885 5157 3055 5227 autem
3095 5150 3305 5227 traditio
3339 5166 3357 5204 :
3392 5151 3515 5227 Non

1929 5217 2074 5283 deb'et
2125 5217 2385 5280 honorare
2412 5230 2611 5294 patrem
2639 5228 2704 5294 rt
2732 5228 2947 5294 nm_trem
2993 5217 3283 5294 largitione,
3329 5222 3416 5289 qui
3461 5226 3516 5279 id

1921 5299 2060 5372 quod
2080 5298 2297 5372 daturus
2316 5287 2425 5348 erat
2447 5291 2761 5372 parentibus,
2788 5287 2917 5372 Deo,
2934 5298 2989 5341 ut
3017 5287 3219 5343 Coiban
3245 5287 3516 5372 εοηξρςνιι-

1924 5360 1995 5427 in
2020 5387 2036 5423 :
2060 5368 2391 5440 manifestum
2412 5360 2483 5440 est
2504 5363 2671 5440 fuisse
2696 5365 2966 5440 rescissum
2991 5372 3299 5440 praeceptum
3451 5367 3515 5422 de

1926 5443 2120 5497 honore
2135 5430 2424 5509 parentum,
2446 5430 2829 5509 Pharistzorum
2843 5441 2891 5486 et
2907 5430 3206 5509 Scribarum
3220 5435 3515 5507 traditione,

1930 5503 2144 5568 dicente
2159 5528 2260 5565 non
2308 5508 2530 5580 amplius
2577 5522 2691 5580 eum
2722 5506 2902 5558 debere
2942 5510 3138 5580 patrem
3184 5503 3441 5580 honorare
3471 5503 3519 5564 et

1929 5594 2166 5647 matrem,
2196 5583 2284 5653 qui
2318 5571 2429 5653 Deo
2468 5578 2626 5653 s_e_ntel
2654 5571 3023 5653 consecraverit
3051 5571 3524 5653 idqui/decreme-

1929 5665 2040 5713 sent
2074 5644 2333 5725 parentes.
2368 5650 2433 5705 Et
2466 5648 2948 5725 Phariswitutpote
2975 5644 3137 5725 arari,
3168 5662 3230 5699 ea
3253 5644 3519 5721 docebunt,

1930 5739 1986 5783 ut
2008 5716 2100 5782 sub
2120 5740 2405 5799 pauperum
2424 5723 2592 5799 specie
2612 5736 2671 5773 ea
2697 5719 2848 5771 etiam
2874 5716 3187 5785 acciperent,
3205 5733 3321 5788 qua:
3339 5716 3525 5793 parm.

1931 5799 2067 5856 tibus
2096 5793 2326 5856 dlicuius
2353 5793 2526 5848 danda
2552 5798 2716 5845 erant.

2003 5870 2029 5910 ἀ
2072 5865 2307 5936 Rbabb.,
2337 5865 2449 5921 tati.

2872 5951 2910 6015 is
