4004 6332
488 287 593 346 107

1728 290 1789 349 S.
1833 284 2109 349 EUSEBII
2147 283 2538 347 HIERONYMI

3688 280 3791 347 108

488 422 609 464 rum
655 414 771 477 est,
818 415 876 466 et
905 409 1124 480 publico
1152 424 1407 469 sermone
1444 421 1552 465 non
1592 418 1619 447 ⁸
1648 408 1862 466 teritur.
1902 410 2079 480 Popu-
2112 408 2164 474 Α
2193 415 2339 466 iuras
2373 409 2751 475 introducunt,
2779 407 3026 466 dicentes
3060 426 3076 465 :
3109 407 3165 467 Si
3193 406 3458 482 plantatio
3486 419 3650 481 quam
3681 424 3791 463 nrzn

487 498 576 556 lus
601 498 916 557 Judaeorum
945 513 1156 574 partem
1191 500 1442 560 Dei'esse
1472 515 1532 558 se
1552 500 1810 573 jactitans
1843 517 2087 559 commu-

489 610 588 650 nes
635 594 789 653 cibos
838 606 1017 666 vocat,
1059 599 1257 671 quibus
1300 612 1491 655 omnes
1537 605 1762 655 utuntur
1812 597 2084 654 homines.

493 684 661 744 Verbi
691 689 890 761 gratia,
922 691 1141 747 suillam
1169 705 1415 762 carnem,
1442 688 1473 731 ιι
1500 700 1744 760 ostreas,
1772 691 2011 764 lepores,
2033 701 2087 747 et

490 781 800 841 istiusmodi
828 785 1125 843 animantia
1160 801 1282 859 qua:
1303 788 1559 859 ungulam
1584 803 1694 843 non
1715 786 1964 854 ﬁndunt;
1987 801 2089 843 nec

486 878 785 946 ruminant,
831 893 932 936 nec
968 894 1261 952 squamosa
1291 881 1347 938 in
1378 880 1625 951 piscibus
1660 890 1808 939 sunt.
1842 880 1997 939 Unde
2033 889 2087 938 et

488 970 543 1026 in
577 970 801 1028 Actibus
832 972 1222 1042 Apostolorum
1260 975 1524 1046 scriptum
1572 983 1701 1032 est:
1750 975 1903 1042 Quod
1939 973 2086 1030 Deus

482 1066 852 1137 sanctiﬁcavit,
903 1075 959 1121 tu
1028 1084 1092 1123 ne
1121 1084 1391 1125 commune
1423 1069 1618 1126 dixeris
1654 1070 1803 1144 (Act.
1840 1087 1870 1126 ι
1902 1111 1917 1137 ,
1959 1069 2082 1142 15).

486 1158 796 1217 Commune
834 1176 995 1234 ergo,
1030 1161 1175 1234 quod
1206 1164 1422 1220 caeteris
1456 1163 1771 1222 hominibus
1806 1174 1991 1236 patet,
2031 1171 2088 1222 et

486 1252 642 1324 quasi
670 1268 776 1308 non
805 1263 889 1310 est
928 1255 997 1311 de
1034 1263 1193 1325 parte
1225 1256 1354 1324 Dei,
1392 1271 1492 1328 pro
1523 1257 1808 1316 immundo
1843 1257 2084 1329 appella-

484 1355 592 1403 tur.
622 1347 747 1403 Non
767 1349 908 1420 quod
932 1350 1090 1404 intrat
1116 1351 1169 1404 in
1197 1367 1257 1406 os
1284 1352 1628 1408 communicat
1656 1352 1920 1407 hominem
1950 1368 1966 1404 :
1998 1350 2088 1406 sed

480 1440 619 1510 quod
654 1440 886 1511 procedit
913 1457 980 1497 ea:
1008 1458 1096 1497 ore
1132 1441 1229 1498 hoc
1265 1444 1565 1515 coinquinat
1587 1443 1868 1499 hominem.
1901 1442 2085 1515 Oppo-

479 1540 574 1589 nat
615 1531 853 1602 prudens
894 1532 1091 1600 lector,
1124 1542 1181 1589 et
1216 1533 1391 1591 dicat:
1435 1536 1493 1592 Si
1538 1534 1686 1607 quod
1722 1536 1890 1591 intrat
1926 1535 1979 1588 in
2018 1548 2085 1590 os

482 1638 592 1681 non
636 1624 954 1697 coinquinat
1023 1626 1343 1693 hominem,
1394 1642 1565 1698 quare
1605 1626 1928 1699 idolothytis
1974 1640 2083 1683 non

481 1718 796 1776 vescimur?
822 1720 888 1777 Et
917 1720 1219 1791 Apostolus
1248 1721 1444 1781 scribit
1484 1742 1500 1781 :
1547 1722 1672 1779 Non
1713 1724 1924 1796 potestis
1955 1724 2085 1778 cali-

2190 505 2458 577 plantavit
2487 505 2649 562 Pater
2669 547 2684 574 ,
2714 505 3081 564 eradicabitur
3112 523 3127 563 :
3160 520 3293 578 ergo
3326 520 3487 577 quam
3522 503 3795 574 plantavit

2189 597 2320 666 ille,
2353 613 2463 655 non
2508 607 2686 671 potest
2728 598 3019 656 eradicari.
3062 598 3172 656 Sed
3221 598 3445 655 audiant
3469 597 3601 653 illud
3634 596 3794 652 Jcre-

2189 691 2313 748 mite
2343 708 2359 751 :
2390 691 2500 767 Ego
2522 706 2612 748 vos
2640 692 2874 765 plantavi
2901 695 3103 747 vineam
3133 708 3329 756 ueram,
3370 690 3631 763 quomodo
3660 690 3797 745 versi

2188 785 2312 840 estis
2344 785 2396 840 in
2434 785 2838 840 amaritudinem
2882 784 3001 839 vitis
3040 784 3228 839 aliena:
3261 784 3285 853 (
3302 782 3502 839 Jerem.
3536 799 3605 849 ιι,
3636 781 3702 836 2!
3727 782 3792 853 )?

2190 879 2468 936 Plantavit
2500 879 2719 950 quidem
2764 879 2951 950 Deus,
2995 888 3052 936 et
3088 893 3255 936 nemo
3295 887 3476 951 potest
3511 877 3794 934 eradicare

2190 974 2586 1045 plantationem
2627 974 2768 1046 ejus.
2812 974 2920 1033 Sed
2970 976 3231 1046 quoniam
3272 975 3373 1031 ista
3421 972 3684 1046 plantatio
3735 972 3793 1027 in

2189 1068 2480 1126 voluntate
2510 1070 2719 1142 proprii
2747 1070 2961 1127 arbitrii
2989 1079 3095 1136 est,
3128 1070 3311 1126 nullus
3335 1071 3477 1126 alius
3503 1084 3622 1125 eam
3661 1081 3791 1125 era-

2188 1161 2373 1219 dicare
2397 1163 2636 1233 poterit,
2670 1163 2774 1217 nisi
2803 1162 2921 1232 ipsa
2949 1163 3244 1233 praebuerit
3274 1177 3581 1219 assensum.

2261 1253 2445 1326 (Vers.
2470 1253 2589 1328 14.)
2620 1254 2792 1312 Sinite
2810 1255 2966 1326 illos,
2999 1258 3123 1313 eieci
3148 1264 3302 1325 sunt,
3334 1256 3490 1311 duces
3512 1269 3789 1310 caecorum.

2189 1346 2373 1404 Cacus
2390 1358 2563 1403 autem
2586 1348 2632 1403 si
2656 1364 2794 1403 cteco
2816 1348 3057 1403 ducatum
3083 1359 3311 1422 praestet,
3339 1347 3563 1404 amboin
3591 1350 3791 1419 [arcam
3826 1411 3835 1419 ο

2188 1440 2406 1496 cadunt.
2437 1440 2554 1498 Hoc
2580 1451 2664 1499 est
2693 1442 2835 1513 quod
2864 1443 3163 1514 Apostolus
3197 1450 3531 1515 praeceperat
3561 1459 3574 1496 :
3604 1441 3794 1495 Haere-

2188 1531 2347 1587 ticum
2369 1533 2627 1588 hominem
2657 1544 2771 1606 post
2795 1549 2954 1590 unum
2976 1543 3022 1589 et
3048 1536 3271 1592 alterum
3295 1535 3672 1608 correptionem
3701 1534 3795 1587 de-

2187 1625 2327 1696 vita,
2359 1627 2525 1683 sciens
2553 1629 2697 1699 quod
2741 1645 3008 1701 perversus
3040 1631 3107 1685 sit
3144 1629 3541 1702 hujuscemodi,
3562 1639 3611 1685 et
3640 1646 3671 1682 a
3712 1645 3795 1683 se-

2187 1721 2405 1794 metipso
2436 1723 2714 1778 damnatus
2760 1723 2906 1794 (Tit.
2934 1740 3011 1790 ιιι,
3050 1723 3118 1780 10
3141 1722 3183 1795 ).
3227 1720 3288 1779 ιιι
3316 1724 3460 1779 hunc
3491 1736 3711 1778 sensum
3738 1727 3796 1777 et

483 1828 595 1867 cem
620 1812 834 1867 Domini
870 1813 1069 1883 bibere,
1118 1832 1168 1870 ει
1215 1812 1431 1870 calicem
1470 1815 1851 1872 dwmouiorum
1888 1815 1941 1886 (ι
1964 1814 2084 1871 Cor.
2118 1813 2170 1877 B
2192 1811 2442 1870 Salvator
2475 1813 2736 1885 praecepit
2757 1814 3013 1872 doctores
3038 1817 3309 1886 pessimos
3330 1815 3684 1872 dimittendos
3706 1829 3796 1869 ar-

489 1921 555 1971 x,
585 1905 701 1978 ‘20).
735 1904 1033 1963 Sciendum
1068 1906 1234 1978 igitur
1260 1906 1411 1979 quod
1439 1906 1547 1978 ipsi
1580 1907 1801 1980 quidem
1840 1907 1981 1972 cibi,
2030 1915 2085 1962 et

477 2000 574 2057 Dei
597 2010 851 2057 creatura
878 2016 977 2073 per
1006 2016 1067 2058 se
1090 2003 1275 2059 omnis
1303 2001 1508 2059 munda
1538 2002 1611 2059 sit
1635 2020 1647 2058 :
1682 2002 1779 2060 sed
1809 2001 2080 2059 idolorum

477 2109 543 2151 ac
574 2095 885 2152 daemonum
915 2096 1191 2153 invocatio
1219 2112 1282 2153 ea
1314 2096 1476 2154 faciat
1507 2096 1811 2153 immunda.

557 2187 740 2262 (Vers.
775 2188 891 2260 12.)
932 2188 1075 2244 Tunc
1113 2191 1413 2246 accedentes
1452 2189 1705 2261 discipuli
1738 2194 1889 2263 ejus,
1928 2189 2080 2245 dixe-

478 2290 601 2337 runt
624 2283 669 2337 ei
696 2299 714 2337 :
742 2282 861 2338 Scis
881 2284 1005 2353 quia
1035 2281 1313 2349 Pltaristei,
1338 2282 1520 2339 audito
1542 2284 1694 2339 verbo
1715 2282 1833 2352 hoc,
1863 2281 2075 2338 scandw

480 2376 624 2431 lizati
654 2378 811 2431 sunt?
841 2376 919 2431 Ex
948 2392 1055 2431 uno
1076 2390 1334 2432 sermone
1356 2375 1536 2431 omnis
1552 2375 1868 2445 superstitio
1889 2374 2081 2431 obser-

478 2472 759 2525 vationum
793 2469 1144 2525 Iudaicarum
1190 2468 1367 2525 fuerat
1400 2468 1564 2536 elisa;
1599 2468 1692 2539 qui
1725 2467 1781 2523 in
1819 2468 1962 2524 cibis
1989 2482 2081 2523 su-

481 2563 695 2619 mendis
718 2561 1235 2632 abominandisque,
1276 2560 1596 2632 religionem
1622 2573 1779 2616 suam
1810 2560 1973 2615 sitam
1993 2575 2083 2614 ar-

480 2657 823 2715 bitrabantur
835 2657 945 2730 [Αι.
969 2655 1437 2729 arbitrantur].'Et
1458 2657 1585 2727 quia
1600 2655 1797 2711 crebro
1811 2655 2015 2710 teritur
2029 2654 2083 2709 in

485 2749 892 2807 Ecclesiasticis
920 2748 1251 2818 Scripturis,
1293 2750 1631 2815 scandalum,
1667 2748 1909 2804 breviter
1938 2747 2084 2804 dictu

481 2858 604 2899 mus
629 2843 753 2912 quid
783 2843 939 2915 113
962 2841 1249 2913 signiﬁcet.
1285 2852 1307 2882 ο
1332 2843 1520 2898 Σκῶλον
1544 2849 1600 2897 et
1619 2840 1956 2907 scandalum,
1983 2856 2082 2896 nos

479 2937 879 3006 offcndiculum,
912 2937 1001 2992 vel
1033 2937 1248 2992 ruinam
1274 2945 1331 2992 et
1353 2936 1745 3007 impactionem
1775 2936 1929 3007 pedis
1956 2951 2081 3007 pos-

481 3044 674 3086 sumus
694 3029 903 3085 dicere.
926 3028 1154 3097 Quando
1185 3045 1316 3100 ergo
1342 3030 1607 3102 legimus:
1639 3030 1985 3101 Quicumque
2014 3030 2083 3087 de

478 3123 723 3179 minimis
754 3122 874 3177 istis
897 3120 1363 3178 scaudalizaverit
1390 3124 1723 3195 quempiam,
1751 3125 1854 3178 hoc
1876 3123 2081 3179 intelli-

2190 1905 2360 1962 bitrio
2390 1922 2523 1976 suo,
2555 1907 2741 1965 sciens
2764 1923 2858 1964 eos
2891 1908 3186 1965 difﬁculter
3217 1909 3284 1965 ad
3316 1909 3597 1965 veritatem
3630 1921 3795 1979 posse

2186 1996 2353 2067 trahi,
2382 2006 2435 2053 et
2462 2012 2639 2054 creetis
2679 2011 2824 2068 esse,
2847 2005 2906 2054 et
2934 2013 3137 2055 caecum
3171 1999 3435 2071 populum
3460 1998 3515 2054 in
3538 2012 3787 2054 errorem

2186 2090 2429 2146 trahere.

2261 2182 2443 2255 (Vers.
2488 2183 2579 2249 15,
2613 2182 2744 2251 16.)
2779 2182 2939 2256 ιιά,
2983 2182 3325 2254 Respondent
3356 2194 3525 2239 ardent
3571 2181 3795 2252 Petrus,

2186 2275 2319 2331 dixit
2372 2277 2423 2331 ei
2474 2294 2493 2332 :
2537 2275 2783 2332 Edissere
2826 2277 2975 2332 nobis
3022 2278 3333 2347 parabolam
3376 2278 3548 2332 istam.
3598 2278 3663 2331 At
3706 2278 3798 2333 ille

2185 2372 2319 2426 dixit
2353 2388 2370 2425 :
2403 2371 2589 2427 Adhuc
2614 2383 2663 2428 et
2691 2388 2781 2429 vos
2799 2373 2911 2428 sine
2933 2373 3200 2427 intellectu
3229 2373 3350 2429 estis
3367 2373 3394 2428 ?
3418 2372 3575 2442 Quod
3608 2381 3800 2443 aperte

2185 2463 2393 2521 dictum
2437 2465 2636 2533 fuerat,
2671 2476 2725 2521 et
2756 2467 2975 2537 patebat
3002 2466 3211 2523 auditui
3236 2509 3250 2534 ,
3283 2467 3571 2538 apostolus
3600 2466 3801 2524 Petrus

2186 2573 2285 2629 per
2314 2560 2629 2631 parabolae]
2663 2560 2865 2615 dictum
2890 2569 3064 2631 putat,
3101 2570 3155 2614 et
3187 2560 3246 2615 in
3271 2574 3331 2615 re
3366 2557 3655 2614 manifesta
3679 2574 3801 2631 my-

2184 2654 2381 2709 sticam
2423 2653 2621 2723 quterit
2666 2651 3104 2721 intelligentiam.
3149 2650 3567 2721 Corripiturque
3611 2665 3640 2704 a
3686 2649 3800 2704 Do-

2186 2746 2355 2813 mino,
2385 2762 2552 2817 quare
2577 2745 2890 2819 parabolice
2912 2745 3114 2801 dictum
3142 2754 3311 2817 putet,
3345 2746 3486 2817 quod
3508 2745 3800 2816 perspicue

2187 2839 2401 2895 locutus
2435 2848 2537 2896 est.
2583 2839 2666 2895 Ex
2709 2854 2820 2910 quo
2860 2838 3343 2895 animadvertimus
3371 2839 3622 2893 vitiosum
3671 2852 3801 2895 esse

2184 2932 2512 3003 auditorem,
2542 2936 2630 3004 qui
2667 2945 2759 2988 aut
2788 2933 3017 2990 obscura
3047 2932 3353 3001 manifeste,
3376 2942 3470 2989 aut
3509 2931 3801 2989 manifeste

2185 3028 2329 3084 dicta
2358 3028 2595 3084 obscure
2620 3027 2751 3083 velit
2783 3027 3108 3100 intelligere.

2256 3119 2434 3191 (Vers.
2470 3120 2559 3190 17,
2594 3118 2711 3192 18.)
2746 3118 2868 3175 Non
2891 3120 3209 3192 intelligitis,
3246 3118 3372 3191 quia
3396 3136 3545 3175 omne
3563 3122 3703 3191 quod
3745 3122 3801 3176 in

477 3217 689 3289 gimus,
719 3214 812 3287 qui
839 3214 986 3272 dicto
1014 3214 1229 3271 factove
1258 3216 1604 3272 occasionem
1629 3216 1803 3273 ruina;
1828 3217 2083 3288 cuiquam
2110 3212 2160 3281 C
2188 3230 2245 3271 os
2282 3214 2474 3282 intrat,
2500 3221 2555 3267 tn
2579 3222 2802 3268 ventrem
2840 3214 3015 3279 vadit,
3058 3223 3107 3268 et
3140 3216 3192 3268 in
3223 3229 3476 3268 secessum
3504 3215 3753 3268 emittitur
3774 3215 3803 3268 2

473 3309 709 3367 dederit.

554 3403 741 3474 (Vers.
777 3403 864 3460 13.
892 3401 912 3473 )
943 3402 1009 3456 At
1053 3403 1145 3458 ille
1182 3404 1532 3474 respondens,
1573 3405 1651 3459 ait
1682 3420 1702 3460 :
1733 3404 1914 3460 amnis
1943 3405 2085 3474 plan-

479 3497 606 3555 tatio
631 3513 789 3568 quam
818 3513 922 3550 non
962 3494 1217 3567 plantavit
1254 3494 1410 3550 Pater
1440 3514 1581 3553 meus
1625 3498 1843 3554 celestis
1866 3542 1880 3566 ,
1913 3498 2086 3553 eradi-

480 3592 698 3648 cabitur.
745 3590 920 3647 Etiam
972 3604 1094 3660 quae
1147 3589 1305 3659 plana
1340 3590 1600 3647 videntur
1646 3593 1698 3647 in
1745 3591 2082 3662 Scripturis,

480 3687 641 3757 plena
680 3693 807 3740 sunt
850 3683 1264 3754 quaestionibus.
1309 3682 1524 3754 Omnis,
1574 3684 1787 3755 inquit,
1830 3685 2084 3756 plantatio

484 3794 641 3852 quam
668 3793 771 3832 non
798 3776 1054 3847 plantavit
1078 3773 1238 3830 Pater
1260 3791 1402 3831 meus
1424 3777 1643 3833 cwlestis
1664 3819 1678 3843 ,
1707 3776 2079 3831 eradicabitur.

487 3875 627 3944 Ergo
654 3869 1024 3928 eradicabitur
1046 3876 1100 3924 et
1133 3869 1223 3924 illa
1256 3869 1539 3940 plantatio,
1566 3870 1634 3926 de
1658 3886 1764 3942 qua
1790 3871 2084 3940 Apostolus

484 3966 597 4020 ait:
628 3964 741 4036 Ego
774 3964 1027 4035 plantavi,
1059 3962 1251 4034 Apollo
1280 3964 1467 4035 rigavit
1501 3962 1559 4033 (Ι
1589 3962 1714 4018 Cor.
1750 3980 1838 4028 ιιι,
1872 3966 1949 4033 6).
1975 3964 2082 4021 Sed

483 4061 712 4117 solvitur
741 4059 971 4130 quaestio
1001 4073 1065 4115 ex
1100 4072 1166 4114 eo
1197 4058 1343 4128 quod
1372 4056 1401 4096 (1
1432 4059 1679 4130 sequitur
1708 4076 1721 4113 :
1752 4058 1893 4115 Dens
1914 4070 2084 4116 autem

482 4157 857 4210 incrementum
878 4154 1018 4208 dedit
1049 4151 1257 4225 (Ibid.,
1288 4151 1364 4226 9).
1392 4154 1530 4209 Dicit
1552 4166 1607 4209 et
1637 4156 1793 4225 ipse:
1824 4156 1919 4211 Dei
1939 4159 2084 4229 agri-

488 4248 733 4314 cultura,
781 4244 879 4301 Dei
921 4245 1203 4315 wdiﬁcatio
1247 4247 1366 4301 estis
1405 4244 1510 4318 (Ill
1547 4244 1708 4300 Joan.
1745 4245 1895 4319 vtu).
1932 4249 1998 4304 Et
2028 4249 2082 4305 in

486 4342 597 4398 alio
624 4342 745 4398 loco
776 4357 790 4399 :
821 4338 1197 4411 Coeperatores
1224 4337 1327 4393 Dei
1358 4357 1559 4396 sumus.
1588 4342 1641 4397 Si
1672 4350 1852 4398 autem
1886 4358 2085 4415 coope-

487 4445 738 4492 ratores:
776 4433 940 4505 igitur
978 4433 1260 4503 plantante
1280 4431 1485 4497 Paulo,
1518 4442 1571 4487 et
1602 4432 1812 4504 rigante
1849 4436 2081 4505 Apollo,

484 4528 632 4583 Dens
677 4541 798 4582 cum
838 4524 1293 4596 cooperatoribus
1337 4522 1463 4595 [AL
1504 4525 1923 4599 operatoribus]
1970 4529 2085 4584 suis

2192 3307 2321 3373 Quae
2351 3319 2526 3364 autem
2548 3307 2833 3380 procedunt
2864 3307 2930 3362 de
2956 3324 3077 3376 ore,
3109 3308 3177 3362 de
3212 3308 3368 3363 corde
3395 3319 3617 3375 exeunt,
3657 3318 3707 3363 et
3736 3323 3801 3362 ea

2188 3401 2529 3471 coinquinant
2546 3399 2825 3455 hominem.
2843 3398 3040 3456 Omnia
3064 3399 3483 3472 Evangeliorum
3510 3401 3628 3456 loca
3649 3401 3798 3471 apud

2189 3495 2479 3551 luereticos
2505 3505 2561 3550 et
2601 3509 2890 3566 perversos
2933 3495 3091 3565 plena
3120 3502 3247 3550 sunt
3283 3494 3574 3551 scandulis.
3613 3494 3677 3549 Et
3726 3510 3799 3550 ex

2190 3592 2292 3648 hac
2321 3590 2641 3647 sententiola
2667 3590 2887 3660 quidam
2917 3589 3338 3657 calumniantur,
3359 3591 3501 3661 quod
3529 3590 3800 3647 Dominus

2187 3686 2429 3760 physica:
2456 3685 2837 3757 disputationis
2868 3685 3123 3755 ignarus,
3157 3692 3313 3755 putet
3336 3700 3528 3741 omnes
3556 3686 3707 3743 cibos
3738 3688 3796 3743 in

2187 3791 2429 3837 ventrem
2459 3780 2557 3848 ire,
2592 3788 2648 3835 et
2678 3779 2735 3834 in
2767 3793 3045 3835 secessum
3077 3778 3245 3849 digeri
3271 3777 3379 3851 [ΑΙ.
3413 3778 3597 3851 dirigi]
3628 3794 3793 3836 zeum

2188 3874 2371 3930 statim
2416 3872 2607 3928 infusae
2637 3887 2777 3929 escae
2809 3887 2904 3941 per
2930 3880 3081 3925 artus
3108 3881 3163 3925 ct
3184 3886 3352 3926 venas
3380 3886 3443 3926 ac
3487 3871 3752 3927 medullas
3772 3914 3793 3942 ,

2190 3982 2496 4038 nervosque
2526 3965 2839 4020 fundantur.
2870 3963 3023 4021 Unde
3050 3974 3100 4019 et
3143 3963 3374 4032 multos,
3402 3965 3494 4036 qui
3518 3965 3649 4020 vitio
3674 3975 3797 4022 sto—

2189 4061 2368 4118 machi
2400 4069 2677 4133 perpetem
2716 4058 2989 4114 sustinent
3017 4058 3281 4114 vomitum
3305 4100 3320 4127 ,
3355 4068 3473 4129 post
3503 4074 3692 4117 cmnas
3738 4071 3798 4117 et

2190 4154 2436 4225 prandia,
2466 4152 2650 4210 statim
2684 4166 2939 4208 evomere
2967 4149 3113 4223 quod
3142 4149 3489 4221 ingesserint,
3524 4163 3573 4208 et
3608 4163 3794 4210 tamen

2188 4247 2540 4318 corpulentus
2566 4260 2691 4303 esse
2724 4262 2737 4299 :
2768 4244 2890 4317 quia
2934 4244 3001 4300 ad
3031 4245 3266 4314 primum
3298 4252 3513 4300 tactum
3531 4242 3795 4316 liquidior

2186 4342 2345 4398 cibus
2388 4350 2442 4396 et
2471 4350 2628 4410 potus
2671 4354 2765 4409 per
2800 4338 3042 4393 membra
3084 4338 3400 4394 fundantur.
3447 4336 3554 4395 Sed
3604 4338 3796 4395 istius-

2186 4434 2336 4490 modi
2383 4433 2631 4488 homines
2667 4431 2794 4486 dum
2828 4431 3025 4486 volunt
3052 4431 3280 4487 alterius
3321 4431 3645 4501 imperitiam
3695 4448 3792 4488 re-

2189 4525 2557 4601 prehendere,
2589 4523 2885 4580 05tenduut
2915 4538 3088 4579 suam.
3123 4525 3382 4592 Quamvis
3422 4526 3561 4579 cnim
3605 4526 3791 4581 tenuis

484 4620 700 4693 plantat
728 4630 783 4675 et
807 4618 964 4690 rigat.
993 4618 1304 4675 Abutuntur
1328 4617 1432 4673 hoc
1459 4618 1577 4672 loco
1601 4618 1692 4690 qui
1715 4618 1963 4677 diversas
1985 4638 2080 4677 na-
2108 4616 2160 4679 D
2188 4623 2389 4678 humor
2411 4628 2462 4674 et
2507 4617 2719 4688 liquens
2747 4631 2868 4673 esca
2896 4623 2921 4652 ο
2940 4658 2955 4684 ,
2989 4631 3110 4671 cum
3145 4618 3197 4671 in
3240 4615 3394 4672 venis
3444 4625 3498 4672 et
3556 4617 3793 4674 artubus

559 4791 585 4819 ιι
625 4781 768 4838 Alibi
802 4789 1017 4834 tenetur.
1043 4778 1213 4834 Porro
1244 4779 1298 4833 in
1324 4779 1493 4834 veteri
1527 4777 1871 4849 Evangelior.
1907 4779 2075 4837 Vero-

492 4856 646 4910 nensi
693 4868 795 4908 ms.
834 4866 931 4919 pro
960 4851 1306 4922 communicat
1336 4851 1509 4922 altero
1546 4858 1757 4905 tantum
1804 4852 1923 4907 loco
1971 4862 2076 4922 est,

492 4926 726 4995 inquinat
758 4941 770 4977 :
807 4926 927 4995 vice
956 4937 1112 4995 versa
1128 4920 1514 4995 Ainferius,ubi
1546 4929 1724 4995 tortus
1751 4922 1855 4978 iste
1884 4920 2076 4980 recur4

488 4993 579 5058 rit,
612 4994 905 5074 coinquinat
931 4994 1107 5065 primo
1127 4993 1249 5048 loco
1280 5003 1366 5050 est
1401 4994 1455 5049 in
1481 5006 1589 5048 uno
1613 4993 1882 5062 Palatino,
1910 4997 1964 5051 in
1995 4996 2079 5051 al-

494 5079 612 5125 tero
640 5084 805 5122 comm
814 5074 1004 5119 uutcat.

563 5139 591 5179 ι)
630 5140 800 5193 Tacet
827 5136 1030 5191 Victor.
1064 5144 1281 5190 ostreas.

567 5225 589 5250 ο
609 5211 789 5267 Nostri
814 5222 1011 5263 omnes
1039 5223 1169 5262 mss.
1196 5206 1388 5262 Scolon
1420 5207 1720 5277 prmferunt
1748 5208 1959 5266 Latinis
1989 5209 2079 5266 lit.

494 5283 645 5351 teris,
674 5283 740 5336 ad
768 5295 997 5351 quorum
1010 5279 1183 5351 itidem
1204 5288 1249 5332 et
1270 5280 1517 5351 copulam
1541 5296 1638 5350 pro
1659 5290 1734 5335 est
1752 5283 1921 5336 verbo
1947 5283 2077 5337 sub—

489 5350 794 5419 stituimus,
838 5351 955 5418 ipso
996 5350 1323 5424 ﬁdcjussore
1351 5350 1407 5424 S-
1442 5351 1603 5407 Patre
1644 5352 1739 5406 lib.
1784 5368 1822 5407 ιι
1859 5353 2072 5424 Dialog.

489 5423 1075 5499 cntttral’el:tgiat_u§n.
1099 5421 1181 5476 15.
1209 5420 1575 5499 NisiLinq‘uit,
1603 5423 1786 5499 fallor.
1809 5426 1996 5481 σκῶλον
2022 5420 2075 5481 ct

490 5491 768 5554 ἁκάνδαλον
794 5491 933 5563 apud
961 5491 1167 5548 διαλίποι
1196 5509 1259 5546 ea
1295 5491 1582 5560 oﬂ'ensione
1603 5491 1668 5548 ‘et
1707 5497 1860 5551 ruina
1890 5514 2073 5553 nomen

484 5572 704 5641 accepit.
735 5565 1077 5641 liartianacus
1106 5565 1303 5631 σκολὸν,
1330 5578 1423 5641 aut
1464 5567 1664 5641 σκολίων
1694 5582 1813 5621 cum
1844 5580 2070 5641 accentu

487 5641 539 5693 in
575 5637 868 5709 penultima
893 5638 1086 5691 vitiose
1115 5645 1377 5707 prmterea
1400 5637 1817 5707 lcgit.——At:sus
1856 5650 1940 5695 est
1961 5640 2070 5694 Ma-

491 5713 671 5767 rianus
704 5709 973 5766 Victorius
1004 5709 1145 5781 hunc
1173 5709 1351 5765 locum
1388 5720 1597 5765 mutare
1637 5711 1843 5781 absque
1879 5711 2070 5767 suifra-

482 5783 573 5849 εἰς)
599 5782 843 5838 codicum
876 5780 1408 5851 manuscriptorum,
1440 5791 1495 5836 et
1528 5798 1621 5849 pro
1644 5780 1822 5839 σκολὸν
1847 5783 1927 5839 vel
1951 5805 2071 5840 σκοο

473 5854 576 5910 λὶον
593 5853 923 5912 substituere
948 5852 1262 5926 πρόσκομμα
1281 5863 1336 5909 et
1359 5851 1654 5916 σκάνδαλον.
1687 5853 1831 5912 lnt‘ra
1848 5869 2066 5927 quoque

2186 4787 2364 4836 mutat
2398 4776 2639 4835 editione
2668 4791 2763 4831 sua
2793 4784 3111 4831 ccutextum
3142 4776 3425 4846 Vulgatum
3460 4776 3788 4848 Hieronymi

2182 4849 2419 4909 dicentis
2443 4870 2455 4904 :
2486 4848 2734 4917 Quamris
2758 4849 2897 4919 enim
2923 4848 3093 4902 tenuis
3121 4851 3309 4902 humor
3329 4859 3378 4902 et
3399 4850 3600 4919 liquens
3625 4866 3785 4916 esca;

2183 4938 2300 4979 cum
2328 4925 2379 4978 in
2409 4924 2547 4978 venis
2569 4961 2584 4986 .
2617 4930 2724 4974 etc.
2756 4918 2897 4988 Quid
2923 4920 2994 4973 sit
3022 4929 3201 4975 autem
3233 4920 3410 4975 scolon
3429 4918 3619 4988 ,quod
3647 4921 3783 4990 legi-

2183 5006 2271 5050 tur
2300 4997 2350 5050 in
2382 5008 2512 5049 mss.
2542 4991 2872 5057 Codicibus,
2911 4992 3028 5046 sive
3063 4992 3263 5049 σκολίον
3303 5008 3425 5047 cum
3455 5001 3680 5046 accentu
3729 4996 3782 5048 in

2182 5068 2483 5137 penultima
2503 5111 2516 5131 ,
2549 5064 2689 5119 scire
2724 5078 3014 5132 possumus
3043 5080 3107 5119 ex
3139 5064 3302 5119 verbo
3331 5064 3546 5120 πολιόω
3567 5106 3581 5129 ,
3632 5068 3783 5129 qnml

2182 5136 2452 5208 signiﬁcat
2472 5139 2762 5206 intorqueo,
2792 5145 3081 5189 tortuosum
3112 5143 3158 5189 et
3191 5151 3407 5207 pravum
3429 5136 3610 5189 reddo.
3646 5137 3784 5203 Quae

2182 5214 2332 5266 enim
2378 5218 2503 5263 sunt
2534 5222 2702 5277 prava
2723 5217 2777 5261 et
2806 5214 3046 5262 tortuosa
3066 5247 3081 5273 ,
3113 5208 3497 5262 olfeudiculum
3532 5210 3785 5274 praebent

2184 5291 2348 5351 atque
2377 5280 2619 5346 ruinam,
2651 5281 2767 5351 sive
2809 5277 2965 5346 pedis
3008 5278 3429 5351 impactionem,
3473 5279 3781 5336 secundum

2182 5348 2499 5424 lliéronymi
2529 5348 2958 5424 annotatinnem.
2986 5350 3142 5421 Apud
3176 5351 3398 5418 Isaiam,
3431 5360 3579 5405 erunt
3612 5368 3782 5419 prava

2178 5425 2231 5478 in
2262 5421 2489 5491 directa,
2523 5436 2624 5479 etc.
2654 5421 2835 5479 Manr.

2251 5494 2277 5533 ιὶ
2317 5496 2491 5551 Antea
2540 5504 2740 5551 eratea:
2784 5511 2840 5550 eo
2876 5496 3015 5567 quod
3052 5494 3330 5560 scribitur,
3362 5502 3419 5549 et
3447 5493 3627 5567 paulo
3651 5506 3782 5560 post

2177 5568 2676 5651 rigattntelApollme,
2709 5582 2807 5645 pro
2836 5566 3056 5651 Apollo,
3091 5568 3234 5650 quod
3270 5581 3465 5651 nomen
3491 5577 3575 5621 est
3616 5566 3780 5624 inde--

2175 5639 2434 5695 clinabile
2470 5640 2524 5693 in
2556 5644 2758 5693 nostris
2786 5639 2915 5693 mss.
2954 5639 3225 5695 Victorius
3253 5650 3514 5708 praeterea
3558 5653 3681 5692 mox
3723 5651 3781 5695 et

2174 5711 2229 5765 in
2260 5712 2438 5767 eodem
2480 5711 2592 5764 loco
2618 5708 2750 5778 legit
2787 5724 2881 5775 pro
2905 5711 3041 5777 alio,
3082 5711 3230 5777 quod
3261 5713 3378 5767 tunc
3408 5719 3595 5765 mutuo
3626 5710 3781 5767 inter

2175 5797 2233 5838 se
2262 5787 2449 5853 juncta
2483 5779 2684 5853 putarit
2716 5780 3024 5853 testimonia
3052 5781 3220 5839 lCor.
3253 5798 3334 5839 ιιι.

2250 5851 2272 5893 ά
2301 5854 2530 5926 Supplet
2551 5851 2841 5918 Victorius,
2867 5852 2919 5907 in
2940 5870 3125 5926 corpus
3147 5854 3406 5926 fundatur
3430 5863 3619 5925 tamen,
3646 5854 3773 5913 sine
