4004 6332
472 313 570 370 111

1727 306 1784 364 S.
1827 304 2104 363 EUSEBII
2131 305 2514 366 HIERONYSII

3670 306 3777 366 1η

476 439 643 485 tatur.
695 428 769 484 De
808 427 915 483 illis
964 436 1146 496 postea
1200 425 1397 482 dicitur
1437 442 1451 478 :
1492 422 1950 480 Circumdederunt
1998 439 2077 477 me
2104 425 2155 486 Α
2180 423 2300 480 Non
2327 425 2444 480 vult
2468 440 2564 480 eos
2604 424 2767 481 Iesus
2814 424 3092 480 dimittere
3112 423 3358 497 jejunus,
3402 439 3471 483 ne
3520 423 3779 481 deﬁciant

476 540 633 579 canes
664 522 814 576 multi
845 520 979 594 (Ps.
1021 537 1110 576 nt
1135 562 1150 588 ,
1185 519 1298 591 17).
1333 518 1400 573 Et
1430 535 1442 570 :
1483 516 1665 571 Videte
1694 532 1879 582 canes,
1909 516 2077 571 videte

483 620 641 691 117
678 619 838 672 malos
879 616 1177 688 operarios,
1210 613 1376 668 videte
1420 610 1765 666 concisionem
1794 610 1812 678 (
1838 608 2075 681 Philipp.

474 711 581 780 tu).
615 709 724 765 Nos
755 707 1062 764 audivimus
1088 722 1210 762 cum
1249 703 1672 777 Syroplitenissa
1694 746 1708 767 ,
1750 712 1804 758 et
1843 702 2076 756 muliere

474 816 597 871 qua:
621 800 883 871 sanguine
912 797 1144 854 ﬂuxerat
1171 816 1184 852 :
1215 795 1411 867 Magna
1431 803 1507 849 est
1534 794 1664 865 ﬁdes
1703 803 1792 847 tua
1812 835 1827 858 ,
1852 794 1945 863 fiat
1985 792 2075 846 tibi

469 896 603 951 sicut
633 895 728 949 vis.
765 894 866 948 Et:
896 891 1071 953 Filia.
1113 892 1244 961 fides
1274 900 1365 945 tua
1403 900 1449 944 te
1476 890 1675 943 salvam
1706 890 1846 960 fecit.

549 986 729 1058 (νει-ς.
762 986 855 1050 ‘29,
888 982 1005 1055 ΖΟ.)
1035 982 1099 1038 Et
1126 1000 1243 1057 cum
1275 982 1545 1037 transisset
1572 982 1693 1035 inde
1728 978 1905 1048 Iesus,
1935 980 2073 1034 venit

473 1096 625 1137 secus
644 1095 787 1133 mare
816 1074 1054 1132 Galilwte
1081 1092 1100 1131 :
1126 1085 1177 1131 et
1203 1076 1483 1130 ascendens
1510 1075 1565 1129 in
1594 1082 1840 1138 montem,
1871 1070 2075 1126 sedebat

471 1173 569 1228 ibi.
600 1171 663 1226 Et
689 1178 1015 1225 accesserunt
1036 1169 1107 1222 ad
1136 1185 1251 1222 eum
1286 1167 1452 1223 turba:
1497 1166 1693 1228 multae,
1723 1163 1967 1219 habentes
1997 1179 2077 1218 se-

468 1281 589 1319 cum
610 1274 799 1329 mutos,
830 1276 1012 1326 ccecos,
1031 1260 1501 1329 claudos,debiles,
1534 1268 1580 1314 et
1610 1258 1743 1312 alios
1767 1256 1979 1311 multos.
2004 1254 2074 1309 Et

467 1363 803 1434 projecerunt
834 1374 921 1412 eos
948 1357 1017 1410 ad
1038 1356 1189 1428 pedes
1212 1361 1346 1424 ejus.
1371 1354 1434 1409 In
1464 1368 1531 1409 eo
1555 1352 1677 1408 loco
1706 1351 1799 1407 ubi
1846 1348 2075 1405 Latinus

467 1456 742 1524 interpres
776 1450 1083 1519 transtulit,
1114 1448 1328 1514 debiles,
1363 1449 1416 1502 in
1447 1447 1642 1504 Graeco
1670 1443 1934 1513 scriptum
1966 1451 2070 1511 est,

465 1552 701 1618 κνλλοὺς,
744 1545 890 1619 quod
939 1561 1046 1602 non
1098 1545 1353 1616 generale
1392 1540 1722 1606 debilitatis,
1768 1537 1862 1594 sed
1910 1536 2072 1592 unius

464 1643 801 1702 inﬁrmitatis
844 1651 928 1697 est
979 1654 1224 1695 nomen:
1255 1646 1317 1693 ut
1362 1635 1638 1708 quomodo
1675 1632 1910 1689 claudus
1937 1630 2076 1688 dici—

467 1747 579 1807 tur,
621 1735 714 1807 qui
762 1749 871 1791 uno
918 1731 1192 1789 claudicat
1235 1730 1375 1801 pede
1405 1747 1421 1783 :
1454 1730 1537 1784 sic
1561 1729 1736 1789 κυλλὸς
1766 1724 2074 1797 appelletur

2179 519 2231 571 in
2266 518 2370 573 via.
2422 518 2771 574 Periclitatur
2825 535 2976 591 ergo,
3011 519 3100 588 qui
3128 518 3250 574 sine
3291 518 3507 576 cce'esti
3541 532 3681 587 pane
3711 516 3777 570 ad

2176 618 2416 680 aptatam
2470 611 2811 667 mansionem
2866 612 3157 680 pervenire
3215 610 3456 667 festinat.
3509 610 3668 668 Unde
3725 616 3782 665 et

2176 703 2402 774 angelus
2432 703 2671 774 loquitur
2697 704 2763 759 ad
2794 703 2969 759 Ellam
3006 722 3019 758 :
3054 704 3244 777 Surge,
3279 714 3327 759 et
3346 705 3630 774 manduca,
3651 704 3779 775 quia

2175 797 2427 871 grandem
2447 800 2580 853 viam
2601 798 2965 853 ambulaturus
2993 815 3043 853 es
3072 797 3162 870 (111
3187 798 3319 869 Reg.
3352 815 3463 863 xu,
3488 799 3569 870 7).

2253 889 2435 961 (Vers.
2470 891 2541 946 35
2561 889 2745 963 seqq.)
2776 889 2841 944 Et
2868 890 3048 946 dicunt
3073 892 3118 944 ei
3147 890 3432 961 discipuli:
3467 889 3620 946 Unde
3657 906 3779 961 ergo

2176 983 2323 1037 nobis
2351 984 2404 1037 in
2426 983 2628 1038 deserto
2647 1000 2809 1053 panes
2830 992 3020 1048 tantos,
3041 994 3095 1037 ut
3120 994 3413 1040 saturentus
3435 984 3639 1038 turbam
3662 992 3779 1036 tan-

2176 1076 2321 1128 tam?
2359 1074 2425 1129 Et
2473 1077 2547 1130 ait
2592 1077 2699 1130 illis
2734 1074 2889 1130 Iesus
2923 1093 2942 1130 :
2973 1077 3110 1142 Quot
3156 1076 3354 1131 habetis
3376 1079 3569 1149 panes?
3609 1076 3672 1130 At
3698 1072 3780 1129 illi

2176 1167 2419 1222 dixerunt
2453 1185 2471 1222 :
2500 1168 2735 1238 Septem,
2791 1179 2835 1224 et
2891 1187 3081 1241 paucos
3102 1170 3405 1242 pisciculos,
3444 1179 3489 1225 et
3535 1170 3781 1241 prwcepit

2176 1264 2340 1318 turbat
2367 1274 2421 1318 ut
2445 1264 2823 1320 discumberent
2850 1282 3006 1337 super
3028 1275 3241 1320 terram.
3281 1265 3344 1319 Et
3375 1264 3636 1337 accipiens
3666 1281 3782 1335 sep-

2177 1364 2274 1410 tem
2300 1374 2461 1427 panes
2507 1368 2558 1412 et
2604 1359 2791 1430 pisces,
2823 1367 2869 1412 et
2896 1359 3095 1430 gratias
3134 1376 3293 1431 agens
3333 1360 3513 1430 fregit,
3556 1367 3607 1413 et
3638 1358 3783 1413 dedit

2176 1447 2450 1517 discipulis
2471 1451 2578 1504 suis
2609 1467 2629 1505 :
2659 1462 2707 1505 et
2730 1452 2975 1524 discipuli
2996 1453 3250 1507 dederunt
3277 1453 3488 1525 populo.
3516 1450 3587 1506 Et
3615 1467 3783 1506 come~

2177 1540 2363 1596 derunt
2408 1559 2613 1613 omnes,
2655 1552 2704 1599 et
2744 1545 2960 1599 saturati
2991 1556 3128 1599 sunt.
3165 1544 3232 1599 Et
3257 1546 3396 1615 quod
3433 1545 3692 1619 superfuit
3721 1547 3788 1600 de

2175 1636 2499 1708 fragmentis,
2522 1636 2751 1691 tulerunt
2766 1646 2959 1708 septem
2980 1649 3183 1709 sportas
3199 1639 3398 1712 plenas.
3424 1639 3587 1694 Erant
3609 1651 3785 1696 autem

2174 1728 2264 1799 qui
2303 1728 2746 1784 manducaverunt
2792 1742 3017 1801 quatuor
3060 1732 3231 1787 millia
3281 1733 3586 1798 hominum,
3634 1744 3788 1789 extra

468 1832 559 1902 qui
594 1844 757 1883 unam
791 1842 1011 1882 manum
1036 1824 1271 1881 debilem
1303 1822 1489 1878 habet.
1541 1820 1652 1876 Nos
1682 1818 2073 1891 proprietatem
2104 1816 2155 1876 B
2179 1822 2421 1893 parvulos
2460 1831 2509 1876 et
2558 1820 2823 1877 mulieres.
2871 1820 2941 1877 Et
2968 1824 3188 1878 dimissa
3235 1824 3407 1892 turba,
3455 1826 3690 1881 ascendit
3731 1827 3785 1879 in

467 1922 634 1993 hujus
682 1921 834 1978 verbi
866 1935 973 1976 non
1008 1919 1302 1975 habemus.
1350 1916 1510 1973 Unde
1553 1923 1609 1971 et
1648 1915 1701 1969 in
1733 1926 2076 1981 consequen-

465 2019 613 2075 tibus
641 2016 974 2088 evangelista
1007 2022 1337 2071 caeterorum
1366 2010 1628 2067 debilium
1653 2007 1910 2079 exposuit
1930 2006 2075 2062 sani-

464 2119 631 2177 tates,
654 2110 850 2166 horum
886 2107 1076 2164 tacuit.
1106 2105 1250 2175 Quid
1282 2105 1427 2160 enim
1453 2103 1726 2171 sequitur.

539 2203 720 2276 (Vera.
749 2202 870 2273 51.)
895 2200 963 2256 Et
987 2199 1183 2255 curavit
1212 2216 1299 2253 eos
1327 2214 1347 2253 .'
1372 2197 1447 2250 ita
1472 2208 1526 2251 ut
1552 2195 1717 2250 turba:
1739 2196 2071 2263 mirarentur,

463 2295 699 2353 videntes
737 2305 905 2350 mutos
938 2295 1236 2366 loquentes,
1269 2291 1485 2346 claudos
1524 2290 1883 2357 ambulantes,
1915 2305 2074 2345 ctecos

466 2393 699 2447 videntes
725 2405 745 2445 :
772 2400 821 2446 et
867 2387 1268 2461 magniﬁcabant
1316 2384 1488 2442 Deum
1530 2383 1723 2439 Israel.
1751 2384 1831 2440 De
1872 2384 2076 2444 κυλλοῖς

466 2486 659 2551 tacuit,
705 2485 830 2556 quia
873 2483 1001 2554 quid
1028 2481 1341 2539 econtrario
1372 2480 1606 2548 diceret,
1657 2494 1766 2536 non
1817 2479 2074 2534 habebat.

465 2578 587 2635 Hoc
616 2579 685 2633 de
713 2591 826 2633 uno
857 2575 1048 2632 verbo.
1101 2574 1415 2629 lntueamur
1464 2579 1647 2626 autem
1694 2570 1836 2642 quod
1882 2576 2073 2624 sanata

466 2671 802 2727 Cbananaeae
832 2668 945 2723 tilia
975 2673 1290 2723 revertatur
1327 2664 1393 2719 ad
1439 2663 1712 2729 Judaeam,
1745 2671 1801 2718 ct
1828 2662 1896 2718 ad
1927 2676 2077 2717 mare

464 2764 726 2832 Galilzeze,
768 2773 824 2819 et
874 2760 1141 2818 ascendat
1172 2759 1226 2815 in
1255 2766 1497 2813 montem
1534 2775 1547 2811 :
1582 2765 1637 2813 et
1667 2756 1820 2827 quasi
1852 2757 1969 2811 avis
1997 2764 2079 2811 te-

463 2872 633 2914 neros
685 2855 827 2912 fetus
880 2861 1144 2924 provocet
1169 2849 1237 2904 ad
1284 2846 1617 2912 volandum;
1650 2847 1838 2917 ibique
1864 2846 2071 2913 sedeat,

467 2957 526 3006 et
559 2948 734 3004 turba:
761 2953 1100 3003 concurrant
1130 2942 1197 2996 ad
1228 2957 1377 3009 eum,
1418 2939 1756 2996 deducentes
1796 2940 1914 2996 sive
1942 2953 2076 3009 por-

462 3051 646 3098 tantes
673 3056 857 3096 secum
902 3038 1076 3093 variis
1114 3049 1412 3106 oppressos
1434 3032 1859 3089 inﬁrmitatibus
1892 3047 1908 3086 :
1941 3046 2078 3101 quos

460 3143 761 3209 postquam
790 3130 1025 3199 curavit,
1084 3129 1239 3185 dedit
1289 3127 1372 3182 eis
1423 3125 1608 3192 cibos;
1656 3135 1711 3181 et
1756 3124 1863 3181 hoc
1906 3139 2075 3195 opere

2178 1913 2494 1979 naviculam,
2512 1923 2560 1967 et
2587 1919 2723 1967 venit
2741 1915 2795 1989 in
2821 1915 2954 1985 ﬁnes
2972 1914 3231 1986 Magedon
3254 1916 3564 1992 [Ma-ﬁndit].
3583 1917 3660 1973 De
3684 1918 3790 1974 hoc

2177 2005 2332 2075 signo
2354 2006 2466 2076 jam
2506 2021 2671 2074 supra
2711 2006 2970 2076 diximus,
3014 2016 3070 2063 et
3101 2008 3293 2064 eadem
3325 2020 3572 2078 repetere
3617 2011 3785 2066 otiosi

2178 2108 2296 2154 est:
2320 2108 2525 2153 tantum
2555 2098 2609 2153 in
2638 2097 2721 2154 bis
2752 2114 2871 2169 quze
2901 2098 3240 2168 discrepant,
3277 2100 3649 2156 immoremur.
3683 2102 3790 2157 Su-

2178 2206 2275 2262 pra
2306 2199 2332 2228 ει
2361 2188 2592 2261 legimus
2633 2207 2647 2245 :
2694 2189 2919 2262 Vespere
2941 2200 3113 2246 autem
3157 2195 3293 2264 facto
3317 2237 3332 2263 ,
3360 2203 3684 2249 accesserunt
3714 2194 3786 2247 ad

2178 2299 2298 2338 eum
2326 2284 2599 2353 discipuli,
2635 2282 2859 2339 dicentes
2893 2300 2912 2339 :
2950 2284 3197 2339 Desertus
3225 2296 3302 2339 est
3343 2289 3487 2340 locus
3541 2285 3785 2357 (Supra,

2178 2393 2296 2446 xtv,
2332 2376 2455 2450 l5],
2488 2386 2547 2433 et
2601 2377 2833 2449 reliqua.
2866 2378 2963 2435 llic
2988 2378 3275 2448 discipulis
3296 2381 3637 2448 convocatis,
3662 2378 3787 2449 ipse

2181 2471 2447 2527 Dominus
2493 2471 2737 2543 loquitur
2767 2487 2782 2527 :
2814 2471 3065 2527 Misereor
3095 2472 3284 2540 turbte,
3311 2474 3436 2544 quia
3474 2473 3647 2527 triduo
3665 2473 3790 2543 jam

2180 2576 2508 2639 perseverant
2537 2584 2758 2623 mecum.
2791 2566 2872 2622 lbi
2896 2568 3136 2640 quinque
3181 2583 3355 2639 panes
3404 2577 3566 2623 erant
3596 2575 3652 2624 et
3677 2567 3794 2624 duo

2181 2665 2402 2733 pisces:
2430 2660 2520 2716 hic
2563 2673 2773 2731 septem
2803 2676 2976 2732 panes
3004 2671 3059 2717 et
3095 2663 3249 2732 pauci
3283 2660 3552 2731 pisciculi.
3588 2660 3662 2716 lbi
3699 2675 3797 2717 su-

2180 2769 2277 2824 per
2328 2752 2514 2809 t‘enum
2567 2753 2917 2809 discumbunt
2963 2772 2975 2808 :
3008 2753 3099 2810 bic
3126 2770 3293 2825 super
3322 2762 3548 2810 terram.
3589 2752 3665 2809 lbi
3695 2754 3793 2824 qui

2179 2847 2476 2903 comedunt
2503 2847 2742 2919 quinque
2785 2846 2954 2902 millia
2983 2857 3130 2914 sunt,
3172 2848 3332 2919 juxta
3365 2863 3565 2919 panum
3596 2862 3796 2904 nume-

2180 2956 2299 2997 rum
2330 2956 2468 3011 quos
2494 2940 2930 2997 comeduntzbic
2958 2950 3197 3013 quatuor
3222 2942 3413 2998 millia.
3457 2940 3536 2997 lbi
3579 2941 3794 2997 duode-

2179 3035 2285 3091 cim
2331 3035 2555 3106 caphiui
2601 3036 2884 3107 replentur
2928 3036 2997 3092 de
3030 3035 3283 3108 reliquiis
3316 3035 3790 3108 l‘ragmeutorum:

2189 3129 2277 3185 hic
2316 3140 2524 3200 septem
2573 3139 2795 3201 sportae.
2838 3128 2894 3185 In
2942 3129 3213 3200 superiori
3256 3145 3386 3201 ergo
3433 3131 3614 3201 signo,
3659 3129 3795 3200 quia

467 3226 769 3298 completo,
795 3222 1044 3281 ascendit
1085 3222 1137 3277 in
1190 3219 1526 3287 naviculam,
1573 3228 1630 3274 et
1684 3220 1832 3273 venit
1858 3218 1910 3272 in
1944 3216 2081 3274 lines
2107 3212 2154 3277 C
2190 3222 2478 3295 propinqui
2525 3231 2684 3279 erant
2724 3232 2779 3278 et
2834 3222 2998 3279 vicini
3054 3224 3296 3295 quinque
3339 3236 3632 3289 sensuum,
3674 3236 3790 3277 non

469 3319 760 3391 Magedan.
790 3317 858 3373 Et
887 3314 1195 3372 ascendens
1244 3314 1299 3369 in
1352 3321 1617 3379 montem,
1675 3311 1900 3367 sedebat
1950 3309 2074 3366 ibi:

473 3423 530 3471 ct
575 3420 926 3469 accesserunt
971 3408 1040 3464 ad
1069 3422 1195 3464 eum
1226 3406 1423 3462 turbae.
1454 3405 1698 3461 Observa
1727 3403 1873 3476 quod
1905 3404 2035 3459 muti
2056 3443 2074 3471 ,

467 3508 673 3576 claudi,
696 3516 752 3564 et
780 3505 915 3563 caeci
948 3504 1225 3561 ducuntur
1245 3500 1312 3556 ad
1337 3508 1603 3565 montem,
1637 3508 1696 3554 ut
1717 3498 1790 3553 ibi
1819 3506 2078 3554 curentur

477 3616 507 3655 a
543 3600 798 3654 Domino.

545 3695 729 3763 (Vere.
759 3688 876 3761 5‘2.)
902 3688 1060 3745 Iesus
1105 3697 1282 3743 autem
1325 3688 1614 3741 convocatis
1644 3683 1919 3757 discipulis
1943 3686 2072 3753 suis,

470 3791 606 3845 dixit
648 3804 664 3841 :
711 3785 963 3842 Misereor
1007 3783 1194 3850 turbat,
1222 3782 1347 3854 quia
1389 3781 1566 3836 triduo
1594 3785 1709 3853 jam
1758 3790 2077 3850 perseverant

472 3897 695 3951 mecum,
725 3888 773 3934 et
800 3893 904 3933 non
930 3876 1119 3931 habent
1154 3875 1295 3947 quod
1326 3873 1657 3928 manducent.
1704 3870 1775 3927 Et
1822 3872 2077 3928 dimittere

474 3993 562 4033 eos
575 3978 790 4050 jejunos
816 3974 959 4042 nolo,
986 3986 1050 4025 ne
1069 3968 1313 4039 deficiant
1336 3968 1393 4022 in
1412 3967 1515 4021 via.
1541 3966 1667 4022 Vult
1692 3979 1917 4037 pascere
1939 3980 2078 4036 quos

471 4070 713 4136 curavit,
763 4067 916 4138 prius
964 4063 1145 4121 aufert
1199 4061 1533 4126 debilitates,
1588 4072 1648 4115 ut
1692 4069 1879 4131 postea
1930 4058 2078 4114 sanis

472 4162 669 4219 ollerat
700 4158 879 4215 cibos.
911 4157 1193 4213 Convocat
1238 4169 1457 4226 quoque
1493 4152 1793 4224 discipulos
1829 4167 1982 4220 suos,
2023 4160 2078 4208 et

474 4254 622 4326 quod
656 4252 899 4307 tacturus
928 4255 1036 4316 est,
1064 4247 1328 4319 loquitur,
1362 4255 1420 4301 ut
1447 4246 1535 4300 vel
1578 4243 1853 4316 magistris
1893 4258 2078 4300 exem-

473 4347 626 4418 plum
661 4342 888 4409 tribuat,
914 4356 1036 4397 cum
1074 4340 1380 4395 minoribus
1411 4347 1576 4410 atque
1604 4337 1891 4408 discipulis
1922 4352 2077 4392 com-

475 4434 803 4495 municanda
834 4449 953 4491 esse
984 4432 1237 4499 consilia,
1266 4430 1356 4488 vel
1399 4446 1466 4487 ex
1506 4430 1950 4487 confabulatione
1995 4431 2078 4484 in-

476 4530 726 4599 telligant
747 4526 887 4598 signi
927 4526 1087 4599 118
1107 4523 1562 4601 magnitudinem,
1591 4524 1991 4594 respondentes
2015 4537 2077 4579 se

2181 3317 2300 3386 ipse
2343 3318 2603 3374 Dominus
2648 3333 2839 3373 eorum
2893 3315 3234 3383 recordatur,
3274 3315 3371 3373 sed
3401 3316 3650 3388 discipuli
3685 3334 3701 3371 :
3734 3324 3797 3372 et

2180 3413 2540 3469 recordautur
2557 3428 2786 3484 vespere
2802 3413 2980 3469 vicina
3004 3420 3185 3477 nocte,
3210 3421 3266 3465 et
3295 3411 3602 3467 inclinante
3630 3411 3796 3484 119

2173 3508 2288 3577 jam
2342 3507 2479 3562 sole.
2533 3506 2631 3562 Hic
2680 3515 2863 3562 autem
2911 3505 3028 3576 ipse
3066 3503 3325 3561 Dominus
3354 3503 3701 3572 recordatur,
3733 3515 3796 3561 et

2181 3599 2432 3655 misereri
2464 3613 2523 3653 se
2547 3599 2717 3667 dicit,
2759 3607 2817 3653 et
2842 3613 3059 3654 causam
3102 3596 3474 3653 miserationis
3511 3596 3739 3667 exponit
3775 3614 3789 3651 :

2177 3692 2304 3763 quia
2353 3691 2528 3746 triduo
2570 3693 2689 3763 jam
2732 3701 3064 3765 perseverant
3110 3707 3308 3746 mecum
3339 3689 3449 3763 [ΑΙ.
3476 3705 3591 3743 cum
3617 3706 3701 3756 eo,
3732 3700 3793 3745 et

2176 3781 2406 3855 secum],
2448 3792 2503 3839 et
2528 3782 2806 3839 dimittere
2856 3797 2952 3839 eos
2997 3784 3217 3853 jejunos
3262 3799 3370 3837 non
3404 3782 3544 3847 vult,
3574 3796 3646 3837 ne
3683 3780 3789 3838 de-

2178 3873 2367 3930 ﬁciant
2411 3876 2465 3930 in
2509 3875 2614 3929 via.
2646 3875 2739 3930 Isti
2776 3876 2867 3946 qui
2896 3874 2965 3930 de
2994 3885 3203 3947 septem
3244 3874 3498 3945 panibus,
3532 3873 3636 3930 hoc
3674 3882 3787 3939 est,

2178 3967 2232 4023 in
2264 3977 2482 4024 sacrato
2510 3968 2732 4024 aluntur
2759 3983 2987 4024 numero
3024 3978 3187 4039 atque
3219 3968 3488 4040 perfecto,
3518 3982 3628 4024 non
3656 3978 3792 4024 sunt

2176 4061 2414 4134 quinque
2462 4060 2630 4117 millia
2656 4107 2671 4131 ,
2721 4062 2818 4118 sed
2864 4070 3097 4133 quatuor
3137 4061 3307 4117 millia
3339 4081 3354 4118 :
3383 4062 3477 4133 qui
3521 4076 3788 4119 numerus

2177 4169 2396 4226 semper
2442 4154 2497 4210 in
2528 4153 2688 4210 laude
2716 4155 2959 4225 ponitur,
2986 4163 3041 4211 et
3066 4154 3473 4226 quadrangulus
3499 4153 3637 4225 lapis
3662 4169 3776 4210 non

2176 4248 2426 4319 ﬂuctuat,
2475 4257 2530 4306 et
2569 4265 2678 4305 non
2725 4257 2813 4305 est
2857 4248 3160 4309 instabilis:
3192 4257 3251 4305 et
3277 4248 3347 4305 ob
3379 4248 3518 4304 hanc
3556 4263 3786 4305 causam

2176 4345 2342 4400 etiam
2372 4344 2663 4415 Evangelia
2694 4344 2745 4397 in
2772 4357 2842 4399 eo
2885 4357 3116 4398 numero
3136 4353 3454 4398 consecrata
3488 4349 3633 4397 sunt.

2250 4436 2406 4510 (Cap.
2437 4433 2576 4490 XVI.
2629 4466 2699 4476 —-
2746 4433 2905 4491 Vers.
2938 4435 2967 4490 1
2994 4432 3176 4506 seqq.)
3225 4432 3296 4488 Et
3339 4442 3663 4490 accesserunt
3713 4435 3785 4488 ad

2178 4548 2292 4586 eum
2324 4529 2587 4586 Pharistci
2630 4537 2677 4585 et
2727 4528 3013 4588 Sadducwi
3042 4539 3317 4599 tentantes,
3367 4539 3415 4586 et
3464 4539 3785 4603 rogaverunt

472 4624 722 4699 paucsin
753 4638 940 4678 eremo
972 4636 1080 4676 non
1106 4619 1328 4676 habere.
1360 4617 1636 4684 Misereor,
1664 4618 1863 4690 inquit,
1894 4616 2075 4685 turbte,
2103 4604 2159 4667 Ι)
2184 4640 2322 4687 eum,
2367 4633 2423 4678 ,ιι
2468 4625 2675 4699 signum
2720 4625 2786 4680 de
2836 4625 2965 4681 οωιο
2995 4625 3282 4681 agendae;
3325 4624 3419 4680 eis,
3461 4626 3526 4679 Αι
3565 4624 3654 4679 me
3700 4640 3787 4679 η.

478 4726 601 4796 quia
630 4722 800 4777 triduo
820 4722 938 4795 jam
972 4727 1296 4792 perseverant
1326 4733 1544 4772 mecum.
1568 4714 1857 4772 Miseretnr
1879 4714 2073 4780 turbae,

476 4818 606 4891 quia
630 4817 684 4871 in
708 4816 868 4870 trium
898 4812 1112 4869 dierum
1141 4826 1393 4876 numero,
1415 4808 1581 4879 Patri,
1620 4807 1785 4875 Filio,
1816 4807 2074 4879 Spiritui-

480 4929 588 4985 quc
618 4916 810 4965 sancto
840 4906 1161 4964 credebant.
1213 4902 1279 4958 Et
1320 4922 1423 4959 non
1471 4903 1659 4958 habent
1687 4903 1827 4975 quod
1852 4902 2077 4957 mandu-

482 5014 620 5061 cent.
675 5001 857 5057 'l‘urba
903 5014 1119 5070 semper
1165 4997 1358 5059 esurit,
1410 5005 1468 5053 et
1513 4996 1651 5053 cibis
1697 4994 1926 5066 indiget,
1974 4995 2077 5051 nisi

477 5086 757 5154 saturetur
807 5110 837 5150 a
886 5092 1137 5148 Domino.
1170 5090 1238 5146 Et
1287 5090 1542 5145 dimittere
1571 5107 1657 5145 eos
1681 5090 1893 5162 jejunos
1933 5088 2076 5157 nolo,

479 5206 544 5246 ne
572 5189 817 5259 deﬁciant
844 5188 899 5241 in
927 5186 1031 5241 via.
1067 5183 1395 5240 Esuriebant
1425 5192 1545 5255 post
1570 5197 1792 5253 magnas
1823 5182 2078 5238 debilita-

476 5295 583 5356 tes,
627 5292 684 5342 et
726 5298 827 5355 per
854 5280 1171 5354 patientiam
1214 5277 1431 5334 futuros
1468 5277 1863 5350 exspectabant
1900 5278 2075 5334 cibos.

550 5455 576 5483 λ
603 5445 753 5501 Hanc
784 5441 902 5512 ipse
942 5455 1036 5508 per
1064 5448 1246 5512 partes
1287 5437 1754 5512 comparationem
1792 5435 2070 5512 Adaman-

484 5522 595 5578 tius
623 5508 883 5579 instituit,
911 5527 976 5569 ex
1025 5526 1133 5582 quo
1186 5510 1378 5565 bonam
1418 5508 1629 5580 partem
1659 5508 1768 5564 huc
1799 5510 2074 5581 Hierony-

478 5606 601 5649 mus
629 5590 681 5643 in
705 5602 799 5643 sua
832 5583 1126 5640 transtulit.

549 5662 573 5701 ιι
597 5660 712 5715 Νηη
743 5667 850 5711 tota
884 5659 999 5711 luet:
1041 5663 1127 5710 est
1167 5669 1288 5723 qun
1330 5652 1673 5723 proponitur,
1715 5667 1875 5722 quam
1906 5652 2066 5709 docet

467 5734 833 5803 Hieronymus
875 5728 927 5781 in
978 5727 1251 5803 plerisque
1304 5726 1582 5803 codicibus
1621 5724 1913 5803 pericopen
1956 5738 2062 5803 non

471 5795 694 5863 haberi:
712 5800 807 5857 sed
837 5795 1110 5855 secundus
1132 5810 1196 5853 ac
1227 5797 1418 5851 tertius
1440 5798 1724 5851 dumtaxat
1753 5795 2059 5851 versiculus

464 5892 499 5936 ει
537 5874 738 5943 verbis,
777 5869 945 5927 Facto
974 5885 1200 5940 vespere,
1232 5867 1426 5938 dicitis,
1459 5881 1631 5941 usque
1665 5866 1758 5936 ad,
1786 5867 1939 5941 signa
1963 5882 2064 5923 au-

2181 4716 2463 4787 spondens,
2512 4717 2587 4770 ait
2625 4718 2771 4772 illis:
2800 4716 2968 4773 Facto
3012 4733 3236 4790 vespere,
3289 4717 3491 4784 dicitis,
3540 4733 3785 4772 serenum

2183 4809 2311 4876 erit;
2355 4808 2704 4863 rubicundum
2752 4817 2826 4863 est
2880 4810 3016 4864 enim
3055 4808 3284 4865 coelum:
3324 4819 3371 4865 et
3400 4826 3581 4880 mane,
3625 4810 3782 4865 hodie

2179 4912 2494 4974 tempestas;
2536 4901 2713 4957 rutilat
2765 4903 2903 4957 enim
2953 4904 3100 4957 triste
3141 4903 3343 4958 caelum.
3396 4901 3612 4960 Faciem
3656 4923 3785 4980 ergo

2179 4998 2294 5051 caeli
2322 4996 2612 5066 tlijudicare
2633 4994 2817 5064 nostis,
2839 4996 2991 5067 signa
3020 5005 3194 5050 autem
3221 5004 3513 5068 temporum
3538 5012 3641 5051 non
3685 5015 3786 5069 po-

2179 5092 2319 5146 testis
2340 5092 2488 5146 scire.
2527 5089 2805 5146 Generatio
2835 5091 2975 5145 mala
3004 5100 3050 5146 et
3072 5090 3313 5146 adultera
3338 5092 3543 5164 signum
3569 5094 3779 5162 quierit,

2179 5200 2225 5241 et
2256 5187 2463 5255 signum
2492 5202 2596 5241 non
2617 5185 2828 5241 dabitur
2850 5186 2917 5256 ei,
2948 5187 3049 5242 nisi
3078 5188 3285 5260 signum
3310 5185 3464 5243 Jonce
3488 5188 3776 5260 prophetae.

2178 5277 2207 5318 ιι
2236 5280 2349 5335 Hoc
2397 5280 2453 5334 in
2499 5279 2779 5351 plerisque
2804 5278 3084 5336 codicibus
3111 5294 3219 5337 non
3247 5278 3483 5337 habetur
3514 5295 3527 5333 :
3555 5293 3781 5336 sensus‘

2175 5445 2271 5509 tem
2319 5447 2605 5509 temporum
2651 5455 2758 5494 non
2805 5438 3016 5505 potestis
3064 5436 3217 5493 scire.
3262 5436 3456 5509 Verius
3482 5435 3619 5491 adeo
3659 5443 3784 5509 tres

2175 5506 2431 5565 Palatini
2461 5524 2589 5565 mss.
2638 5509 2726 5565 hic
2771 5511 3003 5565 reticent
3037 5510 3274 5578 primum
3318 5508 3670 5578 versiculum,
3702 5506 3784 5578 Et

2173 5593 2497 5639 accesserunt
2522 5581 2592 5635 ad
2619 5598 2756 5638 eum.
2780 5590 2913 5649 etc.,
2944 5588 2999 5634 et
3024 5577 3299 5651 quartum.
3319 5577 3601 5635 Generatio
3633 5577 3785 5634 mala

2175 5661 2223 5707 et
2247 5654 2504 5722 adultera,
2539 5666 2676 5718 etc.,
2704 5669 2840 5725 quos
2886 5650 3206 5725 neutiquam
3234 5650 3595 5725 Hieroiiymus
3621 5664 3781 5725 corn-

2172 5721 2497 5797 prebendit,
2520 5721 2736 5797 quique
2754 5725 2979 5779 omnino
3010 5721 3341 5797 praecidendi
3371 5721 3454 5779 ab’
3485 5721 3604 5797 hac,
3625 5723 3783 5780 serie

2171 5794 2323 5867 Sunt,
2355 5812 2423 5851 ne
2454 5794 2761 5867 falSus’ipse
2790 5796 3056 5852 videatur.
3089 5794 3361 5867 Cieterum
3408 5794 3678 5867 vetustior
3703 5808 3783 5852 ex

2169 5866 2366 5926 iisdem
2393 5865 2860 5926 Palatinis’codex
2907 5881 3016 5924 non
3064 5866 3336 5935 absolute,
3364 5875 3528 5939 atque
3564 5865 3776 5922 indeli-
