4004 6332
208 343 288 400 113
571 336 1230 396 COMMENTARIORUM
1268 337 1335 393 IN
1378 334 1789 395 EVANGELIUI

1866 337 2203 397 ΜΔΤἹἩᾹΞΙ
2247 341 2380 399 LIB.
2423 342 2513 399 ΙΙΙ.
2555 343 2715 402 CAP.
2756 343 2900 401 XVI.
3328 344 3435 402 ιιι

204 482 285 538 que
305 456 587 517 manifestus
630 465 733 523 est,
780 456 923 528 quod
974 472 1041 512 ex
1092 456 1488 512 elementorum
1540 454 1732 511 ordine
1758 464 1813 527 Α
1835 465 1943 511 cete
1970 473 2002 511 a
2032 457 2281 529 fermento
2313 457 2705 515 Pharisteorum
2733 471 2779 515 et
2805 459 3247 528 Sadducazorum,
3276 459 3442 517 docet

202 570 328 631 atqtte
352 565 374 593 ι
397 551 716 615 constantia,
746 551 965 622 possint
992 560 1045 605 et
1076 548 1275 615 sereni,
1308 558 1366 605 et
1394 547 1594 616 pluviae
1618 547 1738 602 dies
1839 565 1935 608 eos
1963 552 2090 623 quid
2121 553 2428 624 significent
2449 556 2691 627 quinque
2715 570 2901 625 panes,
2933 563 2989 611 et
3006 566 3212 627 septem
3239 572 3255 612 :
3279 557 3442 626 quin-

204 647 437 725 pnenosci.
458 645 660 701 Scriba:
684 653 867 699 autem
892 651 949 701 et
971 642 1259 709 Pharisaei,
1285 640 1380 712 qui
1410 641 1737 696 videbantur
1839 660 1947 715 que
1977 646 2146 702 millia
2196 647 2501 716 hominum,
2545 657 2599 705 et
2637 659 2877 721 quatuor
2911 649 3103 717 millia,
3135 666 3255 721 quae
3284 658 3439 722 pasta

202 744 307 816 legis
327 756 434 797 esse
465 738 737 803 doctores,
769 752 835 793 ex
885 736 1273 807 prophetarum
1315 736 1575 791 vaticinlo
1626 751 1736 790 non
1840 747 1968 795 sunt
2014 739 2066 794 in
2113 756 2341 808 eremo;
2399 742 2541 811 quod
2597 742 2726 800 licet
2774 744 3055 813 signorum
3115 743 3440 815 magnitudo

202 843 436 911 potuerunt
459 832 757 903 intelligere
795 830 1097 901 Salvatoris
1126 829 1446 886 adventum.
1841 832 2125 904 perspicua
2157 834 2249 904 sit,
2284 843 2465 891 tamen
2515 844 2573 891 et
2614 836 2762 892 aliud
2811 838 2864 892 in
2914 837 3195 908 spirituali
3238 836 3442 893 intelli-

254 929 401 1000 (νει-ε.
428 924 501 995 5.)
528 922 596 978 Et
646 924 838 979 relictis
886 924 1015 986 illis.
1048 923 1201 989 abiit,
1248 929 1293 977 et
1343 938 1458 976 cum
1485 923 1740 977 venissent
1840 927 2020 998 gentia
2050 926 2479 984 demonstretur.
2516 929 2571 985 Si
2598 930 2744 985 enim
2776 929 3104 986 fermentum
3137 929 3445 987 Pharisaeo-

198 1021 395 1095 ditcipuli
419 1020 526 1090 ejus
550 1027 694 1073 trans
723 1017 935 1088 fretum,
976 1017 1123 1072 obliti
1149 1024 1269 1071 sunt
1301 1032 1460 1089 panes
1483 1018 1735 1087 accipere.
1842 1035 1962 1074 rom
1990 1029 2043 1075 et
2070 1018 2494 1077 Sadducarorum
2543 1036 2655 1077 non
2705 1022 3047 1093 corporalem
3096 1037 3317 1093 panem,
3344 1020 3443 1079 sed

199 1115 276 1183 Qui
294 1114 406 1167 dixit
429 1110 552 1167 illis.
596 1110 819 1167 Relictis
848 1108 1057 1165 Scribis
1090 1122 1142 1165 et
1175 1109 1493 1177 Pharismis,
1534 1109 1734 1178 quibus
1843 1110 2163 1167 traditiones
2186 1122 2564 1183 perversas,et
2585 1112 2841 1170 haeretica
2858 1114 3442 1186 significatdogmata:

196 1210 398 1265 dixerat:
425 1202 701 1261 Generatio
727 1203 867 1259 mala
892 1214 937 1258 et
959 1202 1200 1258 adultera
1228 1204 1434 1273 signum
1458 1203 1666 1275 qua-rit,
1694 1211 1740 1258 et
1842 1220 2010 1274 quare
2038 1213 2093 1260 et
2119 1205 2248 1276 cibi,
2281 1206 2479 1277 quibus
2508 1206 2743 1262 nutritus
2770 1219 2855 1263 eSt
2895 1209 3125 1279 populus
3166 1206 3289 1274 Dei,
3334 1223 3445 1265 non

196 1304 357 1373 signum
384 1313 476 1353 non
503 1296 717 1352 dabitur
766 1298 836 1365 ei,
880 1297 981 1352 nisi
1010 1296 1217 1368 signum
1253 1294 1407 1351 Iona:
1446 1296 1737 1367 prapltetaz,
1844 1313 2028 1355 veram
2067 1298 2374 1355 doctrinam
2429 1300 2809 1371 integramque
2846 1299 3198 1372 signiﬁcent?
3228 1299 3452 1368 Quaerat

194 1404 309 1450 recte
325 1390 444 1446 abiit
473 1402 627 1446 trans
667 1386 893 1456 fretum,
926 1397 983 1444 et
1009 1389 1250 1460 gentium
1282 1398 1502 1444 secutus
1526 1398 1610 1444 est
1638 1404 1739 1460 po-
1844 1390 2039 1464 aliquis
2067 1401 2123 1448 et
2148 1393 2335 1448 dicat:
2369 1393 2658 1460 Quomodo
2690 1408 2857 1465 panes
2890 1410 2995 1449 non
3029 1394 3325 1462 habebant,
3352 1395 3447 1467 qui

196 1483 335 1555 pulos.
358 1480 487 1548 Quid
510 1488 697 1536 autem
719 1479 823 1536 sibi
846 1479 975 1535 velit
995 1480 1211 1551 signum
1232 1478 1406 1548 Jonas,
1435 1479 1549 1549 jam
1576 1494 1739 1551 supra
1842 1487 2027 1541 statim
2061 1487 2297 1557 impletis
2334 1498 2541 1559 septem
2575 1489 2800 1560 sportis,
2852 1487 3220 1544 ascenderunt
3256 1489 3309 1544 in
3353 1505 3449 1543 na-

191 1581 349 1635 dictum
376 1585 473 1633 est.
1843 1580 2072 1637 viculam
2092 1622 2107 1648 ,
2136 1590 2190 1636 et
2236 1590 2505 1638 venerunt
2535 1583 2587 1637 in
2631 1582 2765 1639 fines
2794 1581 3056 1652 Magedan
3090 1600 3104 1637 :
3132 1582 3313 1653 ibique
3352 1599 3451 1638 au-

247 1669 397 1740 (Vers.
427 1668 480 1737 6,
507 1666 588 1731 7.)
621 1666 932 1737 Intuemini,
961 1678 1009 1723 et
1036 1676 1208 1724 cavete
1232 1683 1264 1721 α
1292 1671 1549 1739 fermento
1593 1665 1743 1721 Pha-
1844 1672 2000 1729 diuot
2043 1673 2389 1744 navigantes,
2422 1675 2565 1744 quod
2609 1690 2807 1731 cavere
2850 1674 3089 1731 debeant
3117 1691 3146 1729 a
3179 1675 3451 1732 termento

192 1766 408 1819 rimorum
436 1770 482 1818 et
511 1761 954 1819 Sadducaaorum.
984 1763 1049 1817 At
1076 1761 1160 1817 illi
1179 1760 1476 1833 cogitabant
1504 1762 1642 1816 inter
1664 1778 1736 1829 se,
1843 1763 2245 1819 Pharisaeorum
2294 1775 2353 1820 et
2410 1765 2875 1821 Sadduczeorutn?
2903 1765 3011 1822 Sed
3053 1765 3338 1837 Scriptura
3371 1777 3451 1823 te-

192 1859 369 1911 dicentes
396 1871 415 1909 :
445 1854 582 1923 Quia
613 1872 776 1925 panes
820 1872 922 1909 nm:
982 1855 1296 1926 accepimus.
1348 1854 1453 1922 Qui
1506 1864 1662 1909 cavet
1713 1870 1743 1909 a
1776 1861 2023 1923 Bstatur
2044 1857 2188 1929 quod
2227 1858 2381 1913 obliti
2411 1860 2522 1915 sint
2567 1874 2666 1916 eos
2715 1874 2903 1916 secum
2938 1859 3159 1916 tollere.
3208 1860 3323 1916 Hoc
3370 1871 3458 1918 est

191 1950 407 2005 fermento
432 1948 836 2004 Pharisaeorum
885 1957 941 2004 et
993 1947 1442 2013 Sadducaeorum,
1470 1946 1632 2018 Legis
1674 1962 1737 2003 ac
1845 1948 2201 2017 fermentum,
2232 1950 2301 2006 de
2322 1966 2430 2021 quo
2452 1960 2509 2006 et
2533 1951 2828 2021 Apostolus
2860 1952 3101 2022 loquitur
3130 1969 3147 2010 ;
3180 1950 3452 2009 Modicum

192 2043 344 2099 littera
386 2051 662 2115 praecepta
693 2060 801 2098 non
835 2053 1041 2109 servat,
1071 2042 1399 2098 traditiones
1445 2042 1605 2114 120
1645 2043 1741 2096 ho-
1848 2046 2157 2113 fermentum
2203 2053 2361 2097 totam
2404 2060 2629 2099 massam
2672 2045 2960 2115 corrumpit
2998 2043 3063 2117 (ι
3107 2042 3228 2101 Cor.
3274 2060 3328 2112 ν,
3369 2045 3452 2116 6).

189 2137 353 2193 mitium
371 2137 612 2209 negligit,
639 2146 699 2193 ut
729 2137 894 2193 faciat
924 2137 1242 2193 mandatum
1269 2137 1384 2193 Dei.
1846 2134 2159 2191 istiusmodi
2192 2135 2546 2205 fermentum,
2579 2136 2725 2208 quod
2752 2137 2899 2193 omni
2928 2138 3137 2194 ratione
3166 2137 3456 2195 vitandum

241 2230 394 2302 (Vers.
425 2232 458 2288 8
480 2231 674 2304 seqq.)
699 2231 880 2289 Sciens
908 2241 1080 2287 autem
1099 2230 1275 2302 Iesus,
1304 2231 1438 2287 dixit
1459 2232 1533 2286 eis
1553 2247 1574 2283 :
1602 2230 1743 2299 Quid
1850 2238 1953 2298 est,
1989 2228 2178 2284 habuit
2212 2229 2476 2296 Marcion,
2503 2239 2559 2285 et
2585 2228 2932 2298 Valentinus,
2961 2240 3017 2286 et
3045 2245 3241 2287 omnes
3270 2236 3452 2286 haere-

186 2325 373 2395 rogitatis
421 2325 557 2379 inter
601 2340 717 2393 vos,
752 2325 970 2380 modicis
998 2325 1145 2396 ﬁdei,
1179 2325 1302 2395 quia
1330 2341 1492 2397 panes
1518 2340 1623 2379 non
1648 2323 1746 2378 ha—
1853 2323 1965 2379 tici.
2012 2323 2365 2381 Fermeutum
2403 2325 2543 2380 hanc
2572 2325 2678 2380 vim
2708 2324 2896 2393 habet,
2929 2335 2987 2381 ut
3013 2325 3062 2381 si
3089 2325 3278 2382 farina:
3319 2327 3461 2382 mix-a

188 2417 313 2472 betis?
338 2416 575 2472 Nondum
598 2416 919 2488 intelligitis,
966 2433 1131 2489 neque
1156 2417 1501 2472 recordamini
1525 2416 1747 2486 quinque
1857 2427 1970 2474 tum
2027 2418 2227 2487 fuerit,
2275 2418 2418 2489 quod
2470 2433 2696 2489 parvum
2753 2418 3073 2487 videbatur,
3129 2430 3343 2475 crescat
3401 2418 3458 2475 in

187 2526 357 2578 mnum,
382 2511 680 2582 etquinque
704 2509 932 2565 millium
959 2510 1252 2576 hominum,
1276 2518 1324 2564 et
1343 2517 1469 2581 quot
1499 2509 1749 2578 cophinos
1856 2511 2072 2583 majus,
2145 2522 2200 2568 et
2258 2511 2327 2567 ad
2394 2528 2649 2583 saporem
2717 2527 2878 2567 suum
2945 2511 3259 2568 universam
3326 2526 3461 2567 con-

187 2604 462 2667 mnpsistis?
509 2602 701 2675 Neque
748 2614 941 2676 septem
995 2619 1212 2675 panum,
1262 2610 1486 2673 quatuor
1524 2603 1751 2657 millium
1858 2602 2199 2675 spersionem
2235 2602 2343 2676 [AL
2364 2602 2807 2677 conversionem]
2837 2603 3048 2658 trahat:
3080 2603 3150 2657 ita
3177 2612 3233 2657 et
3254 2601 3464 2658 doctri-

184 2693 423 2764 hominum,
448 2707 497 2751 et
516 2706 649 2769 quot
676 2706 879 2769 sportas
900 2696 1237 2769 sumpsistis?
1267 2694 1440 2763 Quare
1468 2712 1571 2750 non
1601 2696 1754 2751 intel—
1862 2713 1927 2751 na
1962 2696 2241 2763 haeretica,
2271 2696 2317 2752 si
2352 2697 2432 2753 vel
2456 2696 2729 2753 modicam
2772 2695 3064 2752 scintillam
3094 2697 3148 2750 in
3175 2705 3325 2749 tuum
3358 2710 3455 2765 pe-

187 2786 334 2855 ligitis,
357 2789 474 2859 quia
495 2806 605 2844 non
630 2789 697 2845 de
728 2805 863 2858 pane
883 2789 994 2845 dixi
1024 2789 1166 2843 vobis
1195 2787 1422 2844 :Caoete
1448 2807 1481 2844 a
1499 2790 1752 2860 fermento
1853 2799 1973 2847 ctus
1997 2791 2216 2862 iecerit,
2270 2792 2323 2846 in
2375 2791 2527 2846 brevi
2565 2791 2759 2862 ingens
2799 2789 3014 2846 flamma
3045 2788 3368 2856 succrescit,
3401 2798 3459 2844 et

189 2877 550 2949 Pharistcorum,
608 2892 660 2939 et
716 2883 1148 2941 Sadducteorum.
1176 2882 1749 2952 Tuncintellexerunt,
1855 2894 2024 2941 totam
2059 2884 2294 2941 hominis
2339 2885 2744 2955 possessionem
2767 2884 2835 2940 ad
2865 2899 2926 2939 se
2974 2881 3159 2938 trahit.
3213 2881 3459 2953 Denique

186 2975 278 3041 quia
301 2992 391 3030 non
416 2977 639 3043 dixerit,
677 2976 966 3032 cavendum
1001 2994 1034 3030 a
1071 2980 1323 3049 fermento
1353 2994 1568 3048 panum,
1602 2976 1693 3031 sed
1718 2993 1752 3032 a
1853 2980 2140 3051 sequitur:
2176 2977 2322 3033 Tunc
2342 2977 2726 3041 intellexerunt,
2757 2978 3005 3049 quianon
3032 2975 3248 3029 discisset
3272 2990 3456 3030 caven-

187 3064 377 3123 doctrina
404 3067 805 3125 Pharisaeorum
836 3079 884 3124 et
916 3070 1351 3126 Sadductzorum.
1379 3070 1485 3127 Per
1509 3072 1755 3128 occasio-
1854 3072 1981 3127 dum
2015 3088 2046 3124 a
2078 3071 2331 3140 fermento
2365 3087 2586 3144 panum,
2617 3071 2706 3126 sed
2732 3087 2765 3124 a
2793 3069 3034 3125 doctrina
3062 3065 3454 3122 Pharisworum

190 3174 284 3214 nem
311 3163 583 3234 pracepti,
612 3162 761 3233 quod
805 3162 1059 3220 Salvator
1090 3164 1358 3235 jusserat,
1388 3163 1577 3221 dicens
1605 3180 1624 3219 :
1648 3164 1750 3221 Ca-
1855 3175 1903 3221 et
1927 3164 2362 3221 Sadducworum.

187 3322 291 3398 uite,
318 3325 428 3390 sed,
452 3328 602 3396 apud
632 3324 865 3391 (ἔνθεοι,
914 3327 1064 3383 addit
1096 3327 1199 3384 hoc
1241 3327 1295 3383 in
1346 3328 1617 3396 plerisque
1645 3342 1737 3382 co-
1765 3332 1812 3397 α
1844 3326 2044 3398 passim
2100 3326 2406 3395 laudamus,
2437 3341 2532 3382 eos
2564 3326 2747 3392 habet,
2794 3338 3121 3396 quamquam
3150 3322 3330 3379 verbis
3366 3321 3465 3379 ali-

189 3394 357 3476 dicibns
381 3394 715 3476 desiderari.
747 3400 1225 3476 Estque‘fortnsse
1270 3394 1479 3455 facilius
1514 3399 1739 3455 Graecos
1782 3394 1810 3397 ”
1845 3394 2216 3476 ὶιυαιῃίεβεη
2236 3394 2465 3476 vulgata
2492 3398 2730 3454 abludat.

187 3467 411 3534 ejusmodi
441 3472 693 3537 codices,
743 3467 974 3542 aut'qui
1028 3472 1218 3527 saltem
1267 3486 1519 3542 magnam
1558 3486 1747 3527 eorum
1867 3467 1879 3471 ’
1930 3480 1955 3508 α
1985 3471 2042 3526 lu
2082 3486 2191 3525 uno
2236 3467 2480 3542 alterove
2511 3485 2612 3525 ms.
2664 3468 3007 3542 consonantia
3035 3483 3053 3522 :
3080 3467 3458 3542 moxqu_e_el_e-

191 3552 399 3616 versuum
422 3550 641 3616 partem
665 3538 1110 3616 praetermittam,
1144 3538 1412 3616 invenire,
1450 3558 1609 3616 quam
1653 3542 1753 3597 La-
1855 3543 2091 3613 gantius,
2153 3542 2319 3615 pluvii
2362 3541 2493 3609 dies,
2555 3557 2653 3614 pro
2700 3541 2914 3616 pluviae.
2943 3538 3034 3597 Sic
3082 3538 3226 3610 apud
3272 3538 3459 3593 Rhab-

195 3608 322 3666 tinos.
346 3608 497 3669 Certe
518 3608 943 3684 antiquissimus
972 3608 1159 3671 noster
1184 3608 1549 3682 Veronensis,
1591 3628 1755 3686 quem
1858 3608 2090 3670 bonum.

3056 3766 3443 3787 ————-———-—

1156 3888 1640 4001 LIBER
1728 3886 2049 3998 TER
2069 3886 2239 3995 TI
2244 3885 2458 3998 US.

243 4196 725 4275 (Vers.13.)121
766 4199 917 4254 Venit
946 4207 1120 4254 autem
1145 4197 1302 4253 Iesus
1335 4198 1393 4252 iu
1435 4208 1610 4269 partes
1639 4195 1755 4252 (ἔω-
1860 4213 1979 4254 eam
2025 4195 2335 4254 Caesaream
2374 4196 2634 4269 Philippi,
2680 4204 2849 4253 etest
2880 4195 2932 4250 in
2969 4195 3256 4265 provincia
3294 4194 3463 4251 Phre-

188 4308 318 4346 sarem
345 4293 598 4368 Philippi.
634 4294 921 4364 Philippus
950 4293 1052 4349 iste
1082 4301 1167 4348 est
1200 4293 1366 4347 frater
1395 4289 1650 4356 Herodis,
1682 4290 1753 4345 de
1861 4294 1997 4349 nicis
2024 4310 2038 4348 :
2064 4293 2305 4347 imitatus
2348 4292 2619 4348 Herodem
2664 4302 2894 4362 patrem,
2939 4290 3032 4359 qui
3083 4290 3136 4346 in
3188 4290 3459 4346 honorem

188 4399 435 4460 quosupra
458 4391 725 4455 diximus,
752 4385 1754 4443 tetrarchalturzeaeetTrachonitidis
1861 4384 2089 4457 Augusti
2123 4382 2355 4440 Cmsaris
2398 4384 2693 4455 appellavit
2741 4382 3072 4451 Caesaream,
3130 4398 3254 4455 quae
3299 4383 3456 4453 prius

189 4486 209 4514 ⁸
234 4484 463 4552 regionis,
503 4485 601 4556 qui
636 4483 690 4539 in
733 4482 995 4537 honorem
1036 4480 1242 4536 Tiberii
1284 4477 1517 4536 Caesaris
1561 4479 1749 4537 Ctesa-
1859 4480 2022 4537 turris
2053 4478 2321 4534 Stratonis
2359 4479 2699 4534 vocabatur:
2732 4488 2788 4533 et
2815 4493 2879 4533 ex
2913 4470 3137 4533 nomine
3177 4476 3304 4531 filias
3331 4476 3453 4545 ejus

189 4586 324 4636 ream.
352 4594 468 4648 quae
500 4593 654 4634 nunc
696 4577 907 4633 Paucas
952 4574 1174 4639 dicitur,
1221 4574 1553 4642 construxit,
1596 4582 1653 4629 ct
1693 4574 1749 4630 in
1857 4571 1885 4611 δ
1910 4571 2177 4628 Juliadem
2210 4581 2360 4626 trans
2387 4569 2683 4627 Jordanem
2712 4570 3005 4625 exstruxit.
3038 4569 3145 4625 Iste
3174 4568 3296 4634 [ΑΙ.
3324 4565 3453 4641 ille]

190 4666 413 4728 honorem
439 4671 698 4738 Caesaris,
733 4671 1048 4741 pariterque
1077 4668 1158 4723 sui
1187 4667 1426 4722 nominis
1455 4665 1749 4738 appellavit
1857 4668 2011 4725 locus
2038 4678 2123 4724 est
2149 4668 2416 4724 Caesareae
2450 4666 2680 4738 Philippi
2704 4709 2719 4734 ,
2753 4666 2843 4723 ubi
2871 4664 3127 4722 Jordanis
3172 4666 3329 4737 122
3349 4661 3465 4719 ori-

245 4838 277 4903 ξ
300 4830 497 4887 Vitiose
529 4833 588 4887 in
622 4830 783 4887 editis
806 4828 960 4884 libris
983 4828 1185 4899 legitur
1214 4829 1266 4882 in
1298 4828 1517 4897 plurali,
1546 4829 1757 4903 [turmae
1787 4835 1835 4895 Ι)
1861 4832 2196 4903 thabbanus
2223 4847 2445 4903 quoque
2467 4829 2864 4903 prmtermittit.
2890 4829 3011 4885 Mox
3034 4827 3328 4897 Libiadem,
3362 4843 3464 4900 pro

191 4909 229 4951 et
250 4900 620 4958 Traeltonitidis
658 4902 951 4975 regionum,
984 4916 1105 4956 cum
1138 4914 1330 4955 omnes
1359 4914 1516 4975 mss;
1538 4900 1762 4975 codices
1863 4901 2131 4959 Juliadem
2157 4900 2311 4975 legit.

192 4976 334 5027 nostri
364 4977 646 5032 retineant
676 4970 1011 5043 singularem
1044 4987 1353 5044 numerum,
1397 4980 1441 5025 ct
1473 4970 1764 5044 Trachoni-
1941 4975 1966 5012 δ
2010 4975 2114 5029 Pro
2142 4970 2378 5040 Julinde,
2430 4972 2759 5044 exemplaria
2806 4972 3053 5042 quaedam
3093 4972 3469 5044 manuscripta

194 5044 295 5117 tidis
315 5048 559 5117 regionis.
593 5041 811 5101 Deinde
843 5044 1008 5098 iidem
1047 5042 1176 5117 editi
1210 5052 1265 5097 et
1295 5043 1541 5117 nonnulli
1576 5060 1767 5117 manu-
1867 5046 2108 5101 retinent
2136 5045 2426 5117 Libiadem.
2479 5041 2615 5117 Filia
2649 5060 2782 5102 vero
2804 5041 3467 5117 Augustiﬂcmsaris‘non

192 5116 347 5183 scripti
368 5112 594 5173 codices
616 5123 1021 5186 consequenter
1048 5114 1380 5186 adiungunt;
1411 5116 1571 5184 quiin
1600 5114 1761 5169 hono-
1870 5118 2165 5172 vocabatur
2193 5116 2337 5173 Livia
2368 5121 2483 5173 sive
2509 5116 2658 5170 Libia
2677 5157 2691 5180 ,
2724 5115 2820 5172 sed
2847 5112 3019 5170 Julia.
3049 5112 3205 5171 Unde
3219 5113 3468 5186 coniicio

190 5202 276 5259 rem
318 5186 508 5245 Tiberii
549 5183 1123 5259 Cwsarigfwsaream
1169 5183 1437 5259 Philippi,
1468 5203 1585 5259 qua;
1624 5203 1763 5259 nunc
1871 5204 2063 5245 errore
2090 5190 2489 5256 exscriptorum
2516 5188 2751 5256 positum
2782 5186 2948 5242 fuisse
2979 5202 3174 5241 nomen
3201 5185 3471 5243 Libiadis:

197 5255 367 5312 Peneos
389 5261 585 5315 dicitur
614 5257 932 5331 appellavit;
956 5266 1005 5312 et
1036 5265 1135 5320 est,
1159 5268 1263 5331 etc_.
1290 5255 1480 5331 Lectio
1503 5256 1762 5331 Codicum
1873 5260 2147 5331 nisi‘fOrte
2172 5255 2327 5315 errOr
2349 5261 2421 5315 sit
2443 5260 2494 5313 in
2521 5255 2658 5314 Voce
2682 5259 2827 5324 ﬁlim,
2854 5275 2952 5325 pro
2974 5272 3087 5331 qua
3108 5272 3306 5331 nomen
3331 5273 3468 5311 υπο-

197 5342 307 5400 Inss.
335 5328 659 5387 monasterii
683 5328 740 5387 Β.
767 5331 1006 5385 Andreae
1032 5342 1191 5383 secus
1221 5328 1557 5383 Aveuionem
1590 5328 1765 5400 magis
1870 5332 1942 5386 ris
1972 5329 2134 5387 Livia:
2165 5331 2477 5399 ponendum
2510 5338 2660 5386 esset
2692 5348 2706 5384 :
2739 5345 2866 5387 nam
2892 5346 3032 5385 uxor
3063 5329 3464 5400 Angusti_,_ma-

191 5399 387 5520 placuit,
429 5404 558 5473 quia
604 5401 948 5458 manifestior
993 5400 1151 5453 nobis
1189 5402 1304 5453 visa
1343 5409 1446 5454 est.
1489 5398 1766 5455 Man'rf—
1874 5413 1957 5457 ter
1977 5402 2180 5458 Tiberii
2199 5401 2456 5467 Ctesaris,
2481 5402 2771 5458 dicebatur
2794 5401 2946 5456 Livia
2970 5416 3067 5456 seu
3095 5398 3466 5454 Libia.Mn'r.

228 5480 363 5520 antra
395 5491 556 5520 quam
593 5476 650 5520 in
697 5475 815 5520 suis
847 5488 976 5520 mss.
1035 5471 1382 5520 Martianmus
1412 5471 1638 5520 renerit-
1670 5487 1766 5520 nn-
1873 5473 2197 5520 —Credem
2226 5474 2404 5520 malim
2436 5474 2505 5520 ab
2531 5472 2767 5520 nntinuis
2796 5471 3224 5520 amanuensibus
3254 5469 3465 5520 substi-

228 5480 363 5544 outra
395 5469 556 5544 quam
593 5476 650 5529 in
697 5475 815 5529 suis
847 5488 976 5527 mss.
1035 5471 1382 5544 Martiaumus
1412 5471 1639 5540 reperit,
1670 5487 1766 5525 uo-
1873 5473 2197 5530 —Credere
2226 5474 2405 5528 malim
2436 5474 2505 5529 ab
2531 5472 2767 5543 antiquis
2796 5471 3224 5544 amanuensibus
3254 5469 3465 5525 substi-

191 5542 275 5597 stri
315 5541 501 5601 omnes
549 5545 759 5600 habent
808 5560 929 5597 cum
984 5543 1197 5612 pridem
1248 5542 1478 5615 vulgatis
1532 5543 1763 5611 pluritnu
1876 5556 2046 5600 tutum
2082 5547 2169 5599 hic
2196 5545 2341 5615 ﬁlim,
2378 5561 2474 5614 pro
2503 5541 2704 5613 uxoris,
2729 5543 2871 5615 quod
2894 5558 3022 5615 eam
3050 5541 3462 5615 civitatem_uo_n

192 5626 416 5690 numero,
444 5620 724 5690 regionum
750 5632 770 5672 :
797 5611 1031 5690 mosque
1067 5621 1199 5690 _tres
1248 5611 1485 5690 Palatini
1530 5630 1650 5668 cum
1874 5611 2389 5690 aliundeappellari
2434 5611 3002 5690 potuisse_'.luliad_ent,
3050 5628 3212 5690 quam
3249 5628 3278 5665 a
3320 5612 3464 5690 Julia

193 5682 475 5754 sterciensi,
506 5682 808 5744 "Crescit-eam
842 5685 1098 5754 Philippi,
1134 5700 1251 5756 quis
1274 5700 1411 5737 nunc
1448 5683 1650 5738 Paneus
1684 5685 1767 5738 di-
1876 5687 2105 5755 Augusti
2158 5682 2267 5740 lilia
2314 5682 2518 5743 fuerint
2567 5686 2836 5741 arbitrati.
2888 5682 3081 5756 Neque
3106 5682 3472 5756 enit‘nipotuit

193 5757 327 5824 citur,
352 5753 664 5835 appellavit,
696 5772 739 5814 et
761 5768 833 5813 est
856 5759 919 5835 in,
942 5753 1219 5835 provincia
1239 5755 1524 5835 Ph_wnieis,
1548 5767 1657 5835 etc.
1688 5757 1767 5812 Ac
1875 5753 2543 5835 ignorareﬁieronytnus,
2576 5756 2785 5812 nomini
2817 5753 3027 5835 uxtlris,
3058 5770 3165 5835 non
3197 5753 3468 5835 Ω-Ιίαξ-Αῃτ

196 5826 439 5911 πρωιοριῖ
458 5826 947 5911 εςγιιψῃῆριθεὶὶ
954 5829 1074 5911 haec
1092 5829 1259 5911 lectio
1290 5829 1379 5891 sit,
1411 5845 1533 5899 qua:
1562 5838 1618 5911 et
1642 5831 1767 5911 bre-
1873 5826 2017 5911 gusti
2047 5826 2600 5911 dedicaitam;urbern.
2634 5843 2756 5909 cum
2808 5826 3472 5911 et.nJosephus_d$_DellQ

198 5899 315 5958 tior.
343 5896 488 5961 Cumw
508 5903 780 5962 Palatinis
824 5896 880 5958 et
907 5898 1261 5957 Cistereiensi
1295 5896 1444 5955 ‘mss.’
1483 5899 1642 5954 verba
1677 5899 1768 5954 illa
1876 5896 1975 5957 lib.
2021 5906 2081 5967 ης
2128 5906 2252 5970 cap;
2306 5903 2395 5970 15,"
2430 5896 2619 5957 auctor
2649 5900 2738 5967 sit,
2774 5896 3091 5959 aedificatam
3131 5896 3234 5957 sub
3261 5896 3474 5956 Tiberii
