  <div class='ocr_page' id='page_1' title='image "/cluster/home/n/w/nwhite01/storage/ocr_20150623/26/hvd.32044015471402/064.png"; bbox 0 0 4004 6332; ppageno 0'>
   <div class='ocr_carea' id='block_1_1' title="bbox 140 313 149 349">
    <p class='ocr_par' dir='ltr' id='par_1_1' title="bbox 140 313 149 349">
     <span class='ocr_line' id='line_1_1' title="bbox 140 313 149 349; baseline 0 0"><span class='ocrx_word' id='word_1_1' title='bbox 140 313 149 349; x_wconf 77' lang='lat' dir='ltr'><strong>i</strong></span> 
     </span>
    </p>
   </div>
   <div class='ocr_carea' id='block_1_2' title="bbox 209 336 301 395">
    <p class='ocr_par' dir='ltr' id='par_1_2' title="bbox 209 336 301 395">
     <span class='ocr_line' id='line_1_2' title="bbox 209 336 301 395; baseline 0 -1"><span class='ocrx_word' id='word_1_2' title='bbox 209 336 301 395; x_wconf 79' lang='lat' dir='ltr'><strong>H7</strong></span> 
     </span>
    </p>
   </div>
   <div class='ocr_carea' id='block_1_3' title="bbox 649 328 2978 395">
    <p class='ocr_par' dir='ltr' id='par_1_3' title="bbox 649 328 2978 395">
     <span class='ocr_line' id='line_1_3' title="bbox 649 328 2978 395; baseline 0.003 -7"><span class='ocrx_word' id='word_1_3' title='bbox 649 328 1299 390; x_wconf 68' lang='lat' dir='ltr'><strong>COMMENTARIORUM</strong></span> <span class='ocrx_word' id='word_1_4' title='bbox 1340 329 1408 386; x_wconf 87' lang='lat' dir='ltr'><strong>IN</strong></span> <span class='ocrx_word' id='word_1_5' title='bbox 1451 328 1903 390; x_wconf 72' lang='lat' dir='ltr'><strong>EVANGELIUM</strong></span> <span class='ocrx_word' id='word_1_6' title='bbox 1944 332 2285 391; x_wconf 64' lang='lat' dir='ltr'><strong>MA&#39;I‘THEI</strong></span> <span class='ocrx_word' id='word_1_7' title='bbox 2325 335 2455 393; x_wconf 85' lang='lat' dir='ltr'><strong>LIB.</strong></span> <span class='ocrx_word' id='word_1_8' title='bbox 2499 335 2589 393; x_wconf 85' lang='lat' dir='ltr'><strong>lll.</strong></span> <span class='ocrx_word' id='word_1_9' title='bbox 2630 337 2788 395; x_wconf 79' lang='lat' dir='ltr'><strong>CAP.</strong></span> <span class='ocrx_word' id='word_1_10' title='bbox 2837 337 2978 395; x_wconf 77' lang='lat' dir='ltr'><strong>XVI.</strong></span> 
     </span>
    </p>
   </div>
   <div class='ocr_carea' id='block_1_4' title="bbox 3362 340 3467 397">
    <p class='ocr_par' dir='ltr' id='par_1_4' title="bbox 3362 340 3467 397">
     <span class='ocr_line' id='line_1_4' title="bbox 3362 340 3467 397; baseline 0.01 -2"><span class='ocrx_word' id='word_1_11' title='bbox 3362 340 3467 397; x_wconf 76' lang='lat'><strong>“8</strong></span> 
     </span>
    </p>
   </div>
   <div class='ocr_carea' id='block_1_5' title="bbox 207 441 3464 523">
    <p class='ocr_par' dir='ltr' id='par_1_5' title="bbox 207 441 3464 523">
     <span class='ocr_line' id='line_1_5' title="bbox 207 441 3464 523; baseline 0 -17"><span class='ocrx_word' id='word_1_12' title='bbox 207 449 331 507; x_wconf 89' lang='lat' dir='ltr'><strong>nium</strong></span> <span class='ocrx_word' id='word_1_13' title='bbox 370 443 726 518; x_wconf 72' lang='lat' dir='ltr'><strong>apostolorum</strong></span> <span class='ocrx_word' id='word_1_14' title='bbox 770 442 1097 514; x_wconf 88' lang='lat' dir='ltr'><strong>proﬁtetur:</strong></span> <span class='ocrx_word' id='word_1_15' title='bbox 1122 441 1205 499; x_wconf 85' lang='lat' dir='ltr'><strong>Tu</strong></span> <span class='ocrx_word' id='word_1_16' title='bbox 1235 459 1292 500; x_wconf 91' lang='lat' dir='ltr'><strong>es</strong></span> <span class='ocrx_word' id='word_1_17' title='bbox 1318 441 1558 499; x_wconf 85' lang='lat' dir='ltr'><strong>Christus</strong></span> <span class='ocrx_word' id='word_1_18' title='bbox 1584 441 1760 499; x_wconf 81' lang='lat' dir='ltr'><strong>Filius</strong></span> <span class='ocrx_word' id='word_1_19' title='bbox 1786 445 1843 508; x_wconf 73' lang='grc' dir='ltr'><strong>Α</strong></span> <span class='ocrx_word' id='word_1_20' title='bbox 1938 445 2009 501; x_wconf 87' lang='lat' dir='ltr'><strong>Et</strong></span> <span class='ocrx_word' id='word_1_21' title='bbox 2038 457 2201 518; x_wconf 68' lang='lat' dir='ltr'><strong>porta!</strong></span> <span class='ocrx_word' id='word_1_22' title='bbox 2222 447 2381 521; x_wconf 80' lang='lat' dir='ltr'><strong>inferi</strong></span> <span class='ocrx_word' id='word_1_23' title='bbox 2401 464 2505 502; x_wconf 87' lang='lat' dir='ltr'><strong>non</strong></span> <span class='ocrx_word' id='word_1_24' title='bbox 2534 448 2882 519; x_wconf 78' lang='lat' dir='ltr'><strong>prtevalebunt</strong></span> <span class='ocrx_word' id='word_1_25' title='bbox 2906 452 3150 506; x_wconf 82' lang='lat' dir='ltr'><strong>adversus</strong></span> <span class='ocrx_word' id='word_1_26' title='bbox 3182 468 3319 506; x_wconf 91' lang='lat' dir='ltr'><strong>eam.</strong></span> <span class='ocrx_word' id='word_1_27' title='bbox 3352 451 3464 523; x_wconf 74' lang='lat' dir='ltr'><strong>Ego</strong></span> 
     </span>
    </p>
   </div>
   <div class='ocr_carea' id='block_1_6' title="bbox 206 537 1761 610">
    <p class='ocr_par' dir='ltr' id='par_1_6' title="bbox 206 537 1761 610">
     <span class='ocr_line' id='line_1_6' title="bbox 206 537 1761 610; baseline -0.006 -8"><span class='ocrx_word' id='word_1_28' title='bbox 206 545 288 603; x_wconf 85' lang='lat' dir='ltr'><strong>Dei</strong></span> <span class='ocrx_word' id='word_1_29' title='bbox 303 542 407 598; x_wconf 75' lang='lat' dir='ltr'><strong>viri.</strong></span> <span class='ocrx_word' id='word_1_30' title='bbox 437 540 599 596; x_wconf 88' lang='lat' dir='ltr'><strong>Deum</strong></span> <span class='ocrx_word' id='word_1_31' title='bbox 630 538 812 594; x_wconf 89' lang='lat' dir='ltr'><strong>vivum</strong></span> <span class='ocrx_word' id='word_1_32' title='bbox 846 539 1106 610; x_wconf 85' lang='lat' dir='ltr'><strong>appellat,</strong></span> <span class='ocrx_word' id='word_1_33' title='bbox 1131 539 1198 594; x_wconf 86' lang='lat' dir='ltr'><strong>ad</strong></span> <span class='ocrx_word' id='word_1_34' title='bbox 1228 537 1637 595; x_wconf 74' lang='lat' dir='ltr'><strong>distinctionem</strong></span> <span class='ocrx_word' id='word_1_35' title='bbox 1667 553 1761 594; x_wconf 86' lang='lat' dir='ltr'><strong>eo-</strong></span> 
     </span>
    </p>
   </div>
   <div class='ocr_carea' id='block_1_7' title="bbox 205 632 1759 704">
    <p class='ocr_par' dir='ltr' id='par_1_7' title="bbox 205 632 1759 704">
     <span class='ocr_line' id='line_1_7' title="bbox 205 632 1759 704; baseline -0.003 -10"><span class='ocrx_word' id='word_1_36' title='bbox 205 653 306 695; x_wconf 82' lang='lat' dir='ltr'><strong>ram</strong></span> <span class='ocrx_word' id='word_1_37' title='bbox 345 635 590 701; x_wconf 87' lang='lat' dir='ltr'><strong>deorum,</strong></span> <span class='ocrx_word' id='word_1_38' title='bbox 629 633 721 704; x_wconf 91' lang='lat' dir='ltr'><strong>qui</strong></span> <span class='ocrx_word' id='word_1_39' title='bbox 765 640 1026 704; x_wconf 74' lang='lat' dir='ltr'><strong>putantur</strong></span> <span class='ocrx_word' id='word_1_40' title='bbox 1069 632 1173 700; x_wconf 92' lang='lat' dir='ltr'><strong>dii,</strong></span> <span class='ocrx_word' id='word_1_41' title='bbox 1207 634 1301 689; x_wconf 88' lang='lat' dir='ltr'><strong>sed</strong></span> <span class='ocrx_word' id='word_1_42' title='bbox 1344 636 1543 689; x_wconf 89' lang='lat' dir='ltr'><strong>mortui</strong></span> <span class='ocrx_word' id='word_1_43' title='bbox 1584 641 1759 689; x_wconf 88' lang='lat' dir='ltr'><strong>sunt:</strong></span> 
     </span>
    </p>
   </div>
   <div class='ocr_carea' id='block_1_8' title="bbox 205 728 1756 803">
    <p class='ocr_par' dir='ltr' id='par_1_8' title="bbox 205 728 1756 803">
     <span class='ocr_line' id='line_1_8' title="bbox 205 728 1756 803; baseline -0.002 -13"><span class='ocrx_word' id='word_1_44' title='bbox 205 734 482 796; x_wconf 77' lang='lat' dir='ltr'><strong>Saturnum,</strong></span> <span class='ocrx_word' id='word_1_45' title='bbox 515 731 724 794; x_wconf 85' lang='lat' dir='ltr'><strong>Jovem,</strong></span> <span class='ocrx_word' id='word_1_46' title='bbox 775 728 1070 799; x_wconf 83' lang='lat' dir='ltr'><strong>Venerem,</strong></span> <span class='ocrx_word' id='word_1_47' title='bbox 1116 729 1560 803; x_wconf 79' lang='lat' dir='ltr'><strong>Minervam[Al.</strong></span> <span class='ocrx_word' id='word_1_48' title='bbox 1587 728 1756 787; x_wconf 87' lang='lat' dir='ltr'><strong>Cere—</strong></span> 
     </span>
    </p>
   </div>
   <div class='ocr_carea' id='block_1_9' title="bbox 204 822 1766 899">
    <p class='ocr_par' dir='ltr' id='par_1_9' title="bbox 204 822 1766 899">
     <span class='ocr_line' id='line_1_9' title="bbox 204 822 1766 899; baseline -0.003 -16"><span class='ocrx_word' id='word_1_49' title='bbox 204 824 356 899; x_wconf 82' lang='lat' dir='ltr'><strong>rem],</strong></span> <span class='ocrx_word' id='word_1_50' title='bbox 381 824 653 889; x_wconf 86' lang='lat' dir='ltr'><strong>Liberum,</strong></span> <span class='ocrx_word' id='word_1_51' title='bbox 691 822 999 892; x_wconf 84' lang='lat' dir='ltr'><strong>Herculem,</strong></span> <span class='ocrx_word' id='word_1_52' title='bbox 1028 832 1084 879; x_wconf 90' lang='lat' dir='ltr'><strong>et</strong></span> <span class='ocrx_word' id='word_1_53' title='bbox 1105 831 1305 880; x_wconf 67' lang='lat' dir='ltr'><strong>caetera</strong></span> <span class='ocrx_word' id='word_1_54' title='bbox 1338 822 1608 880; x_wconf 88' lang='lat' dir='ltr'><strong>idolorum</strong></span> <span class='ocrx_word' id='word_1_55' title='bbox 1638 839 1766 895; x_wconf 85' lang='lat' dir='ltr'><strong>por—</strong></span> 
     </span>
    </p>
   </div>
   <div class='ocr_carea' id='block_1_10' title="bbox 203 916 677 990">
    <p class='ocr_par' dir='ltr' id='par_1_10' title="bbox 203 916 677 990">
     <span class='ocr_line' id='line_1_10' title="bbox 203 916 677 990; baseline -0.011 -13"><span class='ocrx_word' id='word_1_56' title='bbox 203 928 323 977; x_wconf 83' lang='lat' dir='ltr'><strong>tenta</strong></span> <span class='ocrx_word' id='word_1_57' title='bbox 351 916 677 990; x_wconf 86' lang='lat' dir='ltr'><strong>signiﬁcans.</strong></span> 
     </span>
    </p>
   </div>
   <div class='ocr_carea' id='block_1_11' title="bbox 257 1007 1766 1083">
    <p class='ocr_par' dir='ltr' id='par_1_11' title="bbox 257 1007 1766 1083">
     <span class='ocr_line' id='line_1_11' title="bbox 257 1007 1766 1083; baseline -0.001 -17"><span class='ocrx_word' id='word_1_58' title='bbox 257 1010 423 1083; x_wconf 82' lang='lat' dir='ltr'><strong>(Vers.</strong></span> <span class='ocrx_word' id='word_1_59' title='bbox 458 1008 582 1081; x_wconf 86' lang='lat' dir='ltr'><strong>l7.)</strong></span> <span class='ocrx_word' id='word_1_60' title='bbox 613 1009 950 1081; x_wconf 83' lang='lat' dir='ltr'><strong>Respondeas</strong></span> <span class='ocrx_word' id='word_1_61' title='bbox 970 1019 1141 1064; x_wconf 90' lang='lat' dir='ltr'><strong>autem</strong></span> <span class='ocrx_word' id='word_1_62' title='bbox 1166 1007 1342 1079; x_wconf 76' lang='lat' dir='ltr'><strong>Iesus,</strong></span> <span class='ocrx_word' id='word_1_63' title='bbox 1369 1010 1502 1066; x_wconf 74' lang='lat' dir='ltr'><strong>dixit</strong></span> <span class='ocrx_word' id='word_1_64' title='bbox 1528 1010 1611 1064; x_wconf 85' lang='lat' dir='ltr'><strong>ei:</strong></span> <span class='ocrx_word' id='word_1_65' title='bbox 1634 1009 1766 1065; x_wconf 82' lang='lat' dir='ltr'><strong>Bea-</strong></span> 
     </span>
    </p>
   </div>
   <div class='ocr_carea' id='block_1_12' title="bbox 202 1102 1767 1176">
    <p class='ocr_par' dir='ltr' id='par_1_12' title="bbox 202 1102 1767 1176">
     <span class='ocr_line' id='line_1_12' title="bbox 202 1102 1767 1176; baseline 0.001 -16"><span class='ocrx_word' id='word_1_66' title='bbox 202 1116 267 1160; x_wconf 81' lang='lat' dir='ltr'><strong>tas</strong></span> <span class='ocrx_word' id='word_1_67' title='bbox 292 1121 357 1167; x_wconf 75' lang='lat' dir='ltr'><strong>es.</strong></span> <span class='ocrx_word' id='word_1_68' title='bbox 384 1103 563 1160; x_wconf 87' lang='lat' dir='ltr'><strong>Simon</strong></span> <span class='ocrx_word' id='word_1_69' title='bbox 588 1102 844 1175; x_wconf 83' lang='lat' dir='ltr'><strong>Barjona,</strong></span> <span class='ocrx_word' id='word_1_70' title='bbox 877 1104 1001 1174; x_wconf 91' lang='lat' dir='ltr'><strong>quia</strong></span> <span class='ocrx_word' id='word_1_71' title='bbox 1023 1121 1146 1159; x_wconf 88' lang='lat' dir='ltr'><strong>caro</strong></span> <span class='ocrx_word' id='word_1_72' title='bbox 1173 1112 1220 1158; x_wconf 87' lang='lat' dir='ltr'><strong>et</strong></span> <span class='ocrx_word' id='word_1_73' title='bbox 1238 1105 1454 1176; x_wconf 75' lang='lat' dir='ltr'><strong>sanguis</strong></span> <span class='ocrx_word' id='word_1_74' title='bbox 1481 1120 1584 1159; x_wconf 88' lang='lat' dir='ltr'><strong>non</strong></span> <span class='ocrx_word' id='word_1_75' title='bbox 1624 1120 1767 1161; x_wconf 73' lang='lat' dir='ltr'><strong>reve-</strong></span> 
     </span>
    </p>
   </div>
   <div class='ocr_carea' id='block_1_13' title="bbox 202 1194 1767 1269">
    <p class='ocr_par' dir='ltr' id='par_1_13' title="bbox 202 1194 1767 1269">
     <span class='ocr_line' id='line_1_13' title="bbox 202 1194 1767 1269; baseline 0.001 -17"><span class='ocrx_word' id='word_1_76' title='bbox 202 1198 302 1253; x_wconf 77' lang='lat' dir='ltr'><strong>larit</strong></span> <span class='ocrx_word' id='word_1_77' title='bbox 329 1198 435 1261; x_wconf 85' lang='lat' dir='ltr'><strong>tibi,</strong></span> <span class='ocrx_word' id='word_1_78' title='bbox 457 1196 549 1250; x_wconf 86' lang='lat' dir='ltr'><strong>sed</strong></span> <span class='ocrx_word' id='word_1_79' title='bbox 574 1195 732 1253; x_wconf 85' lang='lat' dir='ltr'><strong>Pater</strong></span> <span class='ocrx_word' id='word_1_80' title='bbox 756 1213 920 1266; x_wconf 89' lang='lat' dir='ltr'><strong>meus,</strong></span> <span class='ocrx_word' id='word_1_81' title='bbox 944 1198 1035 1269; x_wconf 82' lang='lat' dir='ltr'><strong>qui</strong></span> <span class='ocrx_word' id='word_1_82' title='bbox 1062 1197 1115 1250; x_wconf 86' lang='lat' dir='ltr'><strong>in</strong></span> <span class='ocrx_word' id='word_1_83' title='bbox 1137 1194 1276 1253; x_wconf 81' lang='lat' dir='ltr'><strong>ctelis</strong></span> <span class='ocrx_word' id='word_1_84' title='bbox 1307 1205 1402 1254; x_wconf 86' lang='lat' dir='ltr'><strong>est.</strong></span> <span class='ocrx_word' id='word_1_85' title='bbox 1426 1197 1767 1254; x_wconf 76' lang='lat' dir='ltr'><strong>Testimonio</strong></span> 
     </span>
    </p>
   </div>
   <div class='ocr_carea' id='block_1_14' title="bbox 201 1288 1758 1360">
    <p class='ocr_par' dir='ltr' id='par_1_14' title="bbox 201 1288 1758 1360">
     <span class='ocr_line' id='line_1_14' title="bbox 201 1288 1758 1360; baseline 0 -14"><span class='ocrx_word' id='word_1_86' title='bbox 201 1291 255 1346; x_wconf 85' lang='lat' dir='ltr'><strong>de</strong></span> <span class='ocrx_word' id='word_1_87' title='bbox 275 1305 327 1346; x_wconf 91' lang='lat' dir='ltr'><strong>se</strong></span> <span class='ocrx_word' id='word_1_88' title='bbox 353 1288 591 1360; x_wconf 82' lang='lat' dir='ltr'><strong>Apostoli</strong></span> <span class='ocrx_word' id='word_1_89' title='bbox 631 1289 812 1345; x_wconf 79' lang='lat' dir='ltr'><strong>reddit</strong></span> <span class='ocrx_word' id='word_1_90' title='bbox 839 1292 1039 1347; x_wconf 82' lang='lat' dir='ltr'><strong>vicem.</strong></span> <span class='ocrx_word' id='word_1_91' title='bbox 1081 1290 1276 1346; x_wconf 90' lang='lat' dir='ltr'><strong>Petrus</strong></span> <span class='ocrx_word' id='word_1_92' title='bbox 1305 1289 1523 1347; x_wconf 76' lang='lat' dir='ltr'><strong>dixerat</strong></span> <span class='ocrx_word' id='word_1_93' title='bbox 1549 1310 1562 1345; x_wconf 89' lang='lat'><strong>:</strong></span> <span class='ocrx_word' id='word_1_94' title='bbox 1596 1290 1674 1345; x_wconf 86' lang='lat' dir='ltr'><strong>Tu</strong></span> <span class='ocrx_word' id='word_1_95' title='bbox 1704 1307 1758 1346; x_wconf 89' lang='lat' dir='ltr'><strong>es</strong></span> 
     </span>
    </p>
   </div>
   <div class='ocr_carea' id='block_1_15' title="bbox 202 1381 1768 1456">
    <p class='ocr_par' dir='ltr' id='par_1_15' title="bbox 202 1381 1768 1456">
     <span class='ocr_line' id='line_1_15' title="bbox 202 1381 1768 1456; baseline 0.001 -17"><span class='ocrx_word' id='word_1_96' title='bbox 202 1382 402 1439; x_wconf 82' lang='lat' dir='ltr'><strong>Christus</strong></span> <span class='ocrx_word' id='word_1_97' title='bbox 458 1381 632 1436; x_wconf 80' lang='lat' dir='ltr'><strong>Filias</strong></span> <span class='ocrx_word' id='word_1_98' title='bbox 673 1381 778 1436; x_wconf 86' lang='lat' dir='ltr'><strong>Dei</strong></span> <span class='ocrx_word' id='word_1_99' title='bbox 810 1383 953 1447; x_wconf 75' lang='lat' dir='ltr'><strong>viri;</strong></span> <span class='ocrx_word' id='word_1_100' title='bbox 1020 1384 1328 1440; x_wconf 84' lang='lat' dir='ltr'><strong>mercedem</strong></span> <span class='ocrx_word' id='word_1_101' title='bbox 1381 1386 1590 1456; x_wconf 84' lang='lat' dir='ltr'><strong>recepit</strong></span> <span class='ocrx_word' id='word_1_102' title='bbox 1638 1398 1768 1441; x_wconf 88' lang='lat' dir='ltr'><strong>vera</strong></span> 
     </span>
    </p>
   </div>
   <div class='ocr_carea' id='block_1_16' title="bbox 202 1474 1758 1555">
    <p class='ocr_par' dir='ltr' id='par_1_16' title="bbox 202 1474 1758 1555">
     <span class='ocr_line' id='line_1_16' title="bbox 202 1474 1758 1555; baseline 0.001 -22"><span class='ocrx_word' id='word_1_103' title='bbox 202 1476 438 1533; x_wconf 80' lang='lat' dir='ltr'><strong>confessio</strong></span> <span class='ocrx_word' id='word_1_104' title='bbox 467 1490 483 1532; x_wconf 88' lang='lat'><strong>:</strong></span> <span class='ocrx_word' id='word_1_105' title='bbox 513 1474 711 1531; x_wconf 80' lang='lat' dir='ltr'><strong>Beatus</strong></span> <span class='ocrx_word' id='word_1_106' title='bbox 745 1493 820 1545; x_wconf 88' lang='lat' dir='ltr'><strong>es,</strong></span> <span class='ocrx_word' id='word_1_107' title='bbox 868 1476 1050 1533; x_wconf 80' lang='lat' dir='ltr'><strong>Simon</strong></span> <span class='ocrx_word' id='word_1_108' title='bbox 1082 1475 1339 1555; x_wconf 87' lang='lat' dir='ltr'><strong>Barjona.</strong></span> <span class='ocrx_word' id='word_1_109' title='bbox 1374 1477 1599 1547; x_wconf 84' lang='lat' dir='ltr'><strong>Quare?</strong></span> <span class='ocrx_word' id='word_1_110' title='bbox 1632 1479 1758 1549; x_wconf 86' lang='lat' dir='ltr'><strong>quia</strong></span> 
     </span>
    </p>
   </div>
   <div class='ocr_carea' id='block_1_17' title="bbox 203 1569 1768 1642">
    <p class='ocr_par' dir='ltr' id='par_1_17' title="bbox 203 1569 1768 1642">
     <span class='ocr_line' id='line_1_17' title="bbox 203 1569 1768 1642; baseline 0.001 -16"><span class='ocrx_word' id='word_1_111' title='bbox 203 1587 287 1627; x_wconf 88' lang='lat' dir='ltr'><strong>non</strong></span> <span class='ocrx_word' id='word_1_112' title='bbox 313 1569 560 1626; x_wconf 80' lang='lat' dir='ltr'><strong>revelavit</strong></span> <span class='ocrx_word' id='word_1_113' title='bbox 593 1569 691 1625; x_wconf 85' lang='lat' dir='ltr'><strong>tibi</strong></span> <span class='ocrx_word' id='word_1_114' title='bbox 722 1586 850 1626; x_wconf 90' lang='lat' dir='ltr'><strong>caro</strong></span> <span class='ocrx_word' id='word_1_115' title='bbox 878 1581 931 1626; x_wconf 88' lang='lat' dir='ltr'><strong>et</strong></span> <span class='ocrx_word' id='word_1_116' title='bbox 962 1572 1207 1642; x_wconf 83' lang='lat' dir='ltr'><strong>sanguis,</strong></span> <span class='ocrx_word' id='word_1_117' title='bbox 1242 1571 1343 1627; x_wconf 89' lang='lat' dir='ltr'><strong>sed</strong></span> <span class='ocrx_word' id='word_1_118' title='bbox 1372 1572 1637 1628; x_wconf 84' lang='lat' dir='ltr'><strong>revelavit</strong></span> <span class='ocrx_word' id='word_1_119' title='bbox 1664 1572 1768 1628; x_wconf 87' lang='lat' dir='ltr'><strong>Pa-</strong></span> 
     </span>
    </p>
   </div>
   <div class='ocr_carea' id='block_1_18' title="bbox 204 1664 1764 1737">
    <p class='ocr_par' dir='ltr' id='par_1_18' title="bbox 204 1664 1764 1737">
     <span class='ocr_line' id='line_1_18' title="bbox 204 1664 1764 1737; baseline -0.002 -15"><span class='ocrx_word' id='word_1_120' title='bbox 204 1677 282 1722; x_wconf 83' lang='lat' dir='ltr'><strong>ter.</strong></span> <span class='ocrx_word' id='word_1_121' title='bbox 305 1664 447 1735; x_wconf 82' lang='lat' dir='ltr'><strong>Quod</strong></span> <span class='ocrx_word' id='word_1_122' title='bbox 475 1678 608 1719; x_wconf 90' lang='lat' dir='ltr'><strong>caro</strong></span> <span class='ocrx_word' id='word_1_123' title='bbox 638 1672 694 1720; x_wconf 92' lang='lat' dir='ltr'><strong>et</strong></span> <span class='ocrx_word' id='word_1_124' title='bbox 723 1665 947 1736; x_wconf 75' lang='lat' dir='ltr'><strong>sanguis</strong></span> <span class='ocrx_word' id='word_1_125' title='bbox 984 1665 1230 1722; x_wconf 87' lang='lat' dir='ltr'><strong>revelare</strong></span> <span class='ocrx_word' id='word_1_126' title='bbox 1271 1680 1377 1721; x_wconf 93' lang='lat' dir='ltr'><strong>non</strong></span> <span class='ocrx_word' id='word_1_127' title='bbox 1409 1666 1609 1737; x_wconf 88' lang='lat' dir='ltr'><strong>potuit,</strong></span> <span class='ocrx_word' id='word_1_128' title='bbox 1638 1665 1764 1736; x_wconf 83' lang='lat' dir='ltr'><strong>Spi-</strong></span> 
     </span>
    </p>
   </div>
   <div class='ocr_carea' id='block_1_19' title="bbox 202 1758 1765 1831">
    <p class='ocr_par' dir='ltr' id='par_1_19' title="bbox 202 1758 1765 1831">
     <span class='ocr_line' id='line_1_19' title="bbox 202 1758 1765 1831; baseline 0 -15"><span class='ocrx_word' id='word_1_129' title='bbox 202 1762 309 1816; x_wconf 80' lang='lat' dir='ltr'><strong>ritus</strong></span> <span class='ocrx_word' id='word_1_130' title='bbox 337 1759 503 1816; x_wconf 78' lang='lat' dir='ltr'><strong>sancti</strong></span> <span class='ocrx_word' id='word_1_131' title='bbox 541 1759 721 1830; x_wconf 88' lang='lat' dir='ltr'><strong>gratia</strong></span> <span class='ocrx_word' id='word_1_132' title='bbox 762 1760 1062 1815; x_wconf 86' lang='lat' dir='ltr'><strong>revelatum</strong></span> <span class='ocrx_word' id='word_1_133' title='bbox 1107 1769 1209 1815; x_wconf 88' lang='lat' dir='ltr'><strong>est.</strong></span> <span class='ocrx_word' id='word_1_134' title='bbox 1253 1761 1395 1831; x_wconf 84' lang='lat' dir='ltr'><strong>Ergo</strong></span> <span class='ocrx_word' id='word_1_135' title='bbox 1439 1775 1505 1816; x_wconf 81' lang='lat' dir='ltr'><strong>ex</strong></span> <span class='ocrx_word' id='word_1_136' title='bbox 1545 1758 1765 1816; x_wconf 85' lang='lat' dir='ltr'><strong>confes-</strong></span> 
     </span>
    </p>
   </div>
   <div class='ocr_carea' id='block_1_20' title="bbox 1870 539 3464 614">
    <p class='ocr_par' dir='ltr' id='par_1_20' title="bbox 1870 539 3464 614">
     <span class='ocr_line' id='line_1_20' title="bbox 1870 539 3464 614; baseline 0.006 -22"><span class='ocrx_word' id='word_1_137' title='bbox 1870 547 1895 576; x_wconf 75' lang='grc'><strong><em>⁸</em></strong></span> <span class='ocrx_word' id='word_1_138' title='bbox 1935 547 2115 609; x_wconf 89' lang='lat' dir='ltr'><strong>portas</strong></span> <span class='ocrx_word' id='word_1_139' title='bbox 2148 539 2303 595; x_wconf 83' lang='lat' dir='ltr'><strong>inferi</strong></span> <span class='ocrx_word' id='word_1_140' title='bbox 2350 554 2478 596; x_wconf 82' lang='lat' dir='ltr'><strong>reor</strong></span> <span class='ocrx_word' id='word_1_141' title='bbox 2517 541 2645 596; x_wconf 78' lang='lat' dir='ltr'><strong>vitia</strong></span> <span class='ocrx_word' id='word_1_142' title='bbox 2689 552 2853 613; x_wconf 89' lang='lat' dir='ltr'><strong>atque</strong></span> <span class='ocrx_word' id='word_1_143' title='bbox 2900 551 3120 614; x_wconf 82' lang='lat' dir='ltr'><strong>peccata</strong></span> <span class='ocrx_word' id='word_1_144' title='bbox 3155 544 3280 599; x_wconf 90' lang='lat' dir='ltr'><strong>:vel</strong></span> <span class='ocrx_word' id='word_1_145' title='bbox 3311 552 3464 601; x_wconf 89' lang='lat' dir='ltr'><strong>certe</strong></span> 
     </span>
    </p>
   </div>
   <div class='ocr_carea' id='block_1_21' title="bbox 1868 631 3466 705">
    <p class='ocr_par' dir='ltr' id='par_1_21' title="bbox 1868 631 3466 705">
     <span class='ocr_line' id='line_1_21' title="bbox 1868 631 3466 705; baseline 0.002 -18"><span class='ocrx_word' id='word_1_146' title='bbox 1868 631 2253 689; x_wconf 74' lang='lat' dir='ltr'><strong>htereticorum</strong></span> <span class='ocrx_word' id='word_1_147' title='bbox 2277 633 2576 700; x_wconf 85' lang='lat' dir='ltr'><strong>doctrinas,</strong></span> <span class='ocrx_word' id='word_1_148' title='bbox 2602 648 2698 703; x_wconf 90' lang='lat' dir='ltr'><strong>per</strong></span> <span class='ocrx_word' id='word_1_149' title='bbox 2724 650 2861 705; x_wconf 88' lang='lat' dir='ltr'><strong>quas</strong></span> <span class='ocrx_word' id='word_1_150' title='bbox 2891 634 3062 691; x_wconf 91' lang='lat' dir='ltr'><strong>illecti</strong></span> <span class='ocrx_word' id='word_1_151' title='bbox 3088 634 3342 691; x_wconf 84' lang='lat' dir='ltr'><strong>homines</strong></span> <span class='ocrx_word' id='word_1_152' title='bbox 3364 635 3466 690; x_wconf 89' lang='lat' dir='ltr'><strong>du-</strong></span> 
     </span>
    </p>
   </div>
   <div class='ocr_carea' id='block_1_22' title="bbox 1867 724 3463 799">
    <p class='ocr_par' dir='ltr' id='par_1_22' title="bbox 1867 724 3463 799">
     <span class='ocr_line' id='line_1_22' title="bbox 1867 724 3463 799; baseline 0.003 -19"><span class='ocrx_word' id='word_1_153' title='bbox 1867 734 2063 781; x_wconf 90' lang='lat' dir='ltr'><strong>cuntur</strong></span> <span class='ocrx_word' id='word_1_154' title='bbox 2106 724 2177 781; x_wconf 89' lang='lat' dir='ltr'><strong>ad</strong></span> <span class='ocrx_word' id='word_1_155' title='bbox 2221 734 2505 782; x_wconf 88' lang='lat' dir='ltr'><strong>tartarum.</strong></span> <span class='ocrx_word' id='word_1_156' title='bbox 2556 726 2728 784; x_wconf 84' lang='lat' dir='ltr'><strong>Nemo</strong></span> <span class='ocrx_word' id='word_1_157' title='bbox 2768 728 2951 798; x_wconf 83' lang='lat' dir='ltr'><strong>itaque</strong></span> <span class='ocrx_word' id='word_1_158' title='bbox 2993 736 3146 799; x_wconf 87' lang='lat' dir='ltr'><strong>pntet</strong></span> <span class='ocrx_word' id='word_1_159' title='bbox 3185 727 3255 785; x_wconf 89' lang='lat' dir='ltr'><strong>de</strong></span> <span class='ocrx_word' id='word_1_160' title='bbox 3284 737 3463 785; x_wconf 89' lang='lat' dir='ltr'><strong>morte</strong></span> 
     </span>
    </p>
   </div>
   <div class='ocr_carea' id='block_1_23' title="bbox 1868 820 3457 893">
    <p class='ocr_par' dir='ltr' id='par_1_23' title="bbox 1868 820 3457 893">
     <span class='ocr_line' id='line_1_23' title="bbox 1868 820 3457 893; baseline 0.002 -17"><span class='ocrx_word' id='word_1_161' title='bbox 1868 820 1996 891; x_wconf 83' lang='lat' dir='ltr'><strong>dici,</strong></span> <span class='ocrx_word' id='word_1_162' title='bbox 2046 820 2190 893; x_wconf 90' lang='lat' dir='ltr'><strong>quod</strong></span> <span class='ocrx_word' id='word_1_163' title='bbox 2239 823 2469 892; x_wconf 84' lang='lat' dir='ltr'><strong>apostoli</strong></span> <span class='ocrx_word' id='word_1_164' title='bbox 2509 822 2809 879; x_wconf 87' lang='lat' dir='ltr'><strong>conditioni</strong></span> <span class='ocrx_word' id='word_1_165' title='bbox 2841 824 3029 878; x_wconf 90' lang='lat' dir='ltr'><strong>mortis</strong></span> <span class='ocrx_word' id='word_1_166' title='bbox 3075 822 3308 893; x_wconf 87' lang='lat' dir='ltr'><strong>subjecti</strong></span> <span class='ocrx_word' id='word_1_167' title='bbox 3347 837 3457 879; x_wconf 91' lang='lat' dir='ltr'><strong>non</strong></span> 
     </span>
    </p>
   </div>
   <div class='ocr_carea' id='block_1_24' title="bbox 1867 912 3318 987">
    <p class='ocr_par' dir='ltr' id='par_1_24' title="bbox 1867 912 3318 987">
     <span class='ocr_line' id='line_1_24' title="bbox 1867 912 3318 987; baseline 0.002 -18"><span class='ocrx_word' id='word_1_168' title='bbox 1867 912 2092 980; x_wconf 78' lang='lat' dir='ltr'><strong>iuerint,</strong></span> <span class='ocrx_word' id='word_1_169' title='bbox 2123 927 2354 986; x_wconf 90' lang='lat' dir='ltr'><strong>quorum</strong></span> <span class='ocrx_word' id='word_1_170' title='bbox 2384 914 2644 985; x_wconf 88' lang='lat' dir='ltr'><strong>martyria</strong></span> <span class='ocrx_word' id='word_1_171' title='bbox 2676 915 2859 971; x_wconf 82' lang='lat' dir='ltr'><strong>videat</strong></span> <span class='ocrx_word' id='word_1_172' title='bbox 2888 929 3247 972; x_wconf 59' lang='lat' dir='ltr'><strong>coruscarew</strong></span> <span class='ocrx_word' id='word_1_173' title='bbox 3300 964 3318 987; x_wconf 81' lang='grc'><strong><em>,</em></strong></span> 
     </span>
    </p>
   </div>
   <div class='ocr_carea' id='block_1_25' title="bbox 1939 1006 3464 1082">
    <p class='ocr_par' dir='ltr' id='par_1_25' title="bbox 1939 1006 3464 1082">
     <span class='ocr_line' id='line_1_25' title="bbox 1939 1006 3464 1082; baseline 0.001 -17"><span class='ocrx_word' id='word_1_174' title='bbox 1939 1008 2128 1080; x_wconf 83' lang='lat' dir='ltr'><strong>(Vers.</strong></span> <span class='ocrx_word' id='word_1_175' title='bbox 2160 1007 2284 1079; x_wconf 78' lang='lat' dir='ltr'><strong>i9.)</strong></span> <span class='ocrx_word' id='word_1_176' title='bbox 2324 1006 2395 1062; x_wconf 85' lang='lat' dir='ltr'><strong>Et</strong></span> <span class='ocrx_word' id='word_1_177' title='bbox 2423 1009 2557 1065; x_wconf 86' lang='lat' dir='ltr'><strong>dabo</strong></span> <span class='ocrx_word' id='word_1_178' title='bbox 2595 1011 2687 1065; x_wconf 89' lang='lat' dir='ltr'><strong>tibi</strong></span> <span class='ocrx_word' id='word_1_179' title='bbox 2722 1009 2894 1065; x_wconf 81' lang='lat' dir='ltr'><strong>claves</strong></span> <span class='ocrx_word' id='word_1_180' title='bbox 2916 1012 3064 1082; x_wconf 87' lang='lat' dir='ltr'><strong>regni</strong></span> <span class='ocrx_word' id='word_1_181' title='bbox 3091 1010 3359 1067; x_wconf 61' lang='lat' dir='ltr'><strong>calorum.</strong></span> <span class='ocrx_word' id='word_1_182' title='bbox 3392 1011 3464 1067; x_wconf 89' lang='lat' dir='ltr'><strong>Et</strong></span> 
     </span>
    </p>
   </div>
   <div class='ocr_carea' id='block_1_26' title="bbox 1865 1100 3460 1176">
    <p class='ocr_par' dir='ltr' id='par_1_26' title="bbox 1865 1100 3460 1176">
     <span class='ocr_line' id='line_1_26' title="bbox 1865 1100 3460 1176; baseline 0.002 -20"><span class='ocrx_word' id='word_1_183' title='bbox 1865 1101 2224 1173; x_wconf 80' lang='lat' dir='ltr'><strong>quodcumque</strong></span> <span class='ocrx_word' id='word_1_184' title='bbox 2262 1100 2506 1174; x_wconf 78' lang='lat' dir='ltr'><strong>ligaveris</strong></span> <span class='ocrx_word' id='word_1_185' title='bbox 2548 1118 2704 1169; x_wconf 81' lang='lat' dir='ltr'><strong>super</strong></span> <span class='ocrx_word' id='word_1_186' title='bbox 2750 1112 2961 1168; x_wconf 86' lang='lat' dir='ltr'><strong>terram,</strong></span> <span class='ocrx_word' id='word_1_187' title='bbox 3000 1103 3100 1158; x_wconf 88' lang='lat' dir='ltr'><strong>erit</strong></span> <span class='ocrx_word' id='word_1_188' title='bbox 3144 1104 3364 1176; x_wconf 86' lang='lat' dir='ltr'><strong>ligatum</strong></span> <span class='ocrx_word' id='word_1_189' title='bbox 3402 1105 3460 1159; x_wconf 90' lang='lat' dir='ltr'><strong>in</strong></span> 
     </span>
    </p>
   </div>
   <div class='ocr_carea' id='block_1_27' title="bbox 1866 1192 3468 1265">
    <p class='ocr_par' dir='ltr' id='par_1_27' title="bbox 1866 1192 3468 1265">
     <span class='ocr_line' id='line_1_27' title="bbox 1866 1192 3468 1265; baseline 0.002 -17"><span class='ocrx_word' id='word_1_190' title='bbox 1866 1194 2005 1249; x_wconf 76' lang='lat' dir='ltr'><strong>ctelis</strong></span> <span class='ocrx_word' id='word_1_191' title='bbox 2036 1211 2055 1248; x_wconf 88' lang='lat'><strong><em>:</em></strong></span> <span class='ocrx_word' id='word_1_192' title='bbox 2086 1203 2132 1248; x_wconf 87' lang='lat' dir='ltr'><strong>et</strong></span> <span class='ocrx_word' id='word_1_193' title='bbox 2158 1193 2520 1264; x_wconf 80' lang='lat' dir='ltr'><strong>quodcumque</strong></span> <span class='ocrx_word' id='word_1_194' title='bbox 2541 1192 2755 1249; x_wconf 79' lang='lat' dir='ltr'><strong>solveris</strong></span> <span class='ocrx_word' id='word_1_195' title='bbox 2785 1212 2941 1265; x_wconf 83' lang='lat' dir='ltr'><strong>super</strong></span> <span class='ocrx_word' id='word_1_196' title='bbox 2964 1207 3177 1261; x_wconf 85' lang='lat' dir='ltr'><strong>terram,</strong></span> <span class='ocrx_word' id='word_1_197' title='bbox 3201 1198 3297 1251; x_wconf 85' lang='lat' dir='ltr'><strong>erit</strong></span> <span class='ocrx_word' id='word_1_198' title='bbox 3324 1199 3468 1253; x_wconf 82' lang='lat' dir='ltr'><strong>solu-</strong></span> 
     </span>
    </p>
   </div>
   <div class='ocr_carea' id='block_1_28' title="bbox 1868 1285 3463 1362">
    <p class='ocr_par' dir='ltr' id='par_1_28' title="bbox 1868 1285 3463 1362">
     <span class='ocr_line' id='line_1_28' title="bbox 1868 1285 3463 1362; baseline 0.003 -21"><span class='ocrx_word' id='word_1_199' title='bbox 1868 1298 1978 1342; x_wconf 89' lang='lat' dir='ltr'><strong>tum</strong></span> <span class='ocrx_word' id='word_1_200' title='bbox 2004 1287 2059 1341; x_wconf 88' lang='lat' dir='ltr'><strong>in</strong></span> <span class='ocrx_word' id='word_1_201' title='bbox 2082 1287 2244 1342; x_wconf 72' lang='lat' dir='ltr'><strong>caelis.</strong></span> <span class='ocrx_word' id='word_1_202' title='bbox 2269 1285 2439 1342; x_wconf 85' lang='lat' dir='ltr'><strong>Istum</strong></span> <span class='ocrx_word' id='word_1_203' title='bbox 2467 1287 2646 1342; x_wconf 90' lang='lat' dir='ltr'><strong>locum</strong></span> <span class='ocrx_word' id='word_1_204' title='bbox 2677 1288 2921 1358; x_wconf 84' lang='lat' dir='ltr'><strong>episcopi</strong></span> <span class='ocrx_word' id='word_1_205' title='bbox 2942 1298 2994 1344; x_wconf 91' lang='lat' dir='ltr'><strong>et</strong></span> <span class='ocrx_word' id='word_1_206' title='bbox 3017 1290 3323 1362; x_wconf 85' lang='lat' dir='ltr'><strong>presbyteri</strong></span> <span class='ocrx_word' id='word_1_207' title='bbox 3354 1305 3463 1346; x_wconf 93' lang='lat' dir='ltr'><strong>non</strong></span> 
     </span>
    </p>
   </div>
   <div class='ocr_carea' id='block_1_29' title="bbox 1868 1380 3460 1452">
    <p class='ocr_par' dir='ltr' id='par_1_29' title="bbox 1868 1380 3460 1452">
     <span class='ocr_line' id='line_1_29' title="bbox 1868 1380 3460 1452; baseline 0.001 -15"><span class='ocrx_word' id='word_1_208' title='bbox 1868 1380 2275 1452; x_wconf 89' lang='lat' dir='ltr'><strong>intelligentes,</strong></span> <span class='ocrx_word' id='word_1_209' title='bbox 2326 1380 2528 1452; x_wconf 90' lang='lat' dir='ltr'><strong>aliquid</strong></span> <span class='ocrx_word' id='word_1_210' title='bbox 2581 1380 2688 1436; x_wconf 85' lang='lat' dir='ltr'><strong>sibi</strong></span> <span class='ocrx_word' id='word_1_211' title='bbox 2735 1381 2805 1436; x_wconf 91' lang='lat' dir='ltr'><strong>de</strong></span> <span class='ocrx_word' id='word_1_212' title='bbox 2848 1380 3256 1438; x_wconf 59' lang='lat' dir='ltr'><strong>Pharisaeorum</strong></span> <span class='ocrx_word' id='word_1_213' title='bbox 3299 1398 3460 1439; x_wconf 88' lang='lat' dir='ltr'><strong>assu-</strong></span> 
     </span>
    </p>
   </div>
   <div class='ocr_carea' id='block_1_30' title="bbox 1868 1466 3465 1545">
    <p class='ocr_par' dir='ltr' id='par_1_30' title="bbox 1868 1466 3465 1545">
     <span class='ocr_line' id='line_1_30' title="bbox 1868 1466 3465 1545; baseline 0.002 -16"><span class='ocrx_word' id='word_1_214' title='bbox 1868 1483 2029 1530; x_wconf 91' lang='lat' dir='ltr'><strong>munt</strong></span> <span class='ocrx_word' id='word_1_215' title='bbox 2068 1475 2393 1545; x_wconf 85' lang='lat' dir='ltr'><strong>supercilio,</strong></span> <span class='ocrx_word' id='word_1_216' title='bbox 2435 1483 2496 1529; x_wconf 92' lang='lat' dir='ltr'><strong>ut</strong></span> <span class='ocrx_word' id='word_1_217' title='bbox 2538 1474 2621 1530; x_wconf 84' lang='lat' dir='ltr'><strong>vel</strong></span> <span class='ocrx_word' id='word_1_218' title='bbox 2659 1473 2922 1530; x_wconf 87' lang='lat' dir='ltr'><strong>damnent</strong></span> <span class='ocrx_word' id='word_1_219' title='bbox 2969 1466 3326 1542; x_wconf 86' lang='lat' dir='ltr'><strong>innocentes,</strong></span> <span class='ocrx_word' id='word_1_220' title='bbox 3378 1478 3465 1533; x_wconf 90' lang='lat' dir='ltr'><strong>vel</strong></span> 
     </span>
    </p>
   </div>
   <div class='ocr_carea' id='block_1_31' title="bbox 1867 1570 3466 1646">
    <p class='ocr_par' dir='ltr' id='par_1_31' title="bbox 1867 1570 3466 1646">
     <span class='ocr_line' id='line_1_31' title="bbox 1867 1570 3466 1646; baseline -0.001 -19"><span class='ocrx_word' id='word_1_221' title='bbox 1867 1571 2088 1628; x_wconf 89' lang='lat' dir='ltr'><strong>solvere</strong></span> <span class='ocrx_word' id='word_1_222' title='bbox 2112 1585 2173 1626; x_wconf 91' lang='lat' dir='ltr'><strong>se</strong></span> <span class='ocrx_word' id='word_1_223' title='bbox 2199 1571 2390 1626; x_wconf 81' lang='lat' dir='ltr'><strong>noxios</strong></span> <span class='ocrx_word' id='word_1_224' title='bbox 2414 1570 2776 1636; x_wconf 85' lang='lat' dir='ltr'><strong>arbitrentur;</strong></span> <span class='ocrx_word' id='word_1_225' title='bbox 2801 1585 2922 1626; x_wconf 90' lang='lat' dir='ltr'><strong>cum</strong></span> <span class='ocrx_word' id='word_1_226' title='bbox 2945 1570 3087 1640; x_wconf 91' lang='lat' dir='ltr'><strong>apud</strong></span> <span class='ocrx_word' id='word_1_227' title='bbox 3112 1572 3283 1626; x_wconf 87' lang='lat' dir='ltr'><strong>Deum</strong></span> <span class='ocrx_word' id='word_1_228' title='bbox 3310 1570 3466 1646; x_wconf 70' lang='lat'><strong>125</strong></span> 
     </span>
    </p>
   </div>
   <div class='ocr_carea' id='block_1_32' title="bbox 1869 1662 3469 1735">
    <p class='ocr_par' dir='ltr' id='par_1_32' title="bbox 1869 1662 3469 1735">
     <span class='ocr_line' id='line_1_32' title="bbox 1869 1662 3469 1735; baseline 0.001 -17"><span class='ocrx_word' id='word_1_229' title='bbox 1869 1678 1978 1718; x_wconf 92' lang='lat' dir='ltr'><strong>non</strong></span> <span class='ocrx_word' id='word_1_230' title='bbox 2007 1662 2035 1701; x_wconf 71' lang='grc' dir='ltr'>δ</span> <span class='ocrx_word' id='word_1_231' title='bbox 2068 1662 2346 1719; x_wconf 85' lang='lat' dir='ltr'><strong>sententia</strong></span> <span class='ocrx_word' id='word_1_232' title='bbox 2388 1662 2761 1727; x_wconf 88' lang='lat' dir='ltr'><strong>sacerdotum,</strong></span> <span class='ocrx_word' id='word_1_233' title='bbox 2795 1662 2892 1717; x_wconf 90' lang='lat' dir='ltr'><strong>sed</strong></span> <span class='ocrx_word' id='word_1_234' title='bbox 2926 1677 3148 1719; x_wconf 87' lang='lat' dir='ltr'><strong>reorum</strong></span> <span class='ocrx_word' id='word_1_235' title='bbox 3178 1664 3293 1719; x_wconf 83' lang='lat' dir='ltr'><strong>vita</strong></span> <span class='ocrx_word' id='word_1_236' title='bbox 3320 1680 3469 1735; x_wconf 69' lang='lat' dir='ltr'><strong>qua!-</strong></span> 
     </span>
    </p>
   </div>
   <div class='ocr_carea' id='block_1_33' title="bbox 1870 1755 3473 1829">
    <p class='ocr_par' dir='ltr' id='par_1_33' title="bbox 1870 1755 3473 1829">
     <span class='ocr_line' id='line_1_33' title="bbox 1870 1755 3473 1829; baseline 0.002 -18"><span class='ocrx_word' id='word_1_237' title='bbox 1870 1765 2038 1813; x_wconf 89' lang='lat' dir='ltr'><strong>ratur.</strong></span> <span class='ocrx_word' id='word_1_238' title='bbox 2089 1755 2344 1827; x_wconf 78' lang='lat' dir='ltr'><strong>Legimus</strong></span> <span class='ocrx_word' id='word_1_239' title='bbox 2384 1757 2436 1811; x_wconf 91' lang='lat' dir='ltr'><strong>in</strong></span> <span class='ocrx_word' id='word_1_240' title='bbox 2478 1756 2720 1813; x_wconf 89' lang='lat' dir='ltr'><strong>Levitico</strong></span> <span class='ocrx_word' id='word_1_241' title='bbox 2748 1756 2910 1829; x_wconf 85' lang='lat' dir='ltr'><strong>(Cap.</strong></span> <span class='ocrx_word' id='word_1_242' title='bbox 2940 1758 3070 1828; x_wconf 62' lang='grc' dir='ltr'>ιιι)</span> <span class='ocrx_word' id='word_1_243' title='bbox 3115 1758 3185 1814; x_wconf 90' lang='lat' dir='ltr'><strong>de</strong></span> <span class='ocrx_word' id='word_1_244' title='bbox 3208 1758 3473 1829; x_wconf 88' lang='lat' dir='ltr'><strong>leprosis,</strong></span> 
     </span>
    </p>
   </div>
   <div class='ocr_carea' id='block_1_34' title="bbox 202 1845 3473 1923">
    <p class='ocr_par' dir='ltr' id='par_1_34' title="bbox 202 1845 3473 1923">
     <span class='ocr_line' id='line_1_34' title="bbox 202 1845 3473 1923; baseline -0 -12"><span class='ocrx_word' id='word_1_245' title='bbox 202 1856 323 1911; x_wconf 83' lang='lat' dir='ltr'><strong>sione</strong></span> <span class='ocrx_word' id='word_1_246' title='bbox 360 1853 582 1908; x_wconf 88' lang='lat' dir='ltr'><strong>sortitur</strong></span> <span class='ocrx_word' id='word_1_247' title='bbox 629 1852 981 1920; x_wconf 86' lang='lat' dir='ltr'><strong>vocabulum,</strong></span> <span class='ocrx_word' id='word_1_248' title='bbox 1036 1852 1181 1923; x_wconf 84' lang='lat' dir='ltr'><strong>quod</strong></span> <span class='ocrx_word' id='word_1_249' title='bbox 1238 1852 1635 1909; x_wconf 85' lang='lat' dir='ltr'><strong>revelationem</strong></span> <span class='ocrx_word' id='word_1_250' title='bbox 1690 1868 1755 1908; x_wconf 76' lang='lat' dir='ltr'><strong>es</strong></span> <span class='ocrx_word' id='word_1_251' title='bbox 1796 1845 1833 1905; x_wconf 84' lang='lat' dir='ltr'><strong>il</strong></span> <span class='ocrx_word' id='word_1_252' title='bbox 1864 1850 1955 1906; x_wconf 90' lang='lat' dir='ltr'><strong>ubi</strong></span> <span class='ocrx_word' id='word_1_253' title='bbox 1994 1850 2284 1922; x_wconf 89' lang='lat' dir='ltr'><strong>jubentur,</strong></span> <span class='ocrx_word' id='word_1_254' title='bbox 2330 1860 2390 1906; x_wconf 90' lang='lat' dir='ltr'><strong>ut</strong></span> <span class='ocrx_word' id='word_1_255' title='bbox 2432 1851 2725 1908; x_wconf 85' lang='lat' dir='ltr'><strong>ostendant</strong></span> <span class='ocrx_word' id='word_1_256' title='bbox 2773 1867 2832 1908; x_wconf 91' lang='lat' dir='ltr'><strong>se</strong></span> <span class='ocrx_word' id='word_1_257' title='bbox 2874 1853 3275 1919; x_wconf 87' lang='lat' dir='ltr'><strong>sacerdotibus,</strong></span> <span class='ocrx_word' id='word_1_258' title='bbox 3321 1862 3378 1910; x_wconf 93' lang='lat' dir='ltr'><strong>et</strong></span> <span class='ocrx_word' id='word_1_259' title='bbox 3425 1855 3473 1911; x_wconf 89' lang='lat' dir='ltr'><strong>si</strong></span> 
     </span>
    </p>
   </div>
   <div class='ocr_carea' id='block_1_35' title="bbox 201 1945 1767 2018">
    <p class='ocr_par' dir='ltr' id='par_1_35' title="bbox 201 1945 1767 2018">
     <span class='ocr_line' id='line_1_35' title="bbox 201 1945 1767 2018; baseline -0.001 -15"><span class='ocrx_word' id='word_1_260' title='bbox 201 1947 365 2015; x_wconf 78' lang='lat' dir='ltr'><strong>Spiritu</strong></span> <span class='ocrx_word' id='word_1_261' title='bbox 394 1956 582 2002; x_wconf 90' lang='lat' dir='ltr'><strong>sancto</strong></span> <span class='ocrx_word' id='word_1_262' title='bbox 630 1946 851 2016; x_wconf 84' lang='lat' dir='ltr'><strong>habeat,</strong></span> <span class='ocrx_word' id='word_1_263' title='bbox 903 1946 1062 2016; x_wconf 84' lang='lat' dir='ltr'><strong>cujus</strong></span> <span class='ocrx_word' id='word_1_264' title='bbox 1113 1956 1168 2002; x_wconf 91' lang='lat' dir='ltr'><strong>et</strong></span> <span class='ocrx_word' id='word_1_265' title='bbox 1215 1946 1364 2002; x_wconf 89' lang='lat' dir='ltr'><strong>ﬁlius</strong></span> <span class='ocrx_word' id='word_1_266' title='bbox 1406 1945 1767 2018; x_wconf 83' lang='lat' dir='ltr'><strong>appellandus</strong></span> 
     </span>
    </p>
   </div>
   <div class='ocr_carea' id='block_1_36' title="bbox 201 2038 1762 2114">
    <p class='ocr_par' dir='ltr' id='par_1_36' title="bbox 201 2038 1762 2114">
     <span class='ocr_line' id='line_1_36' title="bbox 201 2038 1762 2114; baseline 0.003 -21"><span class='ocrx_word' id='word_1_267' title='bbox 201 2040 270 2094; x_wconf 90' lang='lat' dir='ltr'><strong>sit.</strong></span> <span class='ocrx_word' id='word_1_268' title='bbox 297 2038 559 2111; x_wconf 79' lang='lat' dir='ltr'><strong>Siquidem</strong></span> <span class='ocrx_word' id='word_1_269' title='bbox 591 2038 833 2113; x_wconf 84' lang='lat' dir='ltr'><strong>Barjona</strong></span> <span class='ocrx_word' id='word_1_270' title='bbox 860 2041 912 2095; x_wconf 90' lang='lat' dir='ltr'><strong>in</strong></span> <span class='ocrx_word' id='word_1_271' title='bbox 939 2051 1124 2095; x_wconf 86' lang='lat' dir='ltr'><strong>nostra</strong></span> <span class='ocrx_word' id='word_1_272' title='bbox 1160 2039 1343 2109; x_wconf 81' lang='lat' dir='ltr'><strong>lingua</strong></span> <span class='ocrx_word' id='word_1_273' title='bbox 1378 2047 1562 2106; x_wconf 91' lang='lat' dir='ltr'><strong>sonat,</strong></span> <span class='ocrx_word' id='word_1_274' title='bbox 1600 2038 1762 2114; x_wconf 62' lang='grc'><strong>124</strong></span> 
     </span>
    </p>
   </div>
   <div class='ocr_carea' id='block_1_37' title="bbox 202 2133 1767 2204">
    <p class='ocr_par' dir='ltr' id='par_1_37' title="bbox 202 2133 1767 2204">
     <span class='ocr_line' id='line_1_37' title="bbox 202 2133 1767 2204; baseline 0.003 -18"><span class='ocrx_word' id='word_1_275' title='bbox 202 2133 316 2201; x_wconf 77' lang='lat' dir='ltr'><strong>ﬁlius</strong></span> <span class='ocrx_word' id='word_1_276' title='bbox 348 2134 616 2190; x_wconf 67' lang='lat' dir='ltr'><strong>columba).</strong></span> <span class='ocrx_word' id='word_1_277' title='bbox 662 2133 767 2188; x_wconf 83' lang='lat' dir='ltr'><strong>Alii</strong></span> <span class='ocrx_word' id='word_1_278' title='bbox 815 2133 1140 2203; x_wconf 83' lang='lat' dir='ltr'><strong>simpliciter</strong></span> <span class='ocrx_word' id='word_1_279' title='bbox 1169 2134 1468 2204; x_wconf 88' lang='lat' dir='ltr'><strong>accipiunt,</strong></span> <span class='ocrx_word' id='word_1_280' title='bbox 1502 2134 1649 2204; x_wconf 87' lang='lat' dir='ltr'><strong>quod</strong></span> <span class='ocrx_word' id='word_1_281' title='bbox 1680 2135 1767 2190; x_wconf 82' lang='lat' dir='ltr'><strong>Si-</strong></span> 
     </span>
    </p>
   </div>
   <div class='ocr_carea' id='block_1_38' title="bbox 203 2227 1769 2299">
    <p class='ocr_par' dir='ltr' id='par_1_38' title="bbox 203 2227 1769 2299">
     <span class='ocr_line' id='line_1_38' title="bbox 203 2227 1769 2299; baseline 0.001 -17"><span class='ocrx_word' id='word_1_282' title='bbox 203 2242 321 2296; x_wconf 85' lang='lat' dir='ltr'><strong>mon,</strong></span> <span class='ocrx_word' id='word_1_283' title='bbox 349 2227 397 2283; x_wconf 91' lang='lat' dir='ltr'><strong>id</strong></span> <span class='ocrx_word' id='word_1_284' title='bbox 426 2236 531 2296; x_wconf 89' lang='lat' dir='ltr'><strong>est,</strong></span> <span class='ocrx_word' id='word_1_285' title='bbox 564 2227 791 2294; x_wconf 84' lang='lat' dir='ltr'><strong>Petrus,</strong></span> <span class='ocrx_word' id='word_1_286' title='bbox 818 2227 889 2283; x_wconf 89' lang='lat' dir='ltr'><strong>sit</strong></span> <span class='ocrx_word' id='word_1_287' title='bbox 919 2227 1059 2283; x_wconf 83' lang='lat' dir='ltr'><strong>ﬁlius</strong></span> <span class='ocrx_word' id='word_1_288' title='bbox 1087 2227 1337 2295; x_wconf 81' lang='lat' dir='ltr'><strong>Joannis,</strong></span> <span class='ocrx_word' id='word_1_289' title='bbox 1367 2228 1519 2299; x_wconf 81' lang='lat' dir='ltr'><strong>juxta</strong></span> <span class='ocrx_word' id='word_1_290' title='bbox 1546 2227 1769 2284; x_wconf 88' lang='lat' dir='ltr'><strong>alterius</strong></span> 
     </span>
    </p>
   </div>
   <div class='ocr_carea' id='block_1_39' title="bbox 201 2321 1769 2397">
    <p class='ocr_par' dir='ltr' id='par_1_39' title="bbox 201 2321 1769 2397">
     <span class='ocr_line' id='line_1_39' title="bbox 201 2321 1769 2397; baseline 0.002 -22"><span class='ocrx_word' id='word_1_291' title='bbox 201 2321 283 2376; x_wconf 83' lang='lat' dir='ltr'><strong>loci</strong></span> <span class='ocrx_word' id='word_1_292' title='bbox 321 2322 805 2393; x_wconf 77' lang='lat' dir='ltr'><strong>interrogationem</strong></span> <span class='ocrx_word' id='word_1_293' title='bbox 848 2339 861 2376; x_wconf 90' lang='lat'><strong>:</strong></span> <span class='ocrx_word' id='word_1_294' title='bbox 905 2322 1087 2377; x_wconf 88' lang='lat' dir='ltr'><strong>Simon</strong></span> <span class='ocrx_word' id='word_1_295' title='bbox 1148 2321 1404 2389; x_wconf 81' lang='lat' dir='ltr'><strong>Joannis,</strong></span> <span class='ocrx_word' id='word_1_296' title='bbox 1453 2322 1631 2397; x_wconf 86' lang='lat' dir='ltr'><strong>diligis</strong></span> <span class='ocrx_word' id='word_1_297' title='bbox 1692 2340 1769 2378; x_wconf 87' lang='lat' dir='ltr'><strong>me</strong></span> 
     </span>
    </p>
   </div>
   <div class='ocr_carea' id='block_1_40' title="bbox 203 2412 1771 2486">
    <p class='ocr_par' dir='ltr' id='par_1_40' title="bbox 203 2412 1771 2486">
     <span class='ocr_line' id='line_1_40' title="bbox 203 2412 1771 2486; baseline 0.003 -21"><span class='ocrx_word' id='word_1_298' title='bbox 203 2412 356 2484; x_wconf 80' lang='lat' dir='ltr'><strong>(lacn.</strong></span> <span class='ocrx_word' id='word_1_299' title='bbox 384 2429 494 2478; x_wconf 76' lang='lat' dir='ltr'><strong>ut,</strong></span> <span class='ocrx_word' id='word_1_300' title='bbox 525 2413 672 2486; x_wconf 71' lang='lat' dir='ltr'><strong>lii)?</strong></span> <span class='ocrx_word' id='word_1_301' title='bbox 703 2412 808 2481; x_wconf 88' lang='lat' dir='ltr'><strong>Qui</strong></span> <span class='ocrx_word' id='word_1_302' title='bbox 833 2415 1155 2486; x_wconf 88' lang='lat' dir='ltr'><strong>respondit:</strong></span> <span class='ocrx_word' id='word_1_303' title='bbox 1180 2412 1431 2480; x_wconf 81' lang='lat' dir='ltr'><strong>Domine,</strong></span> <span class='ocrx_word' id='word_1_304' title='bbox 1458 2423 1512 2468; x_wconf 90' lang='lat' dir='ltr'><strong>tu</strong></span> <span class='ocrx_word' id='word_1_305' title='bbox 1544 2416 1663 2470; x_wconf 84' lang='lat' dir='ltr'><strong>scis.</strong></span> <span class='ocrx_word' id='word_1_306' title='bbox 1700 2414 1771 2470; x_wconf 86' lang='lat' dir='ltr'><strong>Et</strong></span> 
     </span>
    </p>
   </div>
   <div class='ocr_carea' id='block_1_41' title="bbox 202 2506 1772 2578">
    <p class='ocr_par' dir='ltr' id='par_1_41' title="bbox 202 2506 1772 2578">
     <span class='ocr_line' id='line_1_41' title="bbox 202 2506 1772 2578; baseline 0.001 -18"><span class='ocrx_word' id='word_1_307' title='bbox 202 2507 355 2562; x_wconf 74' lang='lat' dir='ltr'><strong>volunt</strong></span> <span class='ocrx_word' id='word_1_308' title='bbox 391 2506 748 2577; x_wconf 86' lang='lat' dir='ltr'><strong>Scriptorum</strong></span> <span class='ocrx_word' id='word_1_309' title='bbox 797 2506 932 2562; x_wconf 88' lang='lat' dir='ltr'><strong>vitio</strong></span> <span class='ocrx_word' id='word_1_310' title='bbox 976 2508 1355 2578; x_wconf 81' lang='lat' dir='ltr'><strong>depravatum,</strong></span> <span class='ocrx_word' id='word_1_311' title='bbox 1406 2517 1466 2562; x_wconf 92' lang='grc' dir='ltr'><strong>ιιι</strong></span> <span class='ocrx_word' id='word_1_312' title='bbox 1515 2522 1615 2577; x_wconf 87' lang='lat' dir='ltr'><strong>pro</strong></span> <span class='ocrx_word' id='word_1_313' title='bbox 1665 2507 1772 2562; x_wconf 88' lang='lat' dir='ltr'><strong>Bar</strong></span> 
     </span>
    </p>
   </div>
   <div class='ocr_carea' id='block_1_42' title="bbox 203 2594 1767 2679">
    <p class='ocr_par' dir='ltr' id='par_1_42' title="bbox 203 2594 1767 2679">
     <span class='ocr_line' id='line_1_42' title="bbox 203 2594 1767 2679; baseline 0.004 -30"><span class='ocrx_word' id='word_1_314' title='bbox 203 2594 392 2662; x_wconf 73' lang='lat' dir='ltr'><strong>Joanne,</strong></span> <span class='ocrx_word' id='word_1_315' title='bbox 414 2597 517 2653; x_wconf 87' lang='lat' dir='ltr'><strong>hoc</strong></span> <span class='ocrx_word' id='word_1_316' title='bbox 544 2606 657 2663; x_wconf 85' lang='lat' dir='ltr'><strong>est,</strong></span> <span class='ocrx_word' id='word_1_317' title='bbox 684 2598 829 2665; x_wconf 78' lang='lat' dir='ltr'><strong>ﬁlius</strong></span> <span class='ocrx_word' id='word_1_318' title='bbox 846 2596 1095 2664; x_wconf 81' lang='lat' dir='ltr'><strong>Joannis,</strong></span> <span class='ocrx_word' id='word_1_319' title='bbox 1126 2597 1360 2679; x_wconf 64' lang='lat' dir='ltr'><strong>Barjona</strong></span> <span class='ocrx_word' id='word_1_320' title='bbox 1383 2599 1647 2669; x_wconf 86' lang='lat' dir='ltr'><strong>scriptum</strong></span> <span class='ocrx_word' id='word_1_321' title='bbox 1674 2600 1767 2669; x_wconf 84' lang='lat' dir='ltr'><strong>sit,</strong></span> 
     </span>
    </p>
   </div>
   <div class='ocr_carea' id='block_1_43' title="bbox 206 2689 1769 2764">
    <p class='ocr_par' dir='ltr' id='par_1_43' title="bbox 206 2689 1769 2764">
     <span class='ocr_line' id='line_1_43' title="bbox 206 2689 1769 2764; baseline 0.002 -19"><span class='ocrx_word' id='word_1_322' title='bbox 206 2708 283 2745; x_wconf 85' lang='lat' dir='ltr'><strong>una</strong></span> <span class='ocrx_word' id='word_1_323' title='bbox 318 2691 549 2748; x_wconf 89' lang='lat' dir='ltr'><strong>detracta</strong></span> <span class='ocrx_word' id='word_1_324' title='bbox 588 2692 825 2764; x_wconf 81' lang='lat' dir='ltr'><strong>syllaba.</strong></span> <span class='ocrx_word' id='word_1_325' title='bbox 872 2689 1081 2747; x_wconf 82' lang='lat' dir='ltr'><strong>Joanna</strong></span> <span class='ocrx_word' id='word_1_326' title='bbox 1121 2699 1301 2748; x_wconf 90' lang='lat' dir='ltr'><strong>autem</strong></span> <span class='ocrx_word' id='word_1_327' title='bbox 1343 2693 1769 2764; x_wconf 76' lang='lat' dir='ltr'><strong>interpretatur,</strong></span> 
     </span>
    </p>
   </div>
   <div class='ocr_carea' id='block_1_44' title="bbox 205 2783 1769 2856">
    <p class='ocr_par' dir='ltr' id='par_1_44' title="bbox 205 2783 1769 2856">
     <span class='ocr_line' id='line_1_44' title="bbox 205 2783 1769 2856; baseline 0.001 -18"><span class='ocrx_word' id='word_1_328' title='bbox 205 2783 379 2840; x_wconf 70' lang='lat' dir='ltr'><strong>Domini</strong></span> <span class='ocrx_word' id='word_1_329' title='bbox 404 2786 596 2856; x_wconf 83' lang='lat' dir='ltr'><strong>gratia.</strong></span> <span class='ocrx_word' id='word_1_330' title='bbox 647 2784 953 2856; x_wconf 84' lang='lat' dir='ltr'><strong>Utrumque</strong></span> <span class='ocrx_word' id='word_1_331' title='bbox 978 2795 1162 2841; x_wconf 88' lang='lat' dir='ltr'><strong>autem</strong></span> <span class='ocrx_word' id='word_1_332' title='bbox 1203 2799 1401 2841; x_wconf 88' lang='lat' dir='ltr'><strong>nomen</strong></span> <span class='ocrx_word' id='word_1_333' title='bbox 1427 2785 1655 2854; x_wconf 86' lang='lat' dir='ltr'><strong>mystice</strong></span> <span class='ocrx_word' id='word_1_334' title='bbox 1679 2784 1769 2840; x_wconf 87' lang='lat' dir='ltr'><strong>in-</strong></span> 
     </span>
    </p>
   </div>
   <div class='ocr_carea' id='block_1_45' title="bbox 205 2878 1767 2951">
    <p class='ocr_par' dir='ltr' id='par_1_45' title="bbox 205 2878 1767 2951">
     <span class='ocr_line' id='line_1_45' title="bbox 205 2878 1767 2951; baseline 0.001 -18"><span class='ocrx_word' id='word_1_335' title='bbox 205 2878 338 2950; x_wconf 83' lang='lat' dir='ltr'><strong>telligi</strong></span> <span class='ocrx_word' id='word_1_336' title='bbox 375 2887 572 2949; x_wconf 90' lang='lat' dir='ltr'><strong>potest,</strong></span> <span class='ocrx_word' id='word_1_337' title='bbox 606 2878 755 2949; x_wconf 90' lang='lat' dir='ltr'><strong>quod</strong></span> <span class='ocrx_word' id='word_1_338' title='bbox 790 2886 845 2933; x_wconf 90' lang='lat' dir='ltr'><strong>et</strong></span> <span class='ocrx_word' id='word_1_339' title='bbox 870 2879 1148 2947; x_wconf 89' lang='lat' dir='ltr'><strong>columba,</strong></span> <span class='ocrx_word' id='word_1_340' title='bbox 1184 2879 1447 2951; x_wconf 90' lang='lat' dir='ltr'><strong>Spiritum</strong></span> <span class='ocrx_word' id='word_1_341' title='bbox 1479 2889 1767 2946; x_wconf 88' lang='lat' dir='ltr'><strong>sanctum;</strong></span> 
     </span>
    </p>
   </div>
   <div class='ocr_carea' id='block_1_46' title="bbox 206 2971 1771 3044">
    <p class='ocr_par' dir='ltr' id='par_1_46' title="bbox 206 2971 1771 3044">
     <span class='ocr_line' id='line_1_46' title="bbox 206 2971 1771 3044; baseline 0.001 -18"><span class='ocrx_word' id='word_1_342' title='bbox 206 2980 247 3026; x_wconf 84' lang='lat' dir='ltr'><strong>et</strong></span> <span class='ocrx_word' id='word_1_343' title='bbox 260 2971 410 3042; x_wconf 84' lang='lat' dir='ltr'><strong>gratia</strong></span> <span class='ocrx_word' id='word_1_344' title='bbox 435 2972 551 3032; x_wconf 84' lang='lat' dir='ltr'><strong>Dei,</strong></span> <span class='ocrx_word' id='word_1_345' title='bbox 585 2971 797 3026; x_wconf 79' lang='lat' dir='ltr'><strong>donum</strong></span> <span class='ocrx_word' id='word_1_346' title='bbox 830 2971 1104 3042; x_wconf 89' lang='lat' dir='ltr'><strong>signiﬁcet</strong></span> <span class='ocrx_word' id='word_1_347' title='bbox 1132 2971 1440 3043; x_wconf 88' lang='lat' dir='ltr'><strong>spirituale.</strong></span> <span class='ocrx_word' id='word_1_348' title='bbox 1466 2971 1606 3027; x_wconf 81' lang='lat' dir='ltr'><strong>Illud</strong></span> <span class='ocrx_word' id='word_1_349' title='bbox 1636 2986 1771 3044; x_wconf 91' lang='lat' dir='ltr'><strong>quo-</strong></span> 
     </span>
    </p>
   </div>
   <div class='ocr_carea' id='block_1_47' title="bbox 206 3062 1767 3137">
    <p class='ocr_par' dir='ltr' id='par_1_47' title="bbox 206 3062 1767 3137">
     <span class='ocr_line' id='line_1_47' title="bbox 206 3062 1767 3137; baseline 0.004 -24"><span class='ocrx_word' id='word_1_350' title='bbox 206 3079 288 3134; x_wconf 84' lang='lat' dir='ltr'><strong>que</strong></span> <span class='ocrx_word' id='word_1_351' title='bbox 309 3063 441 3135; x_wconf 86' lang='lat' dir='ltr'><strong>quod</strong></span> <span class='ocrx_word' id='word_1_352' title='bbox 464 3062 540 3118; x_wconf 86' lang='lat' dir='ltr'><strong>ait</strong></span> <span class='ocrx_word' id='word_1_353' title='bbox 565 3082 579 3118; x_wconf 93' lang='lat'>:</span> <span class='ocrx_word' id='word_1_354' title='bbox 611 3062 754 3131; x_wconf 81' lang='lat' dir='ltr'><strong>Quia</strong></span> <span class='ocrx_word' id='word_1_355' title='bbox 775 3079 899 3118; x_wconf 89' lang='lat' dir='ltr'><strong>caro</strong></span> <span class='ocrx_word' id='word_1_356' title='bbox 921 3074 971 3117; x_wconf 89' lang='lat' dir='ltr'><strong>et</strong></span> <span class='ocrx_word' id='word_1_357' title='bbox 996 3064 1210 3137; x_wconf 80' lang='lat' dir='ltr'><strong>sanguis</strong></span> <span class='ocrx_word' id='word_1_358' title='bbox 1246 3080 1349 3118; x_wconf 89' lang='lat' dir='ltr'><strong>non</strong></span> <span class='ocrx_word' id='word_1_359' title='bbox 1377 3064 1627 3119; x_wconf 74' lang='lat' dir='ltr'><strong>reuelauit</strong></span> <span class='ocrx_word' id='word_1_360' title='bbox 1652 3062 1767 3134; x_wconf 85' lang='lat' dir='ltr'><strong>tibi,</strong></span> 
     </span>
    </p>
   </div>
   <div class='ocr_carea' id='block_1_48' title="bbox 208 3156 1765 3229">
    <p class='ocr_par' dir='ltr' id='par_1_48' title="bbox 208 3156 1765 3229">
     <span class='ocr_line' id='line_1_48' title="bbox 208 3156 1765 3229; baseline 0.001 -18"><span class='ocrx_word' id='word_1_361' title='bbox 208 3158 491 3228; x_wconf 73' lang='lat' dir='ltr'><strong>Apostolicze</strong></span> <span class='ocrx_word' id='word_1_362' title='bbox 517 3159 831 3215; x_wconf 85' lang='lat' dir='ltr'><strong>narrationi</strong></span> <span class='ocrx_word' id='word_1_363' title='bbox 864 3167 1237 3229; x_wconf 88' lang='lat' dir='ltr'><strong>comparatur,</strong></span> <span class='ocrx_word' id='word_1_364' title='bbox 1266 3161 1321 3213; x_wconf 91' lang='lat' dir='ltr'><strong>in</strong></span> <span class='ocrx_word' id='word_1_365' title='bbox 1351 3174 1453 3229; x_wconf 89' lang='lat' dir='ltr'><strong>qua</strong></span> <span class='ocrx_word' id='word_1_366' title='bbox 1486 3159 1598 3214; x_wconf 89' lang='lat' dir='ltr'><strong>ait:</strong></span> <span class='ocrx_word' id='word_1_367' title='bbox 1629 3156 1765 3215; x_wconf 86' lang='lat' dir='ltr'><strong>Con-</strong></span> 
     </span>
    </p>
   </div>
   <div class='ocr_carea' id='block_1_49' title="bbox 208 3229 1845 3327">
    <p class='ocr_par' dir='ltr' id='par_1_49' title="bbox 208 3229 1845 3327">
     <span class='ocr_line' id='line_1_49' title="bbox 208 3229 1845 3327; baseline 0.005 -25"><span class='ocrx_word' id='word_1_368' title='bbox 208 3251 321 3305; x_wconf 74' lang='lat' dir='ltr'><strong>tinuo</strong></span> <span class='ocrx_word' id='word_1_369' title='bbox 355 3268 451 3306; x_wconf 85' lang='lat' dir='ltr'><strong>non</strong></span> <span class='ocrx_word' id='word_1_370' title='bbox 475 3253 721 3323; x_wconf 77' lang='lat' dir='ltr'><strong>acquievi</strong></span> <span class='ocrx_word' id='word_1_371' title='bbox 766 3252 917 3305; x_wconf 87' lang='lat' dir='ltr'><strong>carni</strong></span> <span class='ocrx_word' id='word_1_372' title='bbox 943 3261 993 3306; x_wconf 89' lang='lat' dir='ltr'><strong>et</strong></span> <span class='ocrx_word' id='word_1_373' title='bbox 1033 3252 1279 3323; x_wconf 81' lang='lat' dir='ltr'><strong>sanguini</strong></span> <span class='ocrx_word' id='word_1_374' title='bbox 1304 3250 1516 3323; x_wconf 82' lang='lat' dir='ltr'><strong>(Galat.</strong></span> <span class='ocrx_word' id='word_1_375' title='bbox 1542 3268 1581 3319; x_wconf 89' lang='grc' dir='ltr'>ι,</span> <span class='ocrx_word' id='word_1_376' title='bbox 1631 3250 1768 3327; x_wconf 85' lang='lat' dir='ltr'><strong>l6),</strong></span> <span class='ocrx_word' id='word_1_377' title='bbox 1798 3229 1845 3294; x_wconf 78' lang='lat' dir='ltr'><strong>C</strong></span> 
     </span>
    </p>
   </div>
   <div class='ocr_carea' id='block_1_50' title="bbox 208 3342 1772 3415">
    <p class='ocr_par' dir='ltr' id='par_1_50' title="bbox 208 3342 1772 3415">
     <span class='ocr_line' id='line_1_50' title="bbox 208 3342 1772 3415; baseline 0.001 -17"><span class='ocrx_word' id='word_1_378' title='bbox 208 3358 388 3399; x_wconf 80' lang='lat' dir='ltr'><strong>carnem</strong></span> <span class='ocrx_word' id='word_1_379' title='bbox 420 3345 487 3400; x_wconf 90' lang='lat' dir='ltr'><strong>ibi</strong></span> <span class='ocrx_word' id='word_1_380' title='bbox 511 3353 573 3401; x_wconf 87' lang='lat' dir='ltr'><strong>et</strong></span> <span class='ocrx_word' id='word_1_381' title='bbox 599 3345 949 3415; x_wconf 87' lang='lat' dir='ltr'><strong>sanguinem,</strong></span> <span class='ocrx_word' id='word_1_382' title='bbox 979 3342 1200 3399; x_wconf 63' lang='lat' dir='ltr'><strong>Judaros</strong></span> <span class='ocrx_word' id='word_1_383' title='bbox 1227 3344 1570 3414; x_wconf 87' lang='lat' dir='ltr'><strong>signiﬁcans,</strong></span> <span class='ocrx_word' id='word_1_384' title='bbox 1599 3351 1658 3398; x_wconf 90' lang='lat' dir='ltr'><strong>ut</strong></span> <span class='ocrx_word' id='word_1_385' title='bbox 1684 3343 1772 3399; x_wconf 88' lang='lat' dir='ltr'><strong>hic</strong></span> 
     </span>
    </p>
   </div>
   <div class='ocr_carea' id='block_1_51' title="bbox 208 3435 1770 3509">
    <p class='ocr_par' dir='ltr' id='par_1_51' title="bbox 208 3435 1770 3509">
     <span class='ocr_line' id='line_1_51' title="bbox 208 3435 1770 3509; baseline 0.001 -19"><span class='ocrx_word' id='word_1_386' title='bbox 208 3450 383 3507; x_wconf 83' lang='lat' dir='ltr'><strong>quoque</strong></span> <span class='ocrx_word' id='word_1_387' title='bbox 423 3436 525 3492; x_wconf 87' lang='lat' dir='ltr'><strong>sub</strong></span> <span class='ocrx_word' id='word_1_388' title='bbox 565 3436 683 3491; x_wconf 87' lang='lat' dir='ltr'><strong>alio</strong></span> <span class='ocrx_word' id='word_1_389' title='bbox 724 3451 889 3492; x_wconf 81' lang='lat' dir='ltr'><strong>sensu</strong></span> <span class='ocrx_word' id='word_1_390' title='bbox 917 3435 1348 3503; x_wconf 89' lang='lat' dir='ltr'><strong>demonstretur,</strong></span> <span class='ocrx_word' id='word_1_391' title='bbox 1396 3437 1543 3509; x_wconf 89' lang='lat' dir='ltr'><strong>quod</strong></span> <span class='ocrx_word' id='word_1_392' title='bbox 1573 3437 1622 3492; x_wconf 90' lang='lat' dir='ltr'><strong>ei</strong></span> <span class='ocrx_word' id='word_1_393' title='bbox 1663 3451 1770 3492; x_wconf 91' lang='lat' dir='ltr'><strong>non</strong></span> 
     </span>
    </p>
   </div>
   <div class='ocr_carea' id='block_1_52' title="bbox 210 3527 1773 3601">
    <p class='ocr_par' dir='ltr' id='par_1_52' title="bbox 210 3527 1773 3601">
     <span class='ocr_line' id='line_1_52' title="bbox 210 3527 1773 3601; baseline 0.001 -17"><span class='ocrx_word' id='word_1_394' title='bbox 210 3540 284 3596; x_wconf 80' lang='lat' dir='ltr'><strong>per</strong></span> <span class='ocrx_word' id='word_1_395' title='bbox 319 3527 614 3584; x_wconf 84' lang='lat' dir='ltr'><strong>doctrinam</strong></span> <span class='ocrx_word' id='word_1_396' title='bbox 662 3527 1086 3595; x_wconf 59' lang='lat' dir='ltr'><strong>Pharisaeorum,</strong></span> <span class='ocrx_word' id='word_1_397' title='bbox 1135 3527 1235 3585; x_wconf 86' lang='lat' dir='ltr'><strong>sed</strong></span> <span class='ocrx_word' id='word_1_398' title='bbox 1270 3543 1369 3601; x_wconf 89' lang='lat' dir='ltr'><strong>per</strong></span> <span class='ocrx_word' id='word_1_399' title='bbox 1398 3527 1499 3585; x_wconf 85' lang='lat' dir='ltr'><strong>Dei</strong></span> <span class='ocrx_word' id='word_1_400' title='bbox 1540 3529 1773 3601; x_wconf 85' lang='lat' dir='ltr'><strong>gratiam</strong></span> 
     </span>
    </p>
   </div>
   <div class='ocr_carea' id='block_1_53' title="bbox 216 3617 1172 3678">
    <p class='ocr_par' dir='ltr' id='par_1_53' title="bbox 216 3617 1172 3678">
     <span class='ocr_line' id='line_1_53' title="bbox 216 3617 1172 3678; baseline 0.002 -3"><span class='ocrx_word' id='word_1_401' title='bbox 216 3617 423 3677; x_wconf 84' lang='lat' dir='ltr'><strong>Christus</strong></span> <span class='ocrx_word' id='word_1_402' title='bbox 446 3622 543 3678; x_wconf 84' lang='lat' dir='ltr'><strong>Dei</strong></span> <span class='ocrx_word' id='word_1_403' title='bbox 572 3621 753 3678; x_wconf 79' lang='lat' dir='ltr'><strong>Filius</strong></span> <span class='ocrx_word' id='word_1_404' title='bbox 782 3622 1056 3677; x_wconf 83' lang='lat' dir='ltr'><strong>revelatus</strong></span> <span class='ocrx_word' id='word_1_405' title='bbox 1082 3623 1172 3677; x_wconf 87' lang='lat' dir='ltr'><strong>sit.</strong></span> 
     </span>
    </p>
   </div>
   <div class='ocr_carea' id='block_1_54' title="bbox 268 3711 1769 3787">
    <p class='ocr_par' dir='ltr' id='par_1_54' title="bbox 268 3711 1769 3787">
     <span class='ocr_line' id='line_1_54' title="bbox 268 3711 1769 3787; baseline 0.005 -21"><span class='ocrx_word' id='word_1_406' title='bbox 268 3711 602 3787; x_wconf 69' lang='lat' dir='ltr'><strong>(Vera.18.)</strong></span> <span class='ocrx_word' id='word_1_407' title='bbox 643 3712 713 3767; x_wconf 86' lang='lat' dir='ltr'><strong>Et</strong></span> <span class='ocrx_word' id='word_1_408' title='bbox 736 3730 832 3786; x_wconf 88' lang='lat' dir='ltr'><strong>ego</strong></span> <span class='ocrx_word' id='word_1_409' title='bbox 853 3714 969 3768; x_wconf 87' lang='lat' dir='ltr'><strong>dico</strong></span> <span class='ocrx_word' id='word_1_410' title='bbox 1010 3715 1121 3771; x_wconf 85' lang='lat' dir='ltr'><strong>tibi.</strong></span> <span class='ocrx_word' id='word_1_411' title='bbox 1177 3715 1319 3784; x_wconf 84' lang='lat' dir='ltr'><strong>Quid</strong></span> <span class='ocrx_word' id='word_1_412' title='bbox 1350 3716 1607 3787; x_wconf 82' lang='lat' dir='ltr'><strong>estquod</strong></span> <span class='ocrx_word' id='word_1_413' title='bbox 1648 3718 1769 3773; x_wconf 88' lang='lat' dir='ltr'><strong>ait:</strong></span> 
     </span>
    </p>
   </div>
   <div class='ocr_carea' id='block_1_55' title="bbox 214 3802 1773 3877">
    <p class='ocr_par' dir='ltr' id='par_1_55' title="bbox 214 3802 1773 3877">
     <span class='ocr_line' id='line_1_55' title="bbox 214 3802 1773 3877; baseline 0.004 -19"><span class='ocrx_word' id='word_1_414' title='bbox 214 3802 267 3858; x_wconf 77' lang='lat' dir='ltr'><strong>Et</strong></span> <span class='ocrx_word' id='word_1_415' title='bbox 285 3821 364 3877; x_wconf 82' lang='lat' dir='ltr'><strong>ego</strong></span> <span class='ocrx_word' id='word_1_416' title='bbox 381 3809 490 3864; x_wconf 84' lang='lat' dir='ltr'><strong>dico</strong></span> <span class='ocrx_word' id='word_1_417' title='bbox 513 3807 613 3863; x_wconf 71' lang='lat' dir='ltr'><strong>tibi</strong></span> <span class='ocrx_word' id='word_1_418' title='bbox 628 3808 655 3862; x_wconf 66' lang='grc'>2</span> <span class='ocrx_word' id='word_1_419' title='bbox 679 3806 817 3876; x_wconf 87' lang='lat' dir='ltr'><strong>Quia</strong></span> <span class='ocrx_word' id='word_1_420' title='bbox 851 3819 907 3862; x_wconf 88' lang='lat' dir='ltr'><strong>tu</strong></span> <span class='ocrx_word' id='word_1_421' title='bbox 940 3807 1074 3863; x_wconf 90' lang='lat' dir='ltr'><strong>mihi</strong></span> <span class='ocrx_word' id='word_1_422' title='bbox 1098 3808 1289 3864; x_wconf 77' lang='lat' dir='ltr'><strong>dixisti</strong></span> <span class='ocrx_word' id='word_1_423' title='bbox 1318 3826 1332 3864; x_wconf 75' lang='grc' dir='ltr'>ε</span> <span class='ocrx_word' id='word_1_424' title='bbox 1360 3807 1441 3864; x_wconf 82' lang='lat' dir='ltr'><strong>Tu</strong></span> <span class='ocrx_word' id='word_1_425' title='bbox 1462 3825 1515 3864; x_wconf 87' lang='lat' dir='ltr'><strong>es</strong></span> <span class='ocrx_word' id='word_1_426' title='bbox 1535 3808 1773 3865; x_wconf 84' lang='lat' dir='ltr'><strong>Christus</strong></span> 
     </span>
    </p>
   </div>
   <div class='ocr_carea' id='block_1_56' title="bbox 216 3894 1770 3975">
    <p class='ocr_par' dir='ltr' id='par_1_56' title="bbox 216 3894 1770 3975">
     <span class='ocr_line' id='line_1_56' title="bbox 216 3894 1770 3975; baseline 0.006 -27"><span class='ocrx_word' id='word_1_427' title='bbox 216 3894 354 3954; x_wconf 75' lang='lat' dir='ltr'><strong>Filias</strong></span> <span class='ocrx_word' id='word_1_428' title='bbox 380 3899 470 3956; x_wconf 89' lang='lat' dir='ltr'><strong>Dei</strong></span> <span class='ocrx_word' id='word_1_429' title='bbox 495 3901 596 3956; x_wconf 72' lang='lat' dir='ltr'><strong>eiei</strong></span> <span class='ocrx_word' id='word_1_430' title='bbox 628 3917 651 3956; x_wconf 88' lang='lat'><strong><em>:</em></strong></span> <span class='ocrx_word' id='word_1_431' title='bbox 673 3908 723 3956; x_wconf 86' lang='lat' dir='ltr'><strong>et</strong></span> <span class='ocrx_word' id='word_1_432' title='bbox 744 3917 838 3975; x_wconf 84' lang='lat' dir='ltr'><strong>ego</strong></span> <span class='ocrx_word' id='word_1_433' title='bbox 864 3900 982 3955; x_wconf 85' lang='lat' dir='ltr'><strong>dico</strong></span> <span class='ocrx_word' id='word_1_434' title='bbox 1026 3902 1136 3968; x_wconf 85' lang='lat' dir='ltr'><strong>tibi,</strong></span> <span class='ocrx_word' id='word_1_435' title='bbox 1171 3917 1276 3957; x_wconf 92' lang='lat' dir='ltr'><strong>non</strong></span> <span class='ocrx_word' id='word_1_436' title='bbox 1304 3916 1559 3958; x_wconf 89' lang='lat' dir='ltr'><strong>sermone</strong></span> <span class='ocrx_word' id='word_1_437' title='bbox 1587 3917 1770 3970; x_wconf 86' lang='lat' dir='ltr'><strong>casso,</strong></span> 
     </span>
    </p>
   </div>
   <div class='ocr_carea' id='block_1_57' title="bbox 214 3994 1769 4066">
    <p class='ocr_par' dir='ltr' id='par_1_57' title="bbox 214 3994 1769 4066">
     <span class='ocr_line' id='line_1_57' title="bbox 214 3994 1769 4066; baseline 0.003 -19"><span class='ocrx_word' id='word_1_438' title='bbox 214 3998 256 4047; x_wconf 87' lang='lat' dir='ltr'><strong>et</strong></span> <span class='ocrx_word' id='word_1_439' title='bbox 289 3994 472 4058; x_wconf 86' lang='lat' dir='ltr'><strong>nullum</strong></span> <span class='ocrx_word' id='word_1_440' title='bbox 500 3994 749 4051; x_wconf 81' lang='lat' dir='ltr'><strong>habente</strong></span> <span class='ocrx_word' id='word_1_441' title='bbox 778 4010 939 4066; x_wconf 73' lang='lat' dir='ltr'><strong>opus,</strong></span> <span class='ocrx_word' id='word_1_442' title='bbox 978 3994 1074 4050; x_wconf 88' lang='lat' dir='ltr'><strong>sed</strong></span> <span class='ocrx_word' id='word_1_443' title='bbox 1110 3995 1233 4049; x_wconf 89' lang='lat' dir='ltr'><strong>dico</strong></span> <span class='ocrx_word' id='word_1_444' title='bbox 1259 3994 1357 4050; x_wconf 87' lang='lat' dir='ltr'><strong>tibi</strong></span> <span class='ocrx_word' id='word_1_445' title='bbox 1386 4014 1398 4049; x_wconf 86' lang='lat'><strong>:</strong></span> <span class='ocrx_word' id='word_1_446' title='bbox 1429 3995 1553 4066; x_wconf 83' lang='lat' dir='ltr'><strong>quia</strong></span> <span class='ocrx_word' id='word_1_447' title='bbox 1587 4009 1769 4052; x_wconf 90' lang='lat' dir='ltr'><strong>meum</strong></span> 
     </span>
    </p>
   </div>
   <div class='ocr_carea' id='block_1_58' title="bbox 214 4081 743 4154">
    <p class='ocr_par' dir='ltr' id='par_1_58' title="bbox 214 4081 743 4154">
     <span class='ocr_line' id='line_1_58' title="bbox 214 4081 743 4154; baseline 0.008 -18"><span class='ocrx_word' id='word_1_448' title='bbox 214 4081 397 4154; x_wconf 78' lang='lat' dir='ltr'><strong>dixisse,</strong></span> <span class='ocrx_word' id='word_1_449' title='bbox 414 4086 613 4145; x_wconf 79' lang='lat' dir='ltr'><strong>iecisse</strong></span> <span class='ocrx_word' id='word_1_450' title='bbox 637 4095 743 4143; x_wconf 87' lang='lat' dir='ltr'><strong>est.</strong></span> 
     </span>
    </p>
   </div>
   <div class='ocr_carea' id='block_1_59' title="bbox 269 4176 1773 4253">
    <p class='ocr_par' dir='ltr' id='par_1_59' title="bbox 269 4176 1773 4253">
     <span class='ocr_line' id='line_1_59' title="bbox 269 4176 1773 4253; baseline 0.003 -20"><span class='ocrx_word' id='word_1_451' title='bbox 269 4176 388 4244; x_wconf 76' lang='lat' dir='ltr'><strong>Quia</strong></span> <span class='ocrx_word' id='word_1_452' title='bbox 412 4190 464 4234; x_wconf 82' lang='lat' dir='ltr'><strong>tu</strong></span> <span class='ocrx_word' id='word_1_453' title='bbox 489 4195 545 4235; x_wconf 88' lang='lat' dir='ltr'><strong>es</strong></span> <span class='ocrx_word' id='word_1_454' title='bbox 588 4179 806 4248; x_wconf 78' lang='lat' dir='ltr'><strong>Petrus,</strong></span> <span class='ocrx_word' id='word_1_455' title='bbox 851 4188 899 4235; x_wconf 85' lang='lat' dir='ltr'><strong>et</strong></span> <span class='ocrx_word' id='word_1_456' title='bbox 934 4195 1089 4253; x_wconf 80' lang='lat' dir='ltr'><strong>super</strong></span> <span class='ocrx_word' id='word_1_457' title='bbox 1114 4180 1251 4235; x_wconf 84' lang='lat' dir='ltr'><strong>hanc</strong></span> <span class='ocrx_word' id='word_1_458' title='bbox 1284 4190 1483 4249; x_wconf 80' lang='lat' dir='ltr'><strong>petram</strong></span> <span class='ocrx_word' id='word_1_459' title='bbox 1505 4180 1773 4252; x_wconf 70' lang='lat' dir='ltr'><strong>adiﬁcabo</strong></span> 
     </span>
    </p>
   </div>
   <div class='ocr_carea' id='block_1_60' title="bbox 213 4268 1770 4347">
    <p class='ocr_par' dir='ltr' id='par_1_60' title="bbox 213 4268 1770 4347">
     <span class='ocr_line' id='line_1_60' title="bbox 213 4268 1770 4347; baseline 0.004 -23"><span class='ocrx_word' id='word_1_460' title='bbox 213 4268 456 4330; x_wconf 78' lang='lat' dir='ltr'><strong>Ecclesium</strong></span> <span class='ocrx_word' id='word_1_461' title='bbox 475 4292 673 4330; x_wconf 82' lang='lat' dir='ltr'><strong>meam.</strong></span> <span class='ocrx_word' id='word_1_462' title='bbox 699 4274 856 4332; x_wconf 83' lang='lat' dir='ltr'><strong>Sicut</strong></span> <span class='ocrx_word' id='word_1_463' title='bbox 874 4275 991 4347; x_wconf 84' lang='lat' dir='ltr'><strong>ipse</strong></span> <span class='ocrx_word' id='word_1_464' title='bbox 1015 4275 1198 4331; x_wconf 89' lang='lat' dir='ltr'><strong>lumen</strong></span> <span class='ocrx_word' id='word_1_465' title='bbox 1224 4275 1488 4347; x_wconf 87' lang='lat' dir='ltr'><strong>apostolis</strong></span> <span class='ocrx_word' id='word_1_466' title='bbox 1525 4275 1770 4344; x_wconf 89' lang='lat' dir='ltr'><strong>donavit,</strong></span> 
     </span>
    </p>
   </div>
   <div class='ocr_carea' id='block_1_61' title="bbox 215 4366 1775 4443">
    <p class='ocr_par' dir='ltr' id='par_1_61' title="bbox 215 4366 1775 4443">
     <span class='ocr_line' id='line_1_61' title="bbox 215 4366 1775 4443; baseline 0.006 -24"><span class='ocrx_word' id='word_1_467' title='bbox 215 4375 261 4419; x_wconf 89' lang='lat' dir='ltr'><strong>ut</strong></span> <span class='ocrx_word' id='word_1_468' title='bbox 290 4366 452 4426; x_wconf 89' lang='lat' dir='ltr'><strong>lumen</strong></span> <span class='ocrx_word' id='word_1_469' title='bbox 487 4370 681 4428; x_wconf 91' lang='lat' dir='ltr'><strong>mundi</strong></span> <span class='ocrx_word' id='word_1_470' title='bbox 728 4371 1162 4442; x_wconf 86' lang='lat' dir='ltr'><strong>appellarentur,</strong></span> <span class='ocrx_word' id='word_1_471' title='bbox 1212 4384 1522 4443; x_wconf 66' lang='lat' dir='ltr'><strong>carteraque</strong></span> <span class='ocrx_word' id='word_1_472' title='bbox 1554 4388 1622 4428; x_wconf 79' lang='lat' dir='ltr'><strong>ex</strong></span> <span class='ocrx_word' id='word_1_473' title='bbox 1670 4373 1775 4429; x_wconf 84' lang='lat' dir='ltr'><strong>Do-</strong></span> 
     </span>
    </p>
   </div>
   <div class='ocr_carea' id='block_1_62' title="bbox 215 4461 1777 4538">
    <p class='ocr_par' dir='ltr' id='par_1_62' title="bbox 215 4461 1777 4538">
     <span class='ocr_line' id='line_1_62' title="bbox 215 4461 1777 4538; baseline 0.008 -25"><span class='ocrx_word' id='word_1_474' title='bbox 215 4461 336 4517; x_wconf 84' lang='lat' dir='ltr'><strong>mino</strong></span> <span class='ocrx_word' id='word_1_475' title='bbox 359 4466 529 4522; x_wconf 88' lang='lat' dir='ltr'><strong>sortiti</strong></span> <span class='ocrx_word' id='word_1_476' title='bbox 563 4472 700 4521; x_wconf 90' lang='lat' dir='ltr'><strong>sunt</strong></span> <span class='ocrx_word' id='word_1_477' title='bbox 731 4465 994 4521; x_wconf 84' lang='lat' dir='ltr'><strong>vocabula</strong></span> <span class='ocrx_word' id='word_1_478' title='bbox 1028 4484 1042 4523; x_wconf 88' lang='lat'><strong>;</strong></span> <span class='ocrx_word' id='word_1_479' title='bbox 1074 4467 1150 4521; x_wconf 90' lang='lat' dir='ltr'><strong>ita</strong></span> <span class='ocrx_word' id='word_1_480' title='bbox 1182 4473 1239 4523; x_wconf 88' lang='lat' dir='ltr'><strong>et</strong></span> <span class='ocrx_word' id='word_1_481' title='bbox 1263 4465 1497 4535; x_wconf 82' lang='lat' dir='ltr'><strong>Simoni,</strong></span> <span class='ocrx_word' id='word_1_482' title='bbox 1528 4468 1620 4538; x_wconf 87' lang='lat' dir='ltr'><strong>qui</strong></span> <span class='ocrx_word' id='word_1_483' title='bbox 1654 4482 1777 4525; x_wconf 88' lang='lat' dir='ltr'><strong>cre-</strong></span> 
     </span>
    </p>
   </div>
   <div class='ocr_carea' id='block_1_63' title="bbox 214 4551 1771 4632">
    <p class='ocr_par' dir='ltr' id='par_1_63' title="bbox 214 4551 1771 4632">
     <span class='ocr_line' id='line_1_63' title="bbox 214 4551 1771 4632; baseline 0.004 -23"><span class='ocrx_word' id='word_1_484' title='bbox 214 4551 347 4613; x_wconf 82' lang='lat' dir='ltr'><strong>debat</strong></span> <span class='ocrx_word' id='word_1_485' title='bbox 366 4557 416 4615; x_wconf 90' lang='lat' dir='ltr'><strong>in</strong></span> <span class='ocrx_word' id='word_1_486' title='bbox 443 4567 656 4632; x_wconf 81' lang='lat' dir='ltr'><strong>petram</strong></span> <span class='ocrx_word' id='word_1_487' title='bbox 678 4558 981 4629; x_wconf 83' lang='lat' dir='ltr'><strong>Christum,</strong></span> <span class='ocrx_word' id='word_1_488' title='bbox 1013 4558 1162 4619; x_wconf 86' lang='lat' dir='ltr'><strong>Petri</strong></span> <span class='ocrx_word' id='word_1_489' title='bbox 1191 4561 1420 4631; x_wconf 81' lang='lat' dir='ltr'><strong>largitus</strong></span> <span class='ocrx_word' id='word_1_490' title='bbox 1437 4571 1523 4615; x_wconf 89' lang='lat' dir='ltr'><strong>est</strong></span> <span class='ocrx_word' id='word_1_491' title='bbox 1551 4575 1771 4617; x_wconf 87' lang='lat' dir='ltr'><strong>nomen.</strong></span> 
     </span>
    </p>
   </div>
   <div class='ocr_carea' id='block_1_64' title="bbox 1879 1946 3476 2017">
    <p class='ocr_par' dir='ltr' id='par_1_64' title="bbox 1879 1946 3476 2017">
     <span class='ocr_line' id='line_1_64' title="bbox 1879 1946 3476 2017; baseline 0.002 -17"><span class='ocrx_word' id='word_1_492' title='bbox 1879 1947 2085 2017; x_wconf 87' lang='lat' dir='ltr'><strong>lepram</strong></span> <span class='ocrx_word' id='word_1_493' title='bbox 2113 1946 2429 2013; x_wconf 87' lang='lat' dir='ltr'><strong>habuerint,</strong></span> <span class='ocrx_word' id='word_1_494' title='bbox 2465 1956 2593 2002; x_wconf 88' lang='lat' dir='ltr'><strong>tunc</strong></span> <span class='ocrx_word' id='word_1_495' title='bbox 2623 1960 2652 2000; x_wconf 90' lang='lat' dir='ltr'><strong>a</strong></span> <span class='ocrx_word' id='word_1_496' title='bbox 2693 1946 2982 2003; x_wconf 89' lang='lat' dir='ltr'><strong>sacerdote</strong></span> <span class='ocrx_word' id='word_1_497' title='bbox 3010 1947 3279 2003; x_wconf 90' lang='lat' dir='ltr'><strong>immundi</strong></span> <span class='ocrx_word' id='word_1_498' title='bbox 3308 1950 3476 2003; x_wconf 86' lang='lat' dir='ltr'><strong>ﬁant:</strong></span> 
     </span>
    </p>
   </div>
   <div class='ocr_carea' id='block_1_65' title="bbox 1875 2037 3469 2111">
    <p class='ocr_par' dir='ltr' id='par_1_65' title="bbox 1875 2037 3469 2111">
     <span class='ocr_line' id='line_1_65' title="bbox 1875 2037 3469 2111; baseline 0.001 -16"><span class='ocrx_word' id='word_1_499' title='bbox 1875 2055 1985 2095; x_wconf 91' lang='lat' dir='ltr'><strong>non</strong></span> <span class='ocrx_word' id='word_1_500' title='bbox 2014 2055 2122 2111; x_wconf 91' lang='lat' dir='ltr'><strong>quo</strong></span> <span class='ocrx_word' id='word_1_501' title='bbox 2154 2037 2471 2095; x_wconf 89' lang='lat' dir='ltr'><strong>sacerdotes</strong></span> <span class='ocrx_word' id='word_1_502' title='bbox 2500 2040 2750 2111; x_wconf 88' lang='lat' dir='ltr'><strong>leprosos</strong></span> <span class='ocrx_word' id='word_1_503' title='bbox 2783 2038 2989 2095; x_wconf 82' lang='lat' dir='ltr'><strong>faciant</strong></span> <span class='ocrx_word' id='word_1_504' title='bbox 3027 2049 3085 2096; x_wconf 87' lang='lat' dir='ltr'><strong>et</strong></span> <span class='ocrx_word' id='word_1_505' title='bbox 3123 2040 3469 2107; x_wconf 83' lang='lat' dir='ltr'><strong>immundos;</strong></span> 
     </span>
    </p>
   </div>
   <div class='ocr_carea' id='block_1_66' title="bbox 1875 2132 3471 2206">
    <p class='ocr_par' dir='ltr' id='par_1_66' title="bbox 1875 2132 3471 2206">
     <span class='ocr_line' id='line_1_66' title="bbox 1875 2132 3471 2206; baseline 0 -17"><span class='ocrx_word' id='word_1_506' title='bbox 1875 2133 1971 2189; x_wconf 89' lang='lat' dir='ltr'><strong>sed</strong></span> <span class='ocrx_word' id='word_1_507' title='bbox 2001 2149 2110 2205; x_wconf 91' lang='lat' dir='ltr'><strong>quo</strong></span> <span class='ocrx_word' id='word_1_508' title='bbox 2139 2133 2377 2189; x_wconf 86' lang='lat' dir='ltr'><strong>habeant</strong></span> <span class='ocrx_word' id='word_1_509' title='bbox 2415 2133 2662 2189; x_wconf 88' lang='lat' dir='ltr'><strong>notitiam</strong></span> <span class='ocrx_word' id='word_1_510' title='bbox 2708 2132 2935 2204; x_wconf 88' lang='lat' dir='ltr'><strong>leprosi,</strong></span> <span class='ocrx_word' id='word_1_511' title='bbox 2983 2142 3041 2189; x_wconf 87' lang='lat' dir='ltr'><strong>et</strong></span> <span class='ocrx_word' id='word_1_512' title='bbox 3079 2150 3187 2189; x_wconf 91' lang='lat' dir='ltr'><strong>non</strong></span> <span class='ocrx_word' id='word_1_513' title='bbox 3229 2135 3471 2206; x_wconf 84' lang='lat' dir='ltr'><strong>leprosi,</strong></span> 
     </span>
    </p>
   </div>
   <div class='ocr_carea' id='block_1_67' title="bbox 1875 2225 3474 2299">
    <p class='ocr_par' dir='ltr' id='par_1_67' title="bbox 1875 2225 3474 2299">
     <span class='ocr_line' id='line_1_67' title="bbox 1875 2225 3474 2299; baseline 0.001 -16"><span class='ocrx_word' id='word_1_514' title='bbox 1875 2236 1929 2283; x_wconf 92' lang='lat' dir='ltr'><strong>et</strong></span> <span class='ocrx_word' id='word_1_515' title='bbox 1960 2228 2169 2299; x_wconf 89' lang='lat' dir='ltr'><strong>possint</strong></span> <span class='ocrx_word' id='word_1_516' title='bbox 2206 2225 2526 2283; x_wconf 88' lang='lat' dir='ltr'><strong>discernere</strong></span> <span class='ocrx_word' id='word_1_517' title='bbox 2556 2231 2646 2299; x_wconf 88' lang='lat' dir='ltr'><strong>qui</strong></span> <span class='ocrx_word' id='word_1_518' title='bbox 2682 2227 2937 2297; x_wconf 88' lang='lat' dir='ltr'><strong>mundus,</strong></span> <span class='ocrx_word' id='word_1_519' title='bbox 2968 2228 3132 2299; x_wconf 84' lang='lat' dir='ltr'><strong>quive</strong></span> <span class='ocrx_word' id='word_1_520' title='bbox 3154 2228 3474 2285; x_wconf 87' lang='lat' dir='ltr'><strong>immundus</strong></span> 
     </span>
    </p>
   </div>
   <div class='ocr_carea' id='block_1_68' title="bbox 1874 2319 3471 2393">
    <p class='ocr_par' dir='ltr' id='par_1_68' title="bbox 1874 2319 3471 2393">
     <span class='ocr_line' id='line_1_68' title="bbox 1874 2319 3471 2393; baseline 0.001 -17"><span class='ocrx_word' id='word_1_521' title='bbox 1874 2320 1965 2376; x_wconf 86' lang='lat' dir='ltr'><strong>sit.</strong></span> <span class='ocrx_word' id='word_1_522' title='bbox 1997 2319 2280 2390; x_wconf 90' lang='lat' dir='ltr'><strong>Quomodo</strong></span> <span class='ocrx_word' id='word_1_523' title='bbox 2308 2336 2441 2391; x_wconf 88' lang='lat' dir='ltr'><strong>ergo</strong></span> <span class='ocrx_word' id='word_1_524' title='bbox 2488 2320 2562 2376; x_wconf 90' lang='lat' dir='ltr'><strong>ibi</strong></span> <span class='ocrx_word' id='word_1_525' title='bbox 2609 2321 2888 2393; x_wconf 88' lang='lat' dir='ltr'><strong>leprosum</strong></span> <span class='ocrx_word' id='word_1_526' title='bbox 2917 2323 3177 2378; x_wconf 89' lang='lat' dir='ltr'><strong>sacerdos</strong></span> <span class='ocrx_word' id='word_1_527' title='bbox 3207 2324 3471 2379; x_wconf 91' lang='lat' dir='ltr'><strong>mundum</strong></span> 
     </span>
    </p>
   </div>
   <div class='ocr_carea' id='block_1_69' title="bbox 1873 2415 3471 2489">
    <p class='ocr_par' dir='ltr' id='par_1_69' title="bbox 1873 2415 3471 2489">
     <span class='ocr_line' id='line_1_69' title="bbox 1873 2415 3471 2489; baseline 0.001 -19"><span class='ocrx_word' id='word_1_528' title='bbox 1873 2416 1959 2470; x_wconf 87' lang='lat' dir='ltr'><strong>vel</strong></span> <span class='ocrx_word' id='word_1_529' title='bbox 2003 2415 2342 2471; x_wconf 90' lang='lat' dir='ltr'><strong>immundum</strong></span> <span class='ocrx_word' id='word_1_530' title='bbox 2394 2415 2518 2472; x_wconf 81' lang='lat' dir='ltr'><strong>facit</strong></span> <span class='ocrx_word' id='word_1_531' title='bbox 2551 2433 2563 2470; x_wconf 89' lang='lat'>:</span> <span class='ocrx_word' id='word_1_532' title='bbox 2593 2416 2673 2471; x_wconf 89' lang='lat' dir='ltr'><strong>sic</strong></span> <span class='ocrx_word' id='word_1_533' title='bbox 2722 2425 2778 2471; x_wconf 91' lang='lat' dir='ltr'><strong>et</strong></span> <span class='ocrx_word' id='word_1_534' title='bbox 2824 2415 2914 2471; x_wconf 90' lang='lat' dir='ltr'><strong>hic</strong></span> <span class='ocrx_word' id='word_1_535' title='bbox 2941 2416 3147 2489; x_wconf 77' lang='lat' dir='ltr'><strong>alligat,</strong></span> <span class='ocrx_word' id='word_1_536' title='bbox 3181 2418 3267 2473; x_wconf 89' lang='lat' dir='ltr'><strong>vel</strong></span> <span class='ocrx_word' id='word_1_537' title='bbox 3307 2417 3471 2471; x_wconf 89' lang='lat' dir='ltr'><strong>solvit</strong></span> 
     </span>
    </p>
   </div>
   <div class='ocr_carea' id='block_1_70' title="bbox 1874 2509 3472 2582">
    <p class='ocr_par' dir='ltr' id='par_1_70' title="bbox 1874 2509 3472 2582">
     <span class='ocr_line' id='line_1_70' title="bbox 1874 2509 3472 2582; baseline 0.001 -18"><span class='ocrx_word' id='word_1_538' title='bbox 1874 2509 2162 2580; x_wconf 85' lang='lat' dir='ltr'><strong>episc0pns</strong></span> <span class='ocrx_word' id='word_1_539' title='bbox 2190 2519 2247 2566; x_wconf 91' lang='lat' dir='ltr'><strong>et</strong></span> <span class='ocrx_word' id='word_1_540' title='bbox 2282 2509 2590 2581; x_wconf 87' lang='lat' dir='ltr'><strong>presbyter,</strong></span> <span class='ocrx_word' id='word_1_541' title='bbox 2641 2523 2751 2565; x_wconf 90' lang='lat' dir='ltr'><strong>non</strong></span> <span class='ocrx_word' id='word_1_542' title='bbox 2783 2525 2878 2566; x_wconf 89' lang='lat' dir='ltr'><strong>eos</strong></span> <span class='ocrx_word' id='word_1_543' title='bbox 2910 2511 3003 2582; x_wconf 90' lang='lat' dir='ltr'><strong>qui</strong></span> <span class='ocrx_word' id='word_1_544' title='bbox 3044 2511 3287 2568; x_wconf 86' lang='lat' dir='ltr'><strong>insontes</strong></span> <span class='ocrx_word' id='word_1_545' title='bbox 3322 2523 3472 2579; x_wconf 87' lang='lat' dir='ltr'><strong>sunt,</strong></span> 
     </span>
    </p>
   </div>
   <div class='ocr_carea' id='block_1_71' title="bbox 1874 2600 3475 2674">
    <p class='ocr_par' dir='ltr' id='par_1_71' title="bbox 1874 2600 3475 2674">
     <span class='ocr_line' id='line_1_71' title="bbox 1874 2600 3475 2674; baseline 0.002 -18"><span class='ocrx_word' id='word_1_546' title='bbox 1874 2602 1961 2657; x_wconf 91' lang='lat' dir='ltr'><strong>vel</strong></span> <span class='ocrx_word' id='word_1_547' title='bbox 1994 2601 2168 2668; x_wconf 79' lang='lat' dir='ltr'><strong>noxii;</strong></span> <span class='ocrx_word' id='word_1_548' title='bbox 2197 2600 2294 2658; x_wconf 89' lang='lat' dir='ltr'><strong>sed</strong></span> <span class='ocrx_word' id='word_1_549' title='bbox 2324 2617 2424 2674; x_wconf 88' lang='lat' dir='ltr'><strong>pro</strong></span> <span class='ocrx_word' id='word_1_550' title='bbox 2450 2601 2636 2657; x_wconf 79' lang='lat' dir='ltr'><strong>ofﬁcio</strong></span> <span class='ocrx_word' id='word_1_551' title='bbox 2663 2616 2785 2668; x_wconf 91' lang='lat' dir='ltr'><strong>suo,</strong></span> <span class='ocrx_word' id='word_1_552' title='bbox 2828 2619 2949 2658; x_wconf 92' lang='lat' dir='ltr'><strong>cum</strong></span> <span class='ocrx_word' id='word_1_553' title='bbox 2993 2613 3342 2674; x_wconf 87' lang='lat' dir='ltr'><strong>peccatorum</strong></span> <span class='ocrx_word' id='word_1_554' title='bbox 3374 2621 3475 2659; x_wconf 87' lang='lat' dir='ltr'><strong>an-</strong></span> 
     </span>
    </p>
   </div>
   <div class='ocr_carea' id='block_1_72' title="bbox 1873 2693 3471 2765">
    <p class='ocr_par' dir='ltr' id='par_1_72' title="bbox 1873 2693 3471 2765">
     <span class='ocr_line' id='line_1_72' title="bbox 1873 2693 3471 2765; baseline 0 -15"><span class='ocrx_word' id='word_1_555' title='bbox 1873 2694 2039 2751; x_wconf 89' lang='lat' dir='ltr'><strong>dierit</strong></span> <span class='ocrx_word' id='word_1_556' title='bbox 2087 2694 2396 2761; x_wconf 87' lang='lat' dir='ltr'><strong>varietates,</strong></span> <span class='ocrx_word' id='word_1_557' title='bbox 2448 2693 2553 2749; x_wconf 91' lang='lat' dir='ltr'><strong>scit</strong></span> <span class='ocrx_word' id='word_1_558' title='bbox 2600 2693 2690 2763; x_wconf 88' lang='lat' dir='ltr'><strong>qui</strong></span> <span class='ocrx_word' id='word_1_559' title='bbox 2736 2693 2983 2764; x_wconf 87' lang='lat' dir='ltr'><strong>ligandus</strong></span> <span class='ocrx_word' id='word_1_560' title='bbox 3034 2693 3127 2760; x_wconf 90' lang='lat' dir='ltr'><strong>sit,</strong></span> <span class='ocrx_word' id='word_1_561' title='bbox 3160 2695 3324 2765; x_wconf 87' lang='lat' dir='ltr'><strong>quive</strong></span> <span class='ocrx_word' id='word_1_562' title='bbox 3353 2696 3471 2750; x_wconf 87' lang='lat' dir='ltr'><strong>sol-</strong></span> 
     </span>
    </p>
   </div>
   <div class='ocr_carea' id='block_1_73' title="bbox 1875 2789 2105 2847">
    <p class='ocr_par' dir='ltr' id='par_1_73' title="bbox 1875 2789 2105 2847">
     <span class='ocr_line' id='line_1_73' title="bbox 1875 2789 2105 2847; baseline 0 -3"><span class='ocrx_word' id='word_1_563' title='bbox 1875 2789 2105 2847; x_wconf 88' lang='lat' dir='ltr'><strong>vendus.</strong></span> 
     </span>
    </p>
   </div>
   <div class='ocr_carea' id='block_1_74' title="bbox 1946 2878 3473 2959">
    <p class='ocr_par' dir='ltr' id='par_1_74' title="bbox 1946 2878 3473 2959">
     <span class='ocr_line' id='line_1_74' title="bbox 1946 2878 3473 2959; baseline 0.001 -24"><span class='ocrx_word' id='word_1_564' title='bbox 1946 2881 2128 2953; x_wconf 79' lang='lat' dir='ltr'><strong>(Vers.</strong></span> <span class='ocrx_word' id='word_1_565' title='bbox 2159 2879 2279 2952; x_wconf 71' lang='lat'><strong>20.)</strong></span> <span class='ocrx_word' id='word_1_566' title='bbox 2317 2878 2466 2935; x_wconf 84' lang='lat' dir='ltr'><strong>Tunc</strong></span> <span class='ocrx_word' id='word_1_567' title='bbox 2493 2882 2739 2959; x_wconf 79' lang='lat' dir='ltr'><strong>prcecepit</strong></span> <span class='ocrx_word' id='word_1_568' title='bbox 2759 2881 3029 2952; x_wconf 86' lang='lat' dir='ltr'><strong>discipulis</strong></span> <span class='ocrx_word' id='word_1_569' title='bbox 3059 2882 3165 2935; x_wconf 88' lang='lat' dir='ltr'><strong>suis</strong></span> <span class='ocrx_word' id='word_1_570' title='bbox 3195 2890 3252 2935; x_wconf 89' lang='lat' dir='ltr'><strong>ut</strong></span> <span class='ocrx_word' id='word_1_571' title='bbox 3279 2882 3473 2936; x_wconf 86' lang='lat' dir='ltr'><strong>nemini</strong></span> 
     </span>
    </p>
   </div>
   <div class='ocr_carea' id='block_1_75' title="bbox 1874 2968 3475 3043">
    <p class='ocr_par' dir='ltr' id='par_1_75' title="bbox 1874 2968 3475 3043">
     <span class='ocr_line' id='line_1_75' title="bbox 1874 2968 3475 3043; baseline -0.001 -16"><span class='ocrx_word' id='word_1_572' title='bbox 1874 2972 2119 3039; x_wconf 86' lang='lat' dir='ltr'><strong>dicerent,</strong></span> <span class='ocrx_word' id='word_1_573' title='bbox 2150 2972 2276 3043; x_wconf 86' lang='lat' dir='ltr'><strong>quia</strong></span> <span class='ocrx_word' id='word_1_574' title='bbox 2300 2971 2410 3041; x_wconf 89' lang='lat' dir='ltr'><strong>ipse</strong></span> <span class='ocrx_word' id='word_1_575' title='bbox 2432 2980 2562 3026; x_wconf 85' lang='lat' dir='ltr'><strong>esset</strong></span> <span class='ocrx_word' id='word_1_576' title='bbox 2579 2968 2730 3026; x_wconf 73' lang='lat' dir='ltr'><strong>Iesus</strong></span> <span class='ocrx_word' id='word_1_577' title='bbox 2756 2969 3013 3026; x_wconf 79' lang='lat' dir='ltr'><strong>Christus.</strong></span> <span class='ocrx_word' id='word_1_578' title='bbox 3041 2970 3219 3041; x_wconf 85' lang='lat' dir='ltr'><strong>Supra</strong></span> <span class='ocrx_word' id='word_1_579' title='bbox 3246 2972 3475 3027; x_wconf 88' lang='lat' dir='ltr'><strong>mittens</strong></span> 
     </span>
    </p>
   </div>
   <div class='ocr_carea' id='block_1_76' title="bbox 1877 3063 3477 3136">
    <p class='ocr_par' dir='ltr' id='par_1_76' title="bbox 1877 3063 3477 3136">
     <span class='ocr_line' id='line_1_76' title="bbox 1877 3063 3477 3136; baseline -0.001 -16"><span class='ocrx_word' id='word_1_580' title='bbox 1877 3063 2182 3136; x_wconf 85' lang='lat' dir='ltr'><strong>discipulos</strong></span> <span class='ocrx_word' id='word_1_581' title='bbox 2214 3064 2281 3119; x_wconf 82' lang='lat' dir='ltr'><strong>ad</strong></span> <span class='ocrx_word' id='word_1_582' title='bbox 2312 3064 2716 3135; x_wconf 67' lang='lat' dir='ltr'><strong>prtedieandnm</strong></span> <span class='ocrx_word' id='word_1_583' title='bbox 2739 3110 2754 3133; x_wconf 87' lang='lat'><strong>,</strong></span> <span class='ocrx_word' id='word_1_584' title='bbox 2783 3063 3020 3134; x_wconf 74' lang='lat' dir='ltr'><strong>iusserat</strong></span> <span class='ocrx_word' id='word_1_585' title='bbox 3048 3064 3129 3119; x_wconf 88' lang='lat' dir='ltr'><strong>eis</strong></span> <span class='ocrx_word' id='word_1_586' title='bbox 3159 3072 3218 3118; x_wconf 91' lang='lat' dir='ltr'><strong>ut</strong></span> <span class='ocrx_word' id='word_1_587' title='bbox 3255 3078 3477 3119; x_wconf 85' lang='lat' dir='ltr'><strong>annun-</strong></span> 
     </span>
    </p>
   </div>
   <div class='ocr_carea' id='block_1_77' title="bbox 1887 3155 3476 3227">
    <p class='ocr_par' dir='ltr' id='par_1_77' title="bbox 1887 3155 3476 3227">
     <span class='ocr_line' id='line_1_77' title="bbox 1887 3155 3476 3227; baseline -0.003 -14"><span class='ocrx_word' id='word_1_588' title='bbox 1887 3159 2087 3214; x_wconf 87' lang='lat' dir='ltr'><strong>tiarent</strong></span> <span class='ocrx_word' id='word_1_589' title='bbox 2113 3158 2409 3214; x_wconf 75' lang='lat' dir='ltr'><strong>adventurm</strong></span> <span class='ocrx_word' id='word_1_590' title='bbox 2436 3173 2593 3213; x_wconf 86' lang='lat' dir='ltr'><strong>suum</strong></span> <span class='ocrx_word' id='word_1_591' title='bbox 2628 3174 2640 3213; x_wconf 92' lang='lat'>:</span> <span class='ocrx_word' id='word_1_592' title='bbox 2674 3157 2763 3212; x_wconf 90' lang='lat' dir='ltr'><strong>hic</strong></span> <span class='ocrx_word' id='word_1_593' title='bbox 2793 3155 3071 3227; x_wconf 84' lang='lat' dir='ltr'><strong>praecepit,</strong></span> <span class='ocrx_word' id='word_1_594' title='bbox 3098 3170 3167 3212; x_wconf 92' lang='lat' dir='ltr'><strong>ne</strong></span> <span class='ocrx_word' id='word_1_595' title='bbox 3196 3171 3256 3211; x_wconf 90' lang='lat' dir='ltr'><strong>se</strong></span> <span class='ocrx_word' id='word_1_596' title='bbox 3288 3155 3476 3211; x_wconf 90' lang='lat' dir='ltr'><strong>dicant</strong></span> 
     </span>
    </p>
   </div>
   <div class='ocr_carea' id='block_1_78' title="bbox 1876 3247 3460 3308">
    <p class='ocr_par' dir='ltr' id='par_1_78' title="bbox 1876 3247 3460 3308">
     <span class='ocr_line' id='line_1_78' title="bbox 1876 3247 3460 3308; baseline -0.003 0"><span class='ocrx_word' id='word_1_597' title='bbox 1876 3267 1998 3308; x_wconf 88' lang='lat' dir='ltr'><strong>esse</strong></span> <span class='ocrx_word' id='word_1_598' title='bbox 2030 3250 2214 3308; x_wconf 83' lang='lat' dir='ltr'><strong>Jesum</strong></span> <span class='ocrx_word' id='word_1_599' title='bbox 2243 3249 2542 3306; x_wconf 82' lang='lat' dir='ltr'><strong>Christum.</strong></span> <span class='ocrx_word' id='word_1_600' title='bbox 2575 3249 2702 3305; x_wconf 76' lang='lat' dir='ltr'><strong>Mihi</strong></span> <span class='ocrx_word' id='word_1_601' title='bbox 2731 3248 2945 3305; x_wconf 90' lang='lat' dir='ltr'><strong>videtur</strong></span> <span class='ocrx_word' id='word_1_602' title='bbox 2970 3247 3115 3304; x_wconf 91' lang='lat' dir='ltr'><strong>aliud</strong></span> <span class='ocrx_word' id='word_1_603' title='bbox 3146 3263 3268 3304; x_wconf 90' lang='lat' dir='ltr'><strong>esse</strong></span> <span class='ocrx_word' id='word_1_604' title='bbox 3292 3247 3426 3304; x_wconf 87' lang='lat' dir='ltr'><strong>Chri</strong></span> <span class='ocrx_word' id='word_1_605' title='bbox 3446 3279 3460 3291; x_wconf 85' lang='lat'><strong>-</strong></span> 
     </span>
    </p>
   </div>
   <div class='ocr_carea' id='block_1_79' title="bbox 1877 3342 3471 3415">
    <p class='ocr_par' dir='ltr' id='par_1_79' title="bbox 1877 3342 3471 3415">
     <span class='ocr_line' id='line_1_79' title="bbox 1877 3342 3471 3415; baseline -0.001 -14"><span class='ocrx_word' id='word_1_606' title='bbox 1877 3354 2019 3402; x_wconf 89' lang='lat' dir='ltr'><strong>stum</strong></span> <span class='ocrx_word' id='word_1_607' title='bbox 2061 3344 2375 3415; x_wconf 73' lang='lat' dir='ltr'><strong>prtedicare,</strong></span> <span class='ocrx_word' id='word_1_608' title='bbox 2433 3343 2577 3399; x_wconf 86' lang='lat' dir='ltr'><strong>aliud</strong></span> <span class='ocrx_word' id='word_1_609' title='bbox 2628 3343 2816 3399; x_wconf 85' lang='lat' dir='ltr'><strong>Jesum</strong></span> <span class='ocrx_word' id='word_1_610' title='bbox 2867 3342 3168 3399; x_wconf 88' lang='lat' dir='ltr'><strong>Christum.</strong></span> <span class='ocrx_word' id='word_1_611' title='bbox 3216 3342 3471 3400; x_wconf 84' lang='lat' dir='ltr'><strong>Christus</strong></span> 
     </span>
    </p>
   </div>
   <div class='ocr_carea' id='block_1_80' title="bbox 1875 3436 3476 3509">
    <p class='ocr_par' dir='ltr' id='par_1_80' title="bbox 1875 3436 3476 3509">
     <span class='ocr_line' id='line_1_80' title="bbox 1875 3436 3476 3509; baseline -0.004 -13"><span class='ocrx_word' id='word_1_612' title='bbox 1875 3453 2162 3496; x_wconf 90' lang='lat' dir='ltr'><strong>commune</strong></span> <span class='ocrx_word' id='word_1_613' title='bbox 2176 3437 2451 3509; x_wconf 83' lang='lat' dir='ltr'><strong>dignitatis</strong></span> <span class='ocrx_word' id='word_1_614' title='bbox 2471 3445 2552 3491; x_wconf 86' lang='lat' dir='ltr'><strong>est</strong></span> <span class='ocrx_word' id='word_1_615' title='bbox 2579 3450 2776 3491; x_wconf 90' lang='lat' dir='ltr'><strong>nomen</strong></span> <span class='ocrx_word' id='word_1_616' title='bbox 2801 3454 2814 3491; x_wconf 88' lang='lat'><strong>:</strong></span> <span class='ocrx_word' id='word_1_617' title='bbox 2837 3436 2995 3492; x_wconf 72' lang='lat' dir='ltr'><strong>Iesus</strong></span> <span class='ocrx_word' id='word_1_618' title='bbox 3017 3436 3294 3507; x_wconf 90' lang='lat' dir='ltr'><strong>proprium</strong></span> <span class='ocrx_word' id='word_1_619' title='bbox 3313 3449 3476 3491; x_wconf 87' lang='lat' dir='ltr'><strong>voca-</strong></span> 
     </span>
    </p>
   </div>
   <div class='ocr_carea' id='block_1_81' title="bbox 1877 3527 3481 3596">
    <p class='ocr_par' dir='ltr' id='par_1_81' title="bbox 1877 3527 3481 3596">
     <span class='ocr_line' id='line_1_81' title="bbox 1877 3527 3481 3596; baseline -0.003 -7"><span class='ocrx_word' id='word_1_620' title='bbox 1877 3532 2061 3589; x_wconf 91' lang='lat' dir='ltr'><strong>bulum</strong></span> <span class='ocrx_word' id='word_1_621' title='bbox 2088 3530 2407 3587; x_wconf 82' lang='lat' dir='ltr'><strong>Salvatoris.</strong></span> <span class='ocrx_word' id='word_1_622' title='bbox 2430 3529 2617 3585; x_wconf 89' lang='lat' dir='ltr'><strong>Potest</strong></span> <span class='ocrx_word' id='word_1_623' title='bbox 2639 3538 2820 3584; x_wconf 87' lang='lat' dir='ltr'><strong>autem</strong></span> <span class='ocrx_word' id='word_1_624' title='bbox 2854 3527 2970 3584; x_wconf 87' lang='lat' dir='ltr'><strong>ﬁeri</strong></span> <span class='ocrx_word' id='word_1_625' title='bbox 2988 3574 3002 3596; x_wconf 90' lang='lat'><strong>,</strong></span> <span class='ocrx_word' id='word_1_626' title='bbox 3032 3537 3093 3583; x_wconf 90' lang='lat' dir='ltr'><strong>ut</strong></span> <span class='ocrx_word' id='word_1_627' title='bbox 3119 3528 3325 3585; x_wconf 89' lang='lat' dir='ltr'><strong>idcirco</strong></span> <span class='ocrx_word' id='word_1_628' title='bbox 3352 3537 3481 3584; x_wconf 89' lang='lat' dir='ltr'><strong>ante</strong></span> 
     </span>
    </p>
   </div>
   <div class='ocr_carea' id='block_1_82' title="bbox 1876 3620 3479 3696">
    <p class='ocr_par' dir='ltr' id='par_1_82' title="bbox 1876 3620 3479 3696">
     <span class='ocr_line' id='line_1_82' title="bbox 1876 3620 3479 3696; baseline -0.002 -17"><span class='ocrx_word' id='word_1_629' title='bbox 1876 3625 2191 3696; x_wconf 87' lang='lat' dir='ltr'><strong>passionem</strong></span> <span class='ocrx_word' id='word_1_630' title='bbox 2222 3631 2277 3678; x_wconf 82' lang='lat' dir='ltr'><strong>et</strong></span> <span class='ocrx_word' id='word_1_631' title='bbox 2302 3622 2760 3677; x_wconf 87' lang='lat' dir='ltr'><strong>resurrectionem</strong></span> <span class='ocrx_word' id='word_1_632' title='bbox 2786 3634 2846 3676; x_wconf 90' lang='lat' dir='ltr'><strong>se</strong></span> <span class='ocrx_word' id='word_1_633' title='bbox 2882 3620 3124 3676; x_wconf 90' lang='lat' dir='ltr'><strong>noluerit</strong></span> <span class='ocrx_word' id='word_1_634' title='bbox 3153 3620 3437 3692; x_wconf 78' lang='lat' dir='ltr'><strong>pra-dicari</strong></span> <span class='ocrx_word' id='word_1_635' title='bbox 3461 3636 3479 3686; x_wconf 95' lang='lat'><strong>;</strong></span> 
     </span>
    </p>
   </div>
   <div class='ocr_carea' id='block_1_83' title="bbox 1876 3714 3477 3789">
    <p class='ocr_par' dir='ltr' id='par_1_83' title="bbox 1876 3714 3477 3789">
     <span class='ocr_line' id='line_1_83' title="bbox 1876 3714 3477 3789; baseline -0.002 -16"><span class='ocrx_word' id='word_1_636' title='bbox 1876 3728 1936 3775; x_wconf 93' lang='grc' dir='ltr'><strong>ιιι</strong></span> <span class='ocrx_word' id='word_1_637' title='bbox 1960 3718 2237 3789; x_wconf 87' lang='lat' dir='ltr'><strong>completo</strong></span> <span class='ocrx_word' id='word_1_638' title='bbox 2267 3723 2457 3787; x_wconf 82' lang='lat' dir='ltr'><strong>postea</strong></span> <span class='ocrx_word' id='word_1_639' title='bbox 2489 3714 2771 3783; x_wconf 85' lang='lat' dir='ltr'><strong>sanguinis</strong></span> <span class='ocrx_word' id='word_1_640' title='bbox 2798 3722 3142 3769; x_wconf 87' lang='lat' dir='ltr'><strong>sacramento</strong></span> <span class='ocrx_word' id='word_1_641' title='bbox 3164 3759 3178 3782; x_wconf 93' lang='lat'><strong>,</strong></span> <span class='ocrx_word' id='word_1_642' title='bbox 3212 3723 3477 3787; x_wconf 88' lang='lat' dir='ltr'><strong>opportu-</strong></span> 
     </span>
    </p>
   </div>
   <div class='ocr_carea' id='block_1_84' title="bbox 1877 3806 3477 3880">
    <p class='ocr_par' dir='ltr' id='par_1_84' title="bbox 1877 3806 3477 3880">
     <span class='ocr_line' id='line_1_84' title="bbox 1877 3806 3477 3880; baseline -0.002 -14"><span class='ocrx_word' id='word_1_643' title='bbox 1877 3813 1997 3866; x_wconf 87' lang='lat' dir='ltr'><strong>nius</strong></span> <span class='ocrx_word' id='word_1_644' title='bbox 2028 3808 2289 3880; x_wconf 83' lang='lat' dir='ltr'><strong>apostolis</strong></span> <span class='ocrx_word' id='word_1_645' title='bbox 2320 3809 2528 3865; x_wconf 89' lang='lat' dir='ltr'><strong>diceret</strong></span> <span class='ocrx_word' id='word_1_646' title='bbox 2573 3825 2585 3862; x_wconf 91' lang='lat'><strong>:</strong></span> <span class='ocrx_word' id='word_1_647' title='bbox 2626 3806 2823 3861; x_wconf 79' lang='lat' dir='ltr'><strong>Euntes</strong></span> <span class='ocrx_word' id='word_1_648' title='bbox 2861 3808 3037 3862; x_wconf 82' lang='lat' dir='ltr'><strong>docete</strong></span> <span class='ocrx_word' id='word_1_649' title='bbox 3090 3822 3265 3862; x_wconf 86' lang='lat' dir='ltr'><strong>omnes</strong></span> <span class='ocrx_word' id='word_1_650' title='bbox 3302 3818 3477 3878; x_wconf 80' lang='lat' dir='ltr'><strong>gentes</strong></span> 
     </span>
    </p>
   </div>
   <div class='ocr_carea' id='block_1_85' title="bbox 1876 3898 3474 3978">
    <p class='ocr_par' dir='ltr' id='par_1_85' title="bbox 1876 3898 3474 3978">
     <span class='ocr_line' id='line_1_85' title="bbox 1876 3898 3474 3978; baseline -0.003 -19"><span class='ocrx_word' id='word_1_651' title='bbox 1876 3904 2096 3978; x_wconf 82' lang='lat' dir='ltr'><strong>(Matth.</strong></span> <span class='ocrx_word' id='word_1_652' title='bbox 2147 3902 2243 3958; x_wconf 87' lang='lat' dir='ltr'><strong>ult.</strong></span> <span class='ocrx_word' id='word_1_653' title='bbox 2286 3902 2406 3971; x_wconf 85' lang='lat' dir='ltr'><strong>l9),</strong></span> <span class='ocrx_word' id='word_1_654' title='bbox 2445 3913 2553 3957; x_wconf 88' lang='lat' dir='ltr'><strong>etc.</strong></span> <span class='ocrx_word' id='word_1_655' title='bbox 2602 3898 2856 3969; x_wconf 88' lang='lat' dir='ltr'><strong>Quodne</strong></span> <span class='ocrx_word' id='word_1_656' title='bbox 2905 3899 3030 3968; x_wconf 84' lang='lat' dir='ltr'><strong>quis</strong></span> <span class='ocrx_word' id='word_1_657' title='bbox 3079 3907 3231 3969; x_wconf 86' lang='lat' dir='ltr'><strong>putet</strong></span> <span class='ocrx_word' id='word_1_658' title='bbox 3271 3910 3474 3955; x_wconf 68' lang='lat' dir='ltr'><strong>nostra:</strong></span> 
     </span>
    </p>
   </div>
   <div class='ocr_carea' id='block_1_86' title="bbox 1877 3991 3473 4064">
    <p class='ocr_par' dir='ltr' id='par_1_86' title="bbox 1877 3991 3473 4064">
     <span class='ocr_line' id='line_1_86' title="bbox 1877 3991 3473 4064; baseline -0.003 -13"><span class='ocrx_word' id='word_1_659' title='bbox 1877 4004 2085 4052; x_wconf 89' lang='lat' dir='ltr'><strong>tantum</strong></span> <span class='ocrx_word' id='word_1_660' title='bbox 2128 4010 2251 4051; x_wconf 87' lang='lat' dir='ltr'><strong>esse</strong></span> <span class='ocrx_word' id='word_1_661' title='bbox 2296 3992 2708 4064; x_wconf 80' lang='lat' dir='ltr'><strong>intelligentiae,</strong></span> <span class='ocrx_word' id='word_1_662' title='bbox 2760 4001 2814 4047; x_wconf 89' lang='lat' dir='ltr'><strong>et</strong></span> <span class='ocrx_word' id='word_1_663' title='bbox 2846 4007 2955 4045; x_wconf 90' lang='lat' dir='ltr'><strong>non</strong></span> <span class='ocrx_word' id='word_1_664' title='bbox 2997 4004 3194 4046; x_wconf 89' lang='lat' dir='ltr'><strong>sensus</strong></span> <span class='ocrx_word' id='word_1_665' title='bbox 3227 3991 3473 4062; x_wconf 84' lang='lat' dir='ltr'><strong>Evange-</strong></span> 
     </span>
    </p>
   </div>
   <div class='ocr_carea' id='block_1_87' title="bbox 1878 4083 3477 4161">
    <p class='ocr_par' dir='ltr' id='par_1_87' title="bbox 1878 4083 3477 4161">
     <span class='ocr_line' id='line_1_87' title="bbox 1878 4083 3477 4161; baseline -0.003 -14"><span class='ocrx_word' id='word_1_666' title='bbox 1878 4091 1988 4157; x_wconf 90' lang='lat' dir='ltr'><strong>Iiei,</strong></span> <span class='ocrx_word' id='word_1_667' title='bbox 2020 4105 2140 4161; x_wconf 78' lang='lat' dir='ltr'><strong>qua:</strong></span> <span class='ocrx_word' id='word_1_668' title='bbox 2171 4096 2491 4159; x_wconf 88' lang='lat' dir='ltr'><strong>sequuntur,</strong></span> <span class='ocrx_word' id='word_1_669' title='bbox 2524 4101 2717 4141; x_wconf 88' lang='lat' dir='ltr'><strong>causas</strong></span> <span class='ocrx_word' id='word_1_670' title='bbox 2744 4083 3033 4158; x_wconf 69' lang='lat' dir='ltr'><strong>prohibita:</strong></span> <span class='ocrx_word' id='word_1_671' title='bbox 3057 4093 3183 4140; x_wconf 90' lang='lat' dir='ltr'><strong>tunc</strong></span> <span class='ocrx_word' id='word_1_672' title='bbox 3211 4086 3477 4156; x_wconf 73' lang='lat' dir='ltr'><strong>praedica-</strong></span> 
     </span>
    </p>
   </div>
   <div class='ocr_carea' id='block_1_88' title="bbox 1879 4183 2369 4252">
    <p class='ocr_par' dir='ltr' id='par_1_88' title="bbox 1879 4183 2369 4252">
     <span class='ocr_line' id='line_1_88' title="bbox 1879 4183 2369 4252; baseline -0.006 -14"><span class='ocrx_word' id='word_1_673' title='bbox 1879 4183 2041 4239; x_wconf 91' lang='lat' dir='ltr'><strong>tionis</strong></span> <span class='ocrx_word' id='word_1_674' title='bbox 2069 4188 2369 4252; x_wconf 81' lang='lat' dir='ltr'><strong>exponunt.</strong></span> 
     </span>
    </p>
   </div>
   <div class='ocr_carea' id='block_1_89' title="bbox 1949 4268 3480 4345">
    <p class='ocr_par' dir='ltr' id='par_1_89' title="bbox 1949 4268 3480 4345">
     <span class='ocr_line' id='line_1_89' title="bbox 1949 4268 3480 4345; baseline -0.003 -13"><span class='ocrx_word' id='word_1_675' title='bbox 1949 4274 2131 4345; x_wconf 74' lang='lat' dir='ltr'><strong>(Vers.</strong></span> <span class='ocrx_word' id='word_1_676' title='bbox 2153 4271 2273 4345; x_wconf 72' lang='lat' dir='ltr'><strong>2L)</strong></span> <span class='ocrx_word' id='word_1_677' title='bbox 2315 4270 2521 4327; x_wconf 77' lang='lat' dir='ltr'><strong>Exinde</strong></span> <span class='ocrx_word' id='word_1_678' title='bbox 2542 4272 2691 4342; x_wconf 68' lang='lat' dir='ltr'><strong>erepit</strong></span> <span class='ocrx_word' id='word_1_679' title='bbox 2723 4268 2880 4325; x_wconf 73' lang='lat' dir='ltr'><strong>Iesus</strong></span> <span class='ocrx_word' id='word_1_680' title='bbox 2910 4272 3183 4326; x_wconf 86' lang='lat' dir='ltr'><strong>ostendere</strong></span> <span class='ocrx_word' id='word_1_681' title='bbox 3206 4272 3480 4345; x_wconf 87' lang='lat' dir='ltr'><strong>discipulis</strong></span> 
     </span>
    </p>
   </div>
   <div class='ocr_carea' id='block_1_90' title="bbox 1875 4365 3474 4441">
    <p class='ocr_par' dir='ltr' id='par_1_90' title="bbox 1875 4365 3474 4441">
     <span class='ocr_line' id='line_1_90' title="bbox 1875 4365 3474 4441; baseline -0.004 -14"><span class='ocrx_word' id='word_1_682' title='bbox 1875 4371 2006 4437; x_wconf 84' lang='lat' dir='ltr'><strong>suis,</strong></span> <span class='ocrx_word' id='word_1_683' title='bbox 2046 4371 2166 4441; x_wconf 88' lang='lat' dir='ltr'><strong>quia</strong></span> <span class='ocrx_word' id='word_1_684' title='bbox 2214 4376 2469 4439; x_wconf 79' lang='lat' dir='ltr'><strong>Oporterct</strong></span> <span class='ocrx_word' id='word_1_685' title='bbox 2519 4382 2637 4421; x_wconf 86' lang='lat' dir='ltr'><strong>eum</strong></span> <span class='ocrx_word' id='word_1_686' title='bbox 2675 4366 2752 4420; x_wconf 86' lang='lat' dir='ltr'><strong>ire</strong></span> <span class='ocrx_word' id='word_1_687' title='bbox 2786 4365 3195 4438; x_wconf 80' lang='lat' dir='ltr'><strong>Jerosolymam,</strong></span> <span class='ocrx_word' id='word_1_688' title='bbox 3229 4375 3276 4421; x_wconf 89' lang='lat' dir='ltr'><strong>et</strong></span> <span class='ocrx_word' id='word_1_689' title='bbox 3309 4369 3474 4422; x_wconf 80' lang='lat' dir='ltr'><strong>multa</strong></span> 
     </span>
    </p>
   </div>
   <div class='ocr_carea' id='block_1_91' title="bbox 1878 4458 3471 4537">
    <p class='ocr_par' dir='ltr' id='par_1_91' title="bbox 1878 4458 3471 4537">
     <span class='ocr_line' id='line_1_91' title="bbox 1878 4458 3471 4537; baseline -0.004 -20"><span class='ocrx_word' id='word_1_690' title='bbox 1878 4463 1984 4537; x_wconf 87' lang='lat' dir='ltr'><strong>pati</strong></span> <span class='ocrx_word' id='word_1_691' title='bbox 2028 4480 2060 4517; x_wconf 89' lang='lat' dir='ltr'><strong>a</strong></span> <span class='ocrx_word' id='word_1_692' title='bbox 2085 4460 2369 4521; x_wconf 86' lang='lat' dir='ltr'><strong>senioribus</strong></span> <span class='ocrx_word' id='word_1_693' title='bbox 2396 4469 2443 4513; x_wconf 87' lang='lat' dir='ltr'><strong>et</strong></span> <span class='ocrx_word' id='word_1_694' title='bbox 2470 4458 2736 4527; x_wconf 76' lang='lat' dir='ltr'><strong>scribis,et</strong></span> <span class='ocrx_word' id='word_1_695' title='bbox 2766 4458 3083 4529; x_wconf 80' lang='lat' dir='ltr'><strong>principibus</strong></span> <span class='ocrx_word' id='word_1_696' title='bbox 3112 4458 3471 4525; x_wconf 84' lang='lat' dir='ltr'><strong>sacerdotum,</strong></span> 
     </span>
    </p>
   </div>
   <div class='ocr_carea' id='block_1_92' title="bbox 1878 4551 3480 4623">
    <p class='ocr_par' dir='ltr' id='par_1_92' title="bbox 1878 4551 3480 4623">
     <span class='ocr_line' id='line_1_92' title="bbox 1878 4551 3480 4623; baseline -0.001 -11"><span class='ocrx_word' id='word_1_697' title='bbox 1878 4567 1924 4613; x_wconf 89' lang='lat' dir='ltr'><strong>et</strong></span> <span class='ocrx_word' id='word_1_698' title='bbox 1945 4555 2134 4622; x_wconf 80' lang='lat' dir='ltr'><strong>occidi,</strong></span> <span class='ocrx_word' id='word_1_699' title='bbox 2164 4563 2210 4608; x_wconf 86' lang='lat' dir='ltr'><strong>et</strong></span> <span class='ocrx_word' id='word_1_700' title='bbox 2237 4554 2393 4607; x_wconf 85' lang='lat' dir='ltr'><strong>tertia</strong></span> <span class='ocrx_word' id='word_1_701' title='bbox 2412 4552 2496 4608; x_wconf 83' lang='lat' dir='ltr'><strong>die</strong></span> <span class='ocrx_word' id='word_1_702' title='bbox 2520 4566 2807 4623; x_wconf 81' lang='lat' dir='ltr'><strong>resurgere.</strong></span> <span class='ocrx_word' id='word_1_703' title='bbox 2844 4551 3021 4609; x_wconf 86' lang='lat' dir='ltr'><strong>Et&#39;est</strong></span> <span class='ocrx_word' id='word_1_704' title='bbox 3053 4567 3250 4613; x_wconf 82' lang='lat' dir='ltr'><strong>sensus</strong></span> <span class='ocrx_word' id='word_1_705' title='bbox 3281 4571 3295 4607; x_wconf 90' lang='lat'><strong>:</strong></span> <span class='ocrx_word' id='word_1_706' title='bbox 3323 4551 3480 4611; x_wconf 85' lang='lat' dir='ltr'><strong>Tune</strong></span> 
     </span>
    </p>
   </div>
   <div class='ocr_carea' id='block_1_93' title="bbox 216 4635 3476 4729">
    <p class='ocr_par' dir='ltr' id='par_1_93' title="bbox 216 4635 3476 4729">
     <span class='ocr_line' id='line_1_93' title="bbox 216 4635 3476 4729; baseline -0.004 -16"><span class='ocrx_word' id='word_1_707' title='bbox 216 4653 270 4708; x_wconf 79' lang='grc' dir='ltr'>Δι</span> <span class='ocrx_word' id='word_1_708' title='bbox 290 4658 571 4713; x_wconf 82' lang='lat' dir='ltr'><strong>secundum</strong></span> <span class='ocrx_word' id='word_1_709' title='bbox 605 4658 993 4729; x_wconf 72' lang='lat' dir='ltr'><strong>metaphoram</strong></span> <span class='ocrx_word' id='word_1_710' title='bbox 1016 4667 1212 4727; x_wconf 78' lang='lat' dir='ltr'><strong>petrae,</strong></span> <span class='ocrx_word' id='word_1_711' title='bbox 1255 4665 1407 4712; x_wconf 86' lang='lat' dir='ltr'><strong>recte</strong></span> <span class='ocrx_word' id='word_1_712' title='bbox 1452 4654 1651 4712; x_wconf 87' lang='lat' dir='ltr'><strong>dicitur</strong></span> <span class='ocrx_word' id='word_1_713' title='bbox 1673 4657 1724 4712; x_wconf 89' lang='lat' dir='ltr'><strong>ei</strong></span> <span class='ocrx_word' id='word_1_714' title='bbox 1754 4672 1769 4711; x_wconf 89' lang='lat'><strong>:</strong></span> <span class='ocrx_word' id='word_1_715' title='bbox 1799 4635 1851 4697; x_wconf 77' lang='grc' dir='ltr'><strong>Ι)</strong></span> <span class='ocrx_word' id='word_1_716' title='bbox 1879 4665 1965 4706; x_wconf 90' lang='lat' dir='ltr'><strong>me</strong></span> <span class='ocrx_word' id='word_1_717' title='bbox 1998 4646 2312 4719; x_wconf 66' lang='lat' dir='ltr'><strong>prredicate,</strong></span> <span class='ocrx_word' id='word_1_718' title='bbox 2341 4660 2463 4699; x_wconf 84' lang='lat' dir='ltr'><strong>cum</strong></span> <span class='ocrx_word' id='word_1_719' title='bbox 2495 4644 2596 4699; x_wconf 89' lang='lat' dir='ltr'><strong>ista</strong></span> <span class='ocrx_word' id='word_1_720' title='bbox 2622 4659 2815 4717; x_wconf 82' lang='lat' dir='ltr'><strong>passus</strong></span> <span class='ocrx_word' id='word_1_721' title='bbox 2838 4643 3018 4711; x_wconf 79' lang='lat' dir='ltr'><strong>fuero,</strong></span> <span class='ocrx_word' id='word_1_722' title='bbox 3051 4646 3176 4715; x_wconf 87' lang='lat' dir='ltr'><strong>quia</strong></span> <span class='ocrx_word' id='word_1_723' title='bbox 3205 4660 3319 4700; x_wconf 82' lang='lat' dir='ltr'><strong>non</strong></span> <span class='ocrx_word' id='word_1_724' title='bbox 3342 4660 3476 4718; x_wconf 88' lang='lat' dir='ltr'><strong>pro-</strong></span> 
     </span>
    </p>
   </div>
   <div class='ocr_carea' id='block_1_94' title="bbox 217 4741 1263 4822">
    <p class='ocr_par' dir='ltr' id='par_1_94' title="bbox 217 4741 1263 4822">
     <span class='ocr_line' id='line_1_94' title="bbox 217 4741 1263 4822; baseline 0.006 -24"><span class='ocrx_word' id='word_1_725' title='bbox 217 4741 475 4819; x_wconf 68' lang='lat' dir='ltr'><strong>Ediﬁcabo</strong></span> <span class='ocrx_word' id='word_1_726' title='bbox 504 4750 799 4807; x_wconf 76' lang='lat' dir='ltr'><strong>Ecclesium</strong></span> <span class='ocrx_word' id='word_1_727' title='bbox 821 4765 990 4804; x_wconf 80' lang='lat' dir='ltr'><strong>meam</strong></span> <span class='ocrx_word' id='word_1_728' title='bbox 1010 4764 1167 4822; x_wconf 80' lang='lat' dir='ltr'><strong>super</strong></span> <span class='ocrx_word' id='word_1_729' title='bbox 1195 4759 1263 4804; x_wconf 86' lang='lat' dir='ltr'><strong>te.</strong></span> 
     </span>
    </p>
   </div>
   <div class='ocr_carea' id='block_1_95' title="bbox 276 4936 1762 5008">
    <p class='ocr_par' dir='ltr' id='par_1_95' title="bbox 276 4936 1762 5008">
     <span class='ocr_line' id='line_1_95' title="bbox 276 4936 1762 5008; baseline -0.002 -17"><span class='ocrx_word' id='word_1_730' title='bbox 276 4943 297 4972; x_wconf 82' lang='grc' dir='ltr'><strong>ι</strong></span> <span class='ocrx_word' id='word_1_731' title='bbox 329 4936 467 4994; x_wconf 88' lang='lat' dir='ltr'><strong>lianc</strong></span> <span class='ocrx_word' id='word_1_732' title='bbox 512 4954 584 4995; x_wconf 80' lang='lat' dir='ltr'><strong>ex</strong></span> <span class='ocrx_word' id='word_1_733' title='bbox 634 4938 876 5008; x_wconf 88' lang='lat' dir='ltr'><strong>Origene</strong></span> <span class='ocrx_word' id='word_1_734' title='bbox 940 4936 1254 5007; x_wconf 88' lang='lat' dir='ltr'><strong>allegoriam</strong></span> <span class='ocrx_word' id='word_1_735' title='bbox 1312 4943 1599 4990; x_wconf 86' lang='lat' dir='ltr'><strong>mutuatus</strong></span> <span class='ocrx_word' id='word_1_736' title='bbox 1628 4941 1762 5008; x_wconf 72' lang='lat' dir='ltr'><strong>est,</strong></span> 
     </span>
    </p>
   </div>
   <div class='ocr_carea' id='block_1_96' title="bbox 220 5004 1762 5076">
    <p class='ocr_par' dir='ltr' id='par_1_96' title="bbox 220 5004 1762 5076">
     <span class='ocr_line' id='line_1_96' title="bbox 220 5004 1762 5076; baseline -0.005 -12"><span class='ocrx_word' id='word_1_737' title='bbox 220 5022 351 5076; x_wconf 74' lang='lat' dir='ltr'><strong>quam</strong></span> <span class='ocrx_word' id='word_1_738' title='bbox 374 5021 427 5066; x_wconf 87' lang='lat' dir='ltr'><strong>et</strong></span> <span class='ocrx_word' id='word_1_739' title='bbox 456 5012 508 5066; x_wconf 90' lang='lat' dir='ltr'><strong>in</strong></span> <span class='ocrx_word' id='word_1_740' title='bbox 542 5011 696 5065; x_wconf 64' lang='lat' dir='ltr'><strong>tsaias</strong></span> <span class='ocrx_word' id='word_1_741' title='bbox 736 5004 1161 5065; x_wconf 59' lang='lat' dir='ltr'><strong>Commentariis</strong></span> <span class='ocrx_word' id='word_1_742' title='bbox 1198 5009 1292 5062; x_wconf 86' lang='lat' dir='ltr'><strong>lib.</strong></span> <span class='ocrx_word' id='word_1_743' title='bbox 1328 5022 1422 5062; x_wconf 75' lang='lat' dir='ltr'><strong>\‘ttt</strong></span> <span class='ocrx_word' id='word_1_744' title='bbox 1464 5007 1659 5075; x_wconf 81' lang='lat' dir='ltr'><strong>repetit</strong></span> <span class='ocrx_word' id='word_1_745' title='bbox 1704 5004 1762 5057; x_wconf 88' lang='lat' dir='ltr'><strong>S.</strong></span> 
     </span>
    </p>
   </div>
   <div class='ocr_carea' id='block_1_97' title="bbox 221 5076 1773 5148">
    <p class='ocr_par' dir='ltr' id='par_1_97' title="bbox 221 5076 1773 5148">
     <span class='ocr_line' id='line_1_97' title="bbox 221 5076 1773 5148; baseline -0.001 -17"><span class='ocrx_word' id='word_1_746' title='bbox 221 5078 385 5135; x_wconf 80' lang='lat' dir='ltr'><strong>Pater:</strong></span> <span class='ocrx_word' id='word_1_747' title='bbox 409 5081 473 5137; x_wconf 83' lang='lat' dir='ltr'><strong>Et</strong></span> <span class='ocrx_word' id='word_1_748' title='bbox 492 5082 751 5148; x_wconf 86' lang='lat' dir='ltr'><strong>quomodo</strong></span> <span class='ocrx_word' id='word_1_749' title='bbox 777 5090 956 5147; x_wconf 84' lang='lat' dir='ltr'><strong>portas</strong></span> <span class='ocrx_word' id='word_1_750' title='bbox 983 5080 1159 5134; x_wconf 79' lang='lat' dir='ltr'><strong>mortis</strong></span> <span class='ocrx_word' id='word_1_751' title='bbox 1184 5096 1300 5133; x_wconf 79' lang='lat' dir='ltr'><strong>reor</strong></span> <span class='ocrx_word' id='word_1_752' title='bbox 1320 5095 1429 5133; x_wconf 85' lang='lat' dir='ltr'><strong>esse</strong></span> <span class='ocrx_word' id='word_1_753' title='bbox 1450 5084 1680 5148; x_wconf 81' lang='lat' dir='ltr'><strong>peccata,</strong></span> <span class='ocrx_word' id='word_1_754' title='bbox 1707 5076 1773 5129; x_wconf 84' lang='lat' dir='ltr'><strong>de</strong></span> 
     </span>
    </p>
   </div>
   <div class='ocr_carea' id='block_1_98' title="bbox 220 5147 1770 5223">
    <p class='ocr_par' dir='ltr' id='par_1_98' title="bbox 220 5147 1770 5223">
     <span class='ocr_line' id='line_1_98' title="bbox 220 5147 1770 5223; baseline -0.003 -18"><span class='ocrx_word' id='word_1_755' title='bbox 220 5151 369 5223; x_wconf 71' lang='lat' dir='ltr'><strong>quibus</strong></span> <span class='ocrx_word' id='word_1_756' title='bbox 390 5154 458 5207; x_wconf 77' lang='lat' dir='ltr'><strong>ad</strong></span> <span class='ocrx_word' id='word_1_757' title='bbox 482 5147 701 5215; x_wconf 78' lang='lat' dir='ltr'><strong>Petrum</strong></span> <span class='ocrx_word' id='word_1_758' title='bbox 726 5154 917 5207; x_wconf 72' lang='lat' dir='ltr'><strong>dicitur</strong></span> <span class='ocrx_word' id='word_1_759' title='bbox 939 5166 959 5205; x_wconf 90' lang='lat'><strong><em>:</em></strong></span> <span class='ocrx_word' id='word_1_760' title='bbox 992 5149 1170 5205; x_wconf 78' lang='lat' dir='ltr'><strong>Porta:</strong></span> <span class='ocrx_word' id='word_1_761' title='bbox 1196 5151 1352 5223; x_wconf 77' lang='lat' dir='ltr'><strong>inferi</strong></span> <span class='ocrx_word' id='word_1_762' title='bbox 1383 5147 1484 5223; x_wconf 87' lang='lat' dir='ltr'><strong>non</strong></span> <span class='ocrx_word' id='word_1_763' title='bbox 1523 5147 1770 5223; x_wconf 58' lang='lat' dir='ltr'><strong>prapote-</strong></span> 
     </span>
    </p>
   </div>
   <div class='ocr_carea' id='block_1_99' title="bbox 222 5219 1772 5296">
    <p class='ocr_par' dir='ltr' id='par_1_99' title="bbox 222 5219 1772 5296">
     <span class='ocr_line' id='line_1_99' title="bbox 222 5219 1772 5296; baseline -0.006 -15"><span class='ocrx_word' id='word_1_764' title='bbox 222 5221 322 5275; x_wconf 63' lang='grc' dir='ltr'>ιω</span> <span class='ocrx_word' id='word_1_765' title='bbox 344 5226 603 5280; x_wconf 76' lang='lat' dir='ltr'><strong>advenam</strong></span> <span class='ocrx_word' id='word_1_766' title='bbox 625 5230 713 5280; x_wconf 88' lang='lat' dir='ltr'><strong>te:</strong></span> <span class='ocrx_word' id='word_1_767' title='bbox 740 5225 815 5279; x_wconf 86' lang='lat' dir='ltr'><strong>sic</strong></span> <span class='ocrx_word' id='word_1_768' title='bbox 844 5231 1019 5294; x_wconf 76' lang='lat' dir='ltr'><strong>portas</strong></span> <span class='ocrx_word' id='word_1_769' title='bbox 1036 5219 1267 5296; x_wconf 72' lang='lat' dir='ltr'><strong>justitite</strong></span> <span class='ocrx_word' id='word_1_770' title='bbox 1287 5222 1461 5277; x_wconf 80' lang='lat' dir='ltr'><strong>omnia</strong></span> <span class='ocrx_word' id='word_1_771' title='bbox 1481 5235 1641 5289; x_wconf 81' lang='lat' dir='ltr'><strong>Opera</strong></span> <span class='ocrx_word' id='word_1_772' title='bbox 1670 5219 1772 5273; x_wconf 83' lang='lat' dir='ltr'><strong>vir-</strong></span> 
     </span>
    </p>
   </div>
   <div class='ocr_carea' id='block_1_100' title="bbox 226 5301 509 5361">
    <p class='ocr_par' dir='ltr' id='par_1_100' title="bbox 226 5301 509 5361">
     <span class='ocr_line' id='line_1_100' title="bbox 226 5301 509 5361; baseline 0.021 -15"><span class='ocrx_word' id='word_1_773' title='bbox 226 5301 379 5361; x_wconf 73' lang='lat' dir='ltr'><strong>tutum,</strong></span> <span class='ocrx_word' id='word_1_774' title='bbox 405 5304 509 5352; x_wconf 79' lang='lat' dir='ltr'><strong>etc.</strong></span> 
     </span>
    </p>
   </div>
   <div class='ocr_carea' id='block_1_101' title="bbox 280 5361 1772 5439">
    <p class='ocr_par' dir='ltr' id='par_1_101' title="bbox 280 5361 1772 5439">
     <span class='ocr_line' id='line_1_101' title="bbox 280 5361 1772 5439; baseline -0.005 -16"><span class='ocrx_word' id='word_1_775' title='bbox 280 5364 305 5407; x_wconf 67' lang='grc' dir='ltr'>δ</span> <span class='ocrx_word' id='word_1_776' title='bbox 334 5370 626 5439; x_wconf 74' lang='lat' dir='ltr'><strong>Origenes,</strong></span> <span class='ocrx_word' id='word_1_777' title='bbox 680 5382 747 5423; x_wconf 79' lang='lat' dir='ltr'><strong>ea</strong></span> <span class='ocrx_word' id='word_1_778' title='bbox 796 5367 988 5439; x_wconf 82' lang='lat' dir='ltr'><strong>Latina</strong></span> <span class='ocrx_word' id='word_1_779' title='bbox 1054 5366 1255 5439; x_wconf 24' lang='lat' dir='ltr'><strong>liuetii,</strong></span> <span class='ocrx_word' id='word_1_780' title='bbox 1291 5361 1772 5439; x_wconf 69' lang='lat' dir='ltr'><strong>interpretatione,</strong></span> 
     </span>
    </p>
   </div>
   <div class='ocr_carea' id='block_1_102' title="bbox 231 5433 1778 5507">
    <p class='ocr_par' dir='ltr' id='par_1_102' title="bbox 231 5433 1778 5507">
     <span class='ocr_line' id='line_1_102' title="bbox 231 5433 1778 5507; baseline -0.008 -8"><span class='ocrx_word' id='word_1_781' title='bbox 231 5433 452 5502; x_wconf 66' lang='grc' dir='ltr'><strong>θεοῖιὶοῆ</strong></span> <span class='ocrx_word' id='word_1_782' title='bbox 480 5449 673 5506; x_wconf 81' lang='lat' dir='ltr'><strong>autem,</strong></span> <span class='ocrx_word' id='word_1_783' title='bbox 705 5440 795 5507; x_wconf 79' lang='lat' dir='ltr'><strong>qui</strong></span> <span class='ocrx_word' id='word_1_784' title='bbox 825 5438 1153 5507; x_wconf 82' lang='lat' dir='ltr'><strong>episcopatus</strong></span> <span class='ocrx_word' id='word_1_785' title='bbox 1176 5436 1343 5490; x_wconf 84' lang='lat' dir='ltr'><strong>locmn</strong></span> <span class='ocrx_word' id='word_1_786' title='bbox 1369 5433 1658 5507; x_wconf 71' lang='lat' dir='ltr'><strong>uindicant,</strong></span> <span class='ocrx_word' id='word_1_787' title='bbox 1692 5433 1778 5486; x_wconf 87' lang='lat' dir='ltr'><strong>di-</strong></span> 
     </span>
    </p>
   </div>
   <div class='ocr_carea' id='block_1_103' title="bbox 226 5506 1781 5579">
    <p class='ocr_par' dir='ltr' id='par_1_103' title="bbox 226 5506 1781 5579">
     <span class='ocr_line' id='line_1_103' title="bbox 226 5506 1781 5579; baseline 0.001 -21"><span class='ocrx_word' id='word_1_788' title='bbox 226 5516 341 5562; x_wconf 78' lang='lat' dir='ltr'><strong>ctum</strong></span> <span class='ocrx_word' id='word_1_789' title='bbox 360 5511 447 5564; x_wconf 88' lang='lat' dir='ltr'><strong>hoc</strong></span> <span class='ocrx_word' id='word_1_790' title='bbox 467 5506 749 5579; x_wconf 84' lang='lat' dir='ltr'><strong>usurpant,</strong></span> <span class='ocrx_word' id='word_1_791' title='bbox 776 5506 907 5564; x_wconf 82' lang='lat' dir='ltr'><strong>sicut</strong></span> <span class='ocrx_word' id='word_1_792' title='bbox 944 5510 1161 5575; x_wconf 86' lang='lat' dir='ltr'><strong>Petrus,</strong></span> <span class='ocrx_word' id='word_1_793' title='bbox 1201 5518 1244 5562; x_wconf 75' lang='lat' dir='ltr'><strong>et</strong></span> <span class='ocrx_word' id='word_1_794' title='bbox 1276 5509 1502 5575; x_wconf 77' lang='lat' dir='ltr'><strong>acceptis</strong></span> <span class='ocrx_word' id='word_1_795' title='bbox 1525 5524 1556 5559; x_wconf 91' lang='lat' dir='ltr'><strong>a</strong></span> <span class='ocrx_word' id='word_1_796' title='bbox 1591 5506 1781 5579; x_wconf 77' lang='lat' dir='ltr'><strong>Serva-</strong></span> 
     </span>
    </p>
   </div>
   <div class='ocr_carea' id='block_1_104' title="bbox 227 5577 1779 5653">
    <p class='ocr_par' dir='ltr' id='par_1_104' title="bbox 227 5577 1779 5653">
     <span class='ocr_line' id='line_1_104' title="bbox 227 5577 1779 5653; baseline -0.003 -20"><span class='ocrx_word' id='word_1_797' title='bbox 227 5588 317 5635; x_wconf 81' lang='lat' dir='ltr'><strong>tore</strong></span> <span class='ocrx_word' id='word_1_798' title='bbox 353 5584 571 5637; x_wconf 76' lang='lat' dir='ltr'><strong>clavibus</strong></span> <span class='ocrx_word' id='word_1_799' title='bbox 595 5577 739 5653; x_wconf 78' lang='lat' dir='ltr'><strong>regni</strong></span> <span class='ocrx_word' id='word_1_800' title='bbox 767 5583 1035 5647; x_wconf 81' lang='lat' dir='ltr'><strong>ctelorum,</strong></span> <span class='ocrx_word' id='word_1_801' title='bbox 1079 5580 1263 5653; x_wconf 77' lang='lat' dir='ltr'><strong>docent</strong></span> <span class='ocrx_word' id='word_1_802' title='bbox 1287 5596 1349 5634; x_wconf 90' lang='lat' dir='ltr'><strong>ea</strong></span> <span class='ocrx_word' id='word_1_803' title='bbox 1373 5619 1389 5645; x_wconf 93' lang='lat'><strong>,</strong></span> <span class='ocrx_word' id='word_1_804' title='bbox 1417 5594 1544 5653; x_wconf 72' lang='lat' dir='ltr'><strong>qute</strong></span> <span class='ocrx_word' id='word_1_805' title='bbox 1561 5595 1593 5630; x_wconf 81' lang='grc' dir='ltr'><strong>ιι</strong></span> <span class='ocrx_word' id='word_1_806' title='bbox 1632 5577 1779 5653; x_wconf 73' lang='lat' dir='ltr'><strong>seti-</strong></span> 
     </span>
    </p>
   </div>
   <div class='ocr_carea' id='block_1_105' title="bbox 230 5649 1780 5722">
    <p class='ocr_par' dir='ltr' id='par_1_105' title="bbox 230 5649 1780 5722">
     <span class='ocr_line' id='line_1_105' title="bbox 230 5649 1780 5722; baseline -0.001 -17"><span class='ocrx_word' id='word_1_807' title='bbox 230 5663 327 5719; x_wconf 78' lang='lat' dir='ltr'><strong>gata</strong></span> <span class='ocrx_word' id='word_1_808' title='bbox 350 5664 480 5716; x_wconf 72' lang='lat' dir='ltr'><strong>sunt,</strong></span> <span class='ocrx_word' id='word_1_809' title='bbox 507 5654 603 5708; x_wconf 84' lang='lat' dir='ltr'><strong>hoc</strong></span> <span class='ocrx_word' id='word_1_810' title='bbox 630 5649 726 5717; x_wconf 71' lang='lat' dir='ltr'><strong>est,</strong></span> <span class='ocrx_word' id='word_1_811' title='bbox 758 5653 1119 5716; x_wconf 82' lang='lat' dir='ltr'><strong>condemnata,</strong></span> <span class='ocrx_word' id='word_1_812' title='bbox 1149 5652 1306 5722; x_wconf 84' lang='lat' dir='ltr'><strong>ligata</strong></span> <span class='ocrx_word' id='word_1_813' title='bbox 1331 5667 1440 5704; x_wconf 84' lang='lat' dir='ltr'><strong>esse</strong></span> <span class='ocrx_word' id='word_1_814' title='bbox 1459 5659 1506 5704; x_wconf 91' lang='lat' dir='ltr'><strong>et</strong></span> <span class='ocrx_word' id='word_1_815' title='bbox 1528 5650 1580 5702; x_wconf 85' lang='lat' dir='ltr'><strong>in</strong></span> <span class='ocrx_word' id='word_1_816' title='bbox 1605 5649 1742 5702; x_wconf 72' lang='lat' dir='ltr'><strong>coriis</strong></span> <span class='ocrx_word' id='word_1_817' title='bbox 1760 5663 1780 5703; x_wconf 89' lang='lat'><strong><em>:</em></strong></span> 
     </span>
    </p>
   </div>
   <div class='ocr_carea' id='block_1_106' title="bbox 231 5722 1779 5792">
    <p class='ocr_par' dir='ltr' id='par_1_106' title="bbox 231 5722 1779 5792">
     <span class='ocr_line' id='line_1_106' title="bbox 231 5722 1779 5792; baseline -0.004 -14"><span class='ocrx_word' id='word_1_818' title='bbox 231 5726 636 5790; x_wconf 66' lang='lat' dir='ltr'><strong>pronuntiandum</strong></span> <span class='ocrx_word' id='word_1_819' title='bbox 667 5733 776 5789; x_wconf 89' lang='lat' dir='ltr'><strong>est,</strong></span> <span class='ocrx_word' id='word_1_820' title='bbox 806 5735 940 5780; x_wconf 82' lang='lat' dir='ltr'><strong>recte</strong></span> <span class='ocrx_word' id='word_1_821' title='bbox 964 5724 1084 5778; x_wconf 88' lang='lat' dir='ltr'><strong>illos</strong></span> <span class='ocrx_word' id='word_1_822' title='bbox 1109 5725 1309 5787; x_wconf 82' lang='lat' dir='ltr'><strong>dicere,</strong></span> <span class='ocrx_word' id='word_1_823' title='bbox 1340 5724 1385 5775; x_wconf 89' lang='lat' dir='ltr'><strong>si</strong></span> <span class='ocrx_word' id='word_1_824' title='bbox 1416 5722 1605 5792; x_wconf 79' lang='lat' dir='ltr'><strong>factum</strong></span> <span class='ocrx_word' id='word_1_825' title='bbox 1624 5725 1779 5775; x_wconf 86' lang='lat' dir='ltr'><strong>etiam</strong></span> 
     </span>
    </p>
   </div>
   <div class='ocr_carea' id='block_1_107' title="bbox 237 5792 1783 5870">
    <p class='ocr_par' dir='ltr' id='par_1_107' title="bbox 237 5792 1783 5870">
     <span class='ocr_line' id='line_1_107' title="bbox 237 5792 1783 5870; baseline 0 -25"><span class='ocrx_word' id='word_1_826' title='bbox 237 5793 494 5870; x_wconf 61' lang='lat' dir='ltr'><strong>habuerint,</strong></span> <span class='ocrx_word' id='word_1_827' title='bbox 525 5804 736 5870; x_wconf 81' lang='lat' dir='ltr'><strong>prepter</strong></span> <span class='ocrx_word' id='word_1_828' title='bbox 760 5795 896 5867; x_wconf 88' lang='lat' dir='ltr'><strong>quod</strong></span> <span class='ocrx_word' id='word_1_829' title='bbox 924 5795 1078 5852; x_wconf 87' lang='lat' dir='ltr'><strong>Petro</strong></span> <span class='ocrx_word' id='word_1_830' title='bbox 1106 5794 1548 5870; x_wconf 40' lang='lat' dir='ltr'><strong>huicdictumue‘st</strong></span> <span class='ocrx_word' id='word_1_831' title='bbox 1577 5810 1596 5847; x_wconf 87' lang='lat'><strong><em>:</em></strong></span> <span class='ocrx_word' id='word_1_832' title='bbox 1621 5792 1783 5870; x_wconf 52' lang='lat' dir='ltr'><strong>Tunes</strong></span> 
     </span>
    </p>
   </div>
   <div class='ocr_carea' id='block_1_108' title="bbox 241 5862 1784 5938">
    <p class='ocr_par' dir='ltr' id='par_1_108' title="bbox 241 5862 1784 5938">
     <span class='ocr_line' id='line_1_108' title="bbox 241 5862 1784 5938; baseline -0.001 -19"><span class='ocrx_word' id='word_1_833' title='bbox 241 5862 434 5934; x_wconf 81' lang='lat' dir='ltr'><strong>Petrus;</strong></span> <span class='ocrx_word' id='word_1_834' title='bbox 454 5862 593 5925; x_wconf 43' lang='lat' dir='ltr'><strong>a&#39;c&#39;si</strong></span> <span class='ocrx_word' id='word_1_835' title='bbox 622 5862 759 5924; x_wconf 78' lang='lat' dir='ltr'><strong>tales</strong></span> <span class='ocrx_word' id='word_1_836' title='bbox 772 5862 902 5923; x_wconf 68' lang='lat' dir='ltr'><strong>sunt</strong></span> <span class='ocrx_word' id='word_1_837' title='bbox 922 5912 937 5937; x_wconf 91' lang='lat'><strong>,</strong></span> <span class='ocrx_word' id='word_1_838' title='bbox 971 5876 1025 5921; x_wconf 86' lang='lat' dir='ltr'><strong>ut</strong></span> <span class='ocrx_word' id='word_1_839' title='bbox 1055 5882 1208 5938; x_wconf 86' lang='lat' dir='ltr'><strong>super</strong></span> <span class='ocrx_word' id='word_1_840' title='bbox 1226 5865 1348 5922; x_wconf 88' lang='lat' dir='ltr'><strong>illos</strong></span> <span class='ocrx_word' id='word_1_841' title='bbox 1376 5863 1659 5934; x_wconf 74' lang='lat' dir='ltr'><strong>auliﬁretur</strong></span> <span class='ocrx_word' id='word_1_842' title='bbox 1683 5862 1784 5917; x_wconf 80' lang='lat' dir='ltr'><strong>Ec-</strong></span> 
     </span>
    </p>
   </div>
   <div class='ocr_carea' id='block_1_109' title="bbox 1879 4739 3483 4823">
    <p class='ocr_par' dir='ltr' id='par_1_109' title="bbox 1879 4739 3483 4823">
     <span class='ocr_line' id='line_1_109' title="bbox 1879 4739 3483 4823; baseline -0.002 -22"><span class='ocrx_word' id='word_1_843' title='bbox 1879 4744 2000 4801; x_wconf 91' lang='lat' dir='ltr'><strong>dest</strong></span> <span class='ocrx_word' id='word_1_844' title='bbox 2022 4742 2302 4799; x_wconf 85' lang='lat' dir='ltr'><strong>Christum</strong></span> <span class='ocrx_word' id='word_1_845' title='bbox 2335 4740 2553 4815; x_wconf 88' lang='lat' dir='ltr'><strong>publice</strong></span> <span class='ocrx_word' id='word_1_846' title='bbox 2582 4739 2909 4823; x_wconf 76' lang='lat' dir='ltr'><strong>praedicare,</strong></span> <span class='ocrx_word' id='word_1_847' title='bbox 2941 4749 2997 4796; x_wconf 91' lang='lat' dir='ltr'><strong>et</strong></span> <span class='ocrx_word' id='word_1_848' title='bbox 3029 4741 3149 4811; x_wconf 79' lang='lat' dir='ltr'><strong>eju’s</strong></span> <span class='ocrx_word' id='word_1_849' title='bbox 3168 4742 3397 4813; x_wconf 84' lang='lat' dir='ltr'><strong>vulgare</strong></span> <span class='ocrx_word' id='word_1_850' title='bbox 3428 4742 3483 4813; x_wconf 80' lang='lat' dir='ltr'><strong>in</strong></span> 
     </span>
    </p>
   </div>
   <div class='ocr_carea' id='block_1_110' title="bbox 1872 4921 3487 4997">
    <p class='ocr_par' dir='ltr' id='par_1_110' title="bbox 1872 4921 3487 4997">
     <span class='ocr_line' id='line_1_110' title="bbox 1872 4921 3487 4997; baseline -0.003 -12"><span class='ocrx_word' id='word_1_851' title='bbox 1872 4930 2033 4985; x_wconf 87' lang='lat' dir='ltr'><strong>clesia</strong></span> <span class='ocrx_word' id='word_1_852' title='bbox 2055 4946 2087 4984; x_wconf 87' lang='lat' dir='ltr'><strong>a</strong></span> <span class='ocrx_word' id='word_1_853' title='bbox 2106 4925 2335 4993; x_wconf 85' lang='lat' dir='ltr'><strong>Christo,</strong></span> <span class='ocrx_word' id='word_1_854' title='bbox 2364 4933 2415 4980; x_wconf 84' lang='lat' dir='ltr'><strong>et</strong></span> <span class='ocrx_word' id='word_1_855' title='bbox 2431 4924 2501 4979; x_wconf 89' lang='lat' dir='ltr'><strong>ad</strong></span> <span class='ocrx_word' id='word_1_856' title='bbox 2519 4924 2639 4979; x_wconf 89' lang='lat' dir='ltr'><strong>illos</strong></span> <span class='ocrx_word' id='word_1_857' title='bbox 2657 4928 2781 4997; x_wconf 80' lang='lat' dir='ltr'><strong>jure</strong></span> <span class='ocrx_word' id='word_1_858' title='bbox 2802 4924 2856 4997; x_wconf 80' lang='lat' dir='ltr'><strong>id</strong></span> <span class='ocrx_word' id='word_1_859' title='bbox 2883 4924 3064 4997; x_wconf 75' lang='lat' dir='ltr'><strong>referri</strong></span> <span class='ocrx_word' id='word_1_860' title='bbox 3089 4925 3268 4993; x_wconf 84' lang='lat' dir='ltr'><strong>possit.</strong></span> <span class='ocrx_word' id='word_1_861' title='bbox 3301 4921 3487 4980; x_wconf 62' lang='lat' dir='ltr'><strong>Porta:</strong></span> 
     </span>
    </p>
   </div>
   <div class='ocr_carea' id='block_1_111' title="bbox 1875 4996 3477 5071">
    <p class='ocr_par' dir='ltr' id='par_1_111' title="bbox 1875 4996 3477 5071">
     <span class='ocr_line' id='line_1_111' title="bbox 1875 4996 3477 5071; baseline -0.005 -14"><span class='ocrx_word' id='word_1_862' title='bbox 1875 5011 2043 5057; x_wconf 83' lang='lat' dir='ltr'><strong>autem</strong></span> <span class='ocrx_word' id='word_1_863' title='bbox 2074 4999 2230 5071; x_wconf 83' lang='lat' dir='ltr'><strong>inferi</strong></span> <span class='ocrx_word' id='word_1_864' title='bbox 2271 4998 2549 5071; x_wconf 66' lang='lat' dir='ltr'><strong>praeualere</strong></span> <span class='ocrx_word' id='word_1_865' title='bbox 2570 4996 2908 5071; x_wconf 34' lang='lat' dir='ltr'><strong>Anondebeut</strong></span> <span class='ocrx_word' id='word_1_866' title='bbox 2948 4996 3191 5071; x_wconf 73' lang='lat' dir='ltr'><strong>adversus</strong></span> <span class='ocrx_word' id='word_1_867' title='bbox 3231 5011 3349 5050; x_wconf 84' lang='lat' dir='ltr'><strong>eum</strong></span> <span class='ocrx_word' id='word_1_868' title='bbox 3384 4997 3477 5067; x_wconf 86' lang='lat' dir='ltr'><strong>qui</strong></span> 
     </span>
    </p>
   </div>
   <div class='ocr_carea' id='block_1_112' title="bbox 1878 5066 3473 5145">
    <p class='ocr_par' dir='ltr' id='par_1_112' title="bbox 1878 5066 3473 5145">
     <span class='ocr_line' id='line_1_112' title="bbox 1878 5066 3473 5145; baseline -0.003 -18"><span class='ocrx_word' id='word_1_869' title='bbox 1878 5075 2041 5145; x_wconf 84' lang='lat' dir='ltr'><strong>ligare</strong></span> <span class='ocrx_word' id='word_1_870' title='bbox 2068 5066 2177 5125; x_wconf 79' lang='lat' dir='ltr'><strong>uult</strong></span> <span class='ocrx_word' id='word_1_871' title='bbox 2220 5066 2277 5124; x_wconf 84' lang='lat' dir='ltr'><strong>et</strong></span> <span class='ocrx_word' id='word_1_872' title='bbox 2315 5070 2529 5145; x_wconf 66' lang='lat' dir='ltr'><strong>soluere.</strong></span> <span class='ocrx_word' id='word_1_873' title='bbox 2557 5068 2713 5136; x_wconf 89' lang='lat' dir='ltr'><strong>Quod</strong></span> <span class='ocrx_word' id='word_1_874' title='bbox 2760 5068 2804 5121; x_wconf 90' lang='lat' dir='ltr'><strong>si</strong></span> <span class='ocrx_word' id='word_1_875' title='bbox 2851 5066 3069 5145; x_wconf 77' lang='lat' dir='ltr'><strong>funibus</strong></span> <span class='ocrx_word' id='word_1_876' title='bbox 3120 5066 3473 5145; x_wconf 68' lang='lat' dir='ltr'><strong>peccatorum</strong></span> 
     </span>
    </p>
   </div>
   <div class='ocr_carea' id='block_1_113' title="bbox 1880 5139 3471 5210">
    <p class='ocr_par' dir='ltr' id='par_1_113' title="bbox 1880 5139 3471 5210">
     <span class='ocr_line' id='line_1_113' title="bbox 1880 5139 3471 5210; baseline -0.006 -9"><span class='ocrx_word' id='word_1_877' title='bbox 1880 5139 2099 5201; x_wconf 81' lang='lat' dir='ltr'><strong>suorum</strong></span> <span class='ocrx_word' id='word_1_878' title='bbox 2123 5141 2539 5207; x_wconf 75' lang='lat' dir='ltr'><strong>constringitur,</strong></span> <span class='ocrx_word' id='word_1_879' title='bbox 2571 5145 2768 5210; x_wconf 76' lang='lat' dir='ltr'><strong>frustra</strong></span> <span class='ocrx_word' id='word_1_880' title='bbox 2796 5148 2845 5193; x_wconf 89' lang='lat' dir='ltr'><strong>et</strong></span> <span class='ocrx_word' id='word_1_881' title='bbox 2879 5140 3005 5210; x_wconf 83' lang='lat' dir='ltr'><strong>ligat</strong></span> <span class='ocrx_word' id='word_1_882' title='bbox 3027 5149 3074 5193; x_wconf 87' lang='lat' dir='ltr'><strong>et</strong></span> <span class='ocrx_word' id='word_1_883' title='bbox 3097 5139 3267 5193; x_wconf 77' lang='lat' dir='ltr'><strong>soluit.</strong></span> <span class='ocrx_word' id='word_1_884' title='bbox 3299 5139 3471 5203; x_wconf 86' lang='lat' dir='ltr'><strong>Quam</strong></span> 
     </span>
    </p>
   </div>
   <div class='ocr_carea' id='block_1_114' title="bbox 1881 5210 3473 5284">
    <p class='ocr_par' dir='ltr' id='par_1_114' title="bbox 1881 5210 3473 5284">
     <span class='ocr_line' id='line_1_114' title="bbox 1881 5210 3473 5284; baseline -0.004 -15"><span class='ocrx_word' id='word_1_885' title='bbox 1881 5231 2014 5270; x_wconf 84' lang='lat' dir='ltr'><strong>sane</strong></span> <span class='ocrx_word' id='word_1_886' title='bbox 2041 5213 2405 5284; x_wconf 81' lang='lat' dir='ltr'><strong>periculosam</strong></span> <span class='ocrx_word' id='word_1_887' title='bbox 2428 5211 3078 5284; x_wconf 12' lang='lat' dir='ltr'><strong>lalsamquegsententiam</strong></span> <span class='ocrx_word' id='word_1_888' title='bbox 3110 5210 3473 5284; x_wconf 73' lang='lat' dir='ltr'><strong>Hieronymus</strong></span> 
     </span>
    </p>
   </div>
   <div class='ocr_carea' id='block_1_115' title="bbox 1888 5280 3474 5350">
    <p class='ocr_par' dir='ltr' id='par_1_115' title="bbox 1888 5280 3474 5350">
     <span class='ocr_line' id='line_1_115' title="bbox 1888 5280 3474 5350; baseline -0.006 -7"><span class='ocrx_word' id='word_1_889' title='bbox 1888 5288 1943 5343; x_wconf 89' lang='lat' dir='ltr'><strong>in</strong></span> <span class='ocrx_word' id='word_1_890' title='bbox 1976 5280 2319 5341; x_wconf 75' lang='lat' dir='ltr'><strong>commodum</strong></span> <span class='ocrx_word' id='word_1_891' title='bbox 2361 5298 2580 5337; x_wconf 86' lang='lat' dir='ltr'><strong>sensum</strong></span> <span class='ocrx_word' id='word_1_892' title='bbox 2613 5280 2795 5349; x_wconf 75' lang='lat' dir='ltr'><strong>traxit,</strong></span> <span class='ocrx_word' id='word_1_893' title='bbox 2838 5282 3178 5350; x_wconf 84' lang='lat' dir='ltr'><strong>mutavitque</strong></span> <span class='ocrx_word' id='word_1_894' title='bbox 3218 5282 3474 5335; x_wconf 84' lang='lat' dir='ltr'><strong>eruditis-</strong></span> 
     </span>
    </p>
   </div>
   <div class='ocr_carea' id='block_1_116' title="bbox 1890 5353 3484 5420">
    <p class='ocr_par' dir='ltr' id='par_1_116' title="bbox 1890 5353 3484 5420">
     <span class='ocr_line' id='line_1_116' title="bbox 1890 5353 3484 5420; baseline -0.008 -6"><span class='ocrx_word' id='word_1_895' title='bbox 1890 5360 2027 5415; x_wconf 89' lang='lat' dir='ltr'><strong>sime</strong></span> <span class='ocrx_word' id='word_1_896' title='bbox 2060 5359 2111 5411; x_wconf 91' lang='lat' dir='ltr'><strong>in</strong></span> <span class='ocrx_word' id='word_1_897' title='bbox 2141 5371 2346 5411; x_wconf 79' lang='lat' dir='ltr'><strong>veram.</strong></span> <span class='ocrx_word' id='word_1_898' title='bbox 2394 5354 2491 5409; x_wconf 82' lang='lat' dir='ltr'><strong>Ille</strong></span> <span class='ocrx_word' id='word_1_899' title='bbox 2523 5355 2900 5413; x_wconf 82' lang='lat' dir='ltr'><strong>ministrorum</strong></span> <span class='ocrx_word' id='word_1_900' title='bbox 2945 5353 3203 5407; x_wconf 70' lang='lat' dir='ltr'><strong>Ecclesia:</strong></span> <span class='ocrx_word' id='word_1_901' title='bbox 3243 5360 3484 5420; x_wconf 80' lang='lat' dir='ltr'><strong>potesta-</strong></span> 
     </span>
    </p>
   </div>
   <div class='ocr_carea' id='block_1_117' title="bbox 1887 5421 3475 5495">
    <p class='ocr_par' dir='ltr' id='par_1_117' title="bbox 1887 5421 3475 5495">
     <span class='ocr_line' id='line_1_117' title="bbox 1887 5421 3475 5495; baseline -0.006 -10"><span class='ocrx_word' id='word_1_902' title='bbox 1887 5440 1997 5487; x_wconf 86' lang='lat' dir='ltr'><strong>tem</strong></span> <span class='ocrx_word' id='word_1_903' title='bbox 2027 5445 2093 5483; x_wconf 77' lang='lat' dir='ltr'><strong>ex</strong></span> <span class='ocrx_word' id='word_1_904' title='bbox 2124 5442 2312 5483; x_wconf 88' lang='lat' dir='ltr'><strong>eorum</strong></span> <span class='ocrx_word' id='word_1_905' title='bbox 2363 5425 2603 5495; x_wconf 84' lang='lat' dir='ltr'><strong>pendere</strong></span> <span class='ocrx_word' id='word_1_906' title='bbox 2630 5425 2851 5479; x_wconf 85' lang='lat' dir='ltr'><strong>volebat</strong></span> <span class='ocrx_word' id='word_1_907' title='bbox 2883 5424 3193 5495; x_wconf 78' lang='lat' dir='ltr'><strong>integritate</strong></span> <span class='ocrx_word' id='word_1_908' title='bbox 3224 5440 3239 5477; x_wconf 87' lang='lat'><strong>:</strong></span> <span class='ocrx_word' id='word_1_909' title='bbox 3272 5437 3374 5490; x_wconf 89' lang='lat' dir='ltr'><strong>qua</strong></span> <span class='ocrx_word' id='word_1_910' title='bbox 3404 5421 3475 5476; x_wconf 85' lang='lat' dir='ltr'><strong>de</strong></span> 
     </span>
    </p>
   </div>
   <div class='ocr_carea' id='block_1_118' title="bbox 1886 5493 3479 5562">
    <p class='ocr_par' dir='ltr' id='par_1_118' title="bbox 1886 5493 3479 5562">
     <span class='ocr_line' id='line_1_118' title="bbox 1886 5493 3479 5562; baseline -0.009 -5"><span class='ocrx_word' id='word_1_911' title='bbox 1886 5518 1948 5557; x_wconf 86' lang='lat' dir='ltr'><strong>re</strong></span> <span class='ocrx_word' id='word_1_912' title='bbox 1989 5500 2184 5555; x_wconf 88' lang='lat' dir='ltr'><strong>merito</strong></span> <span class='ocrx_word' id='word_1_913' title='bbox 2216 5515 2243 5552; x_wconf 86' lang='lat' dir='ltr'><strong>a</strong></span> <span class='ocrx_word' id='word_1_914' title='bbox 2275 5493 2450 5551; x_wconf 86' lang='lat' dir='ltr'><strong>doctis</strong></span> <span class='ocrx_word' id='word_1_915' title='bbox 2475 5497 2607 5552; x_wconf 85' lang='lat' dir='ltr'><strong>viris</strong></span> <span class='ocrx_word' id='word_1_916' title='bbox 2636 5496 3056 5562; x_wconf 84' lang='lat' dir='ltr'><strong>reprehenditur</strong></span> <span class='ocrx_word' id='word_1_917' title='bbox 3084 5510 3098 5547; x_wconf 89' lang='lat'><strong>:</strong></span> <span class='ocrx_word' id='word_1_918' title='bbox 3135 5493 3222 5548; x_wconf 90' lang='lat' dir='ltr'><strong>hic</strong></span> <span class='ocrx_word' id='word_1_919' title='bbox 3247 5533 3260 5553; x_wconf 85' lang='lat'><strong>.</strong></span> <span class='ocrx_word' id='word_1_920' title='bbox 3293 5508 3360 5548; x_wconf 93' lang='lat' dir='ltr'><strong>no</strong></span> <span class='ocrx_word' id='word_1_921' title='bbox 3391 5508 3479 5544; x_wconf 61' lang='lat' dir='ltr'><strong>sa.</strong></span> 
     </span>
    </p>
   </div>
   <div class='ocr_carea' id='block_1_119' title="bbox 1886 5564 3469 5631">
    <p class='ocr_par' dir='ltr' id='par_1_119' title="bbox 1886 5564 3469 5631">
     <span class='ocr_line' id='line_1_119' title="bbox 1886 5564 3469 5631; baseline -0.007 -2"><span class='ocrx_word' id='word_1_922' title='bbox 1886 5574 2139 5629; x_wconf 83' lang='lat' dir='ltr'><strong>cerdotes</strong></span> <span class='ocrx_word' id='word_1_923' title='bbox 2170 5570 2276 5626; x_wconf 90' lang='lat' dir='ltr'><strong>sibi</strong></span> <span class='ocrx_word' id='word_1_924' title='bbox 2323 5569 2546 5624; x_wconf 88' lang='lat' dir='ltr'><strong>nimium</strong></span> <span class='ocrx_word' id='word_1_925' title='bbox 2598 5568 2666 5624; x_wconf 92' lang='lat' dir='ltr'><strong>de</strong></span> <span class='ocrx_word' id='word_1_926' title='bbox 2694 5569 3018 5623; x_wconf 77' lang='lat' dir='ltr'><strong>auctoritate</strong></span> <span class='ocrx_word' id='word_1_927' title='bbox 3056 5564 3469 5631; x_wconf 74' lang='lat' dir='ltr'><strong>eblandiantur,</strong></span> 
     </span>
    </p>
   </div>
   <div class='ocr_carea' id='block_1_120' title="bbox 1887 5635 3477 5716">
    <p class='ocr_par' dir='ltr' id='par_1_120' title="bbox 1887 5635 3477 5716">
     <span class='ocr_line' id='line_1_120' title="bbox 1887 5635 3477 5716; baseline -0.008 -15"><span class='ocrx_word' id='word_1_928' title='bbox 1887 5659 2058 5716; x_wconf 84' lang='lat' dir='ltr'><strong>eaque</strong></span> <span class='ocrx_word' id='word_1_929' title='bbox 2107 5643 2686 5716; x_wconf 6' lang='lat' dir='ltr'><strong>abutanturytemere,</strong></span> <span class='ocrx_word' id='word_1_930' title='bbox 2738 5640 2906 5709; x_wconf 81' lang='lat' dir='ltr'><strong>magis</strong></span> <span class='ocrx_word' id='word_1_931' title='bbox 2952 5637 3059 5716; x_wconf 87' lang='lat' dir='ltr'><strong>ait_,</strong></span> <span class='ocrx_word' id='word_1_932' title='bbox 3111 5635 3253 5705; x_wconf 87' lang='lat' dir='ltr'><strong>apud</strong></span> <span class='ocrx_word' id='word_1_933' title='bbox 3306 5635 3477 5716; x_wconf 83' lang='lat' dir='ltr'><strong>Deum</strong></span> 
     </span>
    </p>
   </div>
   <div class='ocr_carea' id='block_1_121' title="bbox 1887 5707 3481 5786">
    <p class='ocr_par' dir='ltr' id='par_1_121' title="bbox 1887 5707 3481 5786">
     <span class='ocr_line' id='line_1_121' title="bbox 1887 5707 3481 5786; baseline -0.009 -17"><span class='ocrx_word' id='word_1_934' title='bbox 1887 5707 2055 5786; x_wconf 66' lang='lat' dir='ltr'><strong>quam</strong></span> <span class='ocrx_word' id='word_1_935' title='bbox 2112 5727 2329 5770; x_wconf 87' lang='lat' dir='ltr'><strong>reorum</strong></span> <span class='ocrx_word' id='word_1_936' title='bbox 2383 5714 2547 5769; x_wconf 86' lang='lat' dir='ltr'><strong>vitam</strong></span> <span class='ocrx_word' id='word_1_937' title='bbox 2578 5755 2591 5777; x_wconf 94' lang='lat'><strong>,</strong></span> <span class='ocrx_word' id='word_1_938' title='bbox 2650 5707 3205 5779; x_wconf 61' lang='lat' dir='ltr'><strong>quam&#39;sacerdotum</strong></span> <span class='ocrx_word' id='word_1_939' title='bbox 3261 5715 3481 5764; x_wconf 77' lang='lat' dir='ltr'><strong>senten.</strong></span> 
     </span>
    </p>
   </div>
   <div class='ocr_carea' id='block_1_122' title="bbox 1888 5790 2040 5844">
    <p class='ocr_par' dir='ltr' id='par_1_122' title="bbox 1888 5790 2040 5844">
     <span class='ocr_line' id='line_1_122' title="bbox 1888 5790 2040 5844; baseline 0.007 -1"><span class='ocrx_word' id='word_1_940' title='bbox 1888 5790 2040 5844; x_wconf 86' lang='lat' dir='ltr'><strong>tiam.</strong></span> 
     </span>
    </p>
   </div>
  </div>
