4004 6332
453 295 557 352 H9

1689 290 1750 348 S.
1796 289 2067 347 EUSEBll
2109 286 2489 346 ιιιΕιιοΝγιιι

3647 286 3747 343 1ἓο

454 412 672 485 populis
707 382 1061 484 maiestatem
1084 456 1099 479 ,
1146 428 1307 485 quem
1345 421 1466 483 post
1496 408 1772 482 paululum
1808 407 2049 480 ﬂagella-
2075 407 2126 471 Α
2152 407 2275 479 quia
2298 424 2404 461 non
2426 407 2568 477 sapis
2604 422 2667 461 ea
2688 422 2805 476 quae
2829 404 2931 462 Dei
2975 414 3118 474 sunt,
3165 404 3256 461 sed
3297 420 3411 476 qtae
3452 403 3746 461 hominum.

455 516 570 564 tum
599 506 770 563 visuri
801 509 912 563 sint
942 515 1000 564 et
1027 505 1384 574 crucifixum,
1424 503 1583 577 126
1606 511 1662 559 et
1691 501 1856 558 multa
1885 502 1988 571 pati
2020 515 2051 555 a

454 601 789 672 senioribus,
823 610 882 657 et
922 601 1143 669 scribis,
1188 609 1245 656 et
1290 597 1626 670 principibus
1675 594 2047 651 sacerdotum.

456 694 526 751 Et
556 711 699 750 nunc
722 695 881 752 Jesus
910 696 1080 750 multa
1114 695 1318 764 patitur
1347 690 1547 760 abhis,
1578 690 1669 762 qui
1697 704 1914 745 rursum
1946 687 2051 743 sibi

455 790 781 861 cruciﬁgunt
806 788 1004 844 Filium
1035 788 1131 845 Dei
1173 787 1359 861 (Hebr.
1392 784 1469 856 vr)
1520 805 1530 840 :
1573 796 1626 841 et
1655 800 1780 840 cum
1807 784 2054 840 seniores

454 890 713 952 putentur
744 882 798 936 in
832 880 1097 945 Ecclesia,
1128 889 1182 934 et
1213 878 1491 950 principes
1512 876 1888 939 sacerdotum,
1922 875 2051 930 sim-

454 974 654 1045 plicem
684 985 978 1045 sequentes
1009 973 1273 1040 litteram,
1301 971 1559 1028 occidunt
1585 969 1788 1025 Filium
1814 969 1929 1037 Dei,
1959 968 2050 1039 qui

458 1078 603 1125 totus
634 1069 864 1123 sentitur
898 1069 949 1122 in
982 1068 1201 1137 Spiritu.
1472 1076 1475 1079 ‘

526 1160 709 1232 (Vers.
740 1160 832 1226 εἰ,
862 1161 982 1227 25.)
1013 1158 1082 1214 Et
1105 1174 1373 1215 assumens
1393 1174 1511 1211 eum
1547 1156 1755 1222 Petrus,
1787 1156 1934 1226 coepit
1974 1155 2056 1207 in-

452 1274 666 1329 crepare
692 1257 864 1322 illum,
890 1257 1068 1311 dicens
1086 1272 1106 1309 :
1128 1254 1274 1309 Absit
1294 1270 1327 1308 a
1355 1264 1422 1317 te,
1446 1251 1679 1318 Domine,
1713 1267 1817 1304 non
1844 1249 1940 1304 erit
1965 1248 2056 1302 tibi

450 1350 569 1405 hor.
606 1349 707 1417 Qui
751 1365 1024 1405 conversus
1053 1348 1186 1402 dixit
1222 1345 1379 1400 Petro
1413 1362 1429 1398 :
1470 1342 1611 1397 Vade
1645 1352 1758 1412 post
1799 1356 1878 1395 me
1905 1381 1920 1406 ,
1951 1339 2053 1395 Sa-

453 1453 599 1511 tana,
628 1440 935 1498 scandalum
979 1456 1031 1495 es
1064 1437 1190 1493 mihi
1222 1453 1239 1492 :
1280 1437 1400 1508 quia
1426 1452 1529 1491 non
1563 1434 1702 1506 sapis
1731 1450 1790 1501 ea
1816 1448 1931 1505 quis
1959 1430 2056 1486 Dei

447 1545 603 1603 sunt,
650 1536 740 1589 sed
770 1551 831 1589 ea
861 1549 975 1603 quae
1007 1532 1296 1587 hominum.
1331 1529 1491 1600 Saepe
1517 1526 1752 1583 diximus
1787 1525 1937 1580 nimii
1968 1539 2057 1579 ar—

457 1629 608 1684 doris
636 1629 950 1699 amorisque
978 1641 1139 1698 quam
1173 1622 1395 1680 maximi
1423 1622 1588 1678 fuisse
1610 1620 1832 1676 Petrum
1868 1619 1921 1673 in
1952 1617 2057 1672 Do-

462 1722 669 1779 miuum
716 1721 1084 1779 Salvatorem.
1128 1720 1265 1788 Quia
1317 1732 1449 1789 ergo
1496 1727 1619 1787 post
1656 1714 2058 1771 confessionem

2157 501 2289 556 Mea:
2321 500 2614 555 voluntatis
2643 507 2748 568 est,
2776 510 2830 555 et
2859 499 3037 555 Patris
3068 496 3254 573 (cujus
3288 498 3409 554 veni
3439 496 3623 556 facere
3651 513 3749 555 vo-

2157 596 2419 652 luntatem
2451 594 2635 670 (Joan.
2670 595 2753 665 vt)
2784 603 2844 651 ut
2873 612 2972 665 pro
2994 594 3278 650 hominum
3309 595 3485 650 salute
3515 594 3745 661 moriar,

2157 698 2215 745 tu
2246 698 2396 745 tuam
2437 698 2647 745 tantum
2698 688 3051 745 considerans
3093 688 3458 755 voluntatem,
3513 703 3620 742 non
3670 688 3755 744 vis

2155 797 2387 853 granum
2418 781 2582 837 tritici
2626 782 2680 837 in
2713 790 2913 837 terram
2945 780 3145 837 cadere
3167 822 3182 845 ,
3210 790 3270 836 ut
3301 780 3505 835 multos
3546 780 3755 836 fruetus

2158 874 2346 931 all'erat
2373 873 2559 948 (loan.
2594 876 2715 947 xu).
2746 874 2993 931 Prudens
3018 875 3191 930 lector
3220 874 3459 944 inquirat
3481 873 3756 943 quomodo

2158 978 2283 1040 post
2310 979 2514 1025 tantam
2562 967 2954 1024 beatitudinem
3008 986 3021 1022 :
3076 966 3266 1022 Beatus
3290 984 3379 1033 es,
3409 966 3595 1023 Simon
3617 965 3757 1021 Bar-

2151 1062 2323 1133 jona;
2366 1072 2420 1117 et
2451 1079 2465 1115 :
2500 1060 2580 1116 Tu
2600 1077 2652 1116 es
2684 1060 2908 1127 Petrus;
2938 1072 2985 1116 et
3012 1078 3167 1131 super
3194 1060 3329 1116 hanc
3366 1071 3561 1132 petram
3591 1060 3760 1130 tedifi-

2159 1152 2284 1208 cabo
2312 1151 2605 1230 Ecclesium
2658 1170 2860 1220 nicum;
2908 1164 2956 1209 et
2983 1164 3147 1227 portte
3177 1154 3335 1225 inferi
3373 1170 3479 1209 non
3503 1154 3759 1226 prccvale-

2161 1246 2285 1300 bunt
2316 1247 2563 1301 adversus
2606 1262 2755 1312 eam;
2799 1256 2893 1301 et:
2929 1244 3044 1301 Tibi
3070 1246 3205 1301 dabo
3233 1247 3401 1301 claves
3430 1246 3582 1320 regni
3606 1246 3761 1301 caelo.

2158 1355 2310 1406 rum;
2341 1349 2397 1394 et
2432 1356 2445 1393 :
2478 1338 2630 1406 Quod
2658 1339 2903 1412 ligaveris
2923 1341 3000 1395 vel
3022 1341 3233 1395 solveris
3252 1357 3408 1411 super
3429 1350 3643 1406 terram,
3663 1340 3763 1394 erit

2161 1433 2381 1506 ligatum
2400 1435 2479 1487 vel
2500 1434 2727 1489 solutum
2756 1434 2808 1488 in
2834 1434 2996 1499 cmlo;
3024 1449 3166 1492 nunc
3195 1432 3380 1489 audiat
3408 1452 3422 1487 :
3457 1433 3601 1489 Vade
3622 1442 3761 1487 retro

2162 1541 2261 1589 me,
2288 1524 2516 1593 Satana,
2546 1526 2853 1581 scandalum
2876 1525 3005 1581 mihi
3026 1528 3122 1582 es?
3152 1526 3259 1582 Aut
3285 1542 3407 1599 quae
3433 1527 3505 1581 sit
3536 1538 3646 1581 tam
3679 1541 3764 1582 re-

2163 1619 2383 1690 pentina
2414 1620 2702 1676 conversio
2722 1661 2737 1687 ,
2773 1630 2832 1674 ut
2865 1629 2991 1690 post
3044 1631 3195 1676 tanta
3238 1620 3456 1691 praemia
3487 1664 3502 1687 ,
3530 1621 3763 1678 Satanas

2162 1713 2503 1784 appelletur?
2555 1712 2663 1769 Sed
2710 1711 2736 1751 ά
2786 1714 2832 1768 si
2887 1713 3202 1770 consideret
3244 1715 3335 1784 qui
3385 1713 3491 1769 hoc
3541 1714 3761 1785 qumrit,

457 1834 611 1874 suam
643 1861 657 1884 ,
689 1834 792 1888 qua
824 1816 1038 1872 dixerat
1074 1833 1088 1870 :
1121 1813 1206 1869 Tu
1242 1830 1294 1869 es
1335 1811 1569 1869 Christus
1597 1808 1646 1863 F
1651 1810 1769 1865 ilius
1796 1806 1895 1864 Dei
1922 1809 2055 1875 vivi;
2088 1812 2133 1872 Β
2162 1806 2326 1862 Petro
2349 1806 2495 1861 illam
2530 1806 2963 1862 benedictionem
3002 1814 3056 1863 et
3104 1806 3519 1869 beatitudinem.
3568 1822 3632 1861 ac
3669 1821 3764 1877 po-

462 1920 520 1969 et
551 1911 833 1982 praemium
863 1909 1193 1974 Salvatoris,
1238 1907 1380 1980 quod
1416 1906 1661 1963 audierat
1697 1922 1711 1959 :
1753 1902 1942 1959 Beatus
1982 1920 2058 1970 es,

390 2022 403 2032 ‘
458 2003 645 2060 Simon
669 2003 922 2077 Barjona,
942 2003 1066 2075 quia
1086 2018 1207 2056 caro
1235 2010 1281 2055 et
1303 2000 1516 2072 sanguis
1539 2015 1641 2053 non
1668 1993 1913 2052 revelavt't
1936 1996 2060 2062 tibi;

460 2097 551 2151 sed
573 2095 736 2151 Pater
758 2111 901 2150 meus
928 2095 1016 2167 qui
1046 2094 1097 2148 in
1142 2092 1282 2147 caelis
1316 2101 1415 2158 est,
1447 2099 1672 2160 repente
1697 2087 1852 2144 audit
1894 2102 1926 2142 a
1956 2087 2063 2142 Do-

459 2189 640 2259 mino,
671 2198 931 2259 oportere
960 2201 1018 2243 se
1050 2186 1131 2243 ire
1172 2185 1607 2257 Jerosolymam,
1661 2182 1843 2252 ibique
1888 2181 2062 2236 multa

457 2280 568 2351 pati
594 2297 624 2336 a
664 2280 977 2336 senioribus
1006 2286 1063 2335 et
1091 2277 1307 2343 scribis,
1350 2286 1407 2333 et
1438 2274 1777 2346 principibus
1806 2272 2065 2329 sacerdo-

362 2396 374 2410 -
463 2383 612 2439 tum,
645 2382 700 2428 et
728 2370 903 2427 occidi
926 2412 941 2437 ,
972 2380 1026 2427 et
1058 2371 1217 2426 tertia
1246 2369 1336 2425 die
1374 2383 1667 2439 resurgere
1690 2411 1704 2434 ,
1748 2382 1858 2422 non
1889 2364 2059 2440 [Vict.

462 2477 592 2522 tacet
643 2465 775 2539 non]
824 2465 936 2521 vult
988 2464 1198 2521 desrrui
1252 2462 1657 2519 confessionem
1713 2476 1908 2528 suam;
1964 2474 2063 2515 nec

459 2569 615 2632 putat
642 2558 758 2614 ﬁeri
793 2573 951 2629 posse
983 2568 1043 2612 ut
1092 2555 1266 2612 Filius
1296 2556 1392 2612 Dei
1432 2554 1717 2611 occidatur
1750 2572 1763 2609 :
1806 2553 2058 2607 assumit-

460 2668 567 2725 que
596 2667 717 2707 eum
749 2649 804 2705 in
836 2649 1090 2706 allectum
1118 2664 1276 2705 suum
1300 2690 1315 2714 ,
1347 2648 1433 2703 vel
1464 2649 1761 2718 separatim
1792 2644 1960 2708 ducit,
1997 2658 2066 2698 ne

461 2743 823 2817 praesentibus
849 2741 1063 2798 caeteris
1102 2738 1491 2810 condiscipulis
1519 2738 1837 2808 magistrum
1879 2733 2068 2790 videa-

461 2849 549 2894 tur
583 2852 843 2909 arguere,
888 2845 941 2890 et
983 2833 1151 2904 coepit
1192 2833 1473 2903 increpare
1517 2830 1667 2885 illum
1709 2828 1945 2883 amantis
1986 2825 2069 2881 af-

454 2929 621 2998 fectu,
651 2940 708 2984 et
736 2928 974 2998 optantis
1024 2926 1207 2982 dicere
1253 2942 1267 2979 :
1320 2923 1464 2979 Absit
1500 2940 1534 2977 a
1574 2932 1641 2987 te,
1673 2921 1890 2976 Domine
1929 2937 1949 2975 :
1981 2921 2067 2977 vel

460 3031 520 3079 ut
545 3022 740 3078 melius
764 3019 993 3075 habetur
1022 3020 1076 3074 in
1105 3017 1323 3085 Graeco,
1353 3018 1498 3079 ἵλεώς
1529 3039 1629 3076 σοι.
1671 3019 1854 3094 Κύριε,
1905 3018 1963 3072 οὐ
1994 3021 2069 3089 μὴ

464 3113 613 3172 ἔσται
642 3135 725 3170 σοι
746 3118 920 3175 τοῦτο,
953 3111 1060 3168 hoc
1090 3119 1203 3172 est.
1240 3120 1266 3148 ⁸
1297 3110 1558 3183 prapitius
1583 3112 1655 3164 sis
1680 3110 1793 3175 tibi,
1820 3107 2063 3178 Domine,

2167 1908 2435 1967 testatem,
2462 1912 2517 1955 et
2559 1899 2975 1956 mditicationem
3005 1915 3170 1972 super
3200 1915 3323 1956 eum
3374 1899 3635 1956 Ecclesia:
3658 1944 3674 1968 ,
3707 1899 3764 1956 in

2165 1993 2346 2049 futuro
2372 1995 2718 2064 promissam,
2749 2008 2855 2047 non
2883 1993 2937 2048 in
2971 1993 3224 2063 praesenti
3256 1993 3439 2048 datam
3471 1993 3762 2063 intelliget.

2166 2084 2489 2155 .Ediﬁcabo,
2523 2085 2717 2155 inquit,
2745 2100 2900 2158 super
2930 2093 2977 2139 te
3012 2084 3299 2141 Ecclesium
3323 2101 3487 2140 meam
3517 2096 3564 2140 et
3603 2093 3767 2157 porta:

2164 2179 2318 2251 inferi
2353 2195 2455 2233 non
2494 2177 2843 2250 prwvalebunt
2884 2177 3127 2235 adversus
3168 2196 3307 2233 eam.
3349 2180 3417 2235 Et
3449 2198 3461 2233 :
3500 2179 3641 2234 Dabo
3673 2180 3768 2234 tibi

2166 2273 2333 2328 claves
2355 2273 2499 2344 regni
2522 2273 2787 2328 caelorum.
2814 2272 3007 2329 Omnia
3033 2273 3103 2330 de
3127 2272 3336 2341 futuro,
3361 2289 3482 2345 quae
3504 2273 3550 2329 si
3579 2275 3767 2329 statim

2165 2366 2409 2422 dedisset
2440 2366 2514 2433 ei,
2541 2381 2841 2438 numquam
2874 2368 2926 2422 in
2950 2381 3016 2423 eo
3048 2381 3233 2438 pravze
3258 2376 3282 2406 ε
3307 2367 3582 2439 Opinionis
3608 2382 3767 2424 error

2168 2459 2469 2515 invenisset
2501 2458 2701 2514 locum.

2242 2552 2423 2625 (Vers.
2453 2551 2525 2607 24
2552 2551 2732 2623 seqq.)
2762 2551 2910 2607 Tunc
2950 2550 3102 2607 Iesus
3146 2553 3277 2608 dixit
3308 2553 3579 2626 discipulis
3607 2554 3721 2607 suis
3749 2568 3769 2606 :

2169 2644 2230 2701 Si
2254 2646 2367 2714 quis
2401 2645 2506 2699 vult
2539 2654 2651 2714 post
2686 2633 2763 2698 rite
2790 2646 2996 2712 venire,
3045 2646 3257 2719 abneget
3312 2647 3641 2716 semetipsum
3668 2664 3689 2712 ;
3721 2655 3769 2701 et

2169 2738 2315 2796 tollat
2344 2755 2549 2793 crucem
2572 2756 2754 2810 suam,
2784 2747 2831 2793 et
2861 2749 3109 2811 sequatur
3137 2755 3234 2795 me.
3269 2738 3371 2803 Qui
3406 2740 3543 2793 enim
3589 2738 3774 2794 volue-

2168 2833 2238 2888 rit
2288 2833 2515 2887 animam
2558 2848 2707 2886 suam
2763 2830 2959 2887 salvam
3010 2836 3213 2903 facere,
3262 2831 3437 2905 perdet
3486 2848 3618 2886 eam.
3664 2831 3774 2899 Qui

2169 2934 2341 2980 autem
2396 2925 2675 2998 perdiderit
2725 2926 2957 2979 animum
3000 2941 3150 2980 suam
3200 2934 3411 2991 propter
3454 2940 3566 2992 me,
3619 2926 3770 2979 inve-

2171 3020 2277 3074 niet
2306 3035 2438 3073 eam.
2492 3018 2633 3086 Quid
2678 3018 2818 3072 enim
2874 3017 3079 3090 prodest
3136 3015 3336 3071 homini
3380 3017 3425 3070 si
3471 3018 3773 3071 universum

2171 3111 2423 3165 mundum
2471 3111 2720 3173 lucretur,
2766 3110 2954 3165 animo:
2983 3125 3099 3164 vero
3132 3124 3241 3165 suae
3281 3110 3645 3165 detrimentum
3678 3127 3778 3180 pa-

470 3223 575 3262 non
625 3207 723 3260 erit
776 3206 867 3259 tibi
913 3204 1060 3260 hoc:
1108 3218 1214 3260 non
1256 3212 1435 3275 potest
1484 3203 1623 3270 ﬁeri,
1658 3217 1758 3259 nec
1805 3199 2145 3274 recipiuntC
2180 3206 2372 3260 tiatur?
2406 3203 2424 3242 ί
2456 3204 2561 3275 Qui
2607 3204 2834 3277 deponit
2880 3214 3119 3260 veterem
3170 3204 3452 3260 hominem
3480 3220 3603 3261 cum
3634 3220 3773 3272 epe-

469 3315 631 3357 aures
661 3314 822 3367 mem,
856 3308 915 3353 ut
945 3297 1045 3354 Dei
1073 3296 1247 3353 Filius
1292 3295 1627 3353 occidendus
1669 3298 1760 3352 sit.
1792 3295 1873 3352 Ad
1904 3313 2066 3368 quem

469 3392 736 3447 Dominus
767 3405 1088 3458 conversus,
1116 3391 1186 3446 ait
1214 3408 1227 3444 :
1260 3388 1404 3445 Vade
1427 3388 1742 3462 retro[Vict.
1765 3390 1915 3445 addit
1943 3389 2069 3463 me],

469 3485 694 3553 Satana,
744 3484 1054 3541 scandalum
1098 3485 1224 3539 mihi
1268 3501 1343 3540 es.
1375 3484 1606 3542 Satanas
1649 3484 2065 3555 interpretatur,

466 3577 799 3633 adversarius
818 3622 833 3643 ,
866 3578 981 3633 sive
1011 3577 1332 3633 contrarius.
1367 3576 1503 3646 Quia
1529 3576 1807 3633 contraria
1827 3622 1842 3646 ,
1876 3578 2068 3648 inquit,

464 3673 707 3747 loqueris
733 3674 999 3729 voluntati
1031 3688 1187 3740 meae,
1208 3673 1376 3729 debes
1405 3673 1752 3728 adversarius
1778 3673 2065 3743 appellari.

463 3767 494 3807 ι
524 3766 674 3823 Multi
701 3777 892 3837 putant
922 3765 1066 3838 quod
1109 3782 1219 3821 non
1250 3766 1438 3822 Petrus
1468 3772 1753 3836 correptus
1786 3767 1880 3831 sit,
1915 3765 2069 3837 127

470 3860 570 3918 sed
613 3860 960 3916 adversarius
1000 3858 1258 3928 spiritus,
1294 3858 1386 3929 qui
1418 3858 1536 3913 hzec
1585 3859 1773 3913 dicere
1805 3860 2071 3928 Aposmlo

474 3955 584 4028 [AL
644 3953 997 4026 Apostolnm]
1038 3952 1384 4023 suggerebat.
1427 3950 1535 4009 Sed
1586 3950 1718 4006 mibi
1779 3952 1865 4006 hic
1918 3965 2072 4006 error

472 4049 861 4121 Apostolicus,
908 4058 965 4103 et
1012 4047 1082 4102 de
1113 4045 1329 4116 pietatis
1376 4045 1573 4101 affectu
1605 4047 1869 4112 veniens,
1912 4062 2071 4101 num-

469 4157 633 4214 quam
662 4141 992 4196 inceutivnm
1022 4139 1221 4195 diaboli
1250 4137 1528 4194 videbitur
1557 4155 1570 4191 :
1613 4139 1762 4194 Vade
1788 4150 1924 4194 retro
1950 4158 2063 4209 me,

474 4233 697 4290 Satana.
732 4234 962 4290 Diabolo
983 4233 1184 4289 dicitur
1217 4251 1233 4289 :
1273 4231 1413 4287 Vade
1456 4243 1613 4289 retro.
1646 4233 1840 4290 Petrus
1868 4235 2018 4290 audit
2050 4252 2065 4291 :

481 4327 624 4383 Vade
643 4336 778 4382 retro
804 4343 904 4392 me,
938 4326 1042 4382 hoc
1068 4333 1175 4393 est,
1196 4335 1216 4363 ο
1247 4339 1477 4396 sequere
1503 4327 1826 4382 sententiam
1851 4341 2066 4383 meam:

2173 3300 2323 3354 ribus
2356 3300 2470 3353 suis
2500 3296 2727 3372 (Coloss.
2760 3297 2865 3369 ιιι),
2895 3297 3130 3368 denegat
3159 3297 3513 3366 semetipsum
3541 3298 3732 3354 dicens
3759 3316 3775 3352 :

2180 3389 2311 3446 Vivo
2340 3400 2510 3445 autem
2544 3394 2659 3463 jam
2704 3406 2809 3444 non
2852 3406 2966 3460 ego,
2999 3389 3121 3442 vivit
3151 3404 3271 3443 vero
3317 3389 3373 3443 in
3415 3405 3493 3444 me
3534 3385 3774 3443 Christus

2177 3484 2378 3560 (Colat.
2432 3502 2491 3554 ιι,
2522 3485 2665 3558 20);
2716 3486 2877 3559 128
2918 3485 3171 3556 tollitque
3210 3500 3433 3541 crucem
3486 3500 3665 3552 suam,
3720 3497 3779 3543 et

2174 3581 2376 3637 mundo
2422 3581 2793 3652 cruciligatur.
2848 3581 2945 3635 Cui
2997 3592 3180 3636 autem
3210 3581 3445 3637 mundus
3473 3581 3772 3638 cruciﬁxus

2175 3683 2280 3738 est,
2312 3674 2559 3744 sequitur
2590 3672 2880 3728 Dominum
2912 3670 3258 3727 cruciﬁxum.

2252 3768 2353 3820 Aut
2396 3783 2550 3838 quam
2585 3766 2726 3820 dabit
2775 3767 2931 3820 homo
2972 3767 3421 3822 conuuutatiouem
3461 3784 3556 3840 pro
3596 3770 3776 3823 anima

2177 3865 2312 3918 sua?
2363 3861 2472 3918 Pro
2533 3862 2701 3918 Israel
2758 3861 2917 3917 datur
2978 3864 3335 3918 commutatio
3391 3862 3662 3934 Egyptus
3720 3875 3778 3918 ot

2179 3953 2479 4024 Ethiopia,
2515 3965 2571 4011 et
2596 3964 2619 4002 ε
2653 3954 2830 4027 Syene
2860 3953 3017 4025 (Isai.
3053 3970 3209 4021 xutt,
3234 3956 3289 4020 5,
3318 3954 3377 4027 4)
3419 3973 3431 4009 :
3464 3970 3563 4024 pro
3591 3956 3773 4011 anima

2178 4045 2415 4101 humana
2469 4047 2560 4102 illa
2605 4048 2724 4104 sola
2776 4058 2862 4103 est
2912 4047 3221 4113 retributio,
3270 4063 3431 4117 quam
3483 4047 3772 4103 Psalmista

2178 4143 2324 4197 canit
2358 4160 2368 4196 :
2407 4142 2545 4211 Quid
2574 4143 2852 4197 retribuam
2897 4140 3121 4196 Domino
3152 4158 3246 4211 pro
3273 4141 3512 4197 omnibus
3547 4158 3665 4212 φια-
3694 4160 3777 4195 re-

2175 4235 2356 4290 tribuit
2399 4237 2565 4291 mihi?
2606 4234 2833 4290 Calicem
2878 4236 3123 4290 salutaris
3168 4235 3444 4305 accipiam,
3494 4243 3541 4289 et
3584 4252 3774 4290 nomen

2178 4327 2389 4383 Domini
2407 4329 2651 4384 invocabo
2680 4327 2795 4401 (Ps.
2825 4344 2953 4398 ειν,
2973 4329 3051 4399 5).

545 4494 575 4561 εξ
613 4483 811 4561 lterum
840 4482 1052 4561 placet.
1077 4490 1138 4536 ut
1164 4480 1502 4561 Veronensis
1527 4483 2066 4561 Evangeliorum_eo—
2096 4489 2143 4548 D
2171 4487 2300 4561 feres
2341 4488 2480 4561 quod
2521 4486 2679 4561 Petro
2705 4489 2835 4543 dixit
2867 4506 2885 4545 :
2914 4487 3067 4546 Vade
3111 4466 3233 4561 post
3262 4507 3350 4546 me
3376 4532 3390 4554 ,
3434 4491 3633 4547 Satana
3661 4510 3676 4557 ;
3726 4504 3777 4548 et

470 4555 609 4611 dicis
637 4552 926 4609 lectionem
961 4553 1050 4607 hic
1079 4552 1397 4615 exuendas:
1441 4555 1583 4609 Absit
1625 4573 1657 4609 a
1686 4552 1765 4622 'te,
1811 4558 2068 4629 propitius

471 4636 601 4678 esto.
633 4622 887 4678 Domine:
910 4640 1011 4678 non
1035 4626 1134 4678 erit
1160 4625 1321 4678 istud-

471 4636 601 4691 esto,
633 4627 887 4692 Domine;
910 4640 1011 4679 non
1035 4627 1134 4679 erit
1160 4627 1321 4682 istud.
1812 4627 1819 4629 ⁷

544 4697 574 4736 ιδ
614 4696 767 4753 Unus
816 4712 914 4767 pro
960 4697 1169 4752 cunctis
1214 4695 1271 4752 S.
1310 4695 1545 4753 Hilarius
1584 4700 1637 4754 in
1666 4701 1814 4754 hunc
1844 4699 2024 4754 locum
2056 4718 2068 4753 ε

475 4768 549 4841 In,
574 4783 691 4823 eum
725 4785 841 4822 vero
871 4767 1194 4841 (diabolum)
1234 4784 1517 4841 pariqucm
1540 4771 1714 4838 opinio
1752 4770 1864 4825 haec
1888 4787 2073 4841 sugge-

470 4840 701 4911 rebatur,
752 4837 1024 4894 conversus
1073 4837 1289 4911 adjecit,
1332 4837 1909 4903 Siit.tna,scandalum
1939 4837 2070 4896 mihi

472 4926 557 4967 es.
605 4908 727 4965 Non
755 4912 890 4964 enim
917 4908 1151 4965 convenit
1189 4912 1507 4974 existimare,
1543 4911 1699 4966 Petro
1731 4913 1949 4967 Satanw
1976 4931 2075 4967 no-

473 4998 588 5055 men
629 4992 675 5036 et
701 4981 1038 5055 offensionem
1063 4982 1300 5055 scandali
1326 4981 1563 5055 deputari
1594 4995 1704 5053 post
1731 4983 1824 5037 illa
1856 4984 2073 5039 indultre

471 5064 519 5127 et
544 5053 876 5127 beatitudinis
902 5061 959 5127 et
972 5054 1248 5127 potestatis
1263 5053 1410 5109 tanta
1422 5055 1699 5127 prccconia.
1729 5055 1834 5109 Sed
1856 5056 2071 5127 quiajn-

475 5124 700 5197 ﬁdelitas
726 5126 898 5198 omnis
925 5125 1121 5179 diaboli
1148 5142 1278 5198 opus
1296 5135 1394 5198 est,
1422 5124 1573 5181 Petri
1600 5124 1935 5198 responsione
1964 5125 2072 5180 Do—

474 5194 646 5250 minus
675 5194 904 5263 offensus
925 5213 1043 5251 cum
1071 5196 1351 5265 opprobrio
1381 5197 1607 5252 nominis
1635 5194 1961 5266 infidelitatis
1996 5200 2069 5252 is-

478 5267 578 5321 tius
623 5278 713 5339 est
738 5268 1015 5323 detestatus
1060 5278 1341 5323 auctorem.
1389 5268 1659 5323 Caeterum
1701 5271 1799 5322 hac
1839 5269 1953 5339 ipsa
2001 5273 2069 5325 de

474 5352 637 5410 causa
672 5338 985 5394 Marcellum
1017 5339 1376 5410 reprehendit
1410 5339 1677 5394 Eusebius
1708 5339 1801 5393 lib.
1832 5338 2066 5396 {contra

465 5409 718 5481 eumdem
746 5424 867 5477 cap.
899 5410 935 5464 2
965 5409 1109 5481 quod
1133 5411 1341 5464 minime
1364 5410 1654 5481 intelligens
1674 5411 1933 5481 quomodo
1951 5413 2064 5467 hac

472 5479 695 5551 (Satana
725 5479 1041 5553 scandalum
1088 5482 1219 5553 mihi
1250 5482 1339 5553 es),
1359 5479 1602 5535 dicuntur
1645 5479 1715 5536 ad
1744 5481 2060 5553 apostolum,

469 5560 518 5604 et
542 5568 811 5621 quorsum,
834 5552 1052 5623 affirmat
1077 5551 1148 5606 ad
1168 5551 1432 5607 diabolum
1456 5569 1564 5608 esse
1591 5555 1753 5608 dicta.

552 5633 574 5661 ο
618 5624 821 5679 Mavult
867 5633 1052 5679 noster
1097 5625 1150 5679 in
1200 5623 1453 5695 Origenis
1500 5625 1825 5680 sententiam
1863 5640 2065 5683 conce-

472 5694 625 5765 dere,
677 5695 757 5750 sic
786 5697 930 5750 enim
983 5695 1099 5765 ipse
1140 5694 1552 5764 interpretatur,
1584 5706 1642 5751 ut
1672 5699 1831 5752 Petro
1857 5697 2061 5755 dixerit

464 5762 628 5822 Iesus
660 5782 675 5822 :
712 5765 857 5839 Vade
889 5762 1128 5837 post'me,
1174 5762 1325 5837 quasi
1349 5768 1437 5839 qui
1474 5762 1549 5823 ire
1573 5778 1685 5836 post
1707 5766 1878 5835 illum,
1913 5786 2058 5825 eum-

458 5852 557 5906 que
582 5837 724 5908 sequi
752 5847 1019 5894 cessasset.
1056 5839 1125 5896 Et
1153 5838 1317 5910 paulo
1342 5837 1502 5909 post:
1530 5839 1702 5895 Simul
1728 5853 1903 5896 autem
1933 5857 2057 5896 con-

2175 4558 2380 4612 diabolo
2419 4560 2465 4612 ei
2503 4560 2691 4615 dicenti
2732 4577 2752 4615 :
2801 4560 2926 4616 limc
2952 4558 3131 4618 omnia
3165 4563 3259 4616 tibi
3286 4562 3458 4628 dabo,
3487 4563 3532 4618 si
3563 4568 3778 4621 cadens

2176 4629 2488 4685 adoraveris
2505 4647 2606 4705 _me
2636 4631 2832 4705 :_Vade
2852 4675 2867 4698 ,
2910 4632 3106 4689 Satana
3125 4677 3141 4699 ,
3172 4633 3360 4705 absque
3388 4635 3773 4703 additamenta,

2178 4709 2300 4777 post
2353 4718 2459 4777 me.
2496 4700 2623 4756 Post
2656 4701 2836 4758 Iesum
2876 4706 3065 4777 quippe
3111 4720 3245 4777 esse,
3275 4700 3482 4777 bonum
3511 4715 3620 4773 est,
3659 4700 3773 4763 etc.

2175 4772 2543 4828 Consentiunt
2580 4788 2742 4840 porro
2767 4785 2823 4830 et
2856 4772 3014 4830 modo
3056 4776 3304 4830 laudatus
3339 4776 3607 4831 Eusebius
3637 4793 3779 4834 cou-

2177 4852 2255 4898 tra
2306 4844 2644 4971 Mggcellum,
2695 4857 2749 4901 et
2797 4848 3138 4913 Ambrosius,
3183 4847 3276 4903 lib.
3326 4863 3343 4903 ι
3389 4847 3459 4904 de
3487 4848 3778 4908 Abraham

2177 4930 2326 4970 num.
2434 4955 2448 4969 .

2174 4930 2326 4970 num.
2356 4930 2448 4970 55.

2244 4984 2270 5064 «ξ
2305 4986 2575 5064 F_nrtasse_
2600 4990 2819 5064 rectius
2846 4990 3018 5064 nostri
3049 5006 3180 5064 mss.
3231 4991 3341 5058 hic,
3376 4992 3442 5056 si,
3487 4993 3775 5064 voculam,

2174 5066 2227 5114 et
2250 5058 2433 5132 in_line
2465 5060 2675 5132 periodi
2708 5061 2954 5127 verbum,
2982 5060 3251 5132 intelliget,
3286 5065 3560 5118 nesciunt.

2245 5140 2268 5207 ξ
2310 5129 2448 5207 Tres
2474 5131 2897 5207 Palatinigcodd.
2921 5129 3273 5204 confessionis,
3312 5149 3410 5204 pro
3429 5136 3712 5207 opinionis.

2249 5199 2442 5276 f‘Qua:
2474 5199 3028 5276 binc__subsequitur,'
3065 5199 3354 5276 perlcnpe'n
3387 5199 3581 5262 rec'itat
3624 5211 3775 5276 ipse,

2172 5271 2538 5349 edisseritque
2573 5271 2974 5349 _Hic_ronymus3
2997 5277 3160 5345 epist.
3218 5271 3317 5349 191
3369 5278 3438 5333 ad
3486 5271 3775 5349 Algasiani

2171 5352 2364 5411 quaest.
2392 5345 2425 5399 3
2470 5345 2644 5399 initio.
2680 5344 2855 5416 Ipsam
2898 5344 3171 5403 verorum
3217 5348 3399 5416 hujus,
3427 5359 3541 5404 tum
3558 5344 3780 5408 'subse-

2163 5416 2385 5541 (queritis
2418 5417 2686 5541 {versiculi
2728 5419 3126 5489 expositionem
3168 5435 3235 5475 ex
3286 5420 3615 5477 Adamnutio
3652 5424 3778 5481 fere

2202 5500 2427 5541 escrmst
2461 5530 2474 5541 .

2202 5496 2474 5554 escripslt.

2237 5566 2273 5631 ελ
2302 5557 2428 5612 Mss.
2486 5559 2731 5631 plerique
2774 5576 2985 5622 omnes.
3032 5561 3222 5623 Soene.
3267 5572 3359 5617 aut
3400 5562 3625 5620 Soeone.
3661 5564 3776 5621 lle-

2164 5627 2345 5703 liraice
2370 5640 2476 5703 est,
2504 5627 2656 5684 Chus'
2672 5640 2719 5685 et
2750 5631 2911 5687 Saba.
2962 5633 3331 5703 Hieronymus
3364 5637 3415 5689 in
3448 5650 3573 5690 eum
3606 5636 3776 5695 Isaize

2165 5699 2374 5765 locum,
2426 5699 2531 5754 Pro
2561 5707 2740 5779 xorius,
2778 5704 2973 5779 inquit,
3002 5699 3189 5779 reliqui
3229 5707 3537 5779 interpretes
3576 5724 3776 5777 posue-

2162 5781 2281 5852 runt
2310 5788 2461 5852 sunt,
2491 5775 2629 5852 unde
2654 5775 2753 5841 [uit
2782 5773 2977 5852 Regina
3001 5773 3176 5832 Austri
3199 5819 3215 5846 ,
3246 5773 3528 5850 qute'vettit
3554 5773 3772 5852 sapieno

2161 5845 2288 5898 tiam
2309 5845 2493 5899 audire
2522 5843 2846 5903 Salomonis.
