4004 6332
238 321 319 378 121
668 314 1316 373 COMMENTARIORUM
1361 313 1424 370 IN
1469 311 1914 368 ['IVANGICIJUM
1959 311 2295 369 MATTIUEI
2334 312 2466 370 LIB.
2509 311 2598 370 Ill.
2640 312 2795 368 CAP.
2840 311 3005 368 XVII.

3394 312 3498 368 1ἓῖ

296 436 461 508 (Vt-rs.
488 433 600 504 9.7.)
637 429 810 486 Filias
833 433 965 486 enim
986 431 1212 485 hominis
1241 440 1482 484 venturus
1512 440 1585 483 est
1613 430 1667 484 in
1690 427 1804 499 glo-
1829 428 1876 489 Α
1911 438 2057 498 putet
2096 428 2379 498 pristinam
2415 445 2538 484 eum
2570 428 2801 484 formam
2837 437 2893 484 et
2921 426 3114 484 faciem
3154 427 3459 495 perdidisse
3482 470 3497 495 ,

233 532 302 585 ria
332 529 492 584 Patris
509 529 586 581 sui
615 543 732 581 cum
757 527 954 598 angelis
975 527 1123 579 suis:
1165 533 1212 579 et
1245 534 1364 579 tunc
1385 523 1561 577 reddet
1593 522 1800 576 unicui-

234 641 318 696 que
355 622 628 678 secundum
673 637 802 690 opus
841 621 975 690 ejus.
1022 618 1214 674 Petrus
1243 618 1310 673 ad
1353 617 1796 689 prmdicationem

235 715 503 771 Dominica:
555 714 747 767 mortis
799 710 1220 775 scandalizatus,
1253 711 1524 766 sententia
1581 708 1798 763 Domini

233 811 384 864 fuerat
432 809 738 876 increpatns
773 824 786 860 :
823 806 1098 875 provocati
1134 805 1412 875 discipuli,
1460 815 1515 857 ut
1563 804 1796 874 abnega-

231 911 336 958 rent
361 915 437 967 se,
484 908 536 954 ct
581 899 838 955 tollerent
875 913 1094 953 crucem
1142 913 1317 964 suam,
1349 908 1404 952 et
1436 897 1794 952 morientium

231 993 387 1047 animo
425 999 785 1060 sequerentur
838 993 1181 1060 magistrum.
1216 989 1455 1044 Grandis
1489 1001 1670 1045 terror
1701 1005 1797 1044 au-

228 1085 495 1146 dientium,
529 1095 584 1140 et
623 1086 716 1155 qui
752 1085 955 1155 possit,
992 1085 1235 1155 principe
1265 1083 1640 1153 apostolorum
1677 1099 1797 1153 per-

229 1179 413 1245 territo,
440 1178 605 1232 etiam
637 1176 762 1233 aliis
789 1187 991 1233 metum
1017 1177 1241 1247 injicere
1271 1195 1285 1231 :
1316 1175 1522 1231 idcirco
1548 1176 1798 1232 tristibus

227 1271 330 1325 laeta
348 1268 660 1336 succedunt,
693 1282 747 1324 et
776 1269 904 1324 dicit
944 1287 954 1322 :
1007 1266 1180 1322 Filius
1207 1268 1428 1322 hominis
1455 1278 1698 1322 venturus
1725 1279 1798 1322 est

224 1364 266 1416 in
285 1363 440 1432 gloria
471 1361 650 1416 Patris
677 1363 758 1415 sui
780 1379 894 1415 cum
923 1362 1122 1431 angelis
1152 1362 1279 1416 suis.
1327 1361 1512 1416 Times
1542 1373 1794 1430 martem,

223 1455 326 1509 audi
345 1454 565 1524 gloriam
592 1455 1002 1526 triumphantis.
1034 1455 1250 1510 Vereris
1271 1469 1516 1520 crucem,
1543 1455 1788 1510 ausculta

225 1551 512 1620 angelorum
549 1549 878 1606 ministeria.
931 1549 995 1604 Et
1039 1559 1180 1613 tunc,
1226 1549 1421 1620 inquit,
1460 1550 1632 1604 reddet
1681 1552 1797 1604 ani-

222 1645 378 1714 cuique
428 1643 715 1697 sccundum
757 1660 911 1714 opera
954 1643 1068 1714 ejus
1112 1640 1291 1711 (Rom.
1331 1658 1387 1708 x,
1423 1641 1534 1716 12).
1565 1641 1679 1697 Non
1711 1651 1795 1698 est

222 1735 472 1791 distinctio
503 1735 680 1790 Judaei
708 1747 766 1790 et
795 1734 997 1790 ethnici
1020 1775 1034 1800 ,
1067 1734 1168 1789 viri
1196 1745 1249 1790 et
1279 1734 1528 1790 mulieris
1552 1779 1566 1804 ,
1595 1749 1795 1806 paupeo

1909 523 1991 578 vel
2022 523 2274 578 amisisse
2302 525 2546 593 corporis
2578 525 2887 588 veritatem,
2920 532 2975 578 et
2994 525 3360 593 assumpsisse
3381 537 3504 577 cor-

1907 632 2007 687 pus
2034 617 2118 672 vel
2149 618 2455 689 spirituale,
2489 619 2572 674 vel
2599 633 2854 683 aereum;
2887 619 2982 672 sed
3013 616 3288 688 quomodo
3321 625 3500 672 trans-

1906 709 2166 764 formatus
2199 711 2286 773 sit,
2320 709 2654 778 evangelista
2680 709 3042 777 demonstrat,
3071 709 3285 764 dicens.

1977 798 2045 853 Et
2077 799 2400 873 resplenduit
2433 803 2592 873 [acies
2617 804 2731 874 ejus
2760 804 2895 856 sicut
2922 801 3003 856 sol
3021 845 3034 868 ,
3074 803 3375 856 vestimenta
3402 817 3501 855 au-

1903 898 2004 943 tem
2031 893 2145 962 ejus
2175 890 2317 958 facta
2347 901 2466 943 sunt
2494 890 2612 943 alba
2641 891 2773 944 sicut
2796 891 2905 946 nix.
2935 889 3036 946 Ubi
3057 891 3317 961 splendor
3341 889 3498 946 faciei

1903 982 2232 1050 ostenditur,
2267 990 2325 1037 et
2349 981 2552 1037 candor
2575 983 2911 1039 describitur
2935 985 3192 1048 vestium.
3225 999 3332 1038 non
3361 984 3494 1038 sub-

1901 1073 2100 1127 stantia
2129 1073 2372 1139 tollitur,
2405 1074 2499 1128 sed
2526 1074 2696 1144 gloria
2724 1082 3114 1129 commutatur.
3149 1073 3497 1147 Resplenduit

1902 1169 2059 1238 facies
2087 1169 2202 1236 eius
2247 1169 2379 1222 sicut
2415 1169 2513 1223 sol.
2562 1167 2722 1224 Certe
2753 1168 3170 1225 transformatus
3196 1177 3283 1225 est
3315 1169 3499 1225 Domi-

1903 1275 2001 1313 nus
2027 1259 2081 1313 in
2105 1273 2223 1314 eam
2250 1260 2500 1328 gloriam,
2521 1276 2626 1330 qua
2649 1271 2908 1319 venturus
2929 1273 3010 1318 est
3036 1273 3225 1331 postea
3249 1265 3298 1318 in
3323 1279 3494 1334 regno

1900 1369 2020 1408 suo.
2051 1352 2484 1409 'I‘ransfurmatio
2515 1355 2862 1426 splendorem
2895 1355 3122 1423 addidit,
3157 1355 3352 1412 faciem
3380 1372 3491 1411 non

1899 1449 2188 1507 subtraxit.
2213 1451 2341 1506 Esto
2363 1467 2560 1519 corpus
2581 1451 2866 1524 spirituale
2890 1453 3075 1520 fuerit,
3099 1469 3226 1508 num
3253 1463 3307 1509 et
3328 1457 3496 1510 vesti-

1897 1554 2080 1600 menta
2111 1552 2313 1601 mutata
2340 1558 2467 1600 sunt
2495 1588 2509 1613 ,
2560 1561 2682 1617 quze
2728 1548 3000 1601 intantum
3039 1546 3192 1602 fuere
3224 1548 3452 1604 candida
3481 1589 3498 1613 ,

1898 1648 1955 1694 ut
1980 1639 2119 1694 alius
2148 1640 2477 1710 evangelista
2510 1639 2710 1695 dixerit
2745 1659 2757 1695 :
2795 1639 2988 1708 Qualia
3021 1639 3156 1710 [ullo
3189 1657 3350 1710 super
3395 1651 3498 1696 ter-

1897 1749 2008 1786 ram
2035 1749 2138 1786 non
2161 1743 2322 1805 potest
2349 1734 2518 1803 facere
2545 1731 2740 1804 (Marc.
2765 1749 2842 1801 Ix,
2865 1733 2943 1802 2).
2969 1732 3123 1802 Quod
3149 1742 3331 1788 autem
3359 1731 3493 1789 fullo

221 1846 316 1885 runt
345 1840 397 1886 et
423 1830 683 1895 divitum,
721 1832 808 1886 ubi
845 1848 949 1885 non
978 1845 1250 1902 personae,
1284 1831 1381 1888 sed
1413 1846 1579 1902 opera
1611 1833 1795 1888 consia
1825 1822 1872 1884 Β
1899 1837 2064 1892 super
2097 1832 2297 1878 ῑεττθιιι
2332 1832 2510 1894 Dote“
2543 1822 2744 1892 facere.
2778 1825 3067 1894 corpora“
3093 1835 3172 1880 εει
3199 1867 3214 1890 ν
3251 1825 3413 1897 130
3441 1834 3495 1880 εἴ

219 1923 467 1978 dematur.

276 2017 438 2086 (Vers.
471 2016 598 2086 28.)
642 2018 799 2071 Antea
849 2017 964 2071 dico
1003 2017 1180 2082 vobis,
1215 2027 1334 2072 sunt
1362 2017 1575 2088 quidam
1606 2019 1672 2072 de
1709 2018 1792 2071 hic

216 2110 434 2164 stantibus
456 2150 472 2175 ,
500 2110 596 2180 qui
623 2126 726 2163 non
762 2109 1038 2180 gustabunt
1077 2119 1293 2164 mortem
1315 2155 1329 2178 ,
1379 2110 1542 2164 donec
1584 2110 1792 2164 videant

218 2199 385 2255 Filium
428 2201 664 2256 hominis
716 2203 1002 2256 venientem
1049 2201 1102 2255 in
1154 2217 1313 2273 regno
1351 2218 1467 2257 suo.
1497 2202 1787 2258 Terrorem

217 2295 563 2365 apostolorum
615 2309 714 2364 spe
764 2294 1026 2350 medicari
1069 2294 1317 2350 voluerat
1375 2296 1790 2366 promissorum,

215 2386 372 2442 dicens
402 2407 415 2441 :
460 2385 648 2442 Filius
677 2389 902 2443 hominis
934 2399 1178 2444 venturus
1208 2398 1280 2443 est
1311 2390 1363 2443 in
1400 2388 1568 2461 gloria
1612 2389 1789 2444 Patris

214 2483 280 2533 sui
305 2498 407 2534 cum
443 2481 656 2551 angelis
693 2482 824 2536 suis.
856 2480 1081 2552 Insuper
1107 2481 1433 2538 auctoritate
1454 2483 1657 2554 judicis
1689 2484 1786 2538 ad-

216 2572 305 2626 dita
329 2584 405 2628 :et
424 2574 609 2628 reddet
635 2574 912 2645 unicuique
933 2575 1220 2629 secundum
1244 2592 1398 2648 Opera
1421 2593 1537 2630 sua.
1562 2576 1789 2633 Poterat

214 2668 563 2737 apostolorum
607 2667 770 2723 tacita
803 2669 1090 2740 cogitatio,
1126 2670 1436 2726 istiusmodi
1467 2671 1786 2727 scandalum

213 2760 452 2816 stistinere
496 2777 512 2818 :
575 2761 907 2817 occisionem
940 2771 996 2816 et
1025 2771 1257 2818 mortem
1292 2778 1437 2819 nunc
1485 2764 1630 2820 dicis
1668 2781 1789 2822 esse

213 2861 466 2908 venturam
515 2869 529 2908 :
589 2853 737 2924 quod
779 2864 964 2908 autem
1015 2854 1293 2923 promittis
1326 2866 1377 2910 te
1407 2855 1698 2912 allaturum
1734 2860 1785 2913 in

216 2945 355 3016 gloria
381 2946 563 3002 Patris
594 2961 722 3001 cum
773 2947 1092 3016 angelorum
1124 2947 1446 3005 ministeriis
1469 2993 1482 3017 ,
1509 2959 1566 3005 et
1588 2951 1792 3019 iudicis

216 3050 473 3110 potestate,
534 3042 646 3096 hoc
699 3041 751 3096 in
802 3041 923 3097 dies
966 3043 1092 3108 erit,
1125 3056 1181 3099 et
1227 3044 1280 3098 in
1337 3056 1579 3116 tempora
1631 3046 1786 3116 longa

222 3135 352 3206 129
387 3135 674 3192 ditieretur
716 3134 826 3207 [AL
857 3137 1150 3210 dili'ertur].
1185 3139 1497 3196 Prtevidens
1535 3158 1665 3214 ergo
1691 3159 1784 3199 oc-

1899 1917 2062 1972 tactui
2089 1917 2334 1988 subjacet
2359 1959 2372 1984 ,
2419 1927 2610 1972 etnon
2641 1917 2925 1986 spiritnale
2950 1928 3002 1973 et
3029 1933 3252 1972 aereum
3279 1959 3294 1983 ,
3343 1917 3492 1988 quod

1895 2009 2083 2065 illndat
2123 2011 2335 2079 oculis,
2384 2020 2441 2066 et
2488 2019 2696 2067 tantum
2743 2012 2795 2065 in
2845 2013 3228 2083 phantasmate
3272 2011 3494 2080 conspi-

1893 2105 2088 2162 ciatur.

1966 2199 2167 2268 (Vers.
2199 2201 2250 2256 5.
2279 2199 2298 2272 )
2334 2200 2398 2254 Et
2429 2217 2542 2256 ecce
2580 2201 2608 2240 δ
2647 2214 3007 2271 apparuerunt
3055 2203 3163 2256 illis
3196 2201 3405 2274 Moyses
3443 2212 3493 2257 et

1894 2293 2064 2360 Elius,
2091 2313 2208 2350 cum
2232 2314 2291 2350 eo
2313 2297 2598 2367 loquentes.
2636 2295 2848 2352 Scribis
2876 2309 2929 2352 et
2959 2297 3254 2353 Pltariszeis
3286 2306 3495 2352 tentan-

1895 2389 2039 2446 tibus
2062 2405 2140 2454 se,
2171 2396 2227 2444 et
2248 2389 2316 2444 de
2345 2391 2488 2446 cutio
2518 2390 2672 2461 signa
2700 2390 3075 2460 poscentibus,
3106 2390 3238 2447 dare
3269 2391 3446 2445 noluit
3473 2434 3489 2458 ,

1893 2481 1988 2537 sed
2035 2496 2254 2550 pravam
2309 2482 2734 2552 postulationem
2773 2482 3080 2538 confutavit
3125 2483 3490 2550 τεειιοιιεὶοιιθ

1895 2577 2167 2647 prudenti.
2193 2577 2287 2631 llic
2313 2593 2465 2641 vero,
2491 2587 2548 2632 ut
2573 2577 2940 2648 apostolorum
2966 2589 3158 2648 augeat
3186 2576 3369 2643 fidem,
3397 2578 3491 2632 dat

1893 2671 2103 2741 signum
2129 2671 2197 2727 de
2219 2671 2384 2736 caelo,
2412 2672 2523 2726 Elia
2550 2670 2675 2725 inde
2697 2669 3062 2726 descendente
3087 2686 3192 2741 quo
3227 2685 3489 2725 conscen-

1892 2764 2080 2830 derat;
2106 2775 2162 2820 et
2182 2765 2367 2836 Moyse
2390 2764 2459 2818 ab
2481 2765 2668 2820 inferis
2694 2773 3044 2834 resurgente:
3070 2763 3214 2835 quod
3237 2774 3288 2819 ct
3304 2763 3488 2818 Achaz

1894 2874 1989 2930 per
2012 2859 2200 2914 Isaiam
2228 2859 2450 2930 pra'cipi
2463 2867 2568 2924 tur,
2595 2869 2654 2914 ut
2680 2869 2825 2930 petat
2848 2860 2950 2915 sibi
2975 2860 3186 2930 signum
3213 2858 3281 2912 de
3306 2857 3490 2912 excel-

1892 2967 1978 3022 so,
2013 2961 2108 3007 aut
2135 2953 2204 3008 de
2227 2953 2439 3008 inferno
2465 2953 2615 3024 (lsai.
2635 2971 2727 3018 vn,
2750 2953 2888 3008 etIV
2917 2954 3047 3024 Reg.
3072 2953 3155 3023 tt).
3189 2951 3320 3007 Natn
3343 2949 3488 3021 quod

1893 3043 2098 3100 dictum
2126 3058 2213 3102 est
2245 3063 2258 3100 :
2292 3047 2664 3116 Apparuerant
2691 3048 2796 3102 illis
2831 3047 3040 3118 Moyses
3077 3055 3125 3100 et
3161 3045 3345 3110 Elias,
3375 3061 3489 3098 cum

1893 3152 1953 3190 eo
1983 3137 2287 3210 loquentes;
2319 3149 2372 3194 et
2403 3141 2454 3194 in
2479 3141 2588 3194 alio
2612 3140 2846 3196 refertur
2871 3139 3187 3207 Evangelio,
3215 3139 3494 3192 nuntiasse

216 3229 450 3284 cultorum
498 3230 765 3300 cognitor
810 3229 938 3299 quid
986 3241 1208 3300 possent
1252 3233 1516 3304 objicere,
1550 3252 1779 3306 praesen-
1815 3219 1862 3283 C
1893 3234 1941 3290 ei
1969 3252 2093 3307 quae
2136 3235 2495 3307 Jerosolymis
2543 3251 2804 3306 passurus
2845 3244 2991 3291 esset
3023 3233 3175 3300 (Luc.
3211 3232 3304 3303 Ix)
3335 3251 3348 3287 :
3382 3232 3490 3288 Lex

217 3326 302 3373 teat
349 3321 599 3376 timorem
665 3324 924 3392 praesenti
975 3335 1297 3393 compensat
1349 3329 1595 3396 praemio.
1650 3329 1788 3398 Quid

215 3412 334 3467 enim
353 3413 480 3470 dicit
505 3432 520 3470 :
552 3415 695 3471 Sunt
710 3415 928 3487 'quitlam
955 3418 1017 3471 de
1033 3417 1116 3471 hic
1137 3420 1413 3488 stantibus,
1433 3423 1523 3493 qui
1541 3439 1642 3477 non
1668 3442 1793 3495 gus-

217 3505 367 3559 tabunt
386 3518 626 3574 mortem,
651 3510 812 3563 donec
831 3510 1034 3564 rideant
1059 3508 1104 3562 F
1109 3512 1258 3565 ilium
1270 3513 1493 3568 hominis
1509 3517 1788 3572 venientem

217 3597 258 3652 in
283 3619 423 3674 regno
441 3619 574 3670 suo;
609 3612 671 3656 ut
691 3604 870 3674 qualis
895 3614 979 3659 est
1002 3613 1192 3674 p0stea
1220 3615 1501 3674 venturus,
1523 3609 1593 3664 ob
1616 3610 1790 3665 incre-

216 3693 457 3751 dulitatem
487 3709 730 3753 vestram
762 3700 1014 3768 przesenti
1051 3709 1298 3770 tempore
1329 3701 1755 3760 demonstretur.

273 3788 407 3860 (Cap.
439 3789 848 3846 XVll.—Vers.
886 3792 962 3862 1.)
1000 3793 1062 3846 Et
1095 3803 1119 3830 θ
1146 3805 1258 3865 post
1302 3795 1414 3849 dies
1450 3813 1540 3849 sex
1564 3838 1578 3861 ,
1626 3814 1777 3852 assu-

216 3895 329 3935 mens
345 3879 495 3936 Iesus
521 3881 772 3950 Petrum,
808 3894 856 3938 et
890 3884 1176 3952 Jacobam,
1210 3897 1258 3941 et
1282 3888 1540 3943 Joannem
1569 3890 1783 3959 fratrem

216 3975 324 4041 ejus.
354 3975 526 4042 Quare
554 3976 756 4032 Petrus
782 4018 795 4040 ,
829 3989 884 4032 et
912 3977 1149 4034 Jacobus
1171 4022 1185 4046 ,
1223 3992 1273 4035 et
1306 3980 1551 4038 Joannes
1581 3985 1634 4038 in
1667 3986 1786 4056 qui-

218 4063 408 4122 busdam
438 4069 871 4140 Evangeliorum
917 4073 1050 4128 locis
1081 4085 1407 4143 separentur
1449 4092 1476 4128 a
1522 4078 1740 4134 cieteris
1769 4095 1783 4135 ξ

216 4170 289 4216 aut
325 4164 442 4234 quid
484 4165 762 4237 privilegii
792 4167 1033 4222 habeant
1071 4181 1225 4224 extra
1273 4171 1413 4224 alios
1459 4175 1742 4243 apostolos
1769 4218 1784 4240 ,

215 4256 376 4314 crebro
403 4259 668 4316 diximus.
698 4260 854 4318 Nunc
899 4265 1166 4332 qu:eritnr
1212 4265 1482 4331 quomodo
1515 4277 1638 4336 post
1666 4267 1786 4322 dies

213 4359 290 4403 sex
310 4352 668 4422 assumpserit
691 4367 811 4418 eos,
843 4364 900 4410 et
919 4353 1138 4410 duxerit
1168 4356 1220 4409 in
1246 4366 1481 4412 montem
1504 4360 1782 4415 excelsum

213 4455 424 4499 seorsum
453 4465 466 4500 :
500 4461 634 4502 cum
662 4446 838 4502 Lucas
857 4448 1198 4519 evangelista
1227 4452 1568 4508 octonarium
1597 4470 1786 4509 nume-

218 4549 315 4589 rutn
341 4548 501 4606 ponat
532 4539 696 4612 (Luc.
724 4544 827 4610 ιι).
857 4542 965 4597 Sed
995 4541 1167 4597 facilis
1199 4547 1483 4611 reSponsio
1511 4558 1624 4613 est,
1657 4549 1781 4619 quia

1896 3330 2206 3386 ostenditur
2234 3340 2289 3386 et
2317 3329 2629 3400 propheta),
2664 3331 2755 3401 qui
2799 3339 2852 3383 et
2883 3329 3190 3398 passionem
3224 3325 3436 3382 Domini
3471 3369 3487 3394 ,

1895 3435 1950 3481 et
1981 3425 2441 3481 resurrectionem
2471 3425 2682 3481 crebris
2714 3425 2940 3480 vocibus
2966 3423 3307 3478 nuntiarunt.

1967 3518 2147 3592 (Vers.
2183 3520 2262 3588 4.)
2296 3517 2634 3588 Respondens
2659 3527 2829 3572 autem
2864 3517 3049 3572 Petrus
3075 3559 3090 3582 ,
3131 3518 3263 3571 dixit
3301 3517 3368 3570 ad
3401 3515 3493 3567 ,1ρ-ι-

1895 3629 2009 3667 sum
2041 3629 2060 3666 :
2089 3611 2306 3666 Domine
2331 3653 2346 3678 ,
2391 3613 2583 3666 bonum
2610 3623 2685 3666 est
2721 3629 2813 3665 nos
2843 3611 2927 3664 hic
2951 3627 3077 3666 esse.
3105 3611 3207 3678 Qui
3243 3609 3307 3663 ad
3342 3625 3494 3663 mon-

1895 3713 2018 3759 tana
2048 3704 2468 3772 conscenderat,
2503 3722 2608 3759 non
2639 3706 2752 3759 vult
2782 3705 2848 3760 ad
2874 3715 3088 3759 terrena
3123 3703 3450 3759 descendere
3476 3718 3490 3766 ;

1893 3795 1992 3850 sed
2031 3811 2248 3864 semper
2277 3798 2328 3850 in
2362 3798 2687 3852 sublimibus
2719 3811 3094 3867 perseverare.

1967 3888 2030 3942 Si
2057 3889 2152 3950 vis,
2183 3889 2438 3958 faciamus
2467 3887 2551 3941 hic
2582 3890 2682 3943 tria
2721 3888 3056 3942 tabernacula
3081 3903 3100 3940 :
3144 3885 3260 3940 Tibi
3287 3903 3444 3940 unum
3475 3928 3489 3951 ,

1896 3983 2068 4054 Moysi
2103 4001 2294 4048 unum,
2326 3996 2372 4038 et
2401 3983 2535 4038 Elia'
2567 4000 2747 4039 unum.
2785 3983 2947 4037 Erras
2977 4023 2993 4049 ,
3027 3983 3183 4037 Petre
3211 4023 3226 4047 ,
3262 3981 3396 4036 sicut
3433 3991 3488 4034 et

1892 4077 2030 4131 alius
2058 4078 2387 4148 evangelista
2435 4088 2686 4134 testatur.
2727 4076 2916 4132 Nescis
2959 4076 3087 4145 quid
3117 4076 3268 4130 dicas
3305 4073 3486 4146 (Lac.

1893 4169 2007 4240 ιι).
2044 4169 2165 4224 Noli
2201 4172 2302 4224 tria
2337 4171 2681 4224 tabernacula
2728 4184 2980 4240 qumrere
3005 4211 3019 4233 ,
3062 4183 3184 4223 cum
3221 4182 3385 4222 unum
3419 4167 3488 4221 sit

1895 4264 2301 4319 tabernaculum
2330 4264 2634 4334 Evangelii,
2669 4264 2721 4318 in
2753 4280 2860 4333 quo
2879 4263 2986 4318 Lex
3007 4276 3061 4317 et
3092 4262 3377 4331 Propheta:
3401 4278 3484 4315 re-

1891 4357 2240 4426 capitulanda
2269 4367 2418 4410 sunt.
2451 4355 2508 4410 Si
2533 4367 2714 4410 autem
2746 4353 2944 4424 quzeris
2981 4357 3079 4408 tria
3113 4355 3486 4416 tabernacula,

1893 4465 2234 4521 nequaquam
2266 4464 2457 4504 servos
2499 4464 2620 4504 cum
2671 4448 2902 4502 Domino
2945 4447 3240 4509 conferas.
3281 4447 3376 4500 sed
3412 4445 3493 4499 f:-.c

1894 4544 1995 4598 tria
2031 4542 2382 4598 tabernacula
2419 4559 2433 4597 :
2469 4543 2634 4596 immo
2678 4557 2844 4595 unum
2881 4541 3024 4596 Patri
3057 4584 3070 4606 ,
3117 4550 3170 4595 et
3215 4540 3352 4594 Filio
3381 4584 3394 4604 ,
3441 4547 3496 4591 t-t

219 4625 286 4682 hic
311 4633 463 4688 medii
495 4643 778 4703 ponuntur
807 4635 927 4690 dies
953 4678 968 4700 ,
1011 4635 1088 4692 ibi
1123 4639 1328 4706 primus
1355 4640 1573 4696 additur
1603 4653 1657 4695 et
1687 4659 1781 4697 ex-
1815 4621 1869 4680 D
1891 4636 2112 4702 Spiritui
2143 4645 2367 4701 sancto;
2419 4647 2473 4688 ut
2497 4649 2730 4706 quorum
2762 4645 2850 4690 est
2881 4648 2985 4688 una
3015 4631 3291 4699 divinitas,
3327 4647 3489 4686 unum

219 4729 413 4781 iremus.
443 4727 567 4784 Non
596 4731 744 4785 enim
774 4730 1010 4785 dicitur:
1042 4730 1166 4785 Post
1199 4732 1310 4785 dies
1348 4743 1462 4786 octo
1502 4740 1782 4808 assumpsit

214 4813 342 4872 Jesus
370 4820 585 4876 Petrum
607 4863 623 4890 ,
656 4835 703 4878 et
731 4821 1015 4892 Iacobum,
1047 4836 1093 4878 et
1119 4823 1404 4892 Joannem;
1448 4827 1544 4882 sed
1571 4827 1661 4883 die
1686 4845 1781 4884 oc-

217 4917 340 4965 MPO.

274 5003 412 5061 Ducit
451 5009 576 5064 illos
623 5010 676 5064 in
725 5021 948 5065 montem
979 5012 1237 5067 excelsum
1267 5029 1519 5068 seorsum.
1568 5013 1783 5071 Ducere

220 5095 272 5150 ad
313 5109 562 5157 montana
610 5101 907 5174 discipulos
935 5145 950 5170 ,
994 5119 1120 5175 pars
1164 5104 1311 5175 regni
1353 5115 1456 5160 est.
1500 5105 1784 5162 Ducuntur

215 5202 452 5256 seorsum.
480 5194 612 5264 quia
638 5194 793 5250 multi
820 5195 1016 5262 vocati,
1044 5195 1200 5266 pauci
1226 5211 1357 5252 vero
1379 5196 1541 5252 electi
1563 5197 1780 5269 (Matth.

217 5294 290 5345 ιι,
323 5283 400 5350 lli,
435 5295 484 5339 et
517 5302 654 5355 un,
687 5284 817 5358 M).

272 5374 436 5444 (Vers.
467 5378 552 5448 2.)
586 5375 652 5431 Et
683 5378 1085 5450 transﬁguratus
1107 5390 1179 5434 est
1202 5389 1323 5434 ante
1344 5397 1448 5436 eos.
1485 5382 1670 5448 Qualis
1703 5384 1786 5437 fu-

217 5471 345 5519 turus
366 5479 445 5523 est
470 5479 718 5537 tempore
735 5471 1044 5541 judicandi,
1078 5471 1199 5526 talis
1221 5473 1472 5543 apparuit
1494 5478 1779 5544 apostolis.

214 5557 348 5625 Quod
371 5573 549 5619 autent
575 5565 704 5620 dicit
730 5585 744 5621 :
767 5564 1204 5638 Transﬁguratus
1233 5577 1306 5620 est
1334 5577 1457 5621 ante
1481 5586 1587 5637 eos,
1620 5586 1781 5627 nemo

275 5703 292 5780 _'
323 5703 545 5780 Codices
564 5705 891 5780 Palatini,Et
914 5709 1109 5780 factum
1152 5718 1224 5763 est
1251 5719 1364 5778 post
1389 5726 1480 5764 sea:
1506 5711 1636 5776 dies,
1668 5723 1777 5768 etc.

274 5773 299 5811 δ
337 5777 427 5832 llic
453 5787 624 5848 atque
650 5773 821 5845 infra,
864 5773 955 5835 ubi
989 5780 1139 5835 locus
1182 5773 1284 5835 iste
1317 5784 1552 5837 recurrit
1581 5824 1596 5847 ,
1626 5773 1773 5838 mss.

221 5848 365 5902 nostri
385 5851 683 5919 pra-ferunt
721 5851 917 5909 minori
947 5867 1216 5921 numero,
1262 5854 1532 5924 apparuit.
1585 5854 1782 5926 Legem

1890 4730 1961 4783 sit
1988 4738 2042 4783 et
2071 4730 2120 4782 in
2154 4737 2377 4797 pectore
2410 4739 2503 4780 tuo
2538 4729 2967 4782 tabernaculum.

1964 4825 1982 4896 (
2011 4823 2167 4879 Vers.
2203 4823 2254 4877 5.
2290 4822 2307 4893 )
2355 4823 2541 4877 Adhuc
2568 4840 2627 4877 eo
2654 4823 2896 4893 loquente
2923 4864 2938 4890 ,
2989 4837 3099 4875 ccre
3129 4820 3287 4874 nubes
3319 4819 3497 4874 lurida

1892 4917 2216 4973 obumbravit
2242 4933 2351 4968 eos.
2385 4914 2452 4968 Et
2477 4931 2592 4968 erce
2624 4930 2722 4968 eoa:
2748 4916 2809 4966 tle
2842 4912 2994 4978 nube,
3031 4913 3208 4965 dicens
3238 4929 3254 4964 :
3284 4910 3382 4964 Hic
3420 4922 3495 4964 ρει

1893 5008 2069 5062 Filius
2113 5025 2255 5063 meus
2301 5007 2521 5061 dilectus
2548 5051 2559 5072 ,
2606 5008 2658 5059 in
2699 5022 2802 5076 quo
2844 5005 2971 5058 mihi
2999 5005 3124 5058 bene
3155 5005 3442 5078 complacui
3472 5021 3490 5058 :

1889 5105 2061 5176 ipsum
2084 5102 2279 5156 audite.
2303 5099 2440 5169 Quia
2469 5099 2848 5172 imprudenter
2879 5099 3332 5169 interregavcrat,
3367 5114 3491 5167 pro-

1893 5205 2081 5267 pterea
2104 5196 2516 5265 respOusionem
2545 5191 2758 5248 Domini
2786 5207 2892 5246 non
2919 5199 3185 5256 meretur,
3212 5191 3305 5245 seti
3331 5191 3490 5244 Pater

1888 5289 2182 5360 reSpOndet
2207 5303 2304 5359 pro
2328 5287 2485 5354 Filio,
2514 5297 2572 5341 ut
2595 5288 2820 5342 verbum
2847 5288 3060 5342 Domini
3089 5287 3485 5354 compleretur:

1891 5383 2006 5458 Ego
2036 5385 2386 5438 testimonium
2423 5400 2523 5437 non
2553 5383 2671 5436 dico
2705 5399 2797 5453 pro
2830 5400 2907 5437 me
2933 5425 2947 5447 ,
2995 5383 3085 5437 sed
3116 5381 3274 5434 Pater
3293 5379 3380 5449 qui
3411 5394 3487 5430 me

1891 5481 2059 5548 misit,
2095 5481 2207 5549 ipse
2229 5495 2324 5550 pro
2355 5495 2434 5531 me
2465 5478 2590 5532 dicit
2623 5477 2974 5532 testimonium
3006 5474 3205 5545 (Joan.
3242 5488 3295 5536 v,
3323 5473 3412 5534 57,
3445 5479 3488 5522 ιιι

1891 5589 2006 5640 vnt,
2048 5572 2156 5646 t8).
2186 5572 2373 5628 Nubes
2397 5581 2576 5628 autem
2609 5572 2825 5627 videtur
2857 5569 3034 5624 lucida
3063 5614 3076 5637 ,
3120 5579 3171 5622 et
3203 5566 3494 5621 obumbrat

1891 5724 1944 5769 ct
1975 5713 2273 5784 Prophetas
2312 5729 2408 5781 per
2449 5713 2686 5784 Moysem
2716 5723 2771 5784 et
2804 5710 2972 5766 Etiam
2999 5709 3294 5784 significari
3321 5751 3334 5774 ,
3367 5726 3488 5784 quae

1891 5786 2050 5844 obvia
2080 5781 2456 5856 interpretatio
2489 5781 2596 5854 est,
2629 5783 2688 5841 S.
2720 5783 2882 5839 Pater
2904 5799 2968 5839 ex
2993 5781 3228 5854 Origene
3259 5781 3489 5855 accepit.
