4004 6332
473 331 577 394 ηδ

1719 335 1777 391 S.
1825 336 2094 397 BUSEBII
2134 338 2511 399 HIERONYMI

3661 337 3765 396 tu
3838 322 3845 329 ’

468 462 568 513 eos
600 473 614 510 :
647 453 703 510 ut
734 453 827 527 qui
860 456 1081 513 carnale
1109 470 1139 511 e
1167 454 1474 525 frondibus,
1509 461 1604 511 aut
1627 457 1878 514 tentoriis
1904 474 2059 530 qure-
2086 465 2138 528 Α
2164 472 2221 519 et
2256 471 2378 534 post
2409 470 2611 518 tantam
2650 460 2881 532 gloriam
2911 458 3054 530 apud
3087 460 3255 517 rudes
3281 461 3499 517 animos
3528 475 3762 534 Sequens

473 550 669 606 rebant
699 550 1136 616 tabernaculum,
1169 548 1329 604 nubis
1358 547 1552 605 iucidte
1579 550 1928 619 operirentur
1953 568 2069 608 um-

471 644 718 701 braculo.
756 645 910 718 131
946 644 1059 700 Vox
1086 658 1302 715 quoque
1333 643 1401 700 de
1423 644 1566 700 coelo
1588 643 1767 701 Patris
1791 644 2068 717 loquentis

471 738 714 803 auditur,
745 755 864 807 qua:
886 747 941 795 et
972 738 1337 793 testimonium
1363 736 1642 806 perhibeat
1668 736 1839 805 Filio;
1871 746 1929 794 et
1966 738 2068 795 Pe-

471 843 613 889 trum
647 831 756 906 [AL
791 831 983 905 Petri],
1014 845 1201 887 errore
1227 831 1445 886 sublato
1466 873 1481 895 ,
1512 830 1706 886 doceat
1737 831 2018 887 veritatem
2050 848 2065 886 :

470 926 638 981 immo
660 941 756 997 per
778 926 994 980 Petrum
1019 932 1247 980 cteteros
1267 924 1565 995 apostolos.
1592 924 1700 979 Hic
1724 933 1821 990 est,
1848 926 1943 992 ait,
1977 924 2069 979 Fi-

472 1020 577 1074 lius
608 1036 751 1074 meus
779 1017 1004 1073 dilectus
1027 1034 1045 1072 :
1078 1017 1207 1074 huic
1230 1018 1499 1087 ﬁgendum
1527 1028 1612 1074 est
1636 1019 2065 1090 tabernaculum,

471 1109 597 1166 huic
621 1110 1124 1179 obtemperandum.
1160 1109 1259 1165 llic
1287 1118 1371 1165 est
1400 1109 1561 1175 illius,
1610 1110 1689 1165 illi
1729 1112 1869 1167 servi
1900 1120 2065 1167 sunt:

472 1204 684 1276 Moyses
713 1216 769 1261 ct
797 1204 947 1260 Elias
970 1204 1171 1260 debent
1203 1212 1259 1261 et
1280 1206 1378 1276 ipsi
1422 1206 1698 1261 vobiscum
1729 1207 1782 1262 in
1818 1218 2071 1278 penetra-

472 1298 615 1354 libtts
644 1298 825 1354 cordis
843 1297 926 1354 sui
954 1299 1180 1355 Domino
1202 1300 1608 1357 tabernaculum
1632 1317 1958 1374 praeparare.

543 1389 726 1463 (Vcrs.
757 1391 838 1463 θλ)
874 1392 942 1447 Et
965 1393 1235 1448 audientes
1264 1394 1516 1466 discipuli
1538 1437 1552 1461 ,
1579 1397 1878 1450 ceciderunt
1904 1397 1957 1450 in
1987 1396 2073 1466 fa-

471 1484 601 1543 cient
628 1504 808 1554 suam,
839 1497 887 1541 et
920 1488 1204 1543 timuerunt
1231 1472 1401 1545 valde.
1436 1490 1726 1559 Tripliccm
1757 1492 1828 1546 ob
1851 1503 2071 1547 causam

473 1597 675 1654 pavore
706 1592 982 1637 terrentur
1007 1628 1021 1651 ,
1051 1584 1136 1639 vel
1167 1586 1289 1655 quia
1317 1599 1376 1641 se
1404 1600 1619 1642 errasse
1657 1595 2027 1657 cognoverant
2050 1624 2067 1655 ,

470 1676 558 1731 vel
583 1678 707 1743 quia
736 1677 910 1732 nubes
955 1678 1129 1733 lucida
1159 1690 1452 1747 operuerat
1490 1695 1626 1745 cos,
1676 1692 1767 1736 aut
1808 1682 1935 1753 quia
1973 1682 2069 1737 Dei

476 1768 653 1825 Patris
684 1784 871 1827 vocem
902 1770 1172 1842 loquentis
1202 1773 1489 1828 audierant
1532 1789 1547 1827 :
1593 1783 1619 1812 ει
1667 1776 1794 1845 quia
1836 1774 2067 1829 humana

2175 570 2197 595 π
2240 574 2372 615 crux
2401 558 2718 615 scandalum
2748 557 2975 613 iaceret.

2241 650 2435 725 (Vera.
2472 653 2601 723 10.)
2635 651 2697 706 Et
2724 653 3175 723 interrogaverunt
3200 669 3317 709 eum
3345 652 3631 726 discipuli,
3675 655 3763 709 di-

2170 758 2379 804 centes:
2409 748 2548 816 Quid
2569 763 2693 821 ergo
2712 746 2914 803 Scriba:
2935 748 3140 814 dicunt,
3164 749 3305 819 quod
3329 747 3504 803 Etiam
3528 758 3764 820 oporteat

2170 846 2395 915 primunt
2416 843 2626 899 venire?
2650 841 2767 898 Nisi
2798 856 2992 898 causas
3020 841 3357 908 noverimus,
3391 857 3562 911 quare
3587 843 3765 899 inter.

2170 938 2480 1009 rogaverint
2511 936 2764 1006 discipuli
2794 950 2961 1006 super
2989 935 3121 991 Elite
3143 936 3387 1001 nomine,
3418 939 3584 993 stulta
3612 937 3768 994 vide-

2170 1039 2278 1101 tur,
2304 1040 2359 1087 et
2381 1030 2812 1087 extraordinaria
2836 1044 3027 1085 eorum
3052 1030 3436 1102 interrogatio.
3455 1032 3594 1101 Quid
3618 1032 3766 1088 enim

2171 1126 2415 1197 pertinet
2441 1126 2506 1180 ad
2538 1137 2625 1192 ea,
2658 1138 2778 1195 quae
2808 1137 2971 1192 supra
3002 1126 3201 1191 scripta
3233 1133 3383 1188 sunt,
3415 1124 3485 1180 de
3517 1124 3649 1180 Elia:
3679 1125 3769 1181 ad-

2170 1228 2335 1276 ventu
2360 1218 2649 1292 quaerere?
2682 1216 2932 1275 Traditio
2958 1215 2984 1254 ¹¹
3018 1217 3417 1273 Pharisaeorum
3446 1228 3531 1273 est
3557 1264 3570 1287 ,
3608 1218 3766 1289 juxta

2172 1314 2488 1370 Malachlam
2523 1312 2849 1381 prophetam
2877 1308 3010 1382 (qui
3042 1319 3127 1366 est
3159 1311 3490 1366 novissimus
3530 1310 3585 1367 in
3629 1310 3771 1367 duo-

2171 1404 2375 1478 decim)
2405 1402 2551 1475 quod
2581 1402 2730 1458 Eiias
2760 1401 2943 1457 veniat
2973 1411 3098 1456 ante
3119 1400 3414 1457 adventum
3441 1402 3766 1471 Salvataris,

2171 1507 2226 1554 et
2258 1497 2479 1553 reducat
2508 1510 2604 1550 eor
2629 1505 2845 1565 patrum
2870 1494 2937 1549 ad
2972 1494 3113 1550 lilios
3138 1537 3154 1563 ,
3200 1502 3260 1555 et
3284 1494 3526 1551 ﬁliorum
3562 1496 3632 1552 ad
3671 1512 3773 1569 pa-

2173 1601 2306 1657 tres,
2329 1598 2385 1646 et
2411 1590 2664 1645 restituat
2686 1590 2870 1643 omnia
2900 1589 2953 1644 in
2976 1589 3258 1660 antiquum
3281 1597 3481 1644 statum
3500 1590 3768 1663 (Μαῖρά.

2175 1683 2272 1756 tv).
2304 1678 2601 1739 Estimant
2628 1698 2764 1754 ergo
2792 1681 3049 1753 discipuli
3084 1682 3623 1739 transformationem
3650 1685 3773 1755 glo-

2172 1776 2272 1831 ria:
2304 1776 2443 1833 hanc
2471 1791 2596 1832 esse
2621 1817 2635 1842 ,
2675 1791 2837 1847 quam
2868 1776 2919 1830 iu
2952 1787 3140 1831 monte
3167 1776 3418 1841 videant,
3451 1786 3507 1832 et
3534 1777 3725 1833 dicunt
3751 1793 3769 1837 :

475 1862 737 1935 fragilitas
762 1874 1112 1937 conspectum
1144 1867 1367 1938 majoris
1391 1866 1579 1937 gloriae
1610 1867 1754 1924 ferre
1775 1882 1884 1924 non
1906 1868 2069 1924 susti—
2099 1864 2149 1925 B
2175 1869 2232 1927 Si
2255 1870 2368 1941 jam
2418 1870 2615 1925 venisti
2663 1869 2716 1924 in
2751 1869 2929 1941 gloria
2954 1915 2967 1938 ,
3014 1869 3290 1939 quomodo
3317 1884 3623 1938 praecurer
3648 1880 3773 1926 tuus

458 1968 587 2027 'net,
620 1974 682 2013 ac
709 1967 823 2015 toto
853 1960 1038 2015 animo
1060 1968 1114 2015 et
1133 1976 1363 2030 corpore
1385 1964 1835 2032 contremiscens,
1868 1964 1934 2018 ad
1960 1972 2071 2020 ter-

472 2067 588 2109 ram
620 2052 791 2108 cadit.
838 2052 1056 2118 Quanto
1095 2052 1220 2123 quis
1258 2055 1521 2123 ampliora
1556 2056 1829 2125 qntesieril
1856 2098 1871 2123 ,
1919 2066 2071 2113 tanto

472 2146 645 2217 magis
673 2145 740 2200 ad
771 2145 1035 2203 inferiora
1065 2147 1358 2203 collabitur
1382 2185 1398 2217 ,
1463 2149 1507 2203 si
1551 2150 1881 2220 ignoraverit
1912 2166 2068 2208 men-

475 2244 659 2294 suram
691 2244 868 2296 suam.

547 2333 733 2403 (Vera.
764 2330 849 2405 7.)
879 2333 946 2388 Et
973 2336 1187 2390 accessit
1209 2330 1386 2405 Iesus,
1419 2346 1470 2391 et
1494 2336 1658 2407 tetigit
1682 2347 1785 2391 eos.
1827 2337 1962 2406 Quia
1993 2338 2071 2394 illi

464 2426 726 2499 jacebaut
749 2468 765 2495 ,
809 2437 864 2483 et
896 2442 1127 2499 surgere
1166 2445 1274 2484 non
1305 2437 1595 2499 poterant,
1629 2429 1742 2499 ipse
1771 2430 2071 2486 clementer

474 2520 708 2588 accedit,
741 2529 796 2577 et
827 2522 993 2593 tangit
1020 2536 1134 2590 eos,
1170 2532 1229 2577 ut
1256 2530 1398 2578 tactu
1426 2525 1674 2581 timorem
1699 2524 1867 2596 luget,
1898 2532 1955 2580 et
1977 2524 2073 2579 de-

475 2613 683 2671 bilitata
718 2615 960 2670 membra
994 2615 1318 2671 solidentur.

545 2706 795 2780 Dixitque
819 2709 895 2763 eis
916 2725 934 2761 :
963 2708 1210 2783 Surgite,
1240 2719 1288 2764 et
1314 2712 1474 2765 nolite
1499 2714 1693 2769 timere.
1727 2711 1879 2780 Quos
1908 2726 2069 2766 manu

470 2809 773 2870 sanaverat,
808 2813 963 2858 sanat
989 2803 1244 2873 imperio.
1288 2802 1467 2858 Nolite
1497 2806 1696 2860 timere.
1726 2805 1967 2860 Primum
1996 2804 2064 2860 ti—

475 2908 599 2949 mor
624 2894 942 2964 expellitur,
974 2904 1025 2949 ut
1058 2904 1239 2965 postea
1267 2895 1513 2951 doctrina
1546 2896 1832 2953 tribuatur.

546 2986 567 3058 (
591 2987 743 3042 Vers.
780 2987 832 3042 8.
859 2986 880 3060 )
910 2986 1164 3043 Levantes
1194 2999 1367 3044 autem
1397 2989 1579 3044 oculos
1607 3006 1733 3045 suos
1756 3037 1769 3061 ,
1817 2992 2070 3046 neminem

475 3078 738 3145 vi'lerunt,
770 3082 871 3135 nisi
900 3082 1069 3135 solum
1099 3079 1301 3135 Iesum.
1334 3081 1755 3141 Rationabiliter
1785 3094 2068 3156 postquam

428 3180 441 3192 '
475 3182 872 3240 surrexerunt,
922 3189 1030 3229 non
1061 3174 1313 3231 viderunt
1344 3176 1444 3232 nisi
1471 3178 1645 3233 solum
1672 3178 1859 3234 Jesum
1885 3195 1898 3232 :
1927 3196 1999 3235 ne
2020 3181 2066 3235 si

2176 1978 2283 2018 non
2311 1973 2558 2034 apparet,
2579 1964 2812 2017 maxime
2833 1962 2959 2033 quia
2980 1962 3153 2017 Eliam
3178 1962 3428 2017 viderant
3450 1964 3771 2021 recessisse.

2173 2053 2400 2120 Quando
2429 2062 2610 2108 autem
2635 2051 2900 2122 adjiciunt
2928 2068 2944 2110 :
2979 2050 3181 2106 Scriba:
3209 2052 3391 2106 dicunt
3424 2052 3563 2120 quod
3597 2052 3771 2106 Etiam

2175 2156 2409 2217 oporteat
2430 2149 2654 2220 primum
2674 2146 2847 2201 venire
2868 2164 2889 2201 :
2910 2145 3151 2201 Primum
3181 2145 3435 2213 dicendo,
3467 2146 3772 2201 ostendunt

2174 2242 2314 2311 quod
2346 2242 2447 2296 nisi
2474 2242 2620 2297 Elias
2650 2242 2882 2308 venerit,
2911 2254 3018 2295 non
3040 2242 3111 2297 sit
3131 2240 3437 2297 secundum
3458 2239 3773 2311 Scripturas

2172 2335 2476 2391 Salvatoris
2513 2335 2800 2390 adventus.

2247 2427 2429 2499 (Vers.
2464 2429 2553 2491 ll.
2583 2428 2700 2498 ‘12.)
2728 2427 2795 2482 At
2824 2425 2917 2481 ille
2942 2427 3262 2496 respondens
3282 2469 3299 2497 ,
3334 2426 3409 2480 ait
3432 2426 3539 2481 illis
3564 2442 3582 2481 :
3616 2424 3774 2479 Elius

2172 2518 2385 2589 quidem
2414 2531 2663 2576 venturus
2691 2530 2765 2574 est
2792 2562 2806 2588 ,
2856 2530 2901 2575 et
2936 2521 3173 2575 restituet
3201 2520 3395 2574 onmia.
3436 2517 3571 2575 Dico
3598 2530 3775 2576 autem

2173 2616 2313 2670 vobis
2333 2658 2347 2681 ,
2377 2616 2501 2687 quia
2529 2613 2680 2669 Etias
2700 2616 2817 2686 jam
2847 2615 3003 2670 venit.
3040 2614 3161 2684 Ipse
3187 2615 3276 2684 qui
3309 2622 3573 2669 venturus
3599 2623 3685 2668 est
3716 2613 3775 2668 in

2173 2711 2416 2766 secundo
2443 2710 2744 2765 Salvatoris
2772 2709 3013 2765 adventu
3041 2750 3052 2768 .
3094 2709 3248 2779 juxta
3282 2709 3531 2778 corporis
3560 2708 3727 2764 ﬁdem
3755 2752 3772 2779 ,

2174 2820 2315 2859 nunc
2346 2820 2441 2871 per
2466 2802 2730 2857 Joannem
2759 2802 2910 2857 venit
2942 2803 2995 2856 in
3021 2802 3226 2857 virtute
3253 2812 3307 2858 et
3335 2801 3529 2873 spiritu
3574 2811 3623 2854 ο.

2244 2898 2315 2953 Et
2333 2915 2437 2953 non
2457 2907 2800 2970 cognoverunt
2821 2914 2970 2965 eum;
2995 2898 3085 2951 sed
3103 2898 3335 2963 fecerant
3355 2898 3407 2950 in
3432 2910 3491 2950 eo
3507 2911 3777 2967 quaestur-

2169 3011 2269 3066 que
2289 2995 2563 3049 voluerunt
2588 3009 2606 3049 :
2635 2992 2745 3046 lloc
2769 3002 2874 3062 est,
2901 3000 3247 3063 spreverunt,
3276 2999 3334 3046 et
3350 2990 3776 3046 decollaventnt

2173 3102 2320 3142 eum.

2244 3179 2424 3254 (Vers.
2454 3179 2567 3249 15.)
2591 3178 2682 3236 Sic
2704 3189 2755 3234 et
2777 3176 2826 3231 F
2827 3179 2949 3233 ilius
2974 3179 3198 3233 ttontinis
3219 3192 3466 3250 passurus
3487 3186 3560 3231 est
3583 3176 3653 3232 ab
3676 3179 3778 3239 eis.

476 3260 692 3337 Moyses
723 3274 776 3321 el
805 3266 953 3321 Elias
986 3281 1430 3337 perseverassent
1457 3286 1577 3326 cum
1614 3272 1859 3340 Domino,
1894 3272 2072 3330 Patris
2096 3259 2141 3323 (ἶ
2174 3280 2324 3337 Tum:
2350 3283 2714 3338 intellexerunt
2738 3282 3019 3353 discipuli,
3048 3282 3173 3353 quia
3198 3281 3263 3335 de
3283 3278 3489 3335 Joanne
3519 3280 3779 3351 Baptista

472 3374 585 3414 Vox
608 3361 885 3416 videretur
914 3362 1141 3429 incerta,
1173 3365 1260 3420 cui
1292 3366 1631 3435 potissimum
1655 3366 1805 3422 daret
1832 3369 2075 3425 teatimo-

478 3455 649 3510 nium.
688 3454 884 3511 Vident
913 3472 1044 3528 ergo
1070 3458 1258 3514 Jesnm
1288 3468 1519 3514 stantem
1545 3501 1561 3527 ,
1596 3459 1775 3515 ablata
1804 3460 1947 3518 nube
1969 3501 1985 3528 ,
2017 3469 2075 3518 et

485 3548 709 3619 Moysen
738 3559 794 3604 et
825 3550 1007 3623 Eliam;
1038 3554 1325 3607 evanuisse
1368 3569 1383 3605 :
1430 3554 1557 3623 quia
1594 3564 1882 3625 postquam
1909 3555 2069 3627 Legis

481 3653 537 3699 et
566 3644 963 3715 Pr0phetarum
997 3647 1188 3700 umbra
1220 3646 1530 3703 discesserit
1551 3689 1566 3715 ,
1613 3665 1735 3718 qua!
1762 3649 2075 3706 velamento

479 3752 579 3795 suo
608 3740 886 3810 apostolos
917 3748 1164 3808 texerat,
1208 3740 1236 3780 δ
1270 3753 1560 3815 utrumque
1587 3743 1773 3799 lumen
1801 3744 1853 3799 in
1887 3744 2068 3799 Evan-

476 3833 621 3904 gelio
655 3836 941 3901 reperitur.

548 3926 728 3998 (Vera.
764 3927 817 3982 9.
843 3926 862 3999 )
898 3927 963 3983 Et
993 3929 1415 3985 descendentibus
1445 3929 1555 3985 illis
1584 3931 1652 3984 de
1674 3941 1849 3985 monte
1876 3946 2070 4002 prtere-

478 4020 553 4089 pit
585 4019 741 4092 132
769 4019 925 4075 Jesus
946 4065 959 4087 ,
994 4022 1172 4075 dicens
1198 4039 1213 4074 :
1244 4021 1453 4076 Nemini
1494 4024 1736 4079 dixeritis
1774 4026 2023 4080 visionem
2050 4066 2067 4093 ,

474 4112 636 4166 donec
667 4111 843 4167 Filius
882 4113 1101 4167 hominis
1149 4132 1180 4167 a
1231 4116 1443 4169 mortuis
1470 4125 1727 4189 resurgat.
1762 4115 1950 4171 Fttturi
1977 4132 2063 4173 re-

469 4205 561 4275 gni
581 4205 999 4274 praemeditatio,
1020 4215 1075 4262 et
1090 4207 1259 4278 gloria
1289 4209 1674 4279 triumphantis
1692 4209 2064 4266 demonstrata

478 4296 658 4352 luerat
682 4297 735 4351 iu
770 4309 977 4353 monte.
1009 4298 1126 4353 Non
1156 4314 1287 4370 ergo
1313 4300 1429 4355 vult
1454 4300 1558 4355 hoc
1589 4302 1642 4357 in
1669 4303 1898 4373 populos
1927 4317 2067 4373 pras-

472 4390 678 4458 dicari,
709 4407 779 4447 ne
807 4403 861 4448 et
887 4394 1207 4451 incredibile
1242 4405 1387 4451 esset
1409 4410 1509 4468 pro
1538 4397 1618 4455 rei
1646 4398 2022 4470 magnitudine
2044 4444 2058 4468 ,

541 4662 567 4731 ξι
606 4655 785 4731 gastri
819 4673 949 4713 mss.
986 4667 1168 4731 tacent
1193 4661 1493 4726 causaiem,
1525 4662 1670 4731 quia.

536 4724 564 4764 ι’
605 4725 761 4801 Nullo
788 4745 950 4785 sensu
984 4730 1266 4801 legebatur
1294 4724 1682 4799 antea,utrum
1714 4732 1907 4787 lumen.
1943 4731 2051 4786 Re~

465 4798 605 4853 otius
636 4799 689 4853 iu
720 4804 919 4872 aliquot
954 4798 1084 4856 mss.
1116 4802 1312 4873 legitur
1336 4848 1349 4870 ,
1394 4798 1569 4858 verum
1618 4820 1635 4859 :
1682 4805 1735 4859 in
1782 4804 2055 4874 plerisque

468 4878 647 4926 autem
679 4879 954 4941 utrumque
986 4890 1003 4928 :
1032 4890 1153 4945 quin
1182 4885 1236 4930 et
1268 4878 1424 4929 nobis
1456 4877 1695 4942 reposita
1730 4876 1892 4930 lectio
1923 4885 2008 4929 est
2035 4891 2050 4940 ;

468 4957 791 5016 qu:tmquam
822 4947 1029 5013 malim,
1062 4964 1222 5001 unum
1254 4948 1464 5003 restitui
1486 4950 1692 5016 absque
1719 4946 2054 5001 additamen-

467 5026 523 5088 to
549 5057 563 5079 ,
597 5015 771 5069 tamen
798 5064 810 5084 ,
846 5032 1005 5087 quam
1039 5032 1227 5073 vocem
1259 5028 1314 5074 et
1348 5019 1588 5088 plerique
1610 5015 1748 5073 mss.
1780 5019 2054 5088 ignorant.

469 5086 781 5160 Essetvero
807 5086 917 5143 tum
952 5089 1263 5160 Hieronymi
1295 5086 1475 5145 sensui
1507 5086 1839 5143 conformior
1869 5090 2055 5158 lectio,

468 5159 1443 5232 cumAOrigeuianieinterpretationi,
1477 5178 1596 5232 qua!
1626 5162 1788 5216 habet
1816 5177 1828 5214 :
1868 5160 2058 5229 Moses,

468 5232 556 5297 qui
586 5230 692 5285 Lex
723 5230 816 5299 est,
850 5243 896 5286 et
929 5230 1095 5289 Elius.
1129 5232 1227 5287 hoc
1253 5243 1347 5293 est.
1385 5230 1683 5301 Prophette,
1707 5233 2059 5288 uati-elidens

468 5305 594 5373 facti
621 5314 742 5359 sunt
771 5322 831 5359 ac
856 5305 1012 5359 Jestts
1033 5349 1047 5372 ,
1090 5306 1143 5359 id
1170 5316 1243 5358 est
1268 5347 1282 5370 ,
1318 5304 1687 5378 Evangetium;
1718 5321 1807 5358 nec
1833 5316 1886 5358 ut
1917 5305 2060 5372 prius

466 5385 565 5429 tres
593 5384 763 5448 e_rant,
796 5378 867 5448 ita
890 5389 1322 5448 permanserunt;
1351 5378 1439 5429 sed
1464 5389 1564 5448 tres
1587 5389 1738 5448 11on
1764 5378 1890 5448 [acti
1909 5386 2056 5448 sunt.

544 5458 565 5484 ο
607 5446 766 5502 Ratio
795 5446 911 5502 hmo
944 5448 1149 5516 pridem
1182 5447 1437 5517 Origeuis
1466 5446 1607 5505 fuit:
1644 5446 1780 5500 Nam
1806 5489 1820 5513 ,
1857 5447 2052 5514 inquit,

465 5518 553 5590 qui
579 5519 917 5591 audivissent,
950 5534 1012 5571 ac
1033 5521 1314 5591 prmsertint
1340 5520 1522 5584 turbat,
1549 5529 1654 5573 tum
1682 5520 1904 5572 maxime
1926 5520 2058 5591 fuis-

464 5600 579 5662 sent
607 5589 818 5656 offensa:
837 5632 850 5654 ,
874 5606 1002 5662 cum
1032 5589 1149 5644 eum
1178 5596 1320 5644 Cruci
1347 5592 1557 5662 a/Iivum
1592 5591 1835 5645 vidissent
1857 5634 1872 5656 ,
1905 5589 2057 5662 quem

466 5660 1011 5734 talia/fectumgloriw
1033 5660 1455 5727 accepissentJAt
1478 5663 1730 5733 persequi
1751 5660 2062 5716 annolantlo

470 5735 715 5789 studiose
756 5733 1009 5805 singula,
1060 5749 1183 5805 qua:
1218 5736 1417 5803 abillo
1454 5735 1727 5805 scriptore
1756 5745 1943 5793 uoster
1970 5750 2063 5788 ex-

471 5806 700 5878 pressit,
734 5806 896 5860 nimis
925 5804 1142 5878 longum
1169 5817 1272 5862 est.

549 5874 573 5912 ιι
614 5875 898 5946 Origenes,
931 5874 1189 5950 Discipuli
1218 5878 1473 5933 recordati
1497 5887 1615 5935 sunt
1638 5894 1833 5947 eorum,
1864 5893 1979 5952 quia
2002 5877 2065 5933 de

2173 3385 2385 3440 dixisset
2410 3386 2502 3440 eis.
2523 3383 2797 3453 Quaeritur
2819 3393 2996 3438 autem
3022 3397 3144 3438 cum
3161 3382 3408 3463 lleroodes
3432 3391 3484 3436 rt
3501 3382 3780 3438 lierodias

2171 3486 2433 3543 Joannem
2467 3486 2621 3559 133
2656 3485 3073 3553 interfecerint,
3114 3482 3389 3554 quomodo
3432 3483 3531 3554 ipsi
3566 3482 3767 3539 Jesum

2171 3603 2390 3658 quoque
2419 3588 2759 3644 crucilixisse
2788 3588 3038 3642 dicantur
3081 3603 3094 3642 :
3148 3602 3269 3641 cum
3307 3586 3549 3656 legamus
3579 3600 3710 3641 eum
3745 3601 3779 3643 a

2172 3692 2377 3748 Scribis
2398 3701 2453 3749 et
2474 3691 2766 3748 Pharistcis
2791 3691 3162 3748 interiectum?
3188 3690 3515 3746 Etbreviter
3542 3704 3783 3762 respon-

2171 3794 2594 3866 dendum.quod
2613 3795 2742 3852 etin
2771 3793 3001 3851 Joannis
3026 3808 3162 3851 nece
3197 3790 3219 3831 τ
3254 3792 3661 3848 Pharisaeorum
3686 3793 3781 3850 fa-

2173 3897 2282 3954 ctio
2305 3896 2647 3953 consenserit
2676 3938 2691 3964 ,
2738 3904 2793 3952 ct
2839 3896 2891 3951 in
2936 3894 3213 3952 occisione
3261 3894 3477 3951 Domini
3525 3894 3787 3955 Herodes

2167 3998 2409 4070 junxerit
2445 3998 2777 4054 voluntatem
2825 4012 2979 4053 suam
3015 4015 3030 4053 :
3073 3998 3163 4067 qui
3202 3996 3420 4053 illusum
3470 4006 3635 4067 atque
3676 3996 3784 4055 de-

2170 4111 2417 4173 spectum
2470 4100 2740 4158 remiserit
2795 4099 2862 4155 ad
2915 4099 3148 4155 Pilatum
3182 4141 3200 4166 ,
3257 4109 3315 4155 ut
3385 4099 3784 4171 crucifigerent

2173 4221 2418 4371 uigilare.
2459 4295 2550 4361 Μ,
2585 4294 2700 4366 15.)
2734 4294 2989 4362 Domine,
3039 4295 3279 4350 miserere
3318 4295 3431 4366 ﬁlio
3464 4310 3599 4359 meo,
3648 4296 3787 4367 quia

2172 4397 2434 4455 (nauticas
2478 4406 2575 4467 est,
2616 4406 2667 4453 et
2709 4394 2847 4451 male
2891 4395 3090 4468 patitur
3117 4411 3137 4451 :
3185 4412 3306 4449 nam
3344 4411 3482 4468 sape
3528 4397 3675 4450 endit
3720 4396 3780 4451 in

2080 4662 2136 4723 D
2162 4657 2285 4712 Elia
2315 4655 2597 4711 traduntur
2622 4670 2655 4707 a
2678 4651 2882 4711 Scribis
2906 4691 2920 4715 ,
2953 4659 3074 4705 ante
3095 4647 3291 4723 Christi
3312 4647 3549 4723 videlicet
3579 4649 3782 4705 adven-

2160 4738 2289 4789 tum,
2322 4726 2492 4781 Etiam
2518 4729 2801 4780 venientem
2831 4732 3251 4796 prtvparalurum
3274 4722 3395 4796 huic
3420 4718 3633 4796 illorum
3657 4723 3784 4774 ani-

2159 4817 2290 4863 mus,
2309 4800 2398 4870 qui
2419 4815 2535 4853 eum
2556 4790 2847 4870 suscepturi
2872 4806 3013 4870 sunt.
3031 4795 3095 4847 At
3118 4794 3254 4870 visus
3279 4790 3502 4870 ille,qu
3521 4790 3572 4843 in
3599 4805 3785 4870 monte

2160 4862 2377 4940 contiqit
2403 4912 2418 4935 ,
2462 4886 2564 4938 quo
2605 4862 2854 4937 opnoruit
2888 4866 3034 4920 Elius
3059 4907 3074 4931 ,
3121 4862 3440 4940 minimettis
3469 4865 3787 4916 consentire

2163 4935 2454 5009 videbatur,
2476 4935 2605 5009 qua:
2634 4935 2774 4993 dicta
2802 4947 2925 4993 sunt
2974 4956 2993 4992 :
3040 4935 3464 5009 quandoquidem
3499 4947 3784 5009 nonnum,

2160 5016 2252 5069 sed
2280 5025 2395 5088 pist
2422 5002 2603 5088 {esum
2635 5012 2716 5065 Itis
2745 5010 2896 5088 tilias
2943 5002 3209 5088 advenisse
3253 5002 3529 5088 visusest.
3559 5002 3785 5088 Idcirco

2162 5079 2401 5141 mentitos
2434 5084 2647 5139 Scribas
2677 5083 3032 5137 existinantt-s
3061 5124 3074 5146 ,
3123 5079 3235 5131 Itarc
3265 5079 3444 5139 aiunt,
3484 5085 3591 5130 etc.
3624 5079 3783 5130 (Lini.

2168 5160 2248 5214 ler
2278 5167 2334 5211 et
2366 5160 2416 5211 in
2443 5156 2719 5211 laudatum
2748 5152 3025 5208 Malachim
3051 5152 3228 5205 locum
3258 5149 3573 5218 llierunymi
3604 5148 3785 5204 Com-

2169 5231 2498 5285 mentarios.

2242 5312 2263 5339 θ
2309 5302 2527 5356 Addunt.
2550 5298 2781 5353 Palatini
2808 5311 2966 5366 mss.,
2997 5295 3131 5350 Elia:
3153 5310 3169 5349 :
3193 5294 3383 5364 sicque
3412 5300 3621 5347 textum
3642 5308 3787 5349 con-

2167 5376 2402 5437 tinttattt,
2434 5373 2523 5426 sed
2554 5387 2657 5425 non
2686 5378 3054 5444 cognoverunt,
3090 5380 3198 5444 etc.

2241 5445 2257 5483 τ
2296 5435 2407 5498 line
2441 5444 2617 5507 ipsum
2650 5435 2949 5511 proposita:
2978 5437 3273 5511 qumstioni
3312 5435 3615 5511 respondet
3656 5437 3791 5492 Ori-

2162 5531 2353 5586 genes.
2385 5516 2535 5582 Quod
2563 5506 2771 5568 ean—sani
2791 5521 2835 5564 et
2865 5514 2964 5583 ipsi
2991 5506 3224 5586 {Scribe
3257 5519 3312 5563 et
3337 5506 3617 5586 Pharismi)
3643 5525 3793 5577 prtia.

2169 5580 2387 5645 buerunt
2406 5580 2518 5642 liis.
2552 5600 2669 5655 qua?
2697 5580 2946 5640 adversus
2974 5580 3096 5639 eum
3121 5580 3433 5655 (Joannem)
3472 5592 3792 5655 perpetrare

2170 5677 2328 5715 ausus
2356 5668 2425 5713 est
2458 5653 2716 5712 Herodes.
2755 5655 2819 5711 Et
2852 5656 3034 5709 statim
3077 5671 3089 5705 :
3127 5653 3278 5717 Quod
3318 5662 3493 5705 autem
3540 5653 3792 5722 sequitur

2173 5734 2254 5787 his
2284 5745 2586 5798 expressum
2613 5729 2798 5787 verbis.
2833 5726 2926 5783 Sic
2962 5737 3015 5781 et
3047 5724 3214 5780 Filius
3242 5724 3479 5798 hominis
3512 5739 3793 5798 passurus

2173 5815 2256 5860 εει
2300 5794 2366 5857 ab
2407 5803 2505 5866 cis,
2540 5800 2609 5854 ad
2660 5799 2871 5854 Scribas
2915 5797 3330 5869 referripotest,
3363 5796 3408 5851 si
3456 5794 3525 5851 ad
3564 5794 3797 5857 Scriba:

2172 5890 2373 5950 quoque
2404 5874 2627 5945 refertur
2652 5871 2706 5925 id
2733 5870 2874 5942 quod
2900 5866 3170 5943 pra'cedit,
3201 5876 3312 5925 etc.
