4004 6332
449 316 554 375 127

1696 323 1754 379 S.
1797 317 2071 379 EUSEBII
2109 316 2496 374 HIEBONVMI

3649 313 3757 373 ηε

443 428 752 495 tributaria,
794 439 850 487 et
878 446 1069 488 omnes
1107 433 1259 490 censi
1296 436 1475 505 capite
1509 434 1848 491 ferebantur.
1890 433 2044 491 Unde
2071 437 2121 498 Α
2152 439 2175 468 ει
2208 431 2469 486 Dominus
2499 429 2665 486 fuerit
2691 429 3041 502 paupertatis,
3079 439 3137 486 ut
3162 430 3310 488 unde
3340 430 3538 489 tributa
3569 447 3668 503 pro
3692 448 3758 491 se

443 530 498 576 et
520 521 729 594 Joseph
754 537 878 578 cum
909 523 1079 579 Maria
1103 535 1333 596 cognata
1361 539 1457 580 sua
1491 527 1769 596 professus
1793 526 1899 600 [AL
1928 540 2048 596 pro-

2149 535 2204 580 et
2234 524 2484 595 apostolo
2514 524 2785 589 redderet,
2813 540 2918 580 non
2952 524 3222 581 habuerit.
3245 525 3402 595 Quod
3430 526 3474 582 si
3504 527 3628 598 quis
3655 528 3757 583 ob-

446 612 647 689 fectus]
678 627 764 670 est
806 616 858 671 in
904 616 1210 674 Bethleem.
1244 617 1478 673 Rursum
1506 622 1766 691 quoniam
1813 622 2047 676 nutritus
2143 620 2314 691 jicere
2337 619 2567 675 voluerit
2593 640 2606 673 :
2630 630 2687 677 et
2705 618 2978 689 quomodo
2998 619 3171 675 Judas
3194 620 3247 674 in
3276 621 3476 676 loculis
3498 623 3756 690 portabat

445 715 566 762 erat
590 707 645 762 in
669 706 940 764 Nazareth
968 709 1136 782 (quod
1160 722 1243 767 est
1260 711 1520 781 oppidum
1546 711 1783 769 Galilaete
1805 713 2046 787 Caphar-

444 816 613 858 naum
651 802 774 859 urbi
803 803 1115 877 subjacens)
1147 821 1215 860 ex
1242 821 1395 862 more
1434 819 1667 877 poscunt
1700 809 1903 865 tributa
1946 827 1961 864 :
1993 820 2049 866 et

445 911 546 967 pro
596 900 879 969 signorum
928 901 1302 971 magnitudine
1336 900 1391 956 hi
1439 902 1532 972 qni
1575 903 1885 975 exigebant,
1938 920 2045 959 non

444 991 648 1048 audent
688 992 865 1063 ipsum
898 1002 1167 1064 repetere,
1210 995 1307 1051 sed
1337 995 1662 1065 discipulum
1694 999 2045 1065 conveniunt,

443 1087 560 1143 sive
583 1087 855 1145 malitiose
880 1089 1259 1161 interrogant:
1293 1100 1474 1146 utrum
1500 1090 1693 1147 reddat
1717 1093 1948 1161 tributa,
1977 1108 2045 1148 an

445 1182 792 1238 contradicat
836 1183 1071 1241 Caesaris
1122 1185 1423 1252 voluntati;
1452 1186 1603 1257 juxta
1650 1186 1795 1257 quod
1841 1188 1895 1242 in
1941 1188 2048 1243 alio

440 1274 562 1330 loco
588 1276 862 1349 legimus:
914 1276 1055 1333 Licet
1085 1276 1308 1334 Caesaris
1347 1278 1541 1333 tributa
1574 1278 1794 1345 solvere,
1835 1297 1902 1334 an
1946 1296 2049 1335 non

450 1367 648 1438 (Marc.
682 1385 779 1436 xu,
815 1368 950 1443 μιν

514 1459 586 1514 Et
621 1478 741 1517 cum
777 1464 1023 1518 intrasset
1054 1465 1105 1518 in
1134 1464 1378 1532 domum,
1410 1467 1659 1537 prmoeriit
1697 1482 1811 1519 eum
1858 1464 2010 1520 Iesus
2031 1508 2047 1534 ,

447 1555 646 1610 dicens.
674 1554 777 1623 Qui
805 1554 1127 1611 didraclnna
1156 1557 1467 1627 exigebant,
1501 1573 1745 1614 seorsum
1771 1573 2048 1615 convene-

445 1659 570 1704 rant
611 1649 853 1705 Petrutu.
899 1648 1145 1721 Cumque
1184 1650 1443 1707 intrasset
1471 1650 1716 1719 domum,
1757 1661 2047 1722 antequam

442 1740 638 1799 Petrus
670 1753 1008 1815 suggereret,
1041 1745 1338 1816 interrogat
1376 1745 1663 1813 Dominus,
1715 1762 1784 1802 ne
1820 1747 2051 1802 scanda-

2148 715 2472 786 pecuniam?
2506 713 3001 783 Respondebimus,
3036 729 3151 768 rem
3187 728 3480 784 pauperum
3525 715 3582 769 in
3621 729 3756 770 usus

2150 822 2278 863 suos
2303 814 2627 862 convertere
2653 804 2806 862 nefas
2833 804 3062 876 putavit,
3094 805 3360 877 nobisque
3387 805 3532 862 idem
3563 806 3758 861 tribuit

2150 898 2483 969 exemplum.

2226 991 2383 1062 (Cap.
2428 990 2858 1047 XVlll.-—Vers.
2909 990 2991 1065 1.)
3044 990 3110 1046 In
3132 992 3228 1047 illa
3258 991 3389 1047 hora
3419 999 3758 1049 accesserunt

2151 1084 2398 1152 discipuli
2422 1082 2491 1137 ad
2516 1082 2716 1147 Jesum,
2749 1083 2977 1140 dicentes
3001 1101 3019 1139 .·
3048 1085 3179 1153 Quis
3202 1096 3357 1155 putas
3384 1088 3555 1157 major
3585 1096 3662 1141 est
3701 1088 3761 1141 in

2157 1180 2309 1252 137
2338 1195 2495 1251 regno
2519 1177 2766 1233 ctelorum
2786 1180 2811 1232 ?
2831 1178 2990 1247 Quod
3013 1193 3160 1249 saepe
3183 1179 3390 1245 monui,
3415 1182 3579 1235 etiam
3611 1192 3761 1236 nunc

2150 1273 2551 1329 observandum
2577 1283 2681 1327 est.
2706 1269 2898 1326 Causae
2923 1271 3229 1340 quaarendte
3256 1281 3384 1327 sunt
3411 1272 3760 1342 singulorum

2150 1364 2367 1420 Domini
2413 1366 2679 1421 dictorum
2730 1374 2894 1436 atque
2944 1364 3234 1420 factorum.
3286 1365 3416 1421 Post
3465 1366 3757 1421 inventum

2152 1469 2406 1516 staterem
2429 1502 2444 1529 ,
2479 1470 2599 1531 post
2631 1460 2831 1515 tributa
2882 1460 3128 1525 reddita,
3160 1459 3298 1531 quid
3335 1460 3440 1515 sibi
3471 1459 3588 1514 vult
3617 1476 3757 1530 apo-

2152 1556 2419 1612 stolorum
2452 1556 2737 1626 repentina
2767 1556 3164 1626 interrogatio?
3192 1553 3260 1609 In
3299 1555 3394 1610 illa
3419 1555 3548 1610 hora
3577 1571 3763 1611 acces-

2150 1659 2325 1705 serunt
2368 1650 2613 1722 discipuli
2640 1650 2709 1704 ad
2737 1647 2917 1705 Jesum
2948 1650 3197 1716 dicentes,
3229 1649 3357 1718 Quis
3387 1658 3539 1719 putas
3584 1652 3763 1721 major

2152 1757 2226 1801 est
2256 1748 2308 1801 in
2334 1763 2494 1818 regno
2519 1747 2802 1802 caelorum?
2822 1747 2958 1816 Quia
2985 1748 3232 1803 viderant
3263 1762 3357 1816 pro
3381 1746 3545 1801 Petro
3568 1756 3621 1800 et
3647 1746 3763 1800 Do-

443 1837 680 1893 lizentur
708 1838 962 1910 discipuli
992 1838 1058 1894 ad
1091 1839 1517 1912 postulationem
1548 1840 1768 1907 tributi;
1817 1855 1939 1896 cum
1972 1840 2051 1895 vi-
2082 1834 2128 1894 B
2156 1842 2302 1896 mino
2335 1842 2473 1897 idem
2506 1841 2766 1897 tributum
2797 1841 3098 1905 redditum,
3127 1856 3194 1898 ex
3222 1841 3532 1912 arqnalitate
3569 1842 3760 1912 pretii,

445 1930 610 1987 deant
637 1947 764 1987 eum
796 1947 959 1988 nosse
983 1949 1103 2004 qua:
1133 1933 1362 1988 absente
1390 1949 1450 1989 se
1477 1943 1628 2003 gesta
1660 1943 1809 1989 sunt.

517 2022 699 2097 (Vers.
722 2024 843 2096 25.)
877 2024 1018 2092 Quid
1050 2025 1141 2080 tibi
1174 2025 1400 2091 videtur,
1435 2025 1665 2081 Simon?
1699 2025 1862 2100 Reges
1900 2035 2054 2083 lerrte

446 2136 478 2173 a
502 2118 689 2189 quibus
721 2119 986 2190 accipiunt
1030 2119 1277 2173 tributum
1319 2118 1395 2173 vel
1431 2133 1664 2186 censum,
1699 2136 1731 2173 a
1757 2119 1882 2189 ﬁliis
1919 2121 2050 2187 suis,

448 2228 517 2266 an
543 2211 607 2265 ab
634 2210 858 2266 alienis?
887 2209 957 2265 Et
986 2210 1080 2266 ille
1112 2212 1285 2266 dixit:
1312 2211 1389 2265 Ab
1421 2212 1629 2267 alienis.
1664 2209 1811 2267 Dixit
1851 2214 1930 2267 illi
1957 2212 2050 2267 Je-

449 2320 578 2358 sus:
609 2298 753 2375 Ergo
791 2303 940 2358 liberi
970 2312 1092 2358 sunt
1119 2304 1236 2373 ﬁlii.
1264 2304 1532 2359 Dominus
1568 2304 1726 2377 136
1763 2318 1969 2372 noster,
2000 2314 2057 2360 et

450 2399 750 2454 secundum
783 2415 1023 2464 carnem,
1069 2407 1125 2455 et
1166 2397 1466 2455 secundum
1491 2400 1739 2469 spiritum
1773 2398 1919 2455 ﬁlius
1963 2414 2053 2455 re-

449 2495 534 2565 gis
582 2504 721 2559 erat,
763 2493 847 2548 vel
893 2508 959 2548 ex
992 2492 1163 2548 David
1190 2493 1365 2563 Stirpe
1410 2501 1723 2563 generatus,
1758 2494 1839 2548 vel
1880 2493 2059 2548 omni-

453 2588 687 2659 potentis
714 2587 952 2644 Verbum
982 2586 1186 2643 Patris.
1220 2587 1365 2657 Ergo
1412 2585 1610 2641 tributa
1662 2586 1818 2656 quasi
1869 2601 2054 2654 regum

448 2683 591 2740 illius
652 2700 759 2738 non
812 2682 1091 2751 debebat,
1152 2681 1250 2737 sed
1308 2681 1405 2752 qui
1459 2679 1823 2736 humilitatem
1875 2678 2058 2733 carnis

449 2785 850 2847 assumpserat,
905 2776 1093 2832 debuit
1134 2774 1437 2844 adimplere
1504 2788 1719 2828 omnem
1765 2771 2056 2842 juStitiam.

452 2870 671 2941 Nosque
710 2870 956 2927 infelices
985 2869 1079 2941 qui
1123 2867 1330 2924 ChriSIi
1376 2882 1666 2923 censemur
1721 2866 1963 2931 nomine,
2004 2876 2061 2921 et

458 2965 596 3021 nihil
623 2965 845 3036 dignum
874 2972 1022 3020 tanta
1053 2962 1278 3018 facimus
1303 2960 1591 3031 majestate
1618 2978 1631 3014 :
1665 2960 1755 3015 ille
1783 2974 1879 3029 pro
1904 2959 2058 3014 nobis

453 3068 505 3112 et
533 3071 752 3112 crucem
784 3055 1065 3117 sustinuit.
1098 3066 1151 3109 et
1196 3055 1399 3109 tributa
1433 3052 1686 3121 reddidit,
1729 3066 1828 3106 nos
1857 3068 1960 3123 pro
1992 3052 2060 3106 il-

458 3151 562 3205 lius
594 3150 804 3205 honore
828 3150 1031 3205 tributa
1057 3162 1166 3202 non
1199 3146 1502 3215 reddimus,
1527 3154 1583 3201 et
1604 3144 1758 3216 quasi
1791 3144 1884 3201 lilii
1913 3143 2058 3214 regis

457 3258 489 3297 a
518 3242 873 3314 vestigalibus
906 3242 1177 3297 immunes
1203 3254 1414 3296 sumus.

527 3335 711 3408 (Vers.
739 3333 861 3405 26.)
895 3334 963 3390 Ut
990 3343 1161 3389 autem
1188 3350 1293 3389 non
1323 3333 1732 3390 scandalizemus
1762 3351 1849 3390 eos
1885 3352 1902 3389 :
1928 3337 2057 3390 vade

455 3431 525 3485 ad
555 3448 720 3497 utare,
767 3440 815 3485 et
845 3431 987 3486 ms'tte
1011 3429 1244 3499 hamum,
1287 3440 1333 3485 et
1374 3447 1488 3485 eum
1514 3433 1706 3503 piscem
1735 3433 1823 3503 qui
1857 3433 2057 3502 primus

455 3524 769 3590 ascenderit,
813 3523 955 3579 tolle.
996 3522 1066 3578 Et
1103 3534 1281 3597 aperto
1330 3541 1420 3579 ore
1464 3528 1600 3597 ejus,
1633 3526 1856 3581 invenies
1894 3535 2055 3580 state-

457 3630 566 3674 rem
594 3634 613 3673 :
641 3618 792 3673 illum
812 3635 1042 3680 sumens.
1070 3618 1140 3672 da
1168 3620 1241 3673 eis
1268 3635 1364 3690 pro
1391 3634 1470 3672 me
1492 3632 1538 3673 et
1566 3628 1631 3673 te.
1658 3618 1797 3687 Quid
1825 3621 2055 3688 primum

460 3711 630 3767 mirer
663 3710 715 3766 in
758 3710 861 3767 hoc
884 3710 1027 3777 loco,
1060 3712 1273 3778 nescio,
1302 3720 1485 3766 utrum
1529 3711 1957 3783 prmscientiam,
1990 3728 2056 3767 an

464 3804 892 3874 magnitudinem
937 3804 1254 3861 Salvatoris.
1284 3804 1691 3861 Praescientiam
1725 3806 1869 3877 quod
1895 3821 2062 3862 nove-

455 3908 540 3954 rat
568 3899 773 3968 piscem
801 3899 1004 3955 habere
1054 3902 1106 3953 in
1139 3914 1237 3955 ore
1262 3908 1543 3965 staterem,
1581 3907 1636 3955 et
1680 3899 1821 3970 quod
1852 3900 2058 3969 primus

454 3992 574 4062 ipse
601 3992 901 4064 capiendus
922 4000 1089 4048 esset.
1121 3991 1549 4063 Magnitudinem
1579 4000 1742 4062 atque
1774 3992 2056 4058 virtutem,

453 4087 499 4141 si
528 4085 597 4141 ad
627 4087 854 4142 verbum
887 4086 1009 4155 ejus
1033 4087 1217 4141 statim
1252 4096 1420 4142 statcr
1442 4086 1495 4141 in
1523 4100 1621 4141 ore
1648 4085 1813 4156 piscis
1839 4097 2058 4141 creatus

455 4188 563 4245 est,
596 4192 651 4236 et
696 4181 840 4252 quod
885 4182 1126 4237 futurum
1177 4192 1315 4249 erat,
1356 4183 1476 4253 ipse
1530 4182 1803 4253 loquendo
1845 4183 2053 4239 fecerit.

457 4273 689 4331 Videtur
727 4288 908 4331 autem
943 4277 1076 4332 mihi
1103 4277 1399 4333 secundum
1432 4278 1691 4351 mysticos
1722 4279 2053 4344 intellectus,

456 4366 561 4422 iste
598 4381 723 4423 esse
772 4368 936 4437 piscis
966 4370 1057 4434 qui
1092 4369 1301 4438 primus
1340 4379 1531 4440 captus
1568 4380 1674 4439 est,
1713 4372 1803 4441 qui
1844 4373 1895 4426 in
1933 4386 2060 4442 pro-

457 4456 625 4512 fundo
660 4460 828 4513 maris
857 4468 975 4515 erat
999 4505 1013 4529 ,
1044 4471 1101 4516 et
1128 4461 1180 4515 in
1213 4461 1373 4517 salsis
1403 4463 1719 4529 amarisque
1756 4464 2059 4533 gurgitibus

456 4550 793 4617 morabatur,
822 4560 881 4606 ut
928 4568 1025 4619 per
1049 4554 1349 4609 secundum
1387 4555 1556 4610 Adam
1596 4555 1921 4611 liberaretur
1953 4554 2060 4623 pri-

2154 1936 2399 1991 arbitrati
2429 1947 2555 1992 sunt
2588 1936 2806 1992 Petrum
2838 1936 3093 1992 omnibus
3123 1937 3387 2008 apostolis
3412 1952 3535 1993 esse
3563 1937 3765 2007 praela-

2156 2037 2291 2097 tum,
2317 2031 2483 2100 quiin
2511 2030 2820 2086 redditione
2849 2030 3037 2086 tributi
3072 2030 3298 2085 Domino
3327 2030 3505 2085 fuerat
3532 2043 3769 2100 compa-

2155 2132 2331 2188 ratus,
2363 2122 2487 2177 ideo
2519 2122 2878 2197 interrogant,
2912 2123 3035 2191 quis
3065 2122 3239 2191 major
3267 2122 3342 2177 sit
3366 2121 3419 2176 in
3450 2136 3619 2192 regno
3639 2136 3764 2178 ρω-

2157 2214 2372 2270 lorum‘t
2426 2215 2737 2286 Vidensque
2784 2214 2945 2271 Jesus
2999 2215 3361 2285 c0gitationes
3408 2229 3597 2269 eorum
3631 2256 3646 2279 ,
3705 2221 3766 2270 et

2156 2324 2349 2365 causas
2387 2314 2589 2366 erroris
2631 2309 2956 2379 intelligens,
3001 2309 3114 2363 vult
3158 2308 3492 2363 desiderium
3537 2307 3759 2380 gIOrim,

2159 2399 2477 2456 humilitatis
2507 2402 2858 2457 contentione
2886 2416 3107 2457 sanare.

2229 2493 2415 2567 (Vers.
2447 2492 2526 2564 2.)
2555 2493 2622 2547 Et
2645 2493 2903 2549 aduocans
2926 2492 3081 2548 Jesus
3103 2494 3401 2566 parvulum,
3434 2494 3620 2548 statuit
3635 2509 3764 2547 eum

2158 2588 2215 2642 in
2235 2587 2403 2642 medio
2432 2604 2631 2655 eorum,
2679 2597 2724 2641 et
2759 2589 2911 2643 dixit.
2955 2588 3054 2644 Vel
3104 2587 3428 2658 simpliciter
3454 2587 3765 2658 quemlibet

2160 2680 2470 2751 parvulum,
2504 2691 2559 2735 ut
2588 2689 2806 2736 :etatem
2829 2690 3121 2752 quaereret,
3152 2690 3207 2737 et
3228 2680 3635 2736 similitudinem
3670 2680 3763 2735 in-

2162 2779 2431 2832 nocentiae
2475 2777 2902 2832 demonstraret.
2934 2776 3037 2833 Vel
3066 2784 3214 2832 certe
3256 2774 3534 2846 parvulum
3561 2774 3765 2828 statuit

2163 2870 2215 2923 in
2249 2870 2428 2924 medio
2465 2884 2653 2924 eorum
2703 2870 2969 2938 seipsum,
3017 2870 3110 2939 qui
3154 2883 3260 2923 non
3302 2867 3621 2935 ministrari,
3655 2866 3761 2921 sed

2161 2962 2472 3018 ministrare
2484 2972 2731 3029 venerat,
2759 2972 2816 3017 ut
2843 2964 2925 3018 eis
2947 2963 3268 3018 humilitatis
3292 2962 3765 3018 tribueretexem-

2163 3058 2330 3127 plum.
2383 3059 2489 3113 Alii
2535 3058 2821 3127 parvulum
2868 3058 3303 3127 interpretantur
3332 3056 3593 3128 Spiritum
3622 3070 3765 3109 san-

2160 3163 2332 3218 ctum,
2357 3166 2520 3222 quem
2555 3152 2799 3222 posuerit
2828 3152 2880 3205 in
2912 3150 3170 3207 cordibus
3193 3150 3609 3221 discipulorum,
3643 3146 3671 3185 ιι
3701 3157 3765 3203 ut

2083 3230 2129 3295 C
2162 3244 2476 3315 superbiam
2507 3245 2559 3299 in
2598 3243 2966 3300 humilitatem
2995 3253 3254 3299 mutaret.

2232 3336 2416 3407 (Vers.
2460 3338 2543 3407 5.)
2573 3338 2736 3392 Amen
2780 3338 2900 3392 dico
2940 3337 3104 3404 vobis,
3149 3338 3251 3392 nisi
3280 3338 3510 3391 conversi
3550 3337 3764 3409 fueritis

2159 3441 2203 3487 et
2229 3432 2528 3504 efﬁciamini
2550 3432 2683 3485 sicut
2706 3432 2931 3502 parvuli,
2958 3448 3060 3486 non
3084 3431 3341 3486 intrabitis
3364 3433 3418 3484 in
3431 3447 3643 3503 regnum
3656 3446 3766 3484 Cu:—

2160 3527 2351 3580 lorum.
2381 3525 2500 3580 Non
2530 3526 2839 3597 praecipitur
2867 3527 3155 3596 apostolis,
3186 3536 3241 3581 ut
3270 3536 3483 3580 aetatem
3517 3527 3766 3581 habeant

2163 3621 2534 3691 parvulorum,
2588 3621 2684 3676 sed
2732 3631 2787 3676 ut
2837 3620 3232 3685 innocentiam,
3279 3628 3335 3676 et
3373 3620 3515 3691 quod
3550 3620 3625 3675 illi
3661 3636 3766 3689 per

2161 3727 2335 3768 annos
2364 3714 2667 3783 possident,
2708 3714 2763 3768 hi
2802 3714 3121 3784 possideant
3162 3729 3259 3783 per
3295 3712 3617 3769 industriam
3651 3730 3665 3770 :
3701 3724 3765 3770 ut

2167 3805 2396 3869 malitia,
2428 3822 2534 3860 non
2568 3807 2836 3875 sapientia
2861 3807 3072 3877 parvuli
3094 3807 3222 3862 sint.

2233 3898 2415 3967 (Vers.
2446 3898 2529 3971 4.)
2554 3899 2873 3970 Quicumque
2894 3916 3015 3973 ergo
3041 3898 3389 3955 humiliaeerit
3414 3917 3468 3955 se
3487 3901 3765 3973 sicutpnr—

2160 3991 2310 4045 vulus
2337 3992 2454 4057 iste,
2485 3993 2568 4046 hic
2592 4002 2669 4046 est
2697 3994 2866 4064 major
2895 3994 2949 4047 in
2979 4009 3139 4064 regno
3169 3993 3438 4048 caelorum.
3470 3993 3623 4049 Sicut
3653 3991 3766 4049 iste

2162 4085 2442 4152 parvulus,
2471 4086 2628 4153 cnjns
2654 4084 2813 4140 vobis
2854 4087 3168 4154 exemptum
3196 4087 3402 4151 tribuo,
3437 4100 3541 4140 non
3570 4099 3767 4155 perse-

2160 4187 2314 4235 verat
2344 4178 2398 4233 in
2434 4179 2731 4245 iracundia,
2768 4194 2874 4233 non
2906 4179 3066 4235 laesus
3108 4179 3379 4247 meminit,
3417 4195 3521 4233 non
3562 4179 3764 4234 videns

2160 4272 2444 4342 pulchram
2480 4273 2765 4328 mulierem
2804 4273 3135 4340 delectatur,
3183 4290 3291 4329 non
3336 4273 3481 4329 aliud
3530 4276 3761 4343 cogitat,

2160 4376 2213 4419 et
2244 4362 2392 4418 aliud
2438 4365 2677 4431 loquitur
2707 4382 2723 4423 ;
2756 4367 2837 4421 sic
2874 4376 2930 4421 et
2973 4380 3071 4422 vos
3116 4366 3220 4421 nisi
3256 4366 3418 4421 talem
3456 4366 3764 4421 habueritis

2162 4456 2547 4521 innocentiam,
2575 4466 2628 4511 et
2650 4457 2816 4512 animi
2844 4459 3159 4527 puritatem,
3186 4474 3294 4513 non
3320 4457 3567 4527 poteritis
3592 4473 3764 4523 regna

2162 4547 2425 4603 caelorum
2459 4550 2682 4605 intrare.
2716 4550 2842 4607 Sive
2872 4551 3071 4607 aliter:
3105 4552 3427 4623 Quicumque
3453 4551 3768 4607 humiliore-

457 4659 577 4698 mus
606 4643 774 4699 Adam
811 4662 825 4699 :
859 4658 912 4701 et
940 4646 992 4702 id
1016 4648 1158 4716 quod
1189 4649 1242 4704 in
1274 4665 1371 4705 ore
1400 4650 1541 4718 ejus,
1576 4650 1678 4705 hoc
1716 4660 1801 4706 est
1842 4650 1893 4704 in
1920 4665 2055 4705 con—
2080 4625 2135 4686 Ῑ)
2157 4642 2225 4695 rit
2252 4659 2309 4697 se
2337 4642 2466 4696 sicut
2493 4645 2740 4715 parvulus
2768 4646 2884 4709 iste,
2928 4646 3011 4699 hic
3036 4656 3108 4700 est
3138 4650 3311 4720 major
3336 4647 3391 4700 in
3417 4661 3574 4715 regno
3601 4646 3766 4699 caelo-

455 4735 695 4791 fessione
720 4735 897 4792 fuerat
924 4736 1226 4803 inventum,
1260 4755 1360 4808 pro
1386 4741 1546 4796 Petro
1576 4750 1631 4795 et
1662 4742 1890 4796 Domino
1931 4741 2058 4795 red-

456 4824 694 4882 deretur.
734 4830 797 4885 Et
827 4829 1051 4899 pulchre
1078 4830 1311 4901 idipsum
1341 4832 1563 4902 quidem
1593 4832 1750 4888 datur
1800 4835 2054 4905 pretium,

457 4922 553 4978 sed
584 4921 819 4977 divisum
847 4934 952 4988 est,
984 4925 1109 4993 quia
1140 4941 1236 4993 pro
1260 4925 1423 4981 Petro
1453 4929 1607 4995 quasi
1641 4942 1737 4995 pro
1775 4940 2059 4996 peccatore

462 5014 693 5084 pretium
727 5015 1059 5071 reddebatur
1087 5035 1099 5071 :
1144 5017 1409 5072 Dominus
1437 5029 1617 5073 autem
1656 5031 1843 5073 uoster
1870 5037 2060 5087 pecca-

461 5118 572 5163 tum
606 5125 709 5165 non
751 5110 972 5179 fecerat,
1009 5127 1109 5167 nec
1141 5112 1297 5167 dolus
1326 5112 1580 5167 inventus
1613 5124 1694 5166 est
1721 5113 1772 5167 in
1805 5129 1898 5169 ore
1940 5115 2059 5185 ejus

463 5200 619 5273 (lsai.
656 5212 792 5273 LIII).
825 5202 1008 5261 Stater
1041 5204 1265 5265 dicitur.
1312 5205 1403 5273 qui
1451 5205 1561 5261 duo
1603 5205 1765 5260 habet
1808 5206 2063 5261 didrach-

461 5304 628 5357 mata.
659 5307 713 5349 ut
738 5296 1124 5351 ostenderetur
1147 5296 1451 5351 similitudo
1480 5296 1684 5365 cartl‘ls,
1711 5299 1835 5352 dum
1867 5299 2059 5353 eodem

458 5393 513 5440 et
543 5401 738 5442 servus
768 5399 822 5443 et
852 5388 1116 5442 Dominus
1145 5389 1322 5458 pretio
1356 5389 1681 5445 liberantur.
1713 5388 1819 5445 Sed
1846 5402 1899 5444 et
1930 5391 2063 5446 sim-

458 5479 675 5551 pliciter
705 5480 1043 5537 intcllectum
1080 5479 1314 5537 aediﬁcat
1359 5480 1660 5539 auditorem
1698 5501 1711 5538 :
1740 5484 1867 5539 dum
1901 5496 2060 5539 tantm

530 5654 557 5684 ι
588 5645 724 5701 Tres
752 5659 886 5701 mss.
918 5645 1169 5713 Palatini,
1205 5652 1362 5700 tantae
1395 5643 1675 5700 Dominum
1716 5646 1861 5701 audit
1891 5647 2063 5718 fuisse.

455 5718 776 5790 paupertatis

522 5786 818 5859 FACtsterc.
853 5802 985 5859 inse.
1012 5788 1215 5859 atiiqne
1238 5803 1406 5857 penes
1443 5788 1847 5858 Martianaeum,
1881 5798 1933 5843 ut
1959 5806 2050 5844 su-

445 5852 674 5933 perbiant
711 5857 1003 5914 humilitate
1045 5852 1325 5917 mutarent.
1366 5861 1639 5918 Cmteru'n
1682 5871 1737 5918 et
1781 5852 1898 5919 haec
1930 5862 2045 5932 ipsa

2161 4753 2298 4792 rum.
2328 4737 2429 4803 Qui
2474 4737 2714 4793 imitatus
2741 4740 2901 4795 fuerit
2932 4756 3040 4799 me.
3066 4749 3119 4796 et
3140 4755 3198 4796 se
3222 4741 3274 4794 in
3309 4741 3617 4808 exemplum
3650 4741 3765 4795 mei

2163 4829 2548 4896 ltumiliaverit,
2578 4842 2635 4888 ut
2662 4842 2871 4889 tantum
2895 4852 2953 4891 se
2977 4835 3220 4905 dejiciat,
3247 4845 3512 4905 quantum
3541 4852 3644 4906 ego
3668 4836 3767 4890 de-

2161 4923 2268 4991 jcci
2303 4924 2499 4996 [Supp.
2535 4924 2669 4996 me],
2707 4926 2864 4999 138
2896 4926 3132 4982 formam
3161 4928 3309 4982 servi
3341 4928 3637 4999 accipiens,
3671 4927 3766 4984 hic

2170 5019 2396 5075 intrabit
2427 5022 2480 5074 iu
2509 5036 2734 5090 regnum
2757 5023 3023 5077 caelorum
3048 5021 3311 5095 (Philipp.
3347 5037 3383 5076 ll
3416 5021 3457 5094 ).

2233 5115 2415 5184 (Vers.
2449 5115 2531 5187 5.)
2563 5115 2629 5169 Et
2658 5117 2746 5187 qui
2775 5118 3058 5186 susceperit
3090 5134 3251 5170 unum
3296 5116 3573 5187 parvulum
3605 5117 3766 5171 talcm

2160 5208 2216 5261 in
2244 5210 2453 5262 nomine
2474 5224 2608 5274 meo,
2637 5226 2715 5264 me
2735 5211 2981 5276 suscipit.
3004 5210 3105 5275 Qui
3132 5210 3254 5265 talis
3280 5210 3462 5275 fuerit,
3482 5209 3765 5268 utCltristi

2164 5300 2409 5354 imitetur
2435 5299 2801 5354 humilitatem
2836 5312 2890 5354 et
2923 5302 3315 5366 innocentiam,
3341 5304 3393 5356 in
3421 5317 3486 5357 eo
3511 5302 3765 5358 Christus

2163 5391 2475 5463 suscipitur.
2508 5392 2570 5445 Et
2601 5392 2921 5463 prudenter,
2945 5408 3011 5449 ne
3033 5408 3154 5448 cum
3181 5394 3423 5448 dt-Iatnm
3449 5394 3611 5449 fuerit
3631 5410 3766 5464 apo-

2164 5487 2340 5553 stolis,
2392 5502 2452 5542 se
2485 5494 2676 5557 putent
2721 5488 3044 5554 honoratos,
3090 5487 3313 5558 adjecit,
3345 5503 3453 5543 non
3506 5487 3630 5543 illos
3675 5490 3765 5544 sui

2158 5663 2225 5702 ex
2250 5646 2487 5723 Origene
2523 5647 2904 5723 interpretatio
2934 5648 3215 5703 derivatur
3244 5666 3257 5707 :
3301 5648 3447 5723 lfide
3478 5667 3599 5703 mtm
3628 5667 3764 5723 pue-

2160 5736 2274 5772 rum
2299 5735 2330 5772 a
2359 5714 2485 5772 Jesu
2521 5714 2853 5779 accersitum.
2884 5733 3124 5776 sanctum
3152 5737 3261 5776 esse
3302 5720 3560 5790 Spiritum
3590 5714 3763 5778 dicere

2160 5791 2346 5865 possis,
2385 5790 2474 5865 qui
2513 5792 2978 5865 seipsnmgabiecit,
3010 5810 3042 5846 a
3087 5794 3363 5848 Servatore
3409 5802 3595 5847 auctus
3644 5803 3757 5865 est,

2158 5871 2203 5916 et
2232 5863 2288 5917 in
2317 5862 2489 5916 media
2531 5862 2906 5931 discipulorum
2930 5863 3059 5921 Jesu
3089 5873 3255 5921 mente
3277 5867 3610 5933 constitutus;
3644 5862 3759 5924 etc.
