4004 6332
234 327 322 387 129

647 320 1301 380 (ΣΟδΙΜΕΝΤΛΒΙΟΙὶυΜ
1343 321 1407 378 ΙΝ
1452 322 1771 380 EVANGEI.

1881 326 1903 378 ,ἰ
1947 326 2280 385 ΜΛΤἸῚΙΑΞΙ
2324 327 2453 385 LIB.
2498 329 2589 387 III.
2630 330 2788 389 CAP.
2829 329 3018 389 XVIII.

3381 337 3484 417 ιδρ

233 443 320 516 [ΑΙ.
348 437 453 512 suo]
483 440 694 509 mei-ito,
726 441 821 495 scd
854 440 1101 509 magistri
1130 438 1340 495 honore
1370 438 1770 506 suscipiendos.
1805 445 1858 506 Α
1883 440 2055 512 inquo
2079 444 2411 501 sollicitetur
2437 447 2673 517 animus,
2699 464 2764 505 ac
2782 466 2932 520 szrpe
2960 449 2987 490 ιι
3022 457 3278 507 tentetur.
3297 450 3486 508 Melius

290 534 444 607 (ναις.
475 533 554 602 6.)
599 532 703 600 Qui
739 544 911 586 autem
936 531 1371 588 scandalizaverit
1398 550 1561 587 unum
1590 534 1652 587 de
1683 551 1781 605 pu-

230 627 339 684 sillis
365 627 468 680 istis
489 628 574 697 qui
605 626 657 679 in
690 643 771 681 me
794 626 1034 681 credunt.
1061 626 1202 681 Nota
1227 626 1371 698 quod
1398 625 1490 697 qui
1521 626 1782 682 scandali-

228 729 372 787 zatur,
400 719 653 790 parvulus
680 729 767 776 est
798 736 813 773 :
845 720 1085 791 majores
1106 722 1254 777 enim
1277 721 1532 778 scandala
1557 737 1665 777 non
1694 738 1779 778 re-

224 815 418 884 cipiunt.

280 907 480 979 Expedit
517 908 565 962 ei
610 917 664 963 ut
702 908 1060 979 suspendatur
1100 909 1241 963 mola
1278 909 1512 964 asinaria
1549 910 1602 964 in
1644 910 1779 964 collo

224 1006 332 1075 ejus,
354 1011 397 1055 et
419 1001 750 1073 demergatur
776 1003 830 1056 in
856 1001 1182 1074 profundum
1227 1003 1403 1057 maris.
1435 1002 1777 1070 Quamquam

222 1096 318 1153 huc
342 1097 596 1167 generalis
621 1097 803 1167 possit
832 1112 959 1152 esse
989 1098 1264 1152 sententia
1294 1095 1559 1152 adversus
1588 1110 1780 1151 omnes

219 1195 289 1262 qui
307 1192 520 1262 aliquem
538 1191 940 1259 scandalizant,
962 1192 1307 1260 tamenjuxta
1331 1192 1777 1260 consequentiam

218 1283 448 1339 sermonis
468 1283 632 1339 etiam
656 1292 851 1339 contra
878 1285 1159 1355 apostolos
1188 1284 1389 1340 dictum
1419 1284 1647 1356 intelligi
1680 1300 1777 1354 po-

217 1384 321 1444 test,
348 1376 433 1447 qui
470 1376 893 1449 interrogando,
939 1382 1064 1445 quis
1104 1377 1280 1445 major
1327 1387 1473 1433 esset
1519 1376 1572 1431 in
1604 1392 1779 1448 regno

216 1470 461 1532 ctelorutn,
475 1468 803 1525 videbantur
819 1472 964 1526 inter
978 1486 1039 1527 se
1061 1470 1129 1527 de
1142 1471 1775 1542 dignitateeontcndere,

216 1562 319 1617 etsi
354 1562 403 1616 in
432 1560 532 1617 hoc
565 1561 702 1617 vitio
733 1564 1197 1632 permansissent,
1235 1574 1487 1632 poterant
1519 1578 1616 1618 eos
1642 1579 1781 1633 quos

218 1656 272 1710 ad
304 1656 446 1709 tidem
486 1656 785 1720 vocabant,
837 1672 938 1724 per
974 1672 1131 1710 suum
1176 1655 1492 1711 scandalum
1525 1656 1776 1726 perdere,

216 1744 316 1801 dum
334 1746 607 1816 apostolos
636 1746 895 1803 viderent
921 1748 1065 1803 inter
1092 1763 1151 1804 se
1179 1748 1246 1802 de
1273 1747 1485 1803 honore
1514 1762 1774 1819 pugnare.

1884 544 1969 589 est
1997 536 2160 591 vitam
2185 538 2486 594 solitariam
2510 539 2731 608 ducere,
2756 559 2916 612 quam
2946 544 3016 599 ob
3045 546 3171 600 vitae
3199 544 3485 617 praesentis

1882 628 2216 696 necessaria,
2250 639 2513 687 aeternam
2548 633 2711 688 vitam
2742 635 2998 704 perdere.

1953 719 2140 793 (Vers.
2178 722 2263 789 10,
2290 722 2408 791 II.)
2450 723 2629 780 Videte
2654 743 2719 781 ne
2746 728 3090 784 contemnatis
3119 746 3283 785 unum
3312 747 3376 786 ea:
3401 731 3481 786 his

1879 815 2110 887 pusillis.
2141 814 2276 870 Dico
2306 817 2442 871 enim
2467 819 2607 872 vobis
2636 834 2656 874 :
2679 820 2809 884 quia
2847 822 3022 894 angeli
3056 839 3234 876 eorum
3260 824 3313 877 in
3343 824 3482 879 caelis

1883 916 1907 945 ε
1931 924 2133 977 semper
2158 908 2329 962 rident
2356 910 2545 978 [aciem
2575 910 2751 969 Patris
2778 914 2879 967 mei
2904 914 2991 983 qui
3012 914 3068 968 in
3091 913 3233 969 cmlis
3254 926 3347 971 est.
3380 914 3483 971 Ve-

1880 1000 1957 1053 nit
1981 1002 2114 1054 enim
2148 1000 2318 1056 Filius
2348 1000 2574 1057 hominis
2613 1005 2819 1060 salvare
2848 1005 2988 1077 quod
3018 1008 3269 1077 perierat.
3302 1007 3477 1080 Supra

1879 1093 2098 1150 dixerat
2128 1110 2225 1165 per
2267 1111 2510 1157 manum.
2563 1105 2617 1152 et
2648 1100 2864 1168 pedem,
2912 1109 2968 1155 et
3010 1101 3251 1167 oculum,
3290 1117 3484 1158 omnes

1879 1190 2319 1259 propinquitates
2340 1198 2396 1245 et
2419 1190 2871 1258 necessitudines,
2902 1208 3022 1264 quae
3045 1193 3366 1250 scandalum
3396 1194 3482 1250 l'a-

1880 1296 2012 1337 cere
2035 1292 2312 1351 poterant,
2335 1282 2694 1351 amputandas
2719 1300 2733 1337 :
2759 1285 3132 1342 austeritatem
3155 1286 3336 1357 itaque
3357 1301 3484 1343 sen-

1882 1373 2089 1439 tentite,
2118 1373 2365 1442 subjecto
2392 1386 2670 1446 prmcepto
2700 1385 2993 1444 temperat,
3024 1378 3211 1433 dicens
3244 1396 3259 1434 :
3301 1378 3483 1436 Videte

1882 1483 1945 1521 ne
1969 1468 2312 1521 contemnatis
2333 1484 2494 1521 unum
2518 1486 2581 1523 ea:
2602 1468 2810 1539 pusillis
2832 1471 2967 1526 istis.
2993 1471 3106 1535 Sic,
3127 1473 3322 1544 inquit,
3344 1491 3481 1544 prm-

1879 1561 2028 1632 eipio
2050 1564 2419 1629 severitatem,
2454 1574 2533 1626 ut,
2567 1560 2594 1600 (ι
2625 1564 2971 1621 commisceri
3003 1565 3346 1622 clementiam
3379 1569 3479 1625 d0-

1880 1668 2057 1710 Ceam.
2084 1656 2357 1723 Quantum
2381 1657 2436 1711 in
2463 1656 2618 1713 vobis
2645 1665 2752 1724 est,
2780 1658 2947 1714 nolite
2976 1669 3351 1727 contemnere,
3382 1661 3481 1717 sed

1884 1762 1979 1818 per
2009 1759 2250 1805 vestram
2284 1750 2516 1805 salutem
2547 1750 2713 1806 etiam
2760 1751 2981 1807 illorum
3014 1754 3244 1824 quaerite
3272 1752 3481 1809 sanita-

214 1837 336 1907 ρειοά
364 1847 535 1894 autem
584 1838 727 1894 dixit
755 1855 772 1894 :
803 1837 1033 1912 Expedit
1064 1840 1109 1894 ei
1142 1850 1197 1895 ut
1247 1840 1598 1907 suspendatur
1638 1840 1776 1893 mola
1805 1836 1855 1898 B
1883 1848 2012 1896 tem.
2042 1842 2137 1897 Sin
2168 1853 2350 1898 autem
2385 1854 2800 1914 perseverantes
2841 1845 2895 1900 in
2930 1846 3172 1917 peccatis
3203 1845 3474 1914 videritis,

213 1933 405 1986 asinaria
432 1933 483 1986 in
510 1932 655 1988 collo
684 1935 823 2005 ejus,
852 1932 1156 1989 secundum
1183 1934 1345 1988 ritum
1374 1932 1667 2004 provincia:
1697 1934 1779 1990 lo-

213 2025 383 2096 quitur,
403 2040 505 2095 quo
529 2025 802 2097 majorum
824 2025 1115 2080 criminum
1147 2026 1250 2081 ista
1274 2026 1415 2097 apud
1444 2034 1660 2082 veteres
1681 2025 1775 2081 Ju-

208 2118 327 2175 daos
356 2136 502 2189 pinna
536 2120 733 2187 fuerit,
772 2130 828 2174 ut
862 2123 918 2175 in
954 2120 1279 2191 profundum
1308 2123 1474 2194 ligato
1505 2138 1645 2177 saxo
1674 2121 1774 2179 de-

212 2226 567 2285 mergerentur.
608 2214 845 2286 Expedit
876 2225 1059 2272 autem
1103 2217 1176 2284 ei,
1209 2217 1338 2288 quia
1375 2218 1550 2273 multo
1581 2217 1777 2274 melius

209 2317 276 2363 est
298 2324 381 2378 pro
407 2309 562 2381 culpa
597 2308 830 2365 brevem
863 2310 1109 2380 recipere
1155 2323 1396 2379 ptenam,
1428 2324 1589 2378 quam
1619 2318 1777 2365 teter-

206 2401 275 2457 nis
299 2405 483 2458 servari
508 2402 879 2458 cruciatibus.
901 2402 1022 2458 Non
1048 2403 1192 2459 enim
1221 2402 1523 2457 vindicabit
1551 2400 1659 2474 [AL
1682 2409 1772 2472 ju-

206 2493 391 2568 dicabtt]
423 2497 694 2553 Dominus
726 2496 810 2552 bis
840 2496 897 2553 in
930 2496 1167 2567 idipsum
1196 2496 1423 2569 (Naum.
1458 2494 1521 2567 ι).

263 2589 416 2661 (Vers.
442 2590 520 2660 7.)
560 2590 661 2645 Va:
683 2590 879 2645 mundo
901 2607 933 2644 a
958 2589 1247 2644 scandulis.
1284 2587 1508 2645 Necesse
1538 2598 1612 2644 est
1638 2590 1774 2645 enim

206 2690 252 2735 ut
274 2684 458 2737 veniant
478 2683 760 2739 scandala.
800 2681 1164 2739 Verumtamen
1191 2698 1265 2738 ua:
1294 2681 1490 2737 homini
1515 2699 1606 2755 per
1624 2698 1774 2753 quem

205 2774 467 2829 scandalum
484 2777 647 2832 venit.

259 2868 357 2925 Non
398 2871 542 2940 quod
598 2886 836 2928 necesse
874 2872 950 2927 sit
979 2871 1170 2927 venire
1215 2870 1493 2938 scandala,
1527 2868 1771 2939 alioquin

202 2964 298 3021 sine
330 2968 476 3036 culpa
520 2977 742 3034 essent,
774 2966 869 3039 qui
898 2966 1225 3024 scandalum
1258 2966 1493 3032 iaciunt,
1520 2966 1615 3021 sed
1645 2980 1769 3021 cum

202 3073 391 3117 necesse
412 3060 481 3117 sit
502 3062 557 3117 in
594 3062 705 3117 isto
733 3061 936 3117 mundo
969 3061 1083 3117 ﬁeri
1114 3061 1395 3130 scandala,
1424 3071 1450 3098 ι
1482 3060 1772 3131 unusquis-

204 3167 285 3223 que
301 3170 388 3210 sun
410 3172 427 3204 \
441 3153 541 3213 itio
552 3155 841 3211 seandalis
857 3164 1023 3226 patet.
1042 3154 1325 3226 Simulque
1349 3172 1444 3225 per
1456 3156 1766 3227 generalem

1879 1944 1936 1991 et
1967 1935 2110 1992 vitiis
2140 1936 2465 2003 servientes,
2499 1938 2696 1994 melius
2714 1949 2799 1995 est
2826 1954 2927 1996 vos
2950 1940 3103 1997 solos
3123 1943 3304 1997 salvos
3329 1942 3415 1999 lien
3433 1942 3447 1998 i
3466 1986 3481 2012 ,

1878 2047 2043 2103 quam
2081 2032 2261 2101 perire
2290 2049 2413 2088 cum
2446 2033 2710 2103 pluribus.
2739 2032 2877 2103 Quia
2898 2036 3072 2107 angeli
3102 2053 3275 2091 eorum
3304 2037 3358 2092 in
3385 2055 3483 2092 ca:-

1878 2117 1943 2173 lis
1971 2119 2145 2173 vident
2184 2135 2383 2192 semper
2421 2121 2609 2191 faciem
2640 2119 2839 2177 Patris.
2872 2121 3061 2193 Magna
3093 2121 3332 2193 dignitas
3359 2124 3486 2178 aui-

1876 2228 2120 2280 marum,
2152 2225 2210 2267 ιιι
2244 2230 2587 2287 unaquaeque
2619 2214 2819 2271 habeat
2846 2215 2914 2273 ab
2942 2226 3067 2271 ortu
3100 2216 3402 2272 nativitatis
3430 2218 3481 2273 in

1876 2305 2180 2363 custodiam
2214 2307 2296 2363 sui
2325 2308 2580 2379 angelum
2612 2309 2945 2379 delegatum.
2980 2307 3132 2367 Unde
3162 2310 3391 2381 legimus
3422 2309 3478 2366 in

1878 2402 2213 2475 Apocalypsi
2251 2404 2477 2459 JOannis
2510 2423 2522 2459 :
2553 2404 2765 2475 Angelo
2800 2402 2960 2478 ιω
2988 2405 3216 2477 Ephesi,
3247 2404 3481 2478 Thyati-

1876 2512 1974 2559 rae,
2008 2506 2061 2552 et
2088 2496 2283 2565 angelo
2315 2496 2732 2567 Philadelphia,
2766 2509 2823 2554 et
2853 2500 3064 2571 angelis
3084 2509 3318 2572 quatuor
3345 2500 3482 2556 reli-

1875 2602 2106 2659 quarum
2134 2587 2505 2645 Ecclesiarum
2530 2589 2710 2645 scribe
2732 2590 2849 2645 hac
2872 2589 3061 2661 (Apoc.
3088 2607 3129 2659 ι,
3150 2593 3207 2653 2,
3232 2592 3311 2665 '5).
3332 2592 3480 2664 Apo-

1874 2680 2050 2739 stolus
2081 2697 2300 2753 quoque
2335 2681 2583 2752 praecipit
2612 2682 2780 2737 velari
2812 2683 2995 2753 capita
3026 2682 3080 2737 itt
3124 2683 3373 2740 ecclesiis
3396 2684 3479 2740 le-

1874 2775 2173 2842 minarum,
2208 2781 2432 2844 propter
2458 2772 2684 2845 angelos
2710 2772 2753 2845 (l
2780 2772 2904 2828 Cor.
2936 2775 3040 2845 XI).

1946 2866 2127 2938 (Vers.
2163 2868 2251 2935 12,
2282 2867 2399 2938 15.)
2432 2866 2575 2934 Quid
2607 2868 2746 2923 vobis
2776 2867 3021 2923 videtur?
3057 2867 3119 2925 Si
3149 2868 3344 2939 fuerint
3372 2871 3475 2925 ali-

1874 2959 1960 3013 cui
1982 2968 2188 3013 centum
2215 2975 2357 3029 oves,
2391 2968 2437 3014 et
2467 2960 2715 3015 erraverit
2743 2976 2849 3014 una
2875 2976 2942 3016 ea:
2961 2960 3034 3016 eis
3066 2975 3085 3014 :
3113 2977 3283 3016 nonne
3310 2963 3477 3018 relin-

1871 3051 1983 3123 quit
2005 3051 2291 3123 nonaginta
2316 3067 2492 3108 novem
2509 3053 2560 3105 in
2582 3051 2859 3119 montibus,
2875 3060 2922 3106 et
2944 3051 3087 3107 vadit
3108 3068 3339 3123 quierere
3359 3071 3474 3109 eam

1870 3161 1990 3217 qua?
2015 3147 2239 3200 erravit?
2264 3145 2331 3200 Et
2369 3147 2416 3200 si
2444 3147 2715 3218 contigerit
2754 3157 2807 3201 ut
2854 3147 3080 3202 inueniat
3123 3164 3235 3203 eam
3267 3165 3285 3203 :
3325 3166 3477 3207 amen

198 3249 481 3302 sententiam
527 3247 839 3319 percutitur
866 3246 1053 3317 Judas,
1080 3248 1172 3320 qui
1200 3226 1499 3319 proditioni
1529 3248 1767 3304 animum

1881 3237 1993 3291 dico
2021 3237 2183 3305 vobis,
2209 3238 2331 3308 quia
2360 3238 2604 3313 gaudebit
2635 3255 2792 3309 super
2827 3255 2887 3294 ea
2928 3242 3095 3315 magis
3120 3259 3276 3313 quant
3316 3262 3475 3315 super

202 3350 589 3410 praeparaverat.

255 3430 410 3500 (Vers.
432 3436 486 3500 8,
510 3434 599 3506 9.)
638 3436 698 3490 Si
725 3442 898 3489 autem
919 3450 1103 3489 manus
1122 3444 1231 3501 tua,
1259 3434 1337 3489 vel
1362 3451 1449 3507 pes
1475 3443 1595 3489 tuus
1622 3451 1773 3490 scan-

199 3522 359 3581 dalizat
383 3537 448 3593 te,
465 3527 717 3582 abscinde
738 3543 855 3582 eum
877 3538 922 3581 et
936 3527 1133 3600 projice
1157 3527 1248 3581 abs
1272 3536 1340 3581 te.
1361 3524 1565 3581 Bonum
1586 3537 1660 3582 est
1680 3527 1772 3581 tibi

202 3618 259 3673 ad
280 3623 421 3675 vitam
442 3623 654 3697 ingredi
679 3622 900 3676 debilem
920 3624 1001 3677 uel
1022 3621 1293 3689 claudum,
1313 3638 1469 3690 quam
1496 3621 1629 3677 duas
1660 3639 1773 3677 ma—

198 3726 299 3775 nus,
323 3713 467 3785 139
492 3716 574 3769 vel
602 3714 741 3769 duos
769 3714 927 3786 pedes
954 3713 1229 3769 habentem
1259 3714 1396 3768 mitti
1422 3715 1476 3769 in
1503 3716 1672 3788 ignem
1701 3730 1773 3770 te-

200 3812 387 3862 terntun.
425 3809 489 3864 Et
515 3812 562 3865 si
592 3811 780 3865 oculus
807 3819 929 3865 tuus
953 3808 1282 3864 scandalizat
1312 3818 1380 3877 te,
1412 3826 1533 3864 erue
1558 3827 1695 3875 eum,
1725 3818 1773 3865 et

197 3904 361 3977 profice
387 3905 473 3959 abs
502 3914 571 3960 te.
605 3904 817 3959 Bonum
845 3914 921 3959 est
950 3905 1044 3959 tibi
1065 3921 1185 3960 cum
1212 3921 1317 3959 uno
1345 3904 1499 3959 oculo
1526 3904 1581 3958 in
1612 3905 1770 3958 vitam

200 3993 385 4065 intrare,
410 4017 568 4071 quam
594 4000 731 4054 duos
752 3998 930 4053 oculos
950 3996 1219 4054 habentem
1247 3997 1384 4051 mitti
1408 3997 1462 4052 in
1482 3997 1769 4070 gehennam

368 4093 606 4151 Necesse
656 4104 743 4150 est
768 4093 989 4166 quidem
1018 4094 1206 4148 venire
1234 4092 1491 4148 scandala
1525 4110 1540 4149 :
1567 4091 1662 4147 Vae
1688 4101 1768 4147 ta-

200 4196 301 4241 mea
338 4189 381 4241 ei
425 4196 509 4243 est
532 4187 772 4255 homini,
814 4187 1078 4260 quiquod
1110 4201 1335 4244 necesse
1363 4194 1539 4242 estut
1580 4186 1673 4240 ﬁat
1713 4186 1764 4241 in

197 4279 389 4347 mundo,
413 4282 547 4337 vitio
590 4297 694 4338 suo
720 4280 871 4348 facit,
904 4288 967 4337 ut
1011 4295 1110 4350 per
1147 4295 1209 4337 se
1246 4280 1359 4335 liat.
1391 4278 1559 4350 Igitur
1584 4279 1766 4334 omnis

199 4374 444 4429 truncatur
463 4374 719 4439 aﬂ'ectus,
749 4381 811 4429 et
830 4372 1084 4429 universa
1112 4372 1491 4443 propinquitas
1520 4380 1766 4442 amputa-

193 4469 285 4532 tur,
304 4483 363 4524 ne
388 4484 483 4538 per
505 4467 862 4526 occasionem
891 4468 1108 4540 pietatis
1132 4467 1513 4538 unusquisque
1532 4465 1765 4522 creden-

195 4554 306 4614 tium
329 4563 594 4620 scandalis
610 4570 812 4633 pateat.
838 4562 931 4630 Si,
953 4561 1150 4633 inquit,
1168 4560 1239 4615 ita
1258 4570 1342 4616 est
1362 4560 1485 4632 quis
1512 4560 1610 4615 tibi
1637 4575 1766 4615 con-

1875 3334 2159 3405 nonaginta
2187 3348 2388 3400 novem,
2420 3349 2536 3405 qua:
2566 3350 2668 3389 non
2710 3346 3028 3391 erraverunt.
3057 3336 3477 3410 Consequenter

1874 3423 1941 3479 ad
1984 3424 2332 3481 clementiam
2377 3434 2656 3496 provocat,
2702 3426 2795 3498 qui
2829 3430 3191 3499 praemiserat,
3233 3430 3475 3490 dicens:

1882 3515 2066 3571 Videte
2107 3534 2173 3572 ne
2200 3519 2543 3573 contemnatis
2570 3535 2727 3573 unum
2755 3535 2821 3574 ex
2850 3520 3057 3590 pusillis
3088 3524 3223 3590 istis,
3261 3532 3316 3579 et
3341 3524 3475 3581 sub-

1868 3609 2380 3682 jungitparabolam
2413 3613 2705 3682 nonaginta
2736 3629 2935 3672 novem
2973 3616 3158 3673 ovium
3187 3618 3240 3674 in
3272 3622 3477 3677 monti-

1873 3702 1976 3759 bus
2016 3703 2358 3772 relictarunt,
2396 3714 2452 3761 et
2479 3708 2639 3761 unius
2663 3708 2933 3772 errantis,
2965 3724 3128 3781 quam
3164 3721 3352 3781 pastor
3380 3712 3479 3770 bo-

1874 3814 1996 3867 nus,
2030 3800 2157 3871 quia
2179 3811 2401 3871 prepter
2423 3800 2644 3856 nimiam
2670 3801 3040 3859 inﬁrmitatem
3062 3804 3343 3863 ambulare
3366 3824 3474 3865 non

1874 3900 2118 3962 poterat,
2151 3890 2394 3947 humeris
2421 3892 2538 3949 suis
2575 3892 2642 3949 ad
2677 3892 2949 3966 reliquum
2976 3910 3197 3967 gregem
3228 3909 3478 3969 reporta-

1871 3985 1971 4039 vit.
1997 3984 2226 4051 Quidam
2258 3997 2454 4058 putant
2483 3986 2648 4042 istum
2677 4002 2799 4044 esse
2827 3999 3123 4059 pastorem,
3151 3992 3385 4061 quicum
3419 3994 3474 4052 in

1873 4078 2049 4134 forma
2078 4079 2363 4148 Deiesset,
2387 4097 2495 4137 non
2540 4086 2784 4155 rapinam
2826 4083 3122 4141 arbitratus
3155 4096 3239 4143 est
3267 4101 3328 4143 se
3353 4102 3479 4146 esse

1870 4174 2135 4244 aequalem
2163 4175 2301 4240 Deo;
2333 4174 2429 4231 sed
2451 4175 2752 4231 exinanivit
2775 4192 2856 4244 se,
2889 4176 3119 4235 fortnam
3149 4181 3294 4237 servi
3325 4184 3473 4240 acci-

1871 4269 2051 4340 piens.
2069 4268 2241 4324 factus
2254 4268 2512 4325 obediens
2525 4269 2671 4325 Patri
2687 4271 2926 4342 usquead
2952 4284 3207 4341 mortem,
3225 4282 3460 4332 mortem

1869 4372 2048 4418 autem
2074 4362 2253 4418 crucis
2276 4361 2536 4436 (Philipp.
2567 4379 2626 4430 tt,
2648 4363 2682 4419 ϐ
2708 4373 2757 4418 et
2783 4364 2951 4437 seqq.)
2980 4381 2994 4420 :
3020 4375 3078 4422 et
3098 4366 3170 4424 ob
3190 4368 3243 4425 id
3270 4368 3338 4425 ad
3362 4378 3474 4427 ter—

1871 4470 2001 4513 rena
2034 4454 2403 4527 descenderit,
2440 4465 2497 4511 ut
2522 4456 2729 4513 salvam
2769 4455 2977 4515 faceret
3008 4475 3171 4516 unam
3195 4462 3468 4522 oviculant

1869 4565 1994 4621 qua:
2032 4550 2293 4620 perierat,
2336 4549 2441 4607 hoc
2477 4559 2584 4615 est.
2619 4550 2918 4609 humanum
2966 4568 3159 4625 genus.
3195 4555 3302 4612 Alii
3333 4572 3463 4614 vero

192 4649 401 4722 junctus.
440 4668 499 4713 ,η
540 4632 764 4725 mnus,
805 4671 923 4728 pes,
966 4632 1186 4721 οοωυε,
1226 4664 1282 4711 ει
1307 4664 1393 4710 εει
1423 4653 1573 4710 umis
1602 4664 1765 4725 atque
1793 4632 1926 4699 Din
1960 4642 2253 4713 nonaginta
2284 4657 2482 4700 novem
2512 4643 2735 4712 ovibus,
2767 4644 3035 4713 iustorum
3060 4656 3251 4716 putant
3278 4665 3472 4709 nume—

195 4743 451 4814 sollicitus,
482 4760 541 4806 et
585 4758 780 4806 acutus
808 4747 876 4804 ad
923 4746 1363 4818 perspiciendum
1400 4766 1414 4800 :
1447 4746 1763 4803 scandalum

195 4848 346 4895 autem
374 4842 471 4898 tibi
509 4843 664 4908 facit,
695 4849 752 4898 et
782 4850 1010 4913 propter
1037 4839 1432 4895 dissonantiam
1466 4853 1682 4895 morum
1716 4848 1768 4895 te

195 4934 432 5001 pertrabit
458 4937 514 4992 in
544 4936 855 5009 gehennam
883 4953 897 4990 :
925 4934 1123 4992 melius
1148 4944 1254 5005 est,
1280 4941 1419 4990 utet
1450 4933 1771 5006 propinqui-

196 5030 289 5082 tate
306 5029 437 5099 ejus.
463 5043 517 5087 et
547 5029 940 5086 emolumentis
966 5027 1278 5083 carnalibus
1301 5042 1512 5093 careas,
1544 5042 1613 5083 ne
1639 5026 1766 5081 dum

196 5116 264 5172 vis
289 5120 607 5181 lucrifacere
634 5131 898 5196 cognatos
921 5131 976 5179 et
1018 5122 1386 5191 necessarios,
1415 5136 1634 5177 causam
1665 5122 1766 5175 ha-

196 5206 304 5268 beas
330 5216 631 5274 ruinarum.
658 5217 845 5289 Itaque
874 5231 984 5272 non
1012 5215 1202 5280 frater,
1236 5231 1343 5269 non
1372 5230 1533 5284 uxor,
1567 5230 1675 5269 non
1707 5214 1767 5268 li-

197 5298 260 5370 Ῑῖῖι
282 5324 379 5365 non
400 5312 588 5381 amici,
618 5327 728 5368 non
760 5310 944 5366 omnis
969 5308 1196 5366 affectus
1216 5310 1307 5379 qui
1344 5322 1443 5364 nos
1470 5307 1769 5364 excludere

198 5407 350 5463 potest
375 5418 402 5454 a
435 5416 610 5474 regno
631 5403 921 5467 cmlorum,
948 5401 1122 5457 amori
1147 5398 1364 5456 Domini
1393 5411 1764 5470 praeponatur.

197 5485 337 5548 Novit
352 5499 724 5569 unusquisque
747 5495 1108 5563 credentium,
1134 5494 1265 5566 quid
1295 5494 1399 5551 sibi
1427 5504 1646 5563 noceat,
1680 5493 1768 5551 vel

204 5695 241 5715 h
257 5639 290 5715 1
312 5630 572 5715 Qrigenes
600 5638 687 5715 nati
715 5636 907 5715 ἀνάγκῃ
925 5635 1050 5715 ,ἐστί
1067 5639 1237 5715 rediret
1262 5632 1435 5688 ἐλθεῖν.
1462 5633 1549 5688 οὐκ
1573 5633 1765 5705 ἀνάγκη

199 5700 243 5755 δὲ
265 5700 340 5760 διὰ
357 5704 501 5762 reide
523 5707 658 5769 τινὸς
684 5700 973 5762 :scandala
998 5706 1187 5760 aboriri
1211 5719 1414 5759 necesse
1430 5714 1525 5773 est,
1552 5719 1661 5763 non.
1677 5700 1775 5756 au-

199 5780 284 5851 ten}
308 5794 392 5851 per
416 5777 573 5851 illum
602 5780 917 5851 quempiam,
941 5785 1075 5845 etc.,
1098 5793 1218 5847 qua:
1241 5776 1460 5847 longius
1483 5775 1766 5831 edisserit.

258 5843 282 5882 ι’
309 5843 480 5906 Penes
506 5843 902 5921 Victor.,'sa'pe
933 5843 1153 5904 tenetur.

1875 4754 1994 4793 rum
2030 4736 2294 4811 intelligi;
2320 4745 2379 4794 et
2399 4738 2454 4794 in
2478 4754 2583 4793 una
2604 4738 2841 4809 avicula,
2867 4751 3243 4811 peceatorem,
3275 4761 3471 4803 secuti-

1873 4830 2003 4887 dum
2034 4831 2178 4902 quod
2212 4832 2264 4886 in
2294 4830 2402 4888 alio
2433 4833 2553 4889 loco
2590 4831 2808 4889 dixerat
2840 4834 3005 4890 :Non
3033 4837 3145 4891 ueni
3161 4840 3334 4913 justas
3363 4858 3459 4897 vo-

1873 4940 2014 4991 care,
2055 4924 2145 4981 sed
2181 4936 2476 4998 peccatores
2504 4942 2521 4980 :
2547 4942 2648 4982 non
2680 4928 2818 4983 enim
2844 4945 2977 4999 opus
3005 4931 3192 4987 habent
3220 4936 3337 4990 sani
3355 4952 3467 4992 me-

1876 5018 2016 5085 dico,
2050 5017 2140 5075 sed
2170 5019 2223 5073 Iti
2244 5019 2335 5091 qui
2364 5036 2419 5074 se
2448 5020 2583 5075 male
2612 5020 2800 5076 habent
2837 5019 2992 5094 (Luc.
3015 5039 3072 5094 γ,
3097 5024 3210 5097 52).
3243 5026 3346 5083 Ista
3379 5045 3473 5101 pa-

1876 5113 2067 5169 rabola
2123 5112 2178 5168 in
2220 5113 2519 5185 Evangelio
2566 5114 2865 5171 secundum
2919 5116 3124 5175 Lucam
3181 5136 3304 5177 eum
3353 5123 3477 5182 aliis

1871 5205 2087 5262 duabus
2117 5206 2399 5277 parabolis
2424 5206 2616 5263 decem
2646 5207 3035 5267 drachmarum
3066 5221 3120 5267 et
3148 5212 3377 5271 duorum
3411 5217 3477 5272 li-

1871 5301 2069 5358 liorum
2094 5300 2300 5372 scripta
2330 5312 2415 5357 est
2443 5301 2602 5374 (Luc.
2632 5304 2752 5376 xv).

1944 5396 2126 5467 (Vers.
2154 5393 2270 5467 ﬂ.)
2285 5396 2375 5452 Sic
2395 5413 2499 5451 non
2520 5405 2591 5451 est
2612 5399 2849 5455 voluntas
2869 5410 2989 5457 ante
3015 5400 3229 5458 Patrem
3249 5416 3470 5464 oestrum

1872 5490 1962 5562 qui
1986 5488 2041 5543 in
2068 5486 2209 5545 caelis
2235 5496 2331 5556 est,
2356 5498 2412 5543 ut
2434 5498 2615 5560 pereat
2637 5506 2770 5547 unus
2796 5492 2861 5548 de
2888 5492 3096 5564 pusillis
3122 5496 3257 5553 istis.
3280 5496 3471 5558 Refert

1951 5639 1973 5668 c
2016 5627 2077 5683 ln
2112 5626 2289 5685 tribus
2316 5627 2582 5685 Palatinis
2613 5646 2747 5687 mss.
2781 5632 2949 5688 verba
2980 5634 3036 5688 in
3066 5636 3208 5693 ctelis
3232 5654 3340 5697 non
3372 5643 3471 5702 ha-

1948 5709 2095 5756 ntur.

1948 5709 2095 5756 ntur.

1874 5700 1976 5809 bed
2020 5773 2124 5829 Alii
2159 5785 2321 5841 mss.,
2351 5781 2408 5828 ut
2431 5774 2750 5831 commixtim
2774 5791 2875 5846 pro
2903 5778 3249 5841 commisceri.

2323 6024 2386 6041 .4...
