4004 6332
476 374 577 438 {Si

1731 360 1790 419 S.
1835 352 2113 419 EUSEBII
2148 344 2536 414 HIERONYMI

3673 333 3778 397 IS!

478 497 544 551 ad
589 494 845 567 superius
877 492 1244 566 propositum,
1276 490 1345 547 de
1372 502 1483 562 quo
1513 484 1766 543 dixerat:
1806 480 1989 540 Videte
2019 492 2082 535 ne
2109 473 2164 536 Δ
2187 473 2254 531 ad
2285 466 2636 529 concordiam
2676 473 3014 539 provocarat.
3048 462 3215 536 igitur
3257 466 3314 517 et
3341 460 3626 533 prmmium
3661 456 3778 526 pui-

477 590 820 646 contemnatis
852 604 1013 644 unum
1057 603 1121 643 ex
1148 582 1355 659 pusillis
1394 582 1547 649 istis;
1578 582 1632 638 et
1668 579 1830 637 docet
1872 576 2077 635 idcirco

484 689 795 760 parabolam
824 689 1078 761 positam,
1111 696 1168 742 ut
1200 684 1382 758 pusilli
1410 699 1516 740 non
1544 682 1986 739 contemnantur.
2021 668 2076 735 in

481 800 551 843 eo
606 792 789 840 autem
841 774 985 855 quod
1026 780 1204 838 dicit:
1243 778 1365 835 Non
1414 787 1485 834 est
1535 764 1777 833 uoluntas
1810 784 1928 829 ante
1972 771 2081 828 Pa-

484 888 615 944 treni
643 896 889 954 vestrum,
913 896 968 967 ut
997 886 1172 958 pereat
1202 874 1335 939 unus
1359 876 1422 938 de
1446 872 1652 954 pusillis
1672 868 1789 935 istis
1821 895 1837 933 :
1867 864 2081 947 quoties

482 976 682 1054 aliquis
711 966 938 1053 perierii
971 966 1037 1035 de
1062 978 1276 1050 pusillis
1300 978 1449 1046 istis,
1474 978 1776 1033 ostenditur
1798 973 1942 1046 quod
1975 985 2082 1026 non

484 1068 767 1129 voluntate
797 1071 973 1127 Patris
1007 1058 1253 1142 perierit.

560 1156 741 1247 (Vers.
780 1175 851 1230 15
875 1173 1054 1247 seqq.)
1102 1173 1165 1230 Si
1211 1182 1386 1228 autem
1425 1172 1705 1242 peccaverit
1740 1171 1796 1224 in
1838 1180 1885 1224 te
1923 1170 2086 1238 {rater

485 1279 622 1345 tuus,
648 1268 800 1334 vade,
833 1278 880 1321 et
909 1264 1112 1338 corripe
1142 1283 1260 1321 eum
1288 1267 1423 1321 inter
1449 1276 1497 1321 te
1530 1274 1577 1321 et
1604 1265 1779 1336 ipsum
1800 1252 1991 1317 solum.
2024 1260 2087 1316 Si

486 1342 535 1417 te
560 1359 809 1428 audierit,
837 1360 1067 1415 lucratus
1090 1362 1191 1415 eris
1213 1359 1606 1430 [ratremtuunn
1637 1342 1699 1413 Si
1719 1363 1891 1410 autem
1916 1364 1963 1408 te
1985 1369 2087 1407 non

489 1455 737 1524 audierit,
774 1452 929 1528 141
954 1455 1141 1509 adhibe
1167 1464 1335 1510 tecum
1356 1453 1528 1508 adhuc
1558 1468 1717 1507 unum
1746 1449 1823 1505 vel
1853 1448 2002 1516 duos,
2037 1455 2089 1501 ut

487 1550 542 1604 in
564 1565 652 1604 ore
673 1548 894 1603 duorum
906 1548 985 1603 rel
1006 1549 1161 1603 trium
1179 1549 1387 1603 testium
1407 1528 1505 1603 stet
1526 1563 1671 1601 omne
1691 1545 1900 1600 verbum
1938 1542 2091 1610 Quod

490 1643 537 1698 si
558 1659 662 1697 non
691 1642 918 1697 audierit
943 1658 1050 1713 eos,
1086 1642 1169 1697 dic
1199 1642 1466 1697 Ecclesiaz.
1502 1639 1565 1697 Si
1594 1648 1769 1695 autem
1801 1636 2093 1692 Ecclesium

491 1726 596 1789 non
622 1733 870 1804 audierit,
912 1735 978 1788 sit
1011 1733 1102 1789 tibi
1132 1735 1265 1788 sicut
1308 1732 1545 1788 ethnicus
1574 1742 1618 1787 et
1660 1730 1990 1803 publicanus.
2036 1726 2095 1785 Si

493 1829 806 1900 peccaverit
836 1829 890 1883 in
931 1843 1030 1883 nos
1058 1830 1228 1882 frater
1259 1834 1467 1890 noster,
1491 1835 1547 1883 et
1573 1826 1627 1881 in
1658 1823 1903 1896 qualibet
1928 1836 2093 1878 causa
2125 1846 2176 1936 ᾗ

496 1937 597 1978 nos
627 1922 862 1987 laeserit,
895 1914 1214 1978 dimittendi
1246 1920 1519 1976 habemus
1549 1890 1897 1991 potestatem,
1930 1917 2097 1971 immo
2127 1890 2176 1936 Β

493 2016 905 2081 necessitatem,
936 2031 1041 2087 qua
1070 2014 1180 2089 [ΑΙ.
1202 2014 1352 2087 quia]
1385 2013 1722 2087 praecipitur,
1750 2023 1808 2068 ut
1834 2010 2101 2068 debitori-

495 2110 600 2167 bus
646 2112 854 2165 nostris
899 2096 1083 2165 debita
1118 2106 1481 2163 dimittamus.
1526 2106 1587 2163 Si
1616 2116 1795 2175 autem
1839 2105 1891 2159 in
1930 2105 2103 2159 Deum

496 2204 622 2276 quis
651 2203 997 2274 peccaverit,
1029 2217 1136 2256 non
1168 2208 1255 2257 est
1292 2197 1473 2256 nostri
1516 2197 1752 2254 arbitrii.
1787 2195 1931 2252 Dicit
1956 2195 2104 2250 enim

499 2296 780 2369 Scriptura
809 2296 993 2352 divina
1019 2312 1035 2350 :
1057 2296 1117 2351 Si
1144 2295 1429 2367 peccaverit
1450 2276 1604 2351 homo
1632 2293 1685 2346 in
1710 2290 1991 2356 hominem,
2016 2304 2105 2342 ro-

497 2390 637 2463 gabit
665 2406 761 2461 pro
800 2406 860 2445 eo
892 2390 1159 2467 sacerdos.
1193 2372 1257 2443 Si
1285 2397 1454 2442 autem
1498 2387 1551 2440 in
1587 2384 1756 2440 Deum
1792 2381 2101 2456 peccauerit,

497 2492 616 2563 quis
639 2491 840 2566 rogabit
869 2507 964 2562 pro
986 2506 1046 2545 eo
1066 2482 1090 2544 ?
1113 2480 1224 2545 Nos
1251 2487 1564 2545 econtrario
1588 2488 1642 2542 in
1668 2486 1760 2543 Dei
1786 2485 1985 2556 injuria
2010 2483 2105 2539 be-

500 2586 651 2657 nigni
686 2600 899 2653 sumus,
930 2584 985 2638 in
1009 2584 1214 2639 nostris
1233 2574 1585 2639 contumeliis
1607 2591 1933 2636 exercemus
1952 2576 2099 2630 odia.

497 2675 897 2748 Corripiendus
927 2685 1013 2732 est
1040 2685 1224 2732 autem
1258 2674 1426 2730 frater
1451 2687 1733 2739 seorsum,
1765 2685 1833 2726 ne
1863 2668 1907 2723 si
1935 2665 2104 2723 semel

499 2772 793 2842 pudorem,
845 2787 910 2829 ac
950 2769 1343 2828 verecundiam
1392 2769 1661 2834 amiserit,
1716 2770 2001 2821 remaneat
2048 2765 2105 2817 in

500 2878 753 2941 peccato.
781 2868 847 2924 Et
867 2866 1138 2938 siquidem
1172 2864 1431 2931 audierit,
1465 2860 1839 2940 lucrifacimus
1864 2858 2103 2914 animam

500 2962 647 3033 ejus,
678 2970 732 3019 et
765 2977 864 3032 per
890 2960 1121 3016 alterius
1147 2958 1406 3026 salutem,
1436 2956 1594 3013 nobis
1622 2970 1840 3027 quoque
1866 2952 2107 3021 acquiri-

506 3066 596 3112 tur
643 3055 814 3111 salus.
860 3054 957 3111 Sin
1004 3063 1189 3110 autem
1229 3052 1419 3108 audire
1470 3050 1732 3117 noluerit,
1778 3046 2108 3102 adhibeatur

503 3148 697 3204 frater.
721 3145 881 3216 Quod
908 3146 954 3202 si
982 3161 1084 3202 nec
1111 3145 1262 3200 illum
1289 3143 1547 3209 audierit,
1578 3140 1902 3197 adhibeatur
1923 3146 1977 3193 et
2001 3146 2109 3191 ter-

507 3242 638 3308 tius,
672 3243 761 3297 vel
793 3239 1101 3311 corrigendi
1123 3238 1327 3304 studio,
1364 3238 1447 3294 vel
1477 3232 1843 3292 conveniendi
1868 3230 1971 3287 sub
2003 3241 2110 3285 tes-
2138 3264 2189 3338 Ο

507 3335 676 3392 tibus.
702 3334 876 3391 Porro
897 3333 943 3391 si
976 3349 1078 3390 nec
1099 3334 1237 3389 illos
1258 3331 1454 3388 audire
1483 3328 1740 3394 voluerit,
1767 3338 1897 3382 tunc
1924 3321 2110 3378 multis

506 3429 798 3487 dicendum
830 3440 939 3495 est,
973 3435 1033 3484 ut
1058 3427 1419 3507 detestationi
1466 3440 1594 3481 eum
1639 3422 1898 3484 habeant,
1932 3428 1989 3473 et
2018 3414 2112 3486 qui

508 3545 620 3588 non
641 3530 824 3604 potuit
843 3530 1053 3602 pudore
1068 3529 1294 3594 salvari,
1309 3527 1555 3583 salvetur
1575 3522 1915 3597 opprobriis.
1929 3521 2115 3589 Quan-

505 3627 577 3684 do
601 3635 782 3683 autem
808 3626 1007 3682 dicitur
1037 3643 1053 3683 :
1087 3625 1169 3681 Sit
1201 3624 1293 3680 tibi
1310 3623 1440 3679 sicut
1457 3620 1697 3677 ethnicus
1711 3629 1759 3675 et
1780 3617 2110 3692 publicanus,

507 3719 820 3777 ostenditur
842 3719 1074 3791 majoris
1095 3731 1220 3774 esse
1246 3716 1653 3782 detestationis,
1685 3714 1775 3786 qui
1808 3712 1911 3768 sub
1938 3710 2115 3767 nomi-

512 3828 584 3870 ne
613 3812 792 3869 fidelis
816 3812 929 3884 agit
962 3827 1132 3885 opera
1166 3810 1493 3879 infidelium,
1525 3824 1687 3882 quam
1717 3808 1773 3863 hi
1805 3806 1891 3879 qui
1923 3813 2115 3877 aperte

510 3906 757 3964 Gentiles
797 3915 944 3963 sunt.
996 3905 1284 3963 Publicani
1325 3904 1470 3961 enim
1501 3911 1767 3959 vocantur
1812 3899 2113 3957 secundum

510 4002 901 4074 tropologiam,
935 4001 1028 4073 qui
1076 4000 1264 4057 saeculi
1293 4007 1575 4056 sectantur
1601 3997 1773 4065 lucra,
1806 4002 1862 4051 et
1893 3994 2120 4065 exigunt

512 4095 800 4166 vectigalia
846 4110 945 4166 per
991 4094 1394 4165 negotiationes
1441 4101 1497 4149 et
1545 4090 1807 4157 fraudes,
1836 4104 1900 4144 ac
1945 4086 2116 4154 furta,

513 4188 891 4259 scelerataque
917 4187 1179 4259 perjuria.

592 4280 774 4352 (Vers.
808 4280 922 4351 18.)
954 4281 1119 4336 Amen
1163 4278 1281 4334 dico
1329 4280 1467 4334 vobis
1498 4294 1517 4333 :
1545 4292 1882 4350 quwcumquc
1928 4275 2119 4347 alliga-

518 4376 696 4432 veritis
718 4392 873 4449 super
902 4384 1093 4429 terram
1119 4417 1135 4443 ,
1168 4383 1319 4430 erunt
1348 4374 1513 4445 ligata
1551 4382 1600 4427 et
1628 4374 1679 4426 in
1712 4371 1838 4427 cwlo
1860 4388 1879 4427 :
1908 4382 1956 4425 et
1979 4384 2122 4439 qua!-

518 4484 735 4539 cumque
751 4468 1009 4523 solueritis
1033 4482 1190 4539 super
1213 4475 1428 4533 terram,
1451 4473 1602 4519 erunt
1624 4464 1796 4519 soluta
1813 4464 1935 4519 etin
1966 4461 2117 4517 caelo.

518 4561 659 4630 Quia
707 4560 921 4618 dixerat
953 4579 965 4617 :
994 4561 1055 4617 Si
1094 4569 1267 4615 autem
1298 4559 1589 4616 Ecclesium
1618 4564 1722 4614 non
1772 4558 2023 4623 audierit,
2055 4556 2125 4610 sit

2185 568 2385 626 licetur
2413 611 2427 633 ,
2451 572 2509 622 ut.
2530 560 2816 622 Sollicitius
2862 556 3181 619 festinemus
3203 554 3269 614 ad
3300 570 3493 629 pacem
3523 596 3537 620 ,
3566 566 3688 607 cum
3717 564 3778 606 se

2184 665 2328 721 dicat
2373 660 2514 719 inter
2558 661 2695 716 duos
2732 667 2786 714 et
2833 650 2945 714 tres
2986 648 3226 711 medium
3271 651 3411 707 fore.
3443 649 3606 706 Juxta
3649 643 3779 701 illud

2184 755 2489 828 exemplum
2545 751 2798 825 tyranni,
2840 748 2930 821 qui
2963 744 3099 805 duos
3146 743 3354 801 amicos
3394 750 3587 814 captos
3637 730 3781 811 (cudi

2185 866 2326 905 unus
2349 826 2356 828 ν
2376 848 2444 903 ad
2473 846 2754 902 visendam
2784 851 3014 900 matrem
3053 837 3419 904 revertisset,
3450 843 3505 890 et
3548 826 3781 887 amicum

2186 944 2286 1014 prb
2315 958 2373 999 se
2401 941 2593 997 vadem
2639 934 2922 1007 dedisset)
2952 934 3032 991 sic
3077 932 3312 1006 probare
3340 922 3512 984 vdluit
3542 944 3556 994 ,
3589 932 3648 981 ut
3677 940 3782 980 uno

2190 1042 2377 1101 tento,
2404 1027 2636 1090 alterum
2696 1031 3015 1087 dimitteret.
3057 1025 3304 1097 Cumque
3353 1018 3674 1078 revertisset
3719 1014 3786 1071 ad

2189 1126 2496 1186 cundictam
2527 1124 2703 1196 diem,
2736 1122 3015 1180 admirans
3056 1120 3336 1176 amborum
3371 1114 3553 1184 fidem,
3580 1108 3790 1183 rigavit

2192 1235 2251 1281 ut
2280 1239 2340 1279 se
2369 1221 2630 1278 haberent
2673 1216 2916 1276 tertium.
2963 1212 3261 1272 PosSuinuS
3304 1212 3359 1265 ct
3397 1206 3501 1263 hbe.
3529 1204 3789 1276 spiritua-

2192 1314 2320 1374 liter
2344 1306 2656 1385 intelligere
2681 1355 2694 1378 ,
2723 1310 2868 1382 quod
2898 1306 2989 1365 ubi
3019 1304 3246 1378 spiritus
3275 1312 3332 1360 et
3356 1300 3536 1357 anima
3565 1300 3792 1385 corpus-

2194 1427 2301 1482 que
2328 1382 2732 1474 consenserint,
2759 1414 2816 1462 et
2845 1416 2951 1461 non
2981 1404 3123 1459 inter
3144 1406 3204 1457 se
3226 1394 3428 1456 bellum
3452 1382 3793 1453 diversarum

2197 1504 2491 1562 habuerint
2514 1502 2855 1559 volmttatum
2883 1495 2993 1572 [AL
3026 1489 3392 1566 voluptatum]
3424 1506 3438 1557 ;
3470 1488 3638 1544 carne
3667 1482 3801 1541 colt-

2197 1597 2515 1669 cupiscente
2560 1593 2824 1651 adversus
2871 1590 3125 1662 Spiritum
3151 1627 3167 1655 ,
3198 1596 3255 1643 et
3301 1581 3497 1655 spiritu
3534 1576 3802 1636 adversus

2201 1706 2445 1759 carnem,
2480 1689 2549 1745 de
2580 1688 2727 1743 omni
2784 1702 2844 1742 re
2889 1694 3048 1755 quam
3101 1678 3392 1752 petierint,
3426 1676 3724 1745 impetrent
3771 1684 3803 1724 a

2202 1780 2385 1841 Patre.
2446 1781 2698 1853 Nullique
2773 1778 2999 1834 dubium
3079 1773 3206 1845 quin
3280 1772 3548 1827 bonarum
3617 1760 3805 1853 rerum

2240 1876 2500 1934 dstulatio
2563 1850 2675 1942 sit,
2725 1870 2817 1930 ubi
2874 1876 3071 1942 corpus
3131 1882 3194 1924 ea
3248 1855 3366 1922 'vutt
3425 1861 3630 1920 habere
3684 1850 3810 1931 ιιαὲ

2206 1962 2454 2041 spiritus.

2279 2061 2461 2134 (Vers.
2492 2056 2586 2129 91,
2620 2052 2693 2114 25!
2735 2057 2751 2128 )
2786 2056 2929 2112 Tunc
2957 2054 3208 2109 accedens
3241 2044 3431 2107 Petrus
3459 2047 3532 2103 ad
3559 2060 3700 2112 enin,
3730 2043 3815 2099 di-

2205 2156 2283 2213 xit
2312 2170 2330 2211 :
2360 2152 2585 2209 Domine
2612 2196 2626 2220 ,
2657 2148 2856 2224 quoties
2895 2146 3123 2223 peccabit
3162 2146 3215 2201 in
3247 2160 3324 2201 me
3359 2144 3522 2217 {inter
3559 2144 3737 2205 mens,
3763 2147 3814 2193 et

2208 2249 2468 2305 dimittam
2485 2249 2531 2303 ei
2555 2250 2578 2303 ?
2608 2244 2764 2313 unus
2791 2244 2977 2315 septies
3003 2242 3027 2298 .9
3052 2241 3194 2296 Dicit
3213 2238 3295 2294 illi
3321 2230 3474 2293 Jesus
3497 2252 3517 2292 :
3543 2235 3667 2291 Non
3696 2232 3815 2287 dico

2209 2342 2303 2396 tibi
2328 2352 2494 2412 uSque
2521 2341 2710 2408 septies
2733 2336 2757 2393 ἵ
2781 2336 2872 2392 sed
2900 2352 3058 2408 usque
3089 2331 3378 2404 septungies
3405 2329 3611 2402 septies.
3628 2324 3818 2405 llmret

2209 2434 2316 2493 sibi
2346 2444 2533 2491 sermo
2563 2430 2903 2493 Dominicus,
2928 2437 2983 2485 et
3032 2424 3087 2483 in
3118 2425 3340 2482 modum
3374 2419 3602 2478 funiculi
3634 2414 3819 2489 tripli-

2209 2532 2289 2587 cis
2320 2529 2496 2600 rumpi
2529 2543 2635 2583 non
2668 2518 2867 2600 potest.
2902 2523 3080 2595 Supra
3104 2523 3322 2577 dixerat
3352 2536 3365 2572 :
3398 2516 3581 2573 Videte
3601 2531 3666 2569 ne
3692 2518 3820 2568 coit-

2213 2618 2453 2681 temnatis
2468 2640 2627 2678 unum
2642 2640 2705 2679 ea:
2717 2620 2919 2695 pusillis
2934 2621 3071 2686 istis;
3087 2608 3515 2687 etadjcceratzb‘i
3527 2610 3818 2684 peccaverit

2208 2712 2333 2774 inte
2356 2718 2519 2789 frater
2547 2726 2688 2782 tuus,
2714 2718 2860 2784 vade,
2893 2724 2939 2769 ‘ct
2961 2712 3163 2782 corripe
3188 2724 3301 2767 eum
3330 2710 3463 2763 inter
3492 2723 3539 2760 te
3563 2714 3612 2761 et
3640 2704 3820 2774 ipsum

2211 2810 2409 2878 solum;
2431 2817 2488 2865 et
2518 2808 2804 2880 prmmium
2836 2807 3253 2876 repromiserat,
3284 2802 3473 2858 dicens
3499 2815 3512 2857 :
3544 2798 3605 2854 Si
3629 2798 3736 2852 duo
3759 2794 3822 2851 etc

2214 2903 2356 2959 robis
2388 2903 2741 2958 consenserint
2777 2912 2935 2973 super
2961 2907 3153 2953 terram
3179 2941 3193 2966 ,
3229 2896 3294 2951 de
3318 2892 3460 2950 omni
3491 2909 3546 2947 re
3574 2892 3824 2964 impetra-

2216 2994 2342 3050 bunt
2373 3010 2527 3067 quant
2573 2993 2818 3067 petierint
2860 2990 2963 3057 ;et
2993 2996 3095 3055 ego
3137 2992 3236 3045 el'o
3260 2987 3314 3043 in
3370 2984 3555 3042 medio
3602 2988 3821 3038 eorum.

2215 3087 2554 3145 Provocatus
2571 3086 2850 3158 apostolus
2869 3084 3064 3140 Petrus
3088 3084 3387 3152 interregat
3401 3121 3415 3145 ,
3429 3078 3645 3148 quoties
3666 3073 3824 3131 fratri

2218 3186 2271 3239 in
2304 3199 2365 3240 se
2396 3181 2645 3253 peccanti
2675 3180 2954 3235 dimittere
3000 3175 3231 3241 debeat,
3257 3182 3314 3231 et
3352 3178 3476 3229 cum
3505 3168 3825 3240 interroga-

2219 3281 2367 3336 tione
2396 3277 2605 3349 profert
2633 3275 2985 3340 sententiam,
3018 3282 3176 3345 usque
3202 3268 3431 3344 septies?
3454 3266 3556 3323 Cui
3590 3262 3827 3336 respon-

2219 3375 2302 3429 dit
2330 3372 2493 3428 Jesus
2540 3388 2555 3424 :
2593 3366 2715 3423 Non
2743 3384 2905 3440 usque
2951 3367 3177 3436 septies,
3204 3362 3293 3418 sed
3334 3368 3494 3433 usque
3535 3356 3829 3431 septuagies

2216 3467 2439 3539 septies,
2467 3464 2521 3520 id
2554 3473 2640 3520 eat
2664 3505 2677 3531 ,
2708 3458 3128 3534 quadringentis
3173 3456 3471 3528 nonaginta
3502 3452 3735 3523 vicibus,
3768 3458 3833 3506 ut

2220 3563 2385 3617 toties
2424 3556 2673 3631 peccanti
2707 3554 2865 3612 fratri
2910 3552 3212 3610 dimitteret
3254 3550 3309 3606 in
3343 3549 3452 3618 die,
3482 3543 3701 3619 quoties
3732 3540 3833 3600 ille

2222 3667 2453 3727 peccare
2483 3666 2592 3708 non
2625 3649 2821 3721 possit.

2294 3750 2314 3820 (
2340 3746 2499 3804 Vcrs.
2527 3744 2650 3815 ‘23.)
2686 3741 2813 3798 Ideo
2844 3739 3190 3796 assim‘ilatum
3221 3745 3293 3793 est
3322 3740 3542 3809 regnum
3578 3730 3833 3789 caelorum

2222 3840 2419 3895 homini
2444 3838 2577 3910 regi,
2599 3837 2687 3907 qui
2704 3835 2864 3890 voluit
2888 3833 3143 3889 ratioaem
3165 3844 3357 3902 ponere
3372 3834 3491 3884 'cnm
3516 3825 3677 3883 seruis
3696 3822 3830 3881 suis.

2226 3932 2517 3990 Familiare
2544 3940 2629 3988 est
2657 3930 2809 4002 Syris
2836 3937 2891 3984 et
2920 3926 3157 3982 maxime
3176 3921 3490 3980 PalaeStinis
3512 3918 3580 3976 ad
3607 3920 3833 3974 omnem

2222 4036 2537 4086 Sermonem
2584 4036 2740 4082 suum
2787 4021 3076 4096 parabolas
3120 4020 3360 4092 iungere
3404 4025 3508 4072 :ut
3538 4012 3686 4087 quod
3734 4012 3837 4084 per

2227 4118 2458 4192 simplex
2481 4126 2819 4190 praeceptum
2839 4115 3011 4171 teneri
3041 4112 3110 4169 ab
3132 4109 3475 4168 auditoribus
3491 4123 3599 4164 non
3624 4111 3834 4177 poteSt,

2228 4232 2329 4289 per
2376 4212 2795 4271 similitudinem
2844 4209 3202 4280 exeruplaque
3246 4213 3520 4261 teneatur.
3565 4198 3842 4268 Praecepit

2228 4310 2415 4380 itaque
2445 4307 2609 4363 Petro
2636 4302 2741 4362 sub
2771 4300 3181 4372 comparatione
3224 4297 3372 4369 regis
3400 4307 3454 4351 et
3499 4293 3750 4361 domini,
3784 4292 3842 4348 et

2230 4401 2399 4469 servi,
2429 4402 2520 4472 qui
2553 4398 2772 4456 debitor
2800 4397 2991 4454 decem
3024 4394 3256 4450 millium
3293 4388 3451 4465 143
3482 4386 3838 4454 talentorum,

2229 4508 2261 4549 a
2285 4490 2747 4564 dominorugahs,
2771 4490 2985 4547 veniam
3012 4490 3446 4559 impetraverat;
3471 4492 3529 4538 ut
3557 4482 3674 4554 ipse
3701 4486 3844 4552 quo“-

2233 4600 2341 4659 que
2370 4587 2616 4643 dimittat
2647 4584 2933 4643 conservis
2958 4580 3076 4640 suis
3112 4582 3322 4637 minora
3368 4575 3749 4651 peccantibus.
3783 4572 3845 4630 Si

522 4663 617 4718 tibi
647 4664 780 4718 sicut
806 4662 1041 4718 ethnicus
1070 4669 1118 4717 et
1148 4660 1478 4732 publicanus;
1505 4668 1560 4717 et
1585 4666 1805 4731 poterat
1832 4667 2123 4728 contemp-
2149 4669 2208 4737 Ῑ)
2233 4681 2381 4738 enim
2410 4681 2503 4736 me
2536 4686 2638 4737 γει
2665 4687 2719 4735 ει
2747 4674 2999 4735 domm“,
3030 4680 3192 4732 εει,νο
3224 4672 3463 4731 devium
3488 4671 3681 4728 decem
3712 4667 3847 4725 mn.

523 4759 664 4814 toris
681 4757 867 4814 fratris
881 4758 999 4814 hare
1010 4757 1227 4814 occulta
1244 4771 1366 4814 esse
1381 4754 1786 4828 responsio,vel
1802 4753 1963 4809 tacita
1976 4754 2127 4823 cogi-

528 4854 748 4921 tatio,si
769 4869 856 4911 me
877 4853 1138 4924 despicis,
1163 4862 1220 4909 et
1246 4866 1347 4924 ego
1370 4848 1423 4908 te
1443 4848 1713 4923 despicio,
1740 4848 1785 4904 si
1809 4848 1865 4904 tu
1889 4862 1974 4904 me
1994 4861 2128 4902 con-

527 4948 777 5017 demnas,
793 4958 849 5005 et
863 4958 983 5005 mea
996 4946 1267 5004 sententia
1280 4943 1772 5003 condemnaberis:
1792 4947 2125 5014 potestatem

527 5038 1379 5115 tribuitapostolis,utsciantqul
1398 5052 1426 5093 a
1445 5037 1646 5094 talibus
1662 5035 2125 5100 condemnamur,

527 5134 824 5193 humanam
869 5135 1202 5193 sententiam
1231 5133 1413 5189 divina
1461 5129 1735 5187 sententia
1783 5126 2131 5196 roborari,et

529 5233 915 5307 quodcumque
933 5231 1153 5303 ligatum
1174 5227 1339 5285 fherlt
1359 5227 1413 5283 in
1428 5235 1594 5297 terra,
1615 5222 1769 5296 ligari
1788 5222 2059 5295 pariteret
2076 5222 2133 5277 in

532 5328 696 5384 ctelo.

533 5489 538 5495 ,
606 5430 793 5505 (Vers;
822 5429 912 5498 i9,
940 5425 1032 5484 20.
1064 5425 1086 5499 )
1113 5422 1313 5480 Iterum
1340 5423 1461 5478 dico
1486 5422 1625 5477 vobis
1652 5434 1668 5474 :
1699 5419 1821 5492 quin
1847 5420 1895 5473 si
1923 5417 2027 5473 duo
2070 5432 2136 5471 ea:

531 5534 674 5592 nobis
693 5531 1042 5589 consenserint
1060 5532 1219 5600 super
1234 5530 1446 5592 terram,
1462 5524 1525 5580 de
1544 5525 1683 5580 ονηηὶ
1703 5522 1757 5579 re
1779 5506 1936 5597 1&2
1952 5536 2137 5594 quam-

533 5653 753 5709 cumque
800 5636 1067 5710 petierint,
1096 5634 1185 5705 βαι
1234 5632 1342 5689 illis
1386 5648 1420 5686 a
1446 5629 1610 5687 Patre
1639 5640 1751 5684 meo
1780 5629 1869 5701 qui
1914 5630 1968 5683 in
1997 5626 2141 5683 cretis

536 5743 633 5791 est.
667 5732 767 5790 Ubi
796 5734 935 5788 enim
961 5743 1077 5788 sunt
1117 5732 1220 5786 duo
1249 5731 1326 5786 vel
1363 5739 1466 5787 tres
1507 5729 1807 5805 congregati
1850 5729 1905 5784 in
1935 5726 2141 5783 nomine

538 5842 674 5896 meo,
699 5824 771 5881 ibi
791 5836 910 5881 sunt
937 5824 993 5880 in
1024 5818 1190 5881 medio
1212 5828 1411 5880 eorum.
1442 5806 1634 5881 Uiiinis‘
1653 5812 1815 5894 supra
1839 5834 2023 5878 sermo
2042 5836 2143 5878 nos

618 5954 643 5984 η
675 5945 877 6002 Vitiose
910 5956 1026 6003 erat
1055 5944 1231 6015 simul,
1257 5961 1354 6018 pro
1384 5944 1564 6000 simus.

2232 4777 2306 4832 lia
2339 4774 2670 4830 talentorum
2700 4779 2812 4827 tam
2840 4768 3004 4826 facile
3020 4768 3255 4836 ‘dimisit,
3276 4774 3479 4838 quanto
3503 4761 3847 4833 magisservi

2237 4867 2523 4927 conservis
2554 4868 2667 4923 suis
2696 4862 2903 4923 debent
2954 4862 3168 4919 minora
3214 4861 3492 4917 dimittere
3516 4840 3548 4913 ἡ
3576 4856 3737 4926 Quod
3782 4864 3851 4912 ut

2240 4963 2588 5022 manifestius
2616 4962 2733 5027 ﬁat,
2765 4959 3012 5018 dicamus
3034 4958 3137 5014 sub
3162 4950 3417 5026 exemplo
3443 4950 3536 5011 :Si
3561 4952 3688 5024 quis
3716 4964 3852 5006 nos-

2236 5070 2387 5118 trqu
2414 5056 2754 5116 eom‘mise‘rit
2781 5054 3109 5111 adulterium
3130 5070 3151 5119 ’,
3182 5046 3539 5108 homicidium
3566 5088 3581 5114 ,
3616 5046 3850 5102 sacrile—

2242 5159 2420 5231 gium,
2454 5156 2661 5225 majora
2692 5151 2923 5210 crimina
2963 5146 3152 5206 de'c‘em
3203 5139 3436 5203 millium
3491 5138 3850 5207 taie'hmrum,

2245 5228 2568 5323 rogantibus
2598 5247 2951 5303 dimittuntur
2974 5286 2988 5309 ,
3014 5244 3061 5299 "si
3088 5242 3146 5300 “et
3170 5240 3282 5312 ips‘t
3320 5234 3601 5296 dimittant
3631 5228 3854 5293 minora

2249 5342 2624 5415 peccantibus.
2653 5340 2747 5396 Sin
2775 5349 2957 5421 autem
2980 5338 3060 5395 ‘bb
3081 5337 3276 5394 factam
3307 5328 3697 5421 ctintb'lit‘eiiam
3724 5343 3751 5371 ι
3779 5334 3856 5390 si—

2246 5437 2359 5495 mul
2387 5428 2761 5506 implacabiles
2783 5476 2797 5501 ,
2821 5419 2877 5489 et
2906 5424 3132 5504 propter
3161 5426 3409 5485 amarum
3445 5419 3684 5484 've'rbum
3726 5436 3856 5498 per-

2250 5544 2406 5605 petes
2454 5528 2756 5587 habeamus
2796 5526 3099 5585 discat-dias
3141 5523 3369 5582 :nonne
3392 5522 3556 5579 nobis
3598 5521 3859 5579 videmur

2249 5637 2404 5685 recte
2433 5624 2718 5696 redigendi
2751 5625 2803 5680 in
2833 5636 3112 5679 carcerem
3139 5639 3154 5676 :
3177 5631 3237 5677 et
3260 5620 3365 5675 sub
3384 5618 3640 5687 exemplo
3663 5617 3854 5688 aperis

2252 5724 2430 5782 nostri
2462 5723 2566 5780 hoc
2596 5732 2778 5794 agere,
2813 5727 2874 5777 ut
2903 5719 3171 5791 majorum
3205 5715 3716 5774 nobisrtelictorum
3759 5727 3857 5769 ve-

2251 5816 2346 5878 nia
2381 5832 2490 5875 non
2517 5813 2841 5873 relaxetur?
