4004 6332
219 353 306 418 135

653 348 1311 410 COMMENTARIORUM
1351 345 1417 406 1N
1458 329 1765 406 ument

1877 325 1911 399 lt
1953 331 2289 403 tmer
2328 345 2457 404 LIB.
2499 345 2592 406 ιιι.
2629 344 2785 404 CAP.
2827 341 2970 404 χιχ.

3358 341 3464 402 ιει

274 473 426 546 (Vers.
451 471 520 527 24
549 470 732 543 seqq.)
767 469 834 526 Et
865 481 982 524 cum
1011 465 1244 540 (cepisset
1271 465 1523 522 rationem
1550 479 1760 537 ponere,
1795 461 1845 526 Α
1871 461 2165 521 mittendas
2189 477 2314 522 esse
2345 467 2546 522 uxores
2578 465 2820 536 qualibet
2851 480 2916 522 ex
2957 477 3146 530 causa,
3177 469 3234 518 et
3259 461 3466 518 ducen-

213 563 380 626 oblatus
405 573 472 620 cst
499 565 546 620 ei
575 580 710 620 unus
735 563 824 636 qui
864 562 1074 619 debebal
1119 561 1293 618 decem
1332 559 1500 616 millia
1543 551 1757 614 talenta.

212 658 315 718 Cum
338 668 489 713 autent
515 665 621 712 non
653 655 858 712 haberet
888 655 1023 711 unde
1051 653 1308 724 redderet,
1329 653 1487 727 jussit
1523 667 1639 707 eum
1667 649 1762 704 do-

211 751 349 808 minus
374 749 655 807 venundari
670 792 684 816 ,
709 759 757 802 et
795 766 1012 804 ua‘orem
1043 752 1157 822 ejus
1180 790 1196 813 ,
1227 758 1276 804 et
1297 747 1456 819 ﬁlios,
1484 757 1531 800 et
1587 742 1762 800 omnia

209 862 301 918 qua:
318 839 535 908 habebat,
561 851 610 898 ct
635 841 806 898 reddi.
833 839 1123 896 Procidens
1145 849 1313 896 autem
1341 857 1517 897 servus
1541 837 1652 901 ille,
1675 853 1761 892 ro-

207 939 332 1012 gabat
353 953 480 1001 eum,
503 937 682 992 dicens
721 953 739 992 :
767 924 1090 992 Pallantium
1122 935 1252 990 habe
1280 935 1331 988 iu
1365 951 1445 988 me
1465 975 1480 1000 ,
1507 939 1556 987 et
1587 929 1762 986 omnia

206 1031 382 1090 reddam
401 1031 507 1088 tibi.
539 1030 790 1087 Misertus
809 1041 984 1086 autent
1019 1031 1262 1085 dominus
1287 1029 1418 1083 servi
1460 1025 1607 1082 illius
1629 1069 1641 1090 ,
1672 1026 1760 1079 di-

204 1127 316 1185 misit
335 1145 440 1182 eum
461 1143 480 1182 :
508 1135 556 1182 et
584 1121 810 1180 debitum
835 1125 1032 1179 dimisit
1060 1125 1127 1179 ei.
1163 1121 1418 1196 Egressus
1448 1126 1619 1174 autem
1653 1135 1763 1173 ser-

203 1221 388 1290 susillc,
414 1219 606 1275 invenit
638 1235 799 1274 unum
828 1217 894 1274 de
919 1219 1176 1272 conservis
1202 1215 1330 1284 suis,
1360 1211 1449 1284 qui
1473 1204 1684 1267 debebat
1715 1211 1762 1266 ei

203 1325 372 1371 centum
399 1311 634 1368 denarios
664 1329 685 1368 :
722 1321 768 1367 et
813 1321 992 1366 tenens
1033 1294 1319 1378 suﬁocabat
1362 1323 1504 1371 eum,
1533 1305 1712 1359 dicens
1741 1319 1761 1358 :

202 1403 348 1464 Redde
373 1407 504 1478 quod
534 1403 709 1462 debes.
745 1403 810 1460 Et
855 1404 1126 1476 procidens
1157 1416 1435 1458 conservus
1465 1401 1578 1474 ejus
1607 1415 1760 1469 roga-

202 1504 266 1558 bat
283 1519 406 1567 eum,
429 1501 644 1556 dicens:
670 1497 990 1554 Patientiam
1009 1496 1142 1552 habe
1163 1497 1215 1551 in
1243 1510 1342 1562 me,
1372 1492 1420 1550 el
1443 1489 1615 1548 omnia
1644 1489 1760 1544 red-

199 1595 295 1649 dam
317 1591 420 1648 tibi.
453 1583 556 1648 Ille
579 1600 753 1646 autent
786 1589 957 1646 noluit
979 1605 998 1644 :
1025 1587 1117 1643 sed
1147 1586 1296 1653 abiit,
1320 1588 1366 1641 et
1395 1571 1538 1640 misil
1561 1599 1678 1638 eum
1704 1583 1759 1636 in

199 1700 433 1756 carcerem,
453 1685 620 1742 detrec
639 1685 874 1740 redderet
897 1679 1146 1738 debitum.
1185 1679 1422 1735 Videntes
1444 1687 1617 1732 autem
1638 1692 1760 1730 con-

196 1781 304 1836 servi
327 1783 432 1854 ejus
459 1797 576 1851 qua:
602 1777 819 1849 fiebant,
849 1770 1147 1831 contristati
1175 1781 1292 1828 sttnt
1325 1767 1474 1826 valde
1498 1787 1516 1826 :
1541 1781 1587 1826 et
1613 1785 1760 1824 vene-

195 1883 310 1940 rant,
335 1883 380 1928 et
399 1881 747 1927 narraueram
772 1869 984 1924 domino
1006 1883 1101 1922 suo
1127 1865 1301 1920 omnia
1335 1880 1451 1935 qua:
1473 1861 1613 1934 facta
1642 1863 1757 1933 fue-

195 1976 302 2022 rant.
335 1967 472 2022 Tunc
525 1965 724 2021 vocarit
769 1964 921 2019 illum
953 1962 1190 2016 dominus
1228 1976 1352 2014 suus
1381 2000 1394 2024 ,
1420 1963 1468 2014 et
1513 1957 1589 2010 a’it
1638 1953 1758 2009 illi:

197 2059 581 2130 Serrenequam,
617 2073 766 2113 omne
790 2053 1018 2111 debitum
1049 2051 1226 2108 dimisi
1253 2040 1366 2118 tibi,
1399 2047 1643 2123 quoniam
1675 2065 1760 2101 ro-

193 2156 300 2226 gasti
325 2171 412 2208 me.
443 2151 642 2208 Nonne
669 2168 793 2223 ergo
831 2147 1060 2220 aportuit
1099 2155 1148 2202 et
1189 2159 1236 2201 te
1270 2145 1502 2200 misereri
1529 2141 1761 2198 conservi

194 2251 271 2318 tui,
287 2251 408 2304 sicut
427 2257 474 2303 et
502 2265 601 2322 ego
633 2251 710 2301 tui
738 2247 982 2300 misertus
1021 2261 1136 2299 sum
1166 2243 1190 2296 ?
1219 2236 1290 2295 El
1327 2239 1494 2295 iratus
1521 2235 1761 2292 dominus

190 2345 296 2411 ejus,
321 2341 533 2396 tradidit
564 2356 683 2394 eum
713 2337 998 2393 tortoribus
1029 2333 1366 2405 quoadusque
1385 2329 1622 2386 redderet
1645 2329 1763 2382 uni-

191 2435 631 2490 eersmudebitum.
663 2431 794 2488 Scio
821 2439 847 2468 ⁸
879 2428 1144 2500 quosdam
1193 2427 1358 2484 istum
1391 2425 1482 2496 qui
1528 2421 1763 2479 debebat

190 2527 342 2586 decem
367 2529 541 2584 millia
569 2527 772 2582 talenta
793 2568 808 2592 ,
837 2517 1119 2580 diabolum
1167 2519 1520 2592 interpretari
1550 2561 1564 2585 ,
1606 2505 1768 2586 Cujus

191 2639 383 2680 uxorem
427 2632 484 2680 et
530 2623 678 2677 ﬁlios
723 2619 1116 2676 vcttundandos
1147 2629 1532 2690 perseverante
1565 2609 1656 2669 illo
1705 2611 1759 2666 in

189 2720 394 2788 malitia,
424 2719 806 2790 insipientiam
838 2725 892 2772 et
921 2716 1093 2771 maias
1123 2713 1482 2784 cogitationes
1531 2709 1761 2781 intelligi

187 2813 362 2868 volunt.
393 2812 558 2870 Sicut
593 2811 743 2866 ettint
765 2810 903 2881 justi
937 2824 1092 2873 uxor,
1115 2807 1315 2862 dicitur
1340 2804 1610 2878 sapientia
1639 2821 1651 2858 :
1680 2803 1762 2858 sic

190 2909 380 2960 uxorem
413 2901 582 2978 1M
607 2903 798 2972 injusti
827 2910 884 2958 et
914 2901 1221 2970 peccatoris
1241 2941 1258 2967 ,
1281 2897 1548 2971 appellari
1576 2895 1762 2953 stulti-

193 2996 313 3051 tiam.
341 2997 444 3053 Sed
471 2995 758 3068 quomodo
790 2994 838 3051 ei
868 2993 1108 3049 dimittat
1134 2993 1392 3049 dominus
1421 2991 1613 3047 decem
1643 2989 1766 3045 mil-

191 3089 249 3146 lia
265 3091 454 3147 talenta
481 3109 496 3158 ;
529 3100 593 3149 et
639 3089 732 3145 ille
762 3089 922 3146 nobis
949 3088 1234 3145 conservis
1263 3091 1380 3144 suis
1424 3095 1642 3143 centum
1669 3086 1766 3142 de-

190 3187 339 3242 narios
365 3204 469 3242 non
496 3185 800 3250 dimiserit,
834 3199 937 3242 nec
982 3183 1390 3240 Ecclesiastica!
1431 3183 1762 3254 interpreta-
1803 3228 1824 3254 _.

189 3278 321 3334 tionis
349 3287 450 3350 est,
485 3295 592 3336 nec
625 3293 657 3333 a
687 3276 1054 3350 prudentibus
1083 3277 1218 3332 viris
1249 3273 1602 3347 recipiendae.

245 3370 408 3444 (Vers.
442 3375 563 3445 55.)
595 3371 691 3428 Sic
718 3380 767 3426 et
797 3369 957 3426 Pater
979 3385 1123 3424 meus
1156 3367 1372 3424 caelestis
1407 3369 1563 3440 faciet
1593 3369 1758 3437 uobis,

187 3464 324 3520 sinon
351 3467 615 3522 remiserit
645 3463 996 3535 unusquisque
1020 3463 1172 3532 fratri
1192 3479 1285 3517 suo
1309 3461 1373 3516 de
1392 3459 1632 3516 cordibus
1655 3469 1763 3516 ucs-

190 3559 280 3616 tris.
305 3561 690 3618 Formidolosa
725 3559 1030 3627 sententia,
1059 3559 1102 3614 si
1144 3558 1299 3629 juxta
1330 3567 1571 3613 nostram
1603 3573 1762 3612 men-

191 3659 276 3708 tem
299 3657 574 3712 sententia
605 3654 711 3711 Dei
741 3652 981 3710 ﬂectitur
1011 3663 1174 3724 atque
1217 3660 1475 3708 mutatur.
1507 3651 1562 3708 Si
1595 3667 1762 3722 parva

191 3743 416 3806 fratribus
445 3767 560 3807 non
595 3749 936 3806 dimittimus
963 3792 978 3816 ,
1015 3763 1206 3819 magna
1241 3747 1397 3803 nobis
1437 3764 1465 3802 a
1509 3747 1624 3804 Deo
1655 3763 1763 3803 non

188 3837 516 3900 dimittentur.
545 3845 624 3899 Et
653 3843 780 3914 quia
815 3849 997 3912 potest
1027 3840 1403 3912 unusquisque
1430 3839 1613 3898 dicere
1645 3859 1656 3894 :
1683 3843 1766 3896 ni-

187 3931 248 3988 hil
265 3934 423 3994 habeo
449 3949 659 3995 contra
691 3953 816 3993 eum
846 3979 860 4004 ,
893 3937 1012 4008 ipse
1039 3938 1192 3992 novit
1223 3954 1236 3991 :
1271 3935 1432 3992 habet
1461 3935 1635 3993 Deum
1678 3937 1766 4007 ju-

186 4027 333 4086 dicent
355 4073 371 4100 ,
394 4049 502 4088 non
537 4031 681 4088 mihi
727 4047 874 4086 cura:
917 4039 1004 4087 est
1029 4073 1044 4100 ,
1073 4029 1203 4102 quid
1248 4029 1380 4084 velit
1430 4045 1594 4101 agere
1617 4071 1632 4097 ,
1659 4045 1766 4100 ego

185 4124 339 4192 ignovi
365 4127 414 4182 ei
453 4145 468 4194 ;
500 4132 806 4184 conﬁrmat
837 4125 1165 4182 sententiam
1214 4141 1370 4180 suam
1399 4168 1414 4194 ,
1443 4135 1496 4179 et
1546 4139 1764 4180 omnem

184 4216 562 4277 simulationem
589 4219 739 4276 ﬁcte:
767 4219 920 4291 pacis
942 4213 1160 4289 evertit,
1195 4217 1384 4274 dicens
1421 4234 1436 4274 ε
1461 4217 1520 4274 Si
1550 4235 1652 4272 non
1681 4233 1768 4272 re-

185 4309 399 4367 miseritis
423 4315 788 4385 unusquisque
814 4311 966 4383 fratri
993 4327 1090 4366 suo
1119 4306 1184 4366 de
1204 4309 1444 4365 cordibus
1476 4309 1679 4366 vestris.

243 4399 383 4477 (Cap.
412 4403 562 4462 XIX.
595 4435 673 4446 —
702 4403 856 4460 Vers.
892 4403 917 4458 ι
955 4419 1112 4475 seqq.
1140 4402 1159 4475 )
1192 4399 1258 4457 Et
1285 4403 1482 4476 factum
1531 4412 1605 4458 est
1648 4420 1769 4458 cum

183 4511 564 4557 consummasset
587 4498 748 4554 Iesus
770 4515 1027 4554 sermones
1043 4499 1190 4569 istos,
1211 4500 1453 4570 migravit
1469 4517 1500 4555 a
1522 4497 1770 4567 Galiltea;

183 4598 223 4644 et
243 4594 364 4647 venit
391 4595 444 4648 in
476 4595 624 4666 fines
647 4591 851 4648 Iudaea:
871 4602 1016 4648 trans
1041 4590 1326 4648 Iordanem
1353 4591 1635 4650 :elsecutaz
1649 4603 1769 4652 sunt

183 4701 280 4741 eam
304 4687 462 4744 turba:
493 4689 684 4744 multa:
710 4698 758 4743 et
785 4685 980 4741 duravit
1007 4703 1092 4743 eos
1112 4687 1202 4742 ibi.
1233 4684 1304 4743 Et
1334 4699 1657 4744 accesserunt
1697 4689 1766 4743 ad
1797 4656 1850 4718 D

183 4793 280 4834 cum
305 4778 567 4838 Pharistei
599 4789 857 4836 tentantes
883 4795 1000 4836 eum
1018 4825 1033 4849 ,
1061 4789 1108 4834 et
1135 4779 1374 4836 dicentes
1394 4797 1413 4836 :
1441 4776 1507 4838 Si
1527 4782 1641 4837 licet
1667 4783 1766 4836 Ito-

183 4875 290 4930 mini
319 4872 585 4932 dimittere
626 4893 844 4932 uxorem
885 4893 1034 4930 suam
1080 4892 1398 4948 quacumque
1455 4894 1517 4932 ex
1564 4878 1770 4934 causa?

181 4965 248 5024 De
273 4968 484 5028 Galilzea
517 4979 755 5028 venerat
789 4969 856 5025 ad
896 4967 1138 5026 Judaeam
1183 4986 1197 5024 :
1230 4969 1436 5026 idcirco
1463 4971 1769 5027 Pharismo-

183 5075 285 5118 rum
309 5052 746 5134 Scribarumque
777 5061 936 5118 factio
967 5057 1270 5132 interrogat
1297 5076 1420 5117 eum
1448 5079 1462 5118 :
1497 5075 1674 5119 utrum
1705 5063 1770 5120 li-

184 5157 286 5212 ccat
311 5157 522 5215 homini
552 5152 835 5214 dimittere
862 5155 1093 5212 uxorein
1130 5147 1280 5210 suam
1312 5145 1552 5228 qualibet
1581 5171 1765 5228 causa,

184 5256 236 5302 at
257 5251 402 5320 quasi
430 5260 678 5307 cornuto
704 5252 923 5304 teneant
955 5243 1427 5320 eum‘syllogismo
1463 5263 1478 5302 :
1511 5257 1568 5305 et
1593 5251 1769 5320 quod-

185 5339 812 5416 eamque're'sponderit,
843 5341 1082 5412 captioni
1113 5350 1308 5412 pateat:
1343 5341 1623 5400 Si'dia'erit
1643 5394 1656 5416 ,
1689 5347 1772 5404 di-

244 5483 272 5514 '
290 5478 448 5564 ii.th
465 5480 879 5564 certglnrtgitts
899 5478 1107 5564 abtus‘it'
1121 5478 1540 5564 ‘O’figeucsiqu‘i‘
1563 5483 1770 5546 debito.

185 5565 284 5608 rem
307 5551 506 5610 de'ceur
529 5549 1154 5612 millium‘talentoruni.
1187 5549 1252 5618 si",
1290 5549 1483 5620 inquit,
1513 5555 1648 5610 inter
1675 5563 1770 5616 Ito-

183 5625 330 5679 taliaes
374 5622 706 5692 artissimis,
741 5637 855 5678 eum
900 5637 1009 5679 esse
1047 5620 1271 5692 forsitan
1297 5623 1546 5691 reperies,
1580 5628 1768 5688 "omi-

186 5707 292 5752 nem
335 5699 574 5763 peccati,
623 5695 795 5749 litium
838 5694 1182 5766 perditionis.
1215 5695 1318 5766 qui'
1355 5695 1674 5756 adversatur
1718 5715 1772 5762 et

185 5767 446 5847 extollitur
481 5767 1044 5847 Supra'ornhequod‘
1069 5765 1274 5823 dicitur'
1298 5766 1467 5847 Deus,
1501 5780 1590 5827 aut
1626 5775 1772 5847 quod

185 5839 392 5914 coli-tur,
438 5856 484 5892 st
532 5839 1000 5914 extrahentinum
1037 5852 1240 5914 genus,
1271 5838 1498 5914 quis__ille
1524 5838 1776 5914 _est,'nisi

187 5908 430 5981 diabolus,
461 5909 555 5982 qui
589 5918 662 5966 tot
686 5908 926 5968 homines
956 5908 1207 5982 perdidit,
1229 5925 1261 5964 a
1302 5908 1484 5980 quibus
1513 5908 1625 5986 ipse
1651 5936 1772 5991 pec-

1861 558 1962 616 das
1989 558 2145 627 alias,
2175 559 2450 630 pudicitiae
2475 560 2804 630 praedicator
2825 559 2930 615 sibi
2963 557 3236 614 videbitur
3266 557 3464 611 docere

1861 629 2275 708 contrariaubi
2304 629 2486 708 autem
2546 651 2924 724 responderit,
2957 667 3065 706 non
3113 665 3332 705 omnem
3393 646 3463 704 ob

1860 760 2082 801 causam
2115 744 2318 802 debere
2347 745 2585 813 dimitti,
2621 746 2776 818 quasi
2830 743 3104 816 sacrilegii
3135 758 3262 800 reus
3315 747 3466 799 tene-

1861 838 2009 896 bitur
2042 857 2056 908 ;
2092 851 2146 896 et
2173 841 2436 898 adversus
2465 841 2770 898 doetrinam
2813 839 2985 914 Moysi
3017 853 3082 896 ac
3108 855 3205 912 per
3236 835 3462 912 Moysen

1863 932 1981 1002 Dei,
2017 933 2196 990 facere
2215 929 2572 1004 judicabllur.
2606 935 2777 1005 Igitur
2810 931 3073 988 Dominus
3103 932 3182 988 sic
3233 945 3465 999 respon-

1860 1025 2073 1082 sionem
2132 1033 2432 1098 temperat,
2471 1035 2528 1081 ut
2583 1026 2896 1096 decipulum
2947 1037 3140 1082 eorum
3198 1033 3462 1091 transeat,

1859 1117 2204 1192 Scriptumth
2258 1127 2504 1176 sanctam
2557 1119 2834 1177 adducens
2863 1122 2914 1176 in
2963 1117 3379 1183 testimonium,
3408 1126 3466 1173 et

1863 1215 2170 1272 naturalem
2203 1215 2396 1287 legem,
2421 1213 2762 1286 primumque
2785 1213 2877 1270 Dei
2905 1213 3232 1269 sententiam
3259 1224 3457 1268 secun-

1861 1306 1946 1364 dat
1976 1319 2298 1380 apponens;
2323 1321 2444 1380 qum
2474 1321 2584 1364 non
2629 1306 2910 1364 voluntate
2940 1309 3056 1373 Dei,
3087 1303 3184 1365 s'ed
3231 1321 3464 1378 peccan-

1862 1399 1996 1456 tium
2029 1401 2366 1474 necessitate
2385 1413 2647 1457 concessa
2677 1407 2780 1457 est.

1939 1490 2130 1564 (Vers.
2162 1489 2251 1564 4.)
2286 1493 2391 1560 Qui
2435 1495 2754 1564 respondens
2801 1494 2876 1548 ait
2915 1496 2990 1549 eis
3022 1509 3038 1547 :
3071 1491 3192 1548 Non
3241 1492 3460 1564 legistis,

1861 1585 1984 1659 quia
2031 1585 2123 1659 qui
2163 1587 2282 1659 fecit
2323 1585 2387 1642 ub
2425 1585 2605 1651 initio,
2642 1587 2928 1642 masculum
2973 1595 3020 1642 et
3063 1585 3309 1658 feminam
3341 1581 3465 1655 fecit

1863 1679 1990 1736 eos?
2012 1675 2127 1736 Hoc
2147 1678 2200 1735 in
2231 1679 2459 1736 exordio
2487 1681 2768 1738 Gen-escas
2798 1683 3062 1750 scriptum
3087 1690 3195 1736 εει.
3222 1677 3465 1735 Dicendo

1863 1782 2066 1838 autem,
2101 1773 2390 1828 masculum
2424 1771 2580 1848 1&5
2609 1785 2653 1830 et
2683 1773 2953 1847 feminam,
2991 1774 3236 1830 ostendit
3267 1787 3466 1828 set-un-

1866 1865 1932 1923 da
1963 1865 2182 1923 vitanda
2213 1867 2490 1939 conjugia.
2520 1865 2638 1924 Non
2667 1871 2813 1923 enim
2855 1867 2950 1935 ait,
2995 1868 3285 1923 masculum
3313 1877 3364 1923 et
3392 1873 3472 1939 fe-

1863 1959 2054 2028 minas,
2085 1961 2232 2031 quod
2275 1961 2342 2015 ex
2377 1963 2616 2030 priorum
2665 1959 2896 2033 repudio
2941 1961 3288 2033 qtnurebatur
3321 1981 3334 2017 :
3369 1963 3465 2018 sed

1863 2055 2156 2110 masculum
2199 2065 2246 2112 et
2278 2055 2548 2129 feminam,
2575 2068 2632 2113 ut
2661 2056 2690 2096 ι’
2719 2055 2884 2114 unius
2923 2059 3171 2130 conjugis
3193 2059 3469 2114 consortia

1866 2153 2245 2205 necterentur.

1937 2240 2121 2315 (Vcrs.
2154 2243 2210 2311 5,
2243 2243 2324 2316 6.)
2359 2240 2428 2299 Et
2465 2241 2595 2300 dixit
2635 2261 2655 2300 :
2699 2255 2912 2316 propter
2939 2246 3037 2300 hoc
3066 2245 3287 2302 dimittet
3313 2245 3469 2300 homo

1867 2343 2068 2405 patrem
2109 2341 2158 2389 et
2203 2344 2440 2402 matrem,
2472 2342 2519 2390 et
2550 2337 2831 2392 adhaerebit
2865 2337 3018 2393 uxori
3055 2353 3200 2394 sure:
3239 2349 3286 2393 et
3319 2348 3470 2393 erunt

1866 2425 1969 2481 duo
2012 2426 2069 2482 in
2097 2440 2256 2482 carne
2284 2443 2410 2483 una.
2447 2426 2632 2500 Itaque
2651 2433 2770 2504 jam
2796 2445 2900 2485 non
2926 2442 3045 2486 sunt
3077 2429 3203 2497 duo,
3245 2429 3336 2487 sed
3364 2447 3472 2486 una

1867 2523 2011 2576 caro.
2043 2517 2306 2578 Similiter
2330 2523 2427 2590 ait,
2459 2523 2764 2581 adhaerebit
2794 2525 2950 2580 uxori
2984 2539 3119 2592 stne,
3151 2541 3255 2584 non
3291 2529 3474 2583 uxori-

1867 2615 1988 2670 bus.
2017 2615 2085 2670 Et
2107 2627 2257 2672 erunt
2284 2617 2390 2672 duo
2418 2618 2472 2671 in
2494 2635 2651 2673 carne
2672 2620 3106 2675 uua.Pr:emium
3137 2621 3468 2692 nuptiarum,

1867 2726 1898 2767 e
1915 2709 2126 2768 duabus
2149 2727 2311 2768 unum
2335 2724 2556 2770 carnem
2583 2713 2719 2772 ﬁeri.
2747 2713 2987 2772 Castitas
3007 2713 3199 2789 juncta
3225 2717 3466 2789 spiritui,

1869 2813 2010 2860 unus
2037 2803 2272 2864 efﬁcitur
2300 2807 2542 2877 spiritus.

1943 2899 2096 2967 Quod
2127 2916 2249 2973 ergo
2274 2899 2416 2957 Deus
2447 2901 2745 2974 tanjunxit,
2779 2903 2930 2960 homo
2952 2920 3053 2960 non
3082 2910 3302 2979 separet.
3330 2902 3474 2964 Dens

1868 2993 2174 3062 conjunxit,
2211 3011 2372 3050 unam
2406 2993 2664 3052 faciendo
2706 3009 2929 3054 carnem
2972 3000 3074 3054 viri
3107 3007 3161 3055 et
3203 3000 3419 3057 femina:
3457 3019 3468 3056 :

1871 3084 2011 3140 hattc
2041 3083 2206 3141 homo
2233 3101 2349 3142 non
2391 3097 2572 3158 potest
2614 3103 2895 3160 separare,
2930 3091 3036 3148 nisi
3066 3093 3292 3150 forsitan
3327 3095 3476 3150 solus

1875 3181 2035 3236 Deus.
2062 3181 2237 3236 Homo
2257 3189 2506 3253 separat,
2537 3183 2756 3254 quando
2779 3193 3002 3256 propter
3023 3183 3356 3244 desiderium
3382 3205 3470 3244 se-

1868 3273 2059 3329 cunda:
2087 3275 2294 3342 uxoris,
2325 3274 2560 3348 primam
2583 3277 2834 3334 dimittit.
2867 3275 3008 3336 Deus
3039 3291 3277 3352 separat,
3303 3283 3392 3355 qui
3421 3291 3478 3340 et

1867 3365 2252 3437 coniunxerat,
2283 3370 2502 3441 quando
2542 3387 2609 3428 ex
2637 3387 2909 3429 consensa
2961 3379 3184 3446 propter
3237 3378 3474 3434 servitu-

1866 3467 1975 3516 tem
2009 3461 2103 3516 Dei
2138 3461 2226 3532 (eo
2267 3461 2416 3534 quod
2447 3472 2662 3534 tempus
2703 3466 2759 3522 in
2788 3477 2941 3524 arcto
2965 3466 3057 3540 sit)
3089 3470 3168 3526 sic
3201 3469 3468 3528 habemus

1867 3565 2094 3624 uxores,
2125 3555 2287 3624 quasi
2317 3568 2429 3612 non
2463 3551 2732 3614 habentes
2764 3558 2811 3630 (ἰ
2840 3557 2962 3616 Cor.
2994 3562 3114 3634 vn).

1943 3665 2126 3739 (Vers.
2153 3667 2236 3738 7.)
2267 3665 2464 3724 Dicunt
2485 3669 2566 3726 illi
2593 3687 2612 3726 :
2645 3669 2785 3739 Quid
2811 3689 2933 3745 ergo
2961 3670 3170 3746 Moyses
3209 3671 3476 3733 mandavit

1869 3759 1986 3813 dari
2019 3759 2254 3814 libellum
2281 3762 2508 3833 repudii,
2551 3774 2600 3817 et
2639 3764 2938 3820 dimittere?
2967 3765 3234 3836 Aperiunt
3267 3770 3476 3827 calum-

1871 3851 2014 3905 niam
2043 3868 2203 3922 quam
2237 3857 2586 3924 paraverant.
2613 3853 2681 3911 Et
2709 3865 2860 3912 certe
2908 3853 3169 3916 Dominus
3208 3876 3313 3916 non
3345 3878 3473 3934 pro-

1871 3944 2047 4014 priam
2071 3947 2397 4001 sententiam
2429 3950 2751 4018 protulerat,
2796 3945 2894 4006 sed
2923 3953 3124 4009 veteris
3151 3953 3392 4013 historia:
3418 3967 3477 4015 et

1871 4036 2254 4096 mandatorum
2285 4038 2378 4095 Dei
2414 4039 2595 4098 fuerat
2621 4044 2965 4102 recordatus.

1940 4127 2126 4200 (Vers.
2155 4131 2236 4204 8.)
2265 4131 2352 4188 Ait
2377 4133 2486 4190 illis
2524 4151 2543 4190 :
2587 4138 2835 4207 quoniam
2869 4138 3074 4212 Moyses
3112 4143 3184 4196 ad
3223 4141 3475 4203 duritiam

1872 4224 2046 4279 cordis
2085 4226 2243 4280 vestri
2273 4228 2508 4298 permisit
2538 4229 2682 4284 vobis
2723 4230 2986 4286 dimittere
3015 4250 3202 4290 uxores
3232 4247 3424 4294 vestras
3453 4257 3474 4296 :

1871 4317 1936 4371 ab
1960 4316 2109 4372 initio
2129 4327 2302 4374 autem
2329 4337 2432 4374 non
2455 4319 2553 4393 fuit
2568 4322 2663 4376 sic.
2685 4321 2840 4391 Quod
2869 4325 3004 4380 dicit
3025 4326 3338 4386 istiusmodi
3355 4342 3474 4392 est:

1873 4410 2150 4484 Numquid
2180 4424 2359 4485 potest
2391 4415 2534 4471 Deus
2580 4416 2682 4472 sibi
2731 4431 2854 4474 esse
2881 4419 3212 4494 contrarius,
3241 4435 3297 4480 ut
3325 4425 3474 4483 aliud

1873 4515 2002 4564 ante
2041 4505 2292 4577 jusserit,
2323 4517 2378 4564 et
2405 4510 2733 4565 sententiam
2766 4527 2922 4570 suam
2957 4529 3100 4572 novo
3127 4515 3340 4590 frangat
3373 4521 3476 4576 im-

1874 4601 2066 4673 perio!
2094 4600 2210 4658 Non
2243 4602 2318 4658 ita
2348 4603 2696 4660 sentiendum
2728 4617 2809 4663 est
2835 4625 2850 4664 :
2880 4609 2976 4665 sed
3005 4611 3222 4684 Moyses
3247 4629 3370 4672 cum
3397 4617 3479 4672 vi~
3551 4621 3558 4628 '

1874 4691 2052 4764 deret,
2096 4691 2321 4766 propter
2362 4693 2697 4754 desiderium
2746 4699 3110 4758 secundarum
3157 4707 3474 4780 conjugntn,

1875 4805 1996 4862 quae
2022 4789 2105 4846 vel
2129 4787 2372 4856 ditiores,
2399 4790 2484 4846 vel
2502 4791 2772 4861 juniores,
2797 4793 2879 4850 vel
2904 4797 3242 4866 pulchriores
3265 4813 3474 4874 essent,

1877 4877 2082 4953 primas
2120 4895 2320 4938 uxores
2366 4883 2621 4950 interﬁci,
2654 4893 2748 4940 aut
2791 4887 2988 4943 malam
3041 4893 3205 4948 vitam
3254 4894 3474 4965 ducere,

1875 4971 2067 5032 maluit
2096 4975 2383 5049 indulgere
2409 4975 2762 5042 discordiam,
2782 4995 2944 5052 quam
2969 4983 3090 5041 odia
3111 4997 3161 5042 et
3185 4981 3476 5048 homicidia

1876 5087 2235 5144 perseverare
2265 5073 2446 5148 (Deut.
2480 5075 2654 5149 xxiv).
2683 5077 2963 5152 Simulque
2995 5085 3301 5155 considera,
3329 5084 3479 5160 quod

1879 5184 1986 5225 non
2041 5167 2177 5224 dixit
2214 5186 2228 5224 :
2279 5167 2507 5238 PrOpter
2550 5166 2798 5227 duritiam
2845 5169 3016 5232 cordis
3052 5181 3215 5242 uestri
3245 5181 3480 5250 permisit

1875 5257 2205 5332 uobisteus,
2229 5260 2322 5316 sed
2353 5259 2566 5333 Moyses
2593 5281 2605 5316 :
2639 5265 2867 5336 utjuxta
2901 5269 3224 5338 Apostolum
3255 5271 3468 5344 (ICor.

1880 5350 1976 5426 vn)
2007 5346 2294 5408 cdnsilium
2327 5353 2398 5409 sit
2421 5354 2686 5426 hominis,
2720 5374 2824 5413 non
2870 5355 3153 5432 imperium
3188 5365 3300 5421 Dei.

1878 5493 2196 5572 catiauetor
2226 5507 2496 5572 susceptus
2539 5499 2654 5554 est?
2677 5497 2792 5556 Non
2824 5502 2904 5558 sic
2933 5515 3114 5560 autem
3137 5507 3330 5570 stricte
3361 5513 3483 5572 Gri-

1878 5563 2274 5649 g‘eni'adlnrret
2305 5563 2694 5649 Hieronymus,
2737 5583 2794 5628 ut
2843 5585 2896 5628 et
2933 5575 3149 5649 devium
3193 5563 3478 5649 alt—Ecelen

1877 5635 2110 5718 sinstica'
2147 5635 2600 5711 interpretatione
2641 5635 2934 5716 sequatur,
2979 5647 3104 5718 quin
3150 5635 3478 5716 imm?an

1878 5709 2146 5764 confutet.

1951 5779 1996 5867 b_
2019 5779 2356 5867 Ms._t:od.__S.
2391 5782 2648 5857 Remigii,
2681 5781 2734 5844 u't
2764 5787 2918 5843 unius
2947 5795 3180 5867 eonjugii
3219 5803 3482 5859 consortio

1882 5861 2229 5908 necterentur.
2265 5855 2440 5911 Mser.
