4004 6332
516 284 623 342 155

1775 289 1835 345 S.
1879 287 2156 346 EUSEBII
2194 289 2575 347 lllERONYMl

3721 297 3825 354 I36

590 421 768 488 (Vers.
803 422 884 493 9.)
918 421 1045 478 Dico
1071 435 1238 478 autem
1269 424 1431 493 vobis,
1465 426 1591 496 quia
1631 426 1944 496 quicumque
1965 427 2102 480 dimi-

2227 415 2454 475 propter
2488 423 2710 478 regnum
2756 408 3058 475 calorum;
3107 418 3160 464 et
3187 410 3426 481 quicum
3461 411 3673 482 possint
3704 427 3825 467 esse

515 517 638 567 serit
670 533 881 570 uxorem
913 535 1081 581 suam,
1112 520 1211 574 nisi
1239 519 1300 572 cb
1328 520 1746 588 fornicationem,
1778 531 1824 573 et
1839 522 1995 574 aliam
2027 522 2123 573 du-

512 609 670 675 xerit,
703 610 1006 666 moechatur.
1044 609 1111 663 Et
1143 612 1234 681 qui
1266 611 1534 665 dimissant
1560 610 1792 675 duxerit,
1816 611 2116 666 nunc/tatur.

518 699 647 756 Sola
705 699 998 757 fornicatio
1056 715 1140 758 est
1192 719 1314 774 qua:
1355 704 1540 758 uxoris
1596 705 1772 757 vincat
1819 704 2117 759 affectum;

519 791 690 848 immo
728 810 849 849 cum
885 795 972 849 illa
1019 811 1177 850 unam
1209 811 1433 850 carnem
1467 799 1519 850 in
1560 797 1720 851 aliam
1761 797 2032 860 diviserit,
2065 809 2120 853 et

515 901 578 942 se
603 887 967 944 fornicatione
991 890 1330 960 separaverit
1356 889 1517 962 146
1541 906 1567 943 a
1586 891 1804 956 marito,
1829 906 1933 945 no:i
1957 890 2119 946 debet

518 982 690 1036 teneri
727 997 741 1034 :
774 998 840 1037 ne
885 982 1060 1036 virum
1109 997 1327 1053 qttoque
1364 985 1463 1038 sub
1492 983 1782 1038 maledicto
1824 983 2003 1047 faciat,
2032 983 2107 1037 di-

514 1085 676 1130 cente
705 1075 986 1141 Scriptura
1018 1092 1029 1127 :
1068 1075 1170 1143 Qui
1202 1075 1494 1130 adulteram
1520 1086 1676 1144 tenet,
1706 1075 1898 1131 stultus
1933 1085 1983 1131 et
2021 1077 2118 1129 im-

516 1167 633 1234 pius
664 1177 760 1222 est.
788 1167 1133 1237 Ubicumque
1154 1178 1240 1223 est
1267 1169 1432 1239 igitur
1465 1167 1771 1233 fornicatio,
1799 1176 1855 1223 et
1885 1167 2118 1222 fornica-

519 1262 683 1316 tionis
730 1261 992 1332 suspicio,
1023 1262 1194 1318 libere
1226 1278 1365 1317 uxor
1407 1261 1718 1316 dimittitur.
1755 1261 1822 1316 Et
1851 1263 1974 1331 quia
2017 1275 2112 1330 po-

519 1364 657 1408 terat
708 1353 979 1420 accidere,
1012 1365 1070 1409 ut
1108 1355 1306 1426 aliquis
1336 1355 1666 1410 calumniam
1715 1355 1916 1409 faceret
1960 1354 2116 1408 inno-

516 1449 686 1519 centi,
737 1461 784 1504 et
819 1451 889 1505 ob
929 1449 1224 1505 set-undam
1256 1449 1505 1520 copulam
1557 1449 1887 1517 nuptiarum,
1939 1449 2115 1505 veteri

514 1542 725 1596 crimen
776 1542 1122 1614 impingeret,
1173 1543 1252 1596 sic
1296 1543 1531 1610 priorem
1577 1541 1857 1597 dimittere
1893 1542 2115 1610 jubetur

513 1653 774 1703 uxorem,
805 1648 863 1692 ut
890 1637 1211 1705 secundam,
1256 1638 1426 1707 prima
1471 1636 1708 1702 vivente,
1748 1651 1855 1691 non
1889 1635 2108 1692 habeat.

512 1729 666 1798 Quod
696 1731 838 1786 enim
869 1730 1021 1796 dicit,
1057 1730 1164 1785 tale
1193 1739 1304 1785 est:
1333 1729 1392 1788 Si
1425 1744 1530 1784 non
1565 1738 1786 1799 propter
1806 1728 2107 1794 libidinem,

2229 498 2354 560 viri,
2415 509 2635 567 propter
2677 498 2955 556 Christum
2989 502 3227 557 eunuchi
3261 503 3416 558 linnt.
3452 503 3575 558 lstis
3608 503 3826 572 promit-

2226 593 2360 646 titur
2383 594 2662 662 praemium
2687 612 2699 648 :
2733 594 3104 665 superioribus
3126 605 3309 652 autem
3339 597 3535 667 quibus
3561 597 3821 652 castimo-

2227 681 2328 736 nize
2368 685 2693 750 necessitas,
2724 701 2830 740 non
2874 686 3125 742 voluntas
3157 698 3263 751 est,
3297 689 3433 743 nihil
3462 688 3686 744 omnino
3727 689 3822 744 de-

2226 775 2404 830 betur.
2439 776 2737 833 Possumus
2768 787 2825 834 et
2865 779 3024 834 aliter
3049 779 3257 838 dicere.
3300 781 3548 838 Eunuchi
3594 794 3723 840 sunt
3753 799 3824 838 ex

2225 869 2416 922 matris
2449 879 2627 936 utero,
2662 869 2687 908 ι)
2720 871 2812 942 qui
2846 871 3140 942 frigidioris
3166 884 3372 929 naturzc
3405 885 3552 941 sunt,
3580 891 3680 931 nec
3703 875 3826 930 libi-

2223 961 2403 1017 dinem
2434 973 2778 1032 appetentes.
2815 965 2881 1019 Et
2913 966 3026 1032 alii,
3051 967 3140 1037 qui
3173 967 3241 1021 ab
3288 968 3600 1023 hominibus
3631 969 3768 1024 fiunt
3807 986 3820 1023 :

2221 1069 2359 1125 quos
2408 1064 2498 1109 aut
2535 1055 2842 1127 philosOphi
2877 1059 3100 1124 faciunt,
3154 1068 3247 1113 aut
3292 1073 3512 1130 prep'er
3544 1061 3821 1116 idolorum

2221 1147 2425 1202 cultum
2454 1149 2816 1204 emolliuntur
2847 1151 2897 1204 in
2923 1149 3188 1205 feminas:
3223 1153 3304 1208 vel
3335 1156 3686 1221 persuasione
3709 1143 3838 1208 hac?

2221 1238 2391 1294 retica
2434 1238 2691 1295 simulant
2722 1242 3055 1309 castitatem,
3085 1254 3143 1298 ut
3176 1244 3507 1301 mentiantur
3536 1247 3821 1318 religionis

2220 1332 2525 1387 veritatem.
2550 1331 2656 1389 Sed
2693 1336 2869 1390 nullus
2898 1351 3088 1392 eorum
3120 1339 3472 1410 consequitur
3506 1357 3670 1412 regna
3703 1357 3815 1400 ρω-

2219 1426 2416 1491 lorum,
2468 1428 2570 1481 nisi
2619 1429 2711 1499 qui
2760 1444 2820 1484 se
2870 1431 3192 1486 castraverit
3239 1442 3464 1503 propter
3510 1434 3817 1490 Christum.

2217 1518 2375 1575 Unde
2422 1530 2475 1575 et
2517 1520 2724 1576 infert:
2769 1521 2870 1587 Qui
2906 1534 3071 1593 potest
3111 1541 3294 1595 capere
3319 1527 3528 1596 capiat;
3561 1537 3618 1581 ut
3651 1543 3821 1584 unus-

2216 1615 2446 1686 quisque
2475 1617 2793 1672 consideret
2844 1621 2991 1674 vires
3020 1635 3168 1684 suas,
3203 1630 3382 1675 utrum
3435 1622 3606 1692 possit
3656 1624 3821 1696 virgi-

2216 1710 2360 1764 nalia
2407 1718 2463 1764 et
2490 1710 2760 1780 pudicitia:
2813 1712 3040 1783 implere
3087 1725 3379 1784 praecepta.
3434 1715 3538 1772 Per
3566 1732 3624 1772 se
3669 1718 3816 1773 enim

513 1825 609 1881 sed
666 1836 890 1896 promer
921 1825 1180 1896 iniuriam
1210 1825 1442 1881 dimittis
1483 1839 1709 1881 “xorem
1735 1841 1747 1877 ε
1800 1839 1967 1895 quam
2015 1839 2108 1878 ex-
2138 1803 2187 1864 B
2214 1803 2438 1896 Castitas
2464 1803 2661 1859 blanda
2689 1814 2795 1872 est,
2827 1814 2882 1859 et
2902 1806 3203 1876 quemlibet
3233 1807 3298 1862 ad
3331 1823 3390 1863 se
3412 1807 3679 1865 alliciens.
3708 1810 3816 1867 Sed

513 1931 702 1988 pertus
757 1919 1012 1974 infelices
1057 1917 1270 1989 priores
1318 1917 1554 1988 nuptias,
1597 1933 1860 1974 novarum
1913 1929 1963 1972 te
2002 1916 2104 1970 im-

511 2012 683 2068 niittis
733 2013 1014 2084 periculo?
1061 2011 1282 2067 Necnon
1325 2014 1452 2082 quia
1502 2021 1715 2084 poterat
1763 2011 2006 2075 evenire,
2050 2017 2109 2064 ut

502 2103 662 2175 juxta
707 2105 959 2161 eamdem
993 2105 1170 2177 legem
1201 2120 1338 2160 uxor
1365 2120 1584 2175 quoque
1616 2105 1812 2160 marito
1838 2104 1996 2159 daret
2022 2119 2107 2158 re-

504 2198 747 2268 pudium,
797 2199 987 2254 eadem
1035 2198 1252 2254 cautela
1304 2198 1636 2270 praecipitur,
1690 2213 1756 2254 ne
1805 2197 2103 2254 secundum

503 2293 738 2361 accipiat
788 2291 982 2346 virum.
1033 2289 1101 2346 Et
1154 2291 1279 2362 quia
1327 2290 1610 2361 meretrix,
1663 2300 1719 2346 et
1768 2304 1891 2361 quae
1934 2288 2104 2345 semel

501 2384 680 2440 fuerat
723 2383 990 2452 adultera,
1022 2385 1376 2456 opprobrium
1427 2400 1532 2439 non
1585 2384 1830 2453 timebat,
1862 2382 2105 2439 secundo

509 2486 533 2512 τι
569 2477 882 2548 praecipitur
904 2476 1046 2545 viro,
1079 2477 1222 2549 quod
1257 2477 1304 2533 si
1329 2478 1492 2534 talem
1523 2477 1766 2545 duxerit,
1815 2477 1915 2534 sub
1951 2477 2106 2533 adul-

504 2572 627 2626 terii
660 2573 729 2627 sit
761 2573 1014 2630 crimine.

574 2666 758 2738 (Vers.
789 2664 904 2738 10.)
932 2666 1122 2722 Dicunt
1153 2669 1199 2722 ei
1221 2667 1470 2738 discipuli
1497 2669 1608 2739 ejus
1626 2684 1645 2722 :
1665 2667 1724 2723 Si
1751 2669 1821 2722 ita
1849 2677 1922 2722 est
1944 2683 2103 2721 causa

500 2758 700 2814 homini
727 2776 846 2814 cum
866 2777 1051 2828 uxore,
1075 2777 1176 2815 non
1197 2761 1408 2830 expedit
1437 2759 1644 2815 nubere.
1684 2759 1866 2816 Grave
1894 2759 2103 2831 pondus

499 2871 731 2912 uxorum
763 2867 869 2924 est,
916 2856 961 2911 si
993 2866 1222 2928 excepta
1268 2872 1431 2912 causa
1463 2855 1862 2919 fornicationis,
1896 2869 1993 2910 eas
2021 2853 2102 2910 di-

501 2951 720 3005 mittere
753 2965 863 3005 non
893 2949 1043 3005 licet.
1072 2949 1214 3018 Quid
1245 2950 1390 3006 enim
1426 2950 1470 3005 si
1499 2949 1797 3005 temulenta
1831 2948 2017 3015 fuerit,
2057 2948 2102 3002 si

499 3043 789 3112 iracunda,
823 3043 870 3100 si
895 3045 1051 3100 malis
1080 3043 1349 3111 moribus,
1384 3042 1428 3098 si
1471 3044 1779 3108 luxuriosa,
1810 3043 1855 3098 si
1885 3043 2098 3114 gulosa,

496 3139 541 3193 si
579 3153 738 3209 vaga,
779 3138 822 3192 si
869 3137 1164 3208 jurgatrix,
1208 3139 1253 3192 si
1291 3137 1587 3205 maledica,
1625 3136 1854 3193 tenenda
1894 3137 1999 3191 erit
2027 3136 2092 3193 is-

2213 1895 2629 1951 Considerandte
2659 1906 2783 1951 sunt
2814 1897 2984 1962 vires,
3031 1907 3089 1952 ut
3137 1899 3227 1970 qni
3261 1909 3436 1970 potest
3468 1915 3693 1971 capere,
3725 1917 3818 1958 ca-

2212 1989 2342 2058 piat.
2375 1988 2543 2056 Qnasi
2571 1987 2842 2045 hortantis
2864 2006 2967 2045 vox
2994 1991 3206 2047 Domini
3236 2003 3314 2047 est
3335 2035 3350 2060 ,
3380 2005 3435 2048 et
3463 1994 3660 2050 milites
3686 2010 3817 2050 suos

2210 2082 2276 2134 ad
2302 2080 2578 2151 pudicitiae
2603 2084 2890 2154 prmmium
2916 2086 3266 2140 concitantis.
3296 2086 3399 2153 Qui
3425 2097 3586 2158 potest
3608 2105 3812 2159 capere,

2211 2176 2420 2244 capiat;
2467 2177 2558 2246 qui
2615 2184 2797 2247 potest
2854 2192 3133 2248 pugnare,
3188 2188 3426 2249 pugnet,
3477 2190 3697 2250 superet
3751 2198 3817 2237 ac.

2211 2269 2526 2341 triumphet.

2281 2365 2460 2436 (Vers.
2496 2365 2584 2433 15,
2627 2365 2735 2436 11.)
2771 2365 2913 2420 Tunc
2942 2366 3099 2421 oblati
3128 2378 3247 2422 sunt
3276 2369 3324 2422 ei
3353 2367 3580 2439 parvuli,
3616 2378 3671 2422 ut
3702 2386 3814 2424 ma-

2209 2477 2307 2514 nus
2338 2461 2414 2513 eis
2457 2462 2740 2532 imponeret
2771 2471 2818 2515 et
2858 2471 3049 2517 oraret.
3085 2461 3344 2534 Discipuli
3371 2472 3543 2516 autem
3573 2463 3815 2532 increpa—

2207 2552 2333 2606 bant
2363 2569 2470 2609 eos.
2505 2553 2660 2609 Jesus
2691 2571 2806 2608 vero
2831 2555 2902 2608 ait
2929 2556 3019 2610 eis.
3057 2553 3174 2610 Non
3205 2571 3312 2627 quo
3345 2556 3550 2611 nollent
3577 2557 3656 2612 eis
3685 2557 3813 2612 Sal-

2207 2651 2411 2704 vatoris
2433 2659 2487 2704 et
2518 2665 2678 2703 manu
2726 2659 2780 2705 et
2816 2665 2954 2706 voce
2981 2650 3260 2716 benedici;
3309 2649 3404 2706 sed
3428 2667 3534 2721 quo
3573 2651 3809 2707 necdum

2209 2741 2477 2799 habentes
2508 2742 2879 2815 plenissimam
2911 2743 3097 2809 fidem,
3128 2752 3384 2814 putarent
3410 2759 3532 2798 eum
3571 2745 3624 2798 in
3654 2744 3813 2799 simi-

2208 2834 2492 2891 litudinem
2540 2835 2822 2890 hominum
2865 2835 3213 2892 offerentium
3255 2837 3668 2908 importunitate
3699 2837 3812 2892 las-

2210 2928 2340 2982 sari.

2280 3021 2461 3092 (Vers.
2502 3020 2615 3094 15.)
2648 3021 2820 3076 Sinite
2849 3021 3116 3093 parvulos,
3146 3034 3193 3076 et
3225 3023 3381 3077 nolite
3426 3024 3701 3092 prohibere
3725 3043 3814 3082 eos

2205 3117 2275 3168 ad
2299 3132 2376 3169 me
2394 3116 2597 3170 venire:
2621 3117 2801 3170 talium
2819 3125 2893 3171 est
2913 3117 3050 3171 enim
3072 3133 3288 3188 regnum
3309 3118 3575 3173 caelorum.
3603 3118 3670 3172 Et
3696 3137 3812 3173 cum

498 3202 797 3286 tinsniodi?
831 3202 1095 3286 volumus
1127 3202 1383 3286 nolumus
1415 3229 1524 3303 [ΑΙ.
1551 3202 1784 3285 nolimus
1817 3230 2095 3303 velimus],

2215 3209 2531 3274 imposuisset
2557 3209 2629 3263 eis
2658 3226 2868 3278 manus,
2908 3210 3036 3264 abiit
3060 3210 3197 3264 inde.
3235 3210 3614 3282 Significanter
3645 3213 3811 3280 dixit,

497 3323 824 3379 sustinenda
851 3332 955 3380 est.
983 3323 1122 3381 Cum
1146 3325 1293 3381 enim
1315 3340 1565 3380 essemus
1588 3324 1770 3391 liberi,
1797 3325 2103 3379 voluntarie

500 3432 601 3472 nos
653 3416 988 3486 subjecimus
1041 3416 1315 3472 servituti.
1365 3417 1628 3472 Viilentes
1685 3430 1816 3486 ergo
1869 3416 2101 3486 apostoli

495 3527 662 3582 grave
705 3526 938 3566 uxorum
965 3511 1181 3582 jugum,
1215 3510 1504 3581 proferunt
1539 3519 1748 3565 malum
1780 3509 1942 3563 animi
1990 3509 2097 3573 sui,

495 3612 552 3658 ct
576 3603 796 3659 dicunt:
829 3605 874 3658 si
905 3605 978 3658 ita
1007 3614 1082 3660 est
1111 3620 1269 3658 causa
1302 3605 1499 3658 homini
1527 3621 1644 3658 cum
1673 3619 1836 3658 uxore
1861 3619 1965 3657 non
2007 3619 2100 3656 ex-

501 3696 642 3766 pedit
672 3695 880 3752 nubere.

566 3788 751 3862 (Vers.
786 3789 900 3860 ll.)
947 3789 1051 3858 Qui
1093 3791 1226 3845 dixit
1276 3790 1382 3845 illis
1427 3807 1445 3844 :
1496 3789 1616 3845 Non
1669 3808 1844 3845 omnes
1890 3790 2102 3860 capiunt

494 3884 705 3940 verbum
732 3883 900 3951 istud,
939 3884 1030 3938 sed
1059 3884 1247 3955 quibus
1270 3884 1447 3938 datum
1485 3893 1576 3938 est.
1609 3882 1780 3938 Nemo
1822 3892 1973 3952 putet
2001 3882 2102 3936 sub

493 3977 599 4034 hoc
624 3979 817 4041 verbo,
851 3977 934 4034 vel
966 3977 1158 4049 fatum,
1185 3978 1270 4034 vel
1305 3976 1578 4032 fortunam
1609 3977 1919 4034 introduci:
1954 3976 2097 4047 quod

493 4076 546 4130 hi
598 4085 727 4130 sunt
757 4075 1023 4146 virgines,
1061 4073 1257 4144 quibus
1285 4090 1311 4126 a
1341 4074 1452 4130 Deo
1483 4073 1670 4128 datum
1718 4074 1806 4141 sit,
1841 4081 1932 4126 aut
1962 4086 2098 4143 quos

495 4169 716 4240 quidam
765 4169 832 4224 ad
887 4168 990 4224 hoc
1022 4185 1184 4224 casus
1217 4168 1526 4233 adduxerit,
1560 4168 1654 4224 sed
1689 4169 1774 4222 his
1803 4167 1988 4222 datum
2017 4175 2098 4221 est

493 4267 585 4335 qni
621 4267 915 4336 petierunt,
960 4266 1049 4337 qui
1078 4267 1393 4333 voluerunt,
1427 4267 1516 4337 qui
1549 4275 1608 4321 ut
1649 4265 1978 4337 acciperent,
2015 4265 2096 4319 la-

496 4361 857 4416 boraverunt.
891 4359 1052 4416 Omni
1080 4361 1222 4416 enim
1256 4362 1464 4432 petenti
1494 4361 1732 4424 dabitur,
1767 4371 1822 4416 et
1849 4374 2096 4430 qumrens

496 4451 767 4523 inveniet,
826 4463 881 4509 et
927 4453 1167 4525 pulsanti
1221 4453 1501 4525 aperietur
1551 4453 1763 4525 (Matth.
1815 4469 1910 4519 vn,
1964 4453 2016 4516 8,
2048 4463 2095 4506 et

495 4544 628 4602 Luc.
668 4563 744 4614 XI,
775 4546 888 4617 10).

566 4639 746 4710 (Vers.
784 4639 900 4711 12.)
927 4641 1062 4696 Sunt
1093 4641 1229 4696 enim
1257 4640 1500 4709 eunuchi,
1531 4641 1618 4712 qui
1648 4641 1711 4694 de
1734 4640 1915 4694 matris
1945 4648 2090 4693 utero

489 4735 567 4788 sic
599 4735 707 4787 nati
730 4743 891 4788 sunt:
921 4742 968 4788 et
992 4742 1115 4788 sunt
1146 4734 1389 4803 eunuchi,
1414 4735 1501 4804 qui
1522 4735 1647 4805 facti
1689 4743 1806 4787 sunt
1830 4732 1890 4785 ab
1921 4732 2090 4786 homi-

493 4827 643 4881 nibus
663 4843 680 4882 :
702 4837 748 4881 et
774 4839 893 4882 sunt
914 4828 1158 4896 eunuchi,
1188 4828 1483 4899 quiseipsos
1513 4837 1867 4882 castraverunt
1887 4836 2094 4899 propter

492 4938 713 4994 regnum
753 4922 1024 4978 caelorum.
1057 4923 1156 4991 Qui
1205 4933 1367 4992 potest
1399 4939 1601 4994 capere,
1637 4923 1830 4994 capiat.
1873 4923 2092 4992 Triplex

490 5034 666 5090 genus
698 5027 785 5077 est
814 5019 1188 5076 ennuchorum
1217 5035 1230 5072 :
1263 5018 1494 5075 duorum
1525 5018 1853 5084 carnalium,
1876 5027 1929 5072 et
1950 5017 2095 5073 tertii

491 5113 812 5184 spiritualis.
846 5115 952 5170 Alii
978 5114 1223 5183 suntqui
1256 5113 1325 5170 de
1357 5113 1546 5168 matris
1566 5123 1724 5168 utero
1753 5113 1832 5167 sic
1865 5127 2095 5166 nascun-

495 5215 610 5262 tur.
651 5205 806 5280 147
836 5207 941 5262 Alii
966 5222 1105 5278 quos
1138 5206 1219 5264 vel
1263 5205 1553 5275 captivitas
1585 5205 1735 5272 facit,
1765 5204 1852 5260 vel
1883 5205 2093 5261 deliciae

491 5301 842 5356 matronales.
899 5299 1073 5356 Tertii
1133 5300 1396 5370 suntqui
1453 5298 1664 5368 seipsos
1715 5307 2094 5355 castraverunt

561 5451 586 5480 ει
629 5442 685 5497 ln
720 5457 829 5498 uno
861 5442 1127 5508 Palatino,
1159 5439 1386 5496 secundo
1417 5455 1518 5494 non
1564 5439 1752 5493 nubere
1791 5439 2095 5510 prtecipitur

490 5517 624 5582 viro,
650 5525 928 5580 corrupte.

562 5581 880 5658 biOrigenis
930 5589 1046 5640 hzec.
1089 5593 1171 5658 est
1197 5582 1466 5658 expositio
1503 5599 1514 5635 :
1565 5581 1804 5637 Eunuchi
1838 5583 2032 5653 tropice
2057 5583 2096 5658 ii

489 5660 594 5714 dici
615 5655 829 5730 queunt,
853 5661 942 5728 qui
965 5657 1141 5729 frigidi
1158 5667 1277 5710 sunt
1307 5656 1359 5730 in
1380 5671 1611 5730 venerem
1639 5664 1682 5708 et
1706 5670 1908 5730 segnes,
1929 5664 1982 5730 _et
2005 5655 2098 5730 qui

489 5748 544 5785 se
572 5725 638 5785 in"
671 5725 910 5784 venereas
943 5725 1182 5785 libidines
1215 5737 1264 5782 et
1310 5727 1644 5781 obscenitates
1663 5768 1676 5791 ,
1706 5727 1868 5794 iisque
1897 5725 2093 5778 similia

492 5820 593 5856 non
622 5802 916 5869 effundunt.
955 5803 1018 5856 Et
1046 5818 1169 5857 mox
1196 5817 1210 5854 :
1239 5800 1466 5866 Quidam
1494 5815 1610 5853 vero
1635 5796 2092 5851 adhortationibus

488 5874 560 5932 ad
585 5875 661 5943 id,
693 5874 1004 5948 monitisque
1037 5872 1275 5939 adducti,
1305 5871 1671 5928 abstinentiam
1711 5887 1744 5925 a
1769 5870 2018 5939 venereis,
2048 5879 2094 5924 et

2119 4603 2171 4664 D

2208 3304 2423 3370 talium,
2477 3319 2586 3358 non
2640 3304 2853 3358 istorum
2887 3322 2905 3358 :
2957 3313 3014 3359 ut
3062 3305 3382 3361 ostenderet
3429 3322 3532 3360 non
3588 3317 3810 3363 tetatem

2208 3412 2438 3467 regnare
2467 3397 2562 3453 sed
2599 3414 2807 3462 mores;
2839 3408 2893 3455 et
2926 3399 3010 3454 his
3041 3401 3127 3470 qui
3162 3400 3395 3455 similem
3425 3401 3694 3459 haberent
3727 3404 3815 3459 in-

2206 3491 2514 3546 nocentiam
2568 3501 2622 3547 et
2670 3493 3101 3563 simplicitatem,
3146 3495 3426 3564 prteminm
3469 3497 3809 3564 repromitti.

2206 3583 2472 3654 Apostolo
2495 3599 2710 3656 quoque
2741 3585 2796 3639 in
2815 3585 3058 3642 eamdem
3077 3587 3408 3642 sententiam
3433 3599 3808 3658 congruente:

2206 3676 2422 3731 Fratres
2455 3678 2616 3733 nolite
2648 3679 2798 3748 pueri
2830 3679 2970 3750 efﬁci
2997 3679 3261 3744 sensibus,
3304 3680 3394 3734 sed
3437 3681 3642 3734 malitia
3682 3699 3811 3750 par-

2211 3771 2316 3824 vuli
2370 3780 2529 3825 estote
2563 3787 2581 3823 .°
2633 3788 2784 3826 sensu
2813 3783 2988 3826 autem
3043 3782 3098 3826 ut
3156 3774 3373 3843 perfecti
3421 3773 3533 3829 sitis
3587 3773 3630 3844 (Ι
3680 3773 3808 3832 Cor.

2206 3877 2312 3931 xtv,
2345 3863 2462 3934 ΞΟ).

2277 3957 2457 4028 (Vers.
2495 3958 2608 4028 16.)
2636 3957 2705 4012 Ει
2729 3976 2846 4014 ecce
2874 3977 3007 4015 unus
3027 3960 3275 4017 accedens
3303 3963 3375 4016 ait
3396 3961 3478 4016 illi
3503 3979 3521 4016 :
3553 3961 3815 4037 Magister

2203 4049 2354 4115 bone,
2402 4051 2526 4116 quid
2567 4050 2684 4105 boni
2719 4052 2961 4125 faciam“
2980 4064 3034 4106 ut
3066 4051 3283 4107 habeam
3328 4054 3482 4107 vitam
3520 4061 3814 4112 veternum?

2207 4145 2309 4212 Qui
2339 4145 2463 4200 dicit
2485 4146 2553 4200 ei.
2578 4144 2686 4200 Iste
2708 4146 2795 4216 qui
2827 4144 2984 4218 148
3006 4147 3307 4214 interrogat
3330 4148 3604 4219 quomodo
3637 4149 3808 4204 vitam

2201 4249 2574 4310 consequatur
2618 4249 2904 4305 aeternam,
2938 4249 2992 4295 et
3040 4241 3384 4307 adolescens,
3419 4250 3475 4297 et.
3520 4241 3674 4297 dives
3724 4254 3814 4298 est

2203 4332 2310 4405 [ΑΙ.
2342 4331 2504 4405 erat],
2554 4341 2608 4387 et
2659 4333 2960 4403 superbus;
3009 4340 3062 4387 et
3109 4332 3260 4401 juxta
3289 4334 3452 4387 alium
3497 4334 3813 4405 evangelis—

2203 4436 2342 4488 tam,
2397 4441 2504 4480 non
2535 4434 2662 4480 voto
2711 4425 3008 4494 discentis,
3063 4425 3157 4480 sed
3218 4426 3478 4482 tentantis
3508 4427 3815 4498 interrogat

2201 4517 2395 4590 (Marc.
2423 4519 2502 4586 x).

2273 4611 2458 4681 (Vere.
2495 4611 2606 4681 l7.)
2643 4612 2782 4680 Quid
2825 4629 2899 4665 me.
2948 4613 3243 4683 interrogas
3278 4612 3342 4668 de
3367 4613 3518 4667 bono.
3557 4612 3704 4669 Unus
3733 4627 3813 4670 cst

2198 4705 2359 4760 bonus
2386 4705 2542 4761 Deus.
2574 4705 2708 4775 Quia
2737 4705 2845 4777 [ΑΙ.
2880 4704 3006 4780 Qui]
3039 4706 3362 4777 magistrum
3392 4718 3683 4764 vocaverat
3714 4709 3816 4766 bo-

2201 4815 2352 4866 mnn,
2385 4809 2440 4854 et
2482 4815 2590 4854 non
2626 4799 2818 4866 Deum,
2848 4799 2933 4854 vel
2979 4799 3076 4855 Dei
3119 4799 3317 4855 Filium
3353 4801 3634 4857 confessus
3664 4815 3810 4869 erat,

2199 4890 2362 4947 discit
2391 4891 2636 4963 quamvis
2670 4900 2918 4946 sanctum
2949 4890 3227 4947 hominem
3259 4891 3667 4964 comparatione
3711 4893 3812 4949 Dei

2203 5010 2309 5048 non
2332 5009 2450 5048 esse
2471 4994 2694 5060 bonum,
2721 4991 2790 5048 de
2807 5008 2914 5063 quo
2934 4993 3135 5048 dicitur
3155 5010 3167 5046 :
3194 4991 3526 5062 Conﬁtemini
3549 4991 3811 5060 Domino,

2198 5097 2442 5166 quoniam
2470 5095 2630 5150 bonus
2656 5093 2774 5166 (Ps.
2809 5109 2972 5156 cxvn,
3002 5093 3076 5165 1).
3104 5092 3183 5149 Ne
3209 5094 3332 5163 quis
3360 5104 3540 5149 autem
3567 5103 3722 5164 putet
3757 5095 3811 5150 in

2201 5215 2266 5253 eo
2296 5197 2438 5268 quod
2471 5196 2646 5252 bonus
2687 5195 2829 5249 Deus
2857 5194 3076 5258 dicitur,
3111 5191 3326 5249 excludi
3359 5207 3388 5246 a
3437 5193 3686 5249 bonitate
3719 5194 3813 5249 Fi-

2202 5300 2329 5354 lium
2377 5297 2497 5364 Dei,
2539 5297 2774 5369 legimus
2800 5295 2854 5352 in
2886 5296 2994 5351 alio
3024 5295 3153 5351 loco
3188 5313 3202 5350 :
3242 5294 3434 5351 Pastor
3459 5297 3619 5352 bonus
3663 5301 3816 5368 ponit

2203 5438 2344 5491 omni
2374 5437 2513 5489 circa
2536 5435 2807 5488 muliebria
2829 5435 2942 5489 loca
2969 5434 3186 5489 lascivia
3207 5444 3472 5489 exercent:
3505 5450 3608 5489 non
3633 5445 3812 5491 tamen

2202 5507 2458 5580 ejusmodi
2489 5507 2740 5579 prOpositi
2766 5516 2812 5560 et
2841 5506 3023 5580 studii,
3054 5515 3102 5558 et
3141 5506 3293 5580 laude
3311 5507 3490 5580 digni,
3512 5516 3579 5580 fut
3621 5507 3699 5580 ita
3727 5509 3813 5560 di—

2202 5577 2333 5643 cam,
2369 5577 2594 5645 affectus
2633 5579 2951 5650 suscipiendi
2992 5578 3265 5650 auctoriis
3295 5577 3394 5648 fuit
3424 5577 3522 5631 Dei
3569 5577 3809 5645 verbum,

2200 5653 2288 5706 sed
2317 5650 2609 5718 hominum,
2639 5651 2744 5704 sive
2769 5646 2855 5719 qui
2883 5649 3022 5720 apud
3047 5646 3260 5719 gentiles
3283 5646 3634 5718 philosophia:
3656 5653 3811 5704 incu-

2202 5724 2439 5785 buerunt,
2467 5723 2571 5777 sive
2594 5720 2996 5792 prohibentium
3031 5722 3259 5789 nubere,
3278 5721 3555 5778 abstinere
3585 5739 3610 5774 a
3639 5721 3811 5789 cibis,

2199 5793 2558 5850 licerelicorum
2587 5810 2868 5849 sermones.
