4004 6332
228 315 311 371 157
655 301 1310 362 COMMENTARIORUM
1348 301 1414 359 IN
1459 301 1914 361 EVANGELIUM
1954 300 2292 360 ΜΑΎΊἨᾹΞΙ
2332 300 2457 358 LIB.
2507 302 2596 361 ΙΙΙ.
2639 304 2796 361 CAP.
2843 306 2985 363 XIX.

3365 313 3467 368 158

222 430 416 485 animm
438 442 575 482 suam
616 442 712 497 pro
758 426 934 479 ovibus
978 425 1085 478 suis
1113 423 1294 493 (Ioan.
1326 425 1403 493 tt).
1441 423 1505 478 Et
1547 422 1597 475 in
1632 422 1767 476 Pro—
1793 426 1848 486 Α
1872 420 2145 477 intrarunt
2170 421 2224 476 in
2255 436 2482 491 regnum
2516 423 2778 479 cmiorum
2810 424 3023 488 (Cenes.
3059 440 3152 480 xm
3180 434 3235 480 et
3256 432 3467 498 xxsvr),

222 519 376 593 pheta,
425 517 673 588 Spiritum
717 516 916 572 bonum
970 523 1282 583 terramque
1334 515 1554 571 butum.
1606 513 1769 585 Igitur

221 621 266 670 et
287 612 508 667 Salvator
543 624 647 665 non
694 608 958 664 bonitatis
990 607 1362 663 testimonium
1407 604 1608 662 renuit.
1661 606 1768 662 Sed

220 704 423 775 magistri
452 702 654 775 absque
682 703 794 758 Deo
821 702 1065 759 exclusit
1093 718 1362 759 errorem.

272 796 425 870 (Vers.
459 797 544 862 18,
572 794 688 866 19.)
713 794 777 852 Si
796 804 967 850 autem
998 796 1074 850 vis
1093 796 1163 850 ad
1192 796 1350 849 vitam
1372 794 1598 866 ingredi,
1622 810 1768 848 serua

216 888 440 943 mandata.
471 885 608 942 Dicit
637 886 762 942 illi:
797 885 929 954 Qui:
964 885 1169 943 PIesus
1211 898 1383 942 autem
1413 887 1550 941 dixit
1583 903 1603 941 :
1647 885 1771 941 Non

212 982 508 1039 homicidium
541 980 721 1050 facies.
756 980 1245 1036 Nonadulterabis.
1288 980 1412 1036 Non
1455 981 1614 1051 facies
1655 984 1772 1052 {ur—

213 1083 318 1128 tutu.
362 1070 475 1126 Non
498 1070 687 1141 falsum
728 1072 1082 1127 testimonium
1108 1073 1269 1127 dices.
1304 1070 1525 1127 Honora
1569 1080 1770 1143 patrem

210 1176 328 1221 tuam
356 1177 403 1221 et
434 1176 645 1220 matrem
674 1182 695 1221 :
727 1175 775 1221 et
804 1166 988 1238 diliges
1020 1166 1316 1238 proximum
1353 1175 1498 1221 tuum
1526 1168 1660 1222 sicut
1693 1175 1771 1221 le-

210 1258 365 1329 ipsum.
387 1256 799 1314 Adolescentem
833 1258 993 1313 istum
1018 1265 1576 1324 tentatoremesse,et
1608 1274 1672 1313 ex
1703 1274 1771 1314 eo

206 1350 404 1422 probare
430 1365 738 1421 possumus,
762 1351 909 1419 quod
945 1351 1165 1408 dicente
1190 1352 1294 1407 sibi
1324 1351 1578 1420 Domino,
1612 1351 1673 1407 Si
1697 1352 1771 1405 ris

206 1445 261 1500 ad
276 1445 413 1499 vitam
443 1445 664 1517 ingredi,
689 1460 834 1500 serua
850 1445 1122 1512 mandata,
1150 1460 1365 1501 rursum
1393 1444 1772 1501 fraudulenter

207 1536 460 1608 interrogat
488 1552 611 1606 quae
631 1538 746 1593 sint
771 1537 862 1593 illa
896 1538 1185 1594 mandata:
1219 1539 1373 1609 quasi
1397 1550 1490 1595 aut
1520 1554 1628 1594 non
1654 1540 1772 1611 ipse

209 1630 396 1702 legerit,
426 1641 516 1686 aut
550 1631 811 1687 Dominus
833 1634 1005 1702 possit
1025 1633 1349 1703 Deojubere
1375 1634 1678 1689 contraria.

262 1724 422 1796 (Vers.
450 1724 577 1795 20.)
605 1724 742 1780 Dicit
772 1725 854 1780 illi
878 1725 1216 1782 adolescens:
1250 1725 1440 1781 Omnia
1460 1725 1568 1781 [nec
1592 1735 1769 1781 custo-

1873 523 1928 567 et
1961 512 2012 567 itt
2046 512 2340 583 Evangelio
2366 513 2654 569 Mattbmus
2684 525 2738 570 et
2766 516 3054 582 Zacbaeus,
3080 518 3284 573 divitiis
3312 521 3473 576 dere-

1873 605 2038 673 lictis,
2083 605 2302 661 Domini
2341 606 2661 663 testimunio
2694 608 3103 680 pra'dtcanturi
3152 610 3259 666 Sed
3290 613 3473 668 consi-

1873 698 2193 769 derandum,
2229 701 2376 770 quod
2408 716 2475 757 eo
2499 710 2753 771 tempore
2781 720 2892 776 quo
2942 706 3305 772 intraverunt,
3337 707 3475 762 divi-

1874 801 1957 848 tes
2011 808 2131 848 esse
2158 793 2461 849 desierunt.
2517 796 2748 852 Tamdiu
2802 814 2934 869 ergo
2984 815 3092 854 non
3150 799 3471 871 intrabunt,

1872 883 2131 955 quamdiu
2161 885 2365 941 divites
2415 886 2635 942 fuerint.
2668 888 2737 943 Et
2769 899 2947 945 tamen
3004 891 3128 961 quia
3180 890 3477 949 difficulter

1870 977 2073 1033 divitia:
2127 988 2578 1047 contemnuntur,
2628 995 2737 1035 non
2789 981 2972 1036 dixit:
3009 981 3356 1053 impossibile
3385 994 3476 1040 est

1874 1071 2073 1127 divites
2129 1072 2338 1127 intrare
2396 1073 2452 1128 in
2505 1090 2730 1144 rt'guunt
2772 1076 3059 1139 castorum,
3100 1078 3197 1133 sed
3227 1078 3472 1136 difticile.

1878 1164 1979 1220 Ubi
2009 1165 2231 1221 difficile
2265 1166 2505 1236 ponitur,
2556 1184 2670 1223 non
2724 1168 3143 1240 impossibilitas
3175 1174 3473 1242 praetendi-

1878 1266 1998 1321 tur;
2032 1258 2129 1313 sed
2159 1258 2357 1313 raritas
2380 1258 2816 1315 demonstratur.

1949 1351 2130 1424 (Vers.
2163 1352 2232 1407 24
2263 1352 2444 1422 seqq.)
2476 1350 2546 1406 Et
2599 1356 2785 1408 iterum
2840 1355 2956 1409 dico
3000 1356 3182 1410 t'obis:
3232 1355 3468 1415 Facilius

1875 1452 1952 1499 est
1985 1444 2240 1498 cautelam
2291 1460 2381 1513 per
2404 1444 2636 1514 foramen
2663 1462 2790 1500 acus
2822 1447 3062 1513 transire,
3085 1464 3240 1519 quant
3264 1449 3475 1504 divitem

1874 1535 2074 1591 intrare
2100 1537 2153 1590 in
2185 1552 2400 1607 regnum
2434 1538 2703 1592 caelorum.
2738 1538 2948 1593 Auditis
2970 1550 3144 1594 autem
3167 1541 3280 1605 his,
3313 1542 3474 1596 disci-

1877 1629 1991 1700 puli
2021 1628 2345 1684 mirabantur
2397 1628 2569 1697 valde,
2626 1631 2856 1684 dicentes
2887 1650 2906 1685 :
2958 1633 3087 1701 Quis
3118 1650 3240 1705 ergo
3290 1636 3479 1705 poterit

1876 1725 2049 1777 salvus
2078 1725 2227 1777 esse?
2253 1723 2522 1795 Aspiciens
2548 1736 2723 1779 autem
2749 1722 2929 1793 Iesus,
2957 1726 3092 1781 dixit
3139 1727 3247 1781 illis
3276 1743 3293 1781 .'
3324 1728 3479 1795 Apud

206 1818 291 1872 diu
313 1828 336 1855 ι
364 1835 394 1872 a
406 1820 686 1890 jucentute
708 1836 843 1885 mea,
884 1820 1011 1889 quid
1037 1822 1208 1877 adhuc
1230 1821 1357 1875 mihi
1381 1821 1559 1876 deest?
1586 1821 1672 1875 Ait
1692 1820 1773 1876 illi
1803 1822 1851 1883 B
1878 1814 2108 1869 homines
2139 1813 2237 1869 hoc
2276 1815 2595 1884 impossibile
2622 1825 2719 1881 est.
2746 1817 2889 1885 apud
2912 1816 3081 1873 Deum
3110 1831 3285 1874 autem
3317 1820 3477 1894 15o

205 1909 351 1967 Iesus.
374 1910 639 1967 Mentitur
663 1912 1006 1970 adolescens.
1040 1914 1099 1970 Si
1139 1913 1282 1970 enim
1310 1913 1415 1969 hoc
1451 1914 1598 1985 quod
1631 1912 1776 1982 posi-

207 2011 297 2059 tum
331 2014 409 2060 est
451 2004 505 2060 in
537 2006 813 2061 mandatis
847 2024 859 2060 :
896 2006 1097 2078 Diliges
1129 2008 1426 2078 proximum
1452 2016 1603 2062 tuum
1642 2009 1773 2062 sicut

208 2098 413 2169 teipsum,
444 2114 617 2169 opere
642 2099 997 2170 complesset,
1022 2102 1297 2172 quomodo
1312 2110 1497 2170 postea
1516 2101 1771 2157 audiens:

213 2189 351 2257 Vade,
388 2202 433 2247 et
462 2196 628 2248 vende
670 2209 783 2259 quin
813 2193 989 2256 habes,
1020 2204 1069 2248 et
1109 2195 1177 2248 da
1224 2195 1560 2267 pauperibus,
1608 2193 1776 2249 ll'iStiS

203 2286 416 2352 recessit,
440 2285 568 2356 quia
611 2285 849 2341 habebat
880 2287 1257 2356 possessiones
1289 2287 1524 2344 multas?

260 2375 420 2448 (Vers.
442 2376 563 2447 21.)
613 2378 675 2433 Si
700 2378 774 2431 vis
803 2379 1063 2451 perfectus
1098 2395 1234 2444 esse,
1264 2378 1415 2443 vade,
1443 2378 1606 2434 vende
1648 2395 1764 2449 quae

203 2467 352 2539 babes,
381 2482 424 2524 et
452 2471 521 2525 da
540 2471 889 2545 pauperibus,
915 2483 965 2527 et
989 2472 1201 2527 habebis
1225 2471 1527 2528 thesaurum
1547 2475 1602 2529 in
1622 2473 1772 2543 coelo,

203 2574 240 2617 et
256 2565 378 2631 cesi,
401 2582 618 2635 sequere
629 2582 732 2623 me.
760 2566 818 2622 In
841 2575 1117 2637 potestate
1140 2577 1325 2624 nostra
1339 2578 1445 2631 est,
1476 2578 1654 2625 utrum
1682 2584 1777 2625 ve-

201 2654 334 2712 limus
352 2673 471 2715 esse
498 2659 756 2730 perfecti.
779 2660 989 2716 Tamen
1011 2661 1341 2733 quicumque
1363 2662 1636 2734 perfectus
1655 2678 1777 2721 esse

200 2734 614 2815 voluerit,'debet
642 2751 880 2808 vendere
909 2768 1031 2824 quae
1062 2753 1223 2810 habet
1255 2771 1270 2805 :
1302 2764 1358 2809 et
1388 2770 1496 2810 non
1526 2770 1591 2811 ex
1622 2765 1779 2825 parte

201 2842 428 2909 vendere,
458 2844 611 2899 sicut
639 2844 885 2900 Anauias
931 2846 1055 2901 fecit
1084 2856 1140 2901 et
1184 2846 1470 2918 Sappbyra
1514 2847 1655 2920 (Act.
1687 2846 1773 2919 v);

199 2934 278 2989 sed
307 2946 468 2991 totum
504 2937 757 2993 vendere
793 2954 808 2991 :
839 2946 894 2992 et
921 2952 1043 2993 cum
1074 2938 1408 3007 vendiderit,
1454 2954 1620 2996 omne
1647 2940 1779 2996 dare

198 3026 516 3097 pauperibus,
544 3038 605 3084 et
632 3027 715 3084 sic
735 3026 840 3084 sibi
863 3045 1173 3101 praeparare
1196 3030 1510 3089 thesaurum
1535 3032 1589 3087 in
1610 3047 1777 3103 regno

200 3120 449 3175 calorum.
485 3120 658 3195 ιω
685 3120 714 3160 ι)
758 3122 823 3177 Et
846 3122 951 3179 hoc
981 3123 1048 3178 ad
1073 3124 1464 3193 perfectionem
1496 3141 1601 3180 nou
1625 3124 1778 3181 suffi-

1877 1909 2056 1962 omnia
2103 1908 2375 1981 possibilia
2433 1919 2573 1963 sunt.
2634 1909 2749 1965 Hoc
2796 1912 2945 1965 dicto
3003 1913 3314 1968 ostenditur
3368 1931 3480 1972 non

1881 2011 1903 2040 ο
1923 2000 2144 2056 difficile
2159 2015 2306 2068 esse,
2337 2001 2811 2072 sedimpossibile.
2846 2004 2902 2061 Si
2918 2006 3062 2060 enim
3086 2010 3362 2076 quomodo
3391 2025 3484 2064 ca-

1878 2094 2051 2151 melus
2081 2111 2187 2150 non
2224 2103 2400 2165 potest
2432 2097 2640 2151 intrare
2671 2113 2767 2166 per
2799 2097 3045 2153 foramen
3087 2114 3239 2167 acus,
3272 2104 3353 2157 sic
3402 2103 3486 2158 di-

1877 2203 1971 2244 ves
1997 2189 2202 2243 intrare
2234 2202 2341 2244 non
2370 2197 2551 2260 potest
2581 2190 2633 2243 in
2665 2206 2834 2262 regna
2858 2194 3155 2261 cmlurum,
3185 2196 3369 2250 nullus
3399 2197 3484 2255 di-

1876 2280 2048 2335 vitum
2078 2280 2272 2335 salvus
2299 2281 2423 2336 erit.
2457 2281 2569 2337 Sed
2594 2282 2640 2336 si
2674 2283 2916 2350 legamus
2948 2284 3167 2349 Isaiam,
3198 2289 3474 2357 quomodo

1877 2372 2071 2427 cameli
2123 2372 2336 2426 Madian
2385 2381 2440 2428 et
2473 2372 2626 2443 Epha
2656 2375 2873 2430 veniant
2904 2375 3213 2434 Jerusalem
3239 2397 3360 2435 cum
3383 2382 3484 2436 do-

1878 2464 1966 2518 nis
1996 2473 2161 2533 atque
2194 2464 2515 2520 muneribus
2564 2465 2702 2534 (lsa.
2756 2467 2846 2539 ιι)
2880 2486 2892 2520 :
2924 2478 2981 2523 et
3025 2471 3117 2539 qui
3150 2474 3299 2541 prius
3326 2476 3483 2531 curvi

1878 2567 2062 2625 erant,
2110 2566 2168 2613 et
2201 2559 2463 2614 vitiorum
2511 2563 2779 2629 pravitate
2828 2562 3073 2628 distorti,
3109 2566 3487 2634 ingrediantur

1879 2662 2065 2722 portas
2089 2651 2419 2717 Jerusalem,
2448 2653 2754 2709 videbimus
2770 2656 3045 2723 quomodo
3076 2666 3131 2710 ct
3153 2660 3238 2712 isti
3261 2662 3480 2728 cameli,

1877 2745 2075 2817 quibus
2106 2744 2307 2801 divites
2348 2755 2755 2816 comparantur,
2799 2764 2920 2802 cum
2971 2749 3328 2818 deposuerint
3355 2769 3480 2825 gra-

1878 2854 1997 2894 vem
2028 2838 2298 2895 sarcinam
2333 2850 2709 2909 peccatorum,
2740 2852 2794 2896 et
2828 2843 2991 2898 totius
3022 2847 3269 2914 corporis
3298 2851 3479 2917 pravi-

1880 2939 2071 3002 tatem,
2104 2931 2312 2988 iutrare
2356 2933 2567 3001 possint
2591 2948 2685 3003 per
2719 2944 3004 3004 angustam
3039 2947 3275 3004 portam,
3308 2949 3363 2995 et
3392 2958 3481 2998 ar-

1879 3034 2020 3079 ctam
2056 3024 2224 3089 viam,
2250 3040 2369 3094 quae
2391 3022 2540 3079 ducit
2569 3024 2639 3079 ad
2666 3027 2833 3080 vitam
2864 3026 3068 3099 (Supra
3099 3032 3217 3083 vui.
3251 3029 3277 3067 ά
3306 3031 3480 3088 Inter-

1879 3117 2201 3189 rogantibus
2223 3125 2403 3172 autem
2435 3117 2743 3188 discipulis,
2772 3127 2826 3172 et
2870 3120 3270 3177 admirantibus
3300 3136 3478 3183 auste-

201 3211 275 3277 cit,
320 3213 415 3268 nisi
467 3224 601 3284 post
652 3221 994 3285 coutemptas
1037 3216 1256 3273 divitias
1298 3217 1641 3275 Salvatorem
1690 3233 1778 3274 se-
1805 3211 1853 3275 C
1883 3213 2098 3269 ritatem
2128 3212 2283 3277 dicti,
2307 3212 2437 3280 Quis
2457 3228 2578 3284 ergo
2605 3214 2781 3269 saluus
2803 3214 2931 3279 lict?
2949 3214 3239 3271 clementia
3272 3234 3368 3272 sua
3392 3234 3477 3276 se-

198 3314 390 3373 quatur,
432 3306 486 3360 id
526 3315 646 3371 est,
678 3306 893 3362 relictis
933 3308 1110 3377 malis,
1148 3309 1308 3365 faciat
1334 3309 1502 3367 bona.
1537 3310 1770 3366 Facilius

200 3398 318 3452 enim
360 3399 617 3455 sacculus
670 3399 1061 3466 contemnitur,
1095 3417 1259 3473 quam
1302 3404 1570 3474 voluptas.
1620 3403 1771 3460 Multi

197 3489 381 3547 divitias
420 3494 833 3564 relinquentes,
851 3493 1138 3551 Dominum
1168 3512 1275 3550 non
1307 3506 1629 3567 sequuntur.
1669 3499 1770 3553 Se-

197 3584 349 3651 quitur
387 3593 576 3641 autem
638 3586 951 3648 Dominum,
982 3588 1072 3657 qui
1120 3586 1366 3644 imitator
1419 3589 1538 3659 ejus
1584 3599 1685 3657 est,
1719 3597 1774 3645 et

196 3689 275 3743 per
321 3677 540 3748 vestigia
598 3677 751 3733 illius
799 3676 1067 3749 graditur.
1121 3680 1224 3747 Qui
1265 3681 1405 3735 enim
1451 3681 1580 3735 dicit
1626 3699 1681 3736 se
1718 3683 1773 3736 in

198 3762 371 3822 Christo
383 3770 620 3835 credere,
655 3768 800 3823 debet
828 3772 1083 3840 quomodo
1112 3770 1202 3826 ille
1243 3771 1547 3841 ambulavit,
1578 3784 1627 3827 et
1665 3774 1774 3845 ipse

196 3859 429 3915 ambulare
457 3860 691 3935 (lIoan.
721 3877 782 3925 tt,
809 3860 883 3933 6).
1064 3850 1067 3853 Ἴ

250 3951 414 4020 (Vers.
447 3952 575 4022 22.)
604 3952 751 4008 Abiit
776 3954 960 4023 tristis,
1007 3966 1119 4011 erat
1170 3958 1306 4011 enim
1355 3958 1547 4013 habens
1576 3960 1771 4018 multas

192 4048 528 4112 possessiones.
551 4046 689 4101 Hac
715 4056 800 4102 est
831 4048 1062 4104 tristitia
1099 4066 1221 4121 qua:
1248 4050 1399 4107 ducit
1420 4052 1486 4107 ad
1514 4063 1770 4111 mortem.

194 4134 449 4210 Causaque
479 4140 740 4195 tristitia:
786 4140 1053 4207 redditur,
1085 4143 1234 4212 quod
1276 4144 1535 4201 habuerit
1572 4147 1773 4204 multas

191 4233 561 4302 possessiones,
592 4231 653 4287 id
683 4241 799 4297 est,
828 4234 1015 4303 spinas
1041 4245 1095 4291 et
1120 4234 1376 4303 tributus,
1407 4252 1527 4307 qua:
1556 4252 1775 4295 semen-

193 4328 285 4377 tem
308 4323 652 4381 Dominicam
685 4324 1095 4382 suffocaveriut.

248 4414 420 4486 (νοτε.
437 4415 566 4489 25.)
594 4415 756 4473 Iesus
772 4427 946 4473 autem
967 4418 1104 4474 dixit
1125 4420 1402 4487 discipulis
1427 4424 1537 4476 suis
1561 4439 1580 4477 .'
1611 4423 1773 4478 Amen

190 4508 288 4561 dico
321 4510 478 4576 vobis,
526 4510 665 4583 quia
690 4508 833 4565 dices
858 4510 1076 4583 difﬁcile
1104 4513 1319 4568 intrabit
1341 4518 1394 4569 in
1434 4531 1591 4588 regno
1619 4516 1774 4572 caelo—

1878 3307 2162 3362 veritatent
2204 3307 2489 3361 sententia:
2541 3306 2897 3373 temperavit,
2921 3307 3149 3362 dicens:
3184 3310 3314 3377 Qua:
3336 3314 3483 3383 apud

1879 3399 2111 3453 homines
2137 3397 2504 3463 impossibilia,
2536 3398 2677 3469 apud
2705 3395 2874 3451 Deum
2900 3398 3171 3469 possibilia
3201 3411 3342 3457 sunt.

1948 3491 2131 3562 (Vers.
2160 3489 2281 3561 27.)
2311 3488 2460 3544 Tunc
2486 3490 2809 3559 respondens
2830 3489 3036 3555 Petrus,
3065 3491 3197 3546 dixit
3230 3495 3276 3547 ei
3300 3511 3318 3549 :
3347 3494 3479 3551 Ecce

1877 3602 1969 3641 nos
1992 3585 2294 3653 reliquimus
2322 3586 2519 3649 omnia,
2564 3592 2611 3637 et
2634 3583 2796 3637 secuti
2827 3600 3005 3638 sumus
3044 3596 3093 3639 te
3114 3602 3133 3639 .'
3181 3585 3322 3653 Quid
3356 3605 3479 3657 ergo

1878 3678 1974 3731 erit
2003 3675 2193 3731 nobis?
2220 3667 2477 3732 Grandis
2510 3674 2710 3730 fiducia
2746 3694 2759 3728 :
2804 3676 3001 3731 Petrus
3043 3678 3283 3746 piscator
3332 3693 3478 3748 erat,

1876 3771 2036 3827 dives
2068 3786 2173 3825 non
2197 3770 2397 3839 fuerat,
2430 3768 2584 3825 cibos
2618 3785 2778 3823 manu
2828 3779 2881 3824 et
2904 3780 3024 3825 arte
3064 3772 3344 3840 quaerebat
3380 3791 3392 3827 :
3424 3787 3480 3830 et

1880 3875 2060 3921 tamen
2112 3863 2357 3933 loquitur
2409 3861 2771 3927 conﬁdenter,
2819 3861 3145 3934 Reliquimus
3177 3865 3370 3918 omnia.
3406 3865 3476 3920 Et

1876 3959 2005 4031 quia
2050 3974 2159 4014 non
2217 3960 2418 4013 sufficit
2467 3967 2681 4012 tantum
2734 3956 3063 4025 relinquere,
3106 3957 3285 4030 jungit
3329 3964 3474 4031 quml

1878 4053 2174 4123 perfectum
2200 4061 2283 4107 est
2308 4069 2321 4105 :
2357 4060 2403 4105 et
2432 4051 2591 4106 secuti
2616 4067 2796 4105 sumus
2816 4061 2883 4103 te.
2910 4049 3163 4106 Fecimus
3187 4053 3330 4122 quod
3363 4056 3477 4122 jus-

1876 4146 2021 4207 sisti,
2050 4144 2182 4215 quid
2215 4144 2380 4213 igitur
2407 4142 2568 4197 nobis
2597 4142 2755 4197 dabis
2779 4140 3026 4210 [ιι-ιιιωίίῖ

1958 4237 2136 4310 (Vers.
2167 4237 2284 4306 ΞΒ.)
2315 4234 2468 4290 Iesus
2490 4244 2665 4289 autem
2686 4234 2818 4288 dixit
2848 4234 2956 4288 illis
2988 4249 3007 4289 :
3039 4234 3200 4288 Amen
3234 4238 3352 4291 dico
3382 4256 3470 4294 vo-

1877 4332 1975 4396 bis,
2007 4332 2144 4403 quod
2168 4346 2255 4385 vos
2276 4330 2365 4399 qui
2393 4328 2555 4383 secuti
2584 4328 2709 4382 estis
2735 4343 2815 4380 me
2843 4327 2895 4381 in
2922 4331 3328 4398 regeneratione,
3354 4350 3473 4388 cum

1877 4422 2073 4478 sederit
2096 4420 2267 4476 Filius
2293 4418 2518 4473 hominis
2542 4420 2595 4472 in
2617 4418 2736 4472 sede
2758 4418 3046 4489 majestatis
3073 4436 3205 4485 sure,
3234 4423 3476 4479 sedebitis

1876 4528 1925 4590 et
1952 4533 2039 4571 vos
2066 4530 2224 4584 super
2244 4513 2389 4567 sedes
2412 4510 2684 4565 duodecim
2705 4551 2721 4577 ,
2741 4510 3041 4579 judicantes
3076 4512 3347 4568 duodecim
3379 4520 3472 4571 tri-

187 4614 301 4655 rurn.
333 4599 395 4656 Et
419 4600 709 4673 quomodo
736 4599 1049 4671 Abraham,
1077 4604 1254 4674 Isaac,
1283 4615 1340 4663 et
1367 4605 1539 4662 Jacob
1570 4608 1771 4665 divites
1800 4601 1851 4662 D
1877 4609 1967 4664 bus
1998 4605 2188 4663 Israel.
2230 4604 2352 4661 Non
2399 4603 2575 4658 dixit:
2607 4601 2702 4672 qui
2754 4602 3052 4671 reliquistis
3108 4606 3310 4669 omnia,
3364 4605 3466 4663 hoc

189 4825 216 4881 ά
247 4764 271 4793 ⁸
300 4755 471 4813 Verba
503 4774 540 4812 a
580 4762 862 4831 juventute
893 4774 1025 4828 mea,
1072 4759 1125 4815 in
1160 4759 1392 4816 l’alatin.
1432 4760 1594 4817 codd.
1626 4762 1771 4819 desi-

218 4841 450 4881 arantur.

218 4841 450 4883 ersntur.

244 4897 270 4937 ¹³
306 4899 419 4955 Duo
441 4899 687 4955 Palatini
717 4915 879 4969 mss.,
910 4899 1022 4954 Nec
1043 4902 1140 4955 hoc
1169 4902 1242 4955 ad
1263 4903 1631 4974 perfectionem
1661 4911 1771 4977 suf-

244 4968 308 5027 ir:
335 4986 577 5027 moxuue
608 4986 826 5027 omnes.
856 4973 1114 5027 voluntas.
1141 4987 1238 5027 nro
1262 4975 1523 5027 uoluntas.

184 4967 308 5036 ﬁcii;
335 4986 577 5039 moxque
608 4986 826 5040 omnes,
856 4967 1114 5040 uoluntas,
1141 4987 1238 5042 pro
1262 4967 1523 5041 uoluptas.
1728 4967 1738 4977 ’

248 5052 268 5076 ε
302 5041 501 5097 Parum
545 5041 764 5106 abfuit,
796 5046 928 5113 quin
951 5044 1200 5099 codicum
1234 5055 1548 5100 nostrorum
1578 5047 1769 5103 lectio-

184 5124 312 5176 nem,
339 5129 505 5183 quam
535 5124 599 5170 et.
631 5113 861 5170 inferior
890 5123 1180 5171 contextus
1219 5131 1470 5173 asserere
1512 5117 1660 5173 visus
1689 5129 1771 5174 ut-

183 5195 526 5258 cumqueest,
555 5185 971 5258 prml‘erremus,
1000 5189 1291 5242 ostenditur
1322 5205 1423 5243 non
1449 5190 1768 5258 impossibile

184 5267 291 5319 esse,
314 5257 416 5328 sed
434 5255 689 5328 difficile.
724 5256 923 5312 Notum
968 5273 1102 5314 vero
1139 5258 1269 5313 illud
1294 5268 1410 5323 est,
1455 5255 1722 5317 earnelum
1746 5305 1761 5328 ,

181 5337 321 5394 quem
363 5326 456 5383 hic
496 5326 900 5399 Hieronymus,
932 5330 1266 5385 vetustiores
1292 5346 1351 5385 se
1380 5331 1570 5387 Patres
1607 5326 1764 5389 seen?

186 5405 288 5475 tus,
311 5399 592 5475 pecudem
626 5399 880 5475 intelligit
905 5442 919 5463 ,
955 5400 1245 5475 plerosque
1267 5443 1282 5467 ,
1320 5403 1555 5475 maxime
1578 5418 1768 5461 recen-

185 5471 354 5543 t_i9res,
415 5471 632 5543 iuueni
681 5471 957 5543 nauticum
1007 5474 1339 5541 grossiorem
1390 5474 1762 5543 interpretari.

184 5536 525 5596 Observatum
583 5541 637 5594 id
686 5536 1101 5613 Tbeupltytactu
1147 5546 1197 5598 in
1245 5543 1387 5599 hunc
1416 5536 1651 5601 Matt-bini
1681 5548 1763 5602 Io-

183 5623 292 5664 cum
323 5629 337 5665 :
362 5613 607 5679 Quidam
633 5612 889 5667 cautelam
916 5612 1018 5668 non
1047 5614 1241 5670 animal
1268 5615 1470 5684 dicunt,
1504 5618 1594 5671 sed
1621 5634 1766 5673 cras—

184 5695 286 5759 sum
311 5687 488 5755 funem
507 5726 523 5747 ,
558 5700 663 5754 quo
692 5694 925 5759 utuntur,
949 5694 1122 5759 nauta:
1159 5687 1227 5739 ad
1271 5687 1625 5759 projiciendas
1650 5707 1765 5759 ,αη-

182 5749 593 5830 chortis._._btque
625 5771 816 5830 ipsum
839 5757 1059 5823 quidem
1088 5749 1378 5830 Syriacum
1424 5775 1623 5816 nomen

183 5837 278 5893 quo
303 5825 461 5883 facile
489 5840 628 5881 usus
649 5840 736 5882 Bal
756 5826 1030 5896 Christus,
1066 5825 1354 5902 utrumque
1382 5830 1654 5903 significat
1678 5850 1769 5890 ca-

487 5919 777 5982 Ps'raoc.
834 5919 1061 5985 XXVI.

1879 4763 2103 4825 ntelum,
2129 4767 2187 4815 et
2233 4756 2437 4829 grande
2460 4755 2743 4829 gibberum
2786 4755 3110 4829 auinial,__et
3137 4760 3467 4819 crassiorem

1877 4834 2057 4889 funem
2093 4854 2103 4887 :
2137 4826 2408 4897 docetque
2452 4826 2836 4895 Aristophanis
2882 4826 3237 4894 scholiastes,
3273 4831 3465 4892 διιωοθ

1874 4902 2135 4975 appellari
2170 4901 2381 4973 κάμιλον
2410 4900 2470 4975 τρ
2496 4902 2651 4971 παχὺ
2698 4902 2965 4968 σχοινίον;
3006 4900 3241 4975 denique
3268 4919 3330 4959 ex
3366 4922 3461 4961 ea-

1875 4970 2023 5037 dein.
2057 4985 2114 5029 ut
2146 4970 2385 5034 videtur,
2435 4970 2658 5041 Syriaca
2699 4985 2941 5041 orgtue,
2995 4979 3050 5025 et
3099 4972 3283 5029 ltaltce
3330 4977 3463 5032 dici-

1876 5058 1964 5103 tur
1995 5045 2251 5102 Gomena.
2281 5040 2536 5107 Accedit,
2570 5040 2714 5111 quod
2749 5043 2860 5109 ipsa
2896 5042 3145 5095 videatur
3179 5060 3463 5114 Compara-

1876 5121 1953 5175 tio
1984 5118 2226 5173 instituta
2268 5129 2389 5170 eum
2435 5115 2521 5177 iis,
2568 5128 2690 5177 quae
2719 5127 2819 5168 acu
2863 5115 3173 5180 insuttntur,
3219 5128 3344 5185 puta
3377 5121 3460 5174 l'u-

1873 5192 2069 5246 uiculis
2112 5185 2449 5243 tenuioribus
2493 5193 2548 5238 et
2587 5185 2713 5248 filis,
2766 5198 2870 5237 non
2912 5197 3035 5237 cum
3083 5186 3328 5241 altuurmi
3363 5189 3456 5244 lte-

1870 5263 1995 5323 stia,
2025 5276 2147 5331 qua:
2175 5259 2382 5331 nulloin
2403 5254 2582 5331 ferme
2611 5262 2678 5308 ad
2731 5265 3250 5331 aeaut-respectant
3270 5258 3455 5331 habet.

1941 5332 1968 5370 ἀ
2015 5324 2291 5386 vetustior
2322 5327 2600 5381 Palatinus
2630 5341 2758 5387 ms.,
2792 5324 3000 5378 Audtis
3029 5340 3199 5380 autem
3228 5328 3339 5393 his,
3371 5333 3454 5386 di-

1868 5404 2058 5477 scipuli
2079 5401 2404 5477 mirabantur
2429 5398 2595 5477 valde,
2625 5397 2851 5477 dicente!
2892 5414 2910 5450 ἔ
2944 5398 3075 5464 Qu“
3108 5414 3228 5477 ῗῖέΙθ
3257 5404 3453 5465 "merit

1868 5469 2043 5530 sal'ous
2066 5474 2218 5528 esse?
2243 5471 2528 5525 Clementia
2556 5469 2875 5542 severitatem
2902 5470 3452 5542 sententiintempem-

1872 5548 1959 5608 tit.
1992 5557 2099 5600 etc.
2128 5544 2247 5598 Duo
2286 5543 2379 5595 alii
2411 5551 2533 5611 post
2579 5540 2768 5604 verba,
2799 5541 2973 5593 salvus
3003 5540 3131 5609 ﬁet?
3176 5541 3248 5596 ita
3279 5540 3452 5598 conti-

1874 5628 2045 5673 nuant
2076 5635 2090 5669 :
2124 5616 2391 5687 Aspiciens
2438 5624 2611 5687 autem
2639 5611 3210 5687 iJesusucogitationes
3246 5629 3447 5687 eorum,

1875 5689 2008 5745 dixit
2036 5705 2051 5741 :
2076 5679 2228 5771 Apud
2252 5685 2481 5771 [contines
2509 5684 2603 5736 hoc
2631 5679 2978 5771 ititpossibile;
3001 5682 3141 5750 apud
3166 5679 3336 5765 Deum
3358 5679 3439 5741 aui

1875 5771 1977 5815 tem
2000 5753 2173 5814 omnia
2204 5756 2469 5827 possibilia
2495 5764 2634 5827 sunt.
2667 5753 2948 5827 Clementia
2995 5768 3090 5805 sua
3116 5756 3455 5827 ueritatem,

1875 5841 1981 5889 etc.
2016 5822 2340 5901 Utrumque,
2373 5836 2433 5882 ut
2476 5825 2711 5893 videtur,
2756 5838 2826 5880 ex
2872 5822 3190 5894 glossnturis
3223 5822 3458 5900 ingenio,

2983 5936 3022 5975 ί)
