4004 6332
522 290 628 349 159

1772 287 1833 344 6.
1876 286 2145 347 EUSEBII
2186 280 2568 345 HIERONYMI

3720 293 3820 353 ΝΟ

522 411 669 469 enim
691 416 749 466 et
773 417 802 447 ι
826 407 1018 466 Crates
1048 406 1181 464 fecit
1204 403 1586 478 philosophus,
1614 411 1675 459 et
1725 404 1884 459 multi
1916 404 2010 459 alii
2036 403 2122 459 di-
2145 409 2203 471 Α
2223 404 2507 461 dimiserat
2538 419 2553 458 :
2586 402 2750 472 Quasi
2779 400 2915 459 nihil
2946 400 3233 471 habentes,
3273 409 3320 458 et
3346 401 3522 459 astutia
3547 405 3821 478 possidea-

520 503 685 559 vitias
707 508 1186 572 contempserunt;
1210 497 1311 555 sed
1339 496 1431 569 qui
1447 495 1618 552 secuti
1645 495 1778 551 estis
1805 509 1931 551 me:
1961 496 2117 567 151

522 595 671 667 quod
720 593 942 665 proprie
967 592 1340 665 apostolorum
1368 598 1457 645 est
1486 597 1647 660 atque
1676 587 2035 645 credentium.
2058 587 2119 643 in

524 691 967 763 regeneratione,
1004 704 1130 746 cum
1180 686 1390 745 sederit
1426 686 1597 743 Filius
1631 685 1872 742 hominis
1898 686 1954 741 in
1988 684 2121 742 sede

521 783 827 855 maiestatis
852 796 989 850 suae,
1019 779 1235 853 quando
1254 778 1284 819 δ
1310 793 1381 836 es
1415 779 1649 835 mortuis
1667 777 1737 834 de
1765 778 2121 850 corruptione

520 883 815 947 resurgent
843 872 1173 943 incorrupti,
1203 868 1472 928 sedebitis
1496 879 1554 927 et
1580 883 1679 926 vos
1704 869 1762 926 in
1789 868 1944 926 soliis
1968 867 2117 939 judi-

521 967 794 1037 cantium,
847 966 1278 1023 condetnnantes
1332 964 1625 1023 duodecim
1672 964 1848 1021 tribus
1898 964 2114 1020 lsraei:

522 1063 650 1133 quia
676 1060 832 1116 vobis
857 1058 1231 1128 credentibus,
1259 1058 1338 1114 illi
1365 1057 1594 1115 credere
1619 1057 1937 1114 noluerunt.

598 1152 782 1224 (Vers.
815 1153 910 1221 29,
939 1153 1055 1224 50.)
1084 1150 1155 1206 Et
1178 1152 1351 1207 omnia
1379 1152 1469 1223 qui
1494 1152 1762 1222 reliquerit
1782 1151 2013 1218 domum,
2036 1149 2118 1205 rel

522 1250 735 1319 fratres,
760 1257 852 1302 aut
872 1263 1096 1315 sorores,
1122 1255 1212 1301 aut
1235 1256 1458 1318 patrem,
1485 1256 1575 1302 aut
1601 1256 1837 1312 matrem,
1865 1255 1957 1301 aut
1988 1261 2117 1301 uxo-

516 1356 650 1407 rem,
689 1349 777 1394 aut
820 1338 981 1408 ﬁlios,
1008 1347 1101 1393 aut
1121 1353 1274 1411 agros
1301 1347 1514 1409 propter
1560 1353 1747 1393 nomen
1766 1353 1960 1402 meum,
1995 1352 2116 1392 cen-

514 1434 719 1505 tuplum
750 1432 995 1502 accipiet,
1041 1440 1089 1485 et
1132 1433 1289 1485 vitam
1334 1442 1581 1487 aeternam
1614 1431 1914 1503 possidebit.
1953 1430 2117 1486 Multi

516 1537 694 1584 autem
714 1537 869 1583 erunt
899 1525 1056 1596 primi
1075 1525 1365 1591 novissimi,
1390 1533 1435 1580 et
1456 1526 1724 1581 novissimi
1739 1526 1913 1597 primi.
1934 1524 2115 1582 Locus

514 1621 625 1681 iste
652 1636 776 1679 cum
802 1620 899 1677 illa
930 1620 1204 1678 sententia
1228 1620 1499 1691 congruit,
1530 1618 1587 1675 in
1617 1634 1722 1691 qua
1753 1620 2001 1676 Salvator
2030 1619 2114 1675 lo-

517 1717 703 1789 quitur
735 1731 749 1769 :
783 1710 906 1769 Non
938 1713 1055 1769 veni
1084 1728 1264 1783 pacem
1288 1714 1489 1768 mittere
1508 1753 1522 1779 ,
1552 1713 1643 1767 sed
1681 1713 1935 1787 gladium.
1980 1712 2116 1769 Veni

2222 509 2296 556 tes
2326 497 2400 571 (ll
2423 498 2548 554 Cor.
2574 513 2649 565 vt,
2697 497 2810 569 10).

2288 589 2448 665 (Cap.
2479 590 2599 647 XX.
2632 620 2702 635 -—
2747 590 2905 648 Vers.
2942 592 2968 647 l
3025 590 3208 663 seqq.)
3250 590 3441 647 Simile
3480 601 3558 648 est
3596 609 3818 666 regnum

2220 690 2471 744 caelorum
2513 686 2714 742 homini
2757 686 3155 759 patrifamilias,
3183 687 3273 758 qui
3665 704 3817 744 triane

2220 784 2504 839 conducere
2532 783 2799 854 operarios
2826 782 2882 836 in
2905 782 3108 837 vineam
3131 797 3304 837 mm.
3336 779 3699 838 Contentione
3722 799 3816 839 au-

2221 888 2326 934 tem
2354 878 2494 950 facta
2523 892 2639 931 cum
2678 876 2935 947 operariis
2962 891 3028 931 ex
3050 875 3267 931 denario
3312 875 3527 944 diurno,
3559 876 3703 931 misit
3729 890 3814 931 eos

2218 971 2274 1026 in
2304 971 2507 1026 vineam
2530 985 2705 1025 suam.
2732 969 2804 1024 Et
2830 985 3069 1043 egressus
3090 971 3232 1024 circa
3262 969 3447 1023 horam
3475 968 3709 1037 tertiam,
3732 970 3815 1023 vi-

2220 1061 2298 1117 dit
2335 1063 2474 1118 alios
2514 1071 2710 1118 stantes
2732 1063 2791 1117 in
2812 1063 2929 1133 [ora
2968 1063 3163 1117 otiosas
3182 1102 3199 1131 ,
3232 1071 3282 1116 et
3308 1061 3447 1116 dixit
3470 1061 3584 1116 illis
3609 1076 3627 1114 :
3657 1059 3742 1116 Ite
3767 1070 3817 1115 et

2217 1173 2307 1212 vos
2332 1157 2388 1212 in
2419 1158 2622 1212 vineam
2671 1171 2860 1225 meam,
2906 1156 3119 1227 etquod
3147 1157 3353 1229 justum
3382 1157 3539 1227 fuerit
3570 1155 3705 1210 dabo
3730 1170 3820 1209 uo.

2218 1250 2315 1306 bis.
2339 1248 2364 1303 l
2371 1248 2432 1304 lli
2453 1259 2628 1305 autem
2648 1248 2908 1304 abierunt.
2937 1249 3094 1321 152
3116 1245 3317 1303 Iterum
3335 1255 3511 1302 autem
3530 1247 3659 1301 exiit
3680 1247 3817 1302 circa

2216 1351 2418 1397 sextam
2442 1349 2489 1395 et
2518 1356 2712 1395 nonam
2741 1339 2947 1408 horam,
2983 1350 3033 1396 et
3080 1341 3201 1412 fecit
3237 1338 3498 1395 similiter.
3526 1336 3683 1394 Circa
3711 1355 3816 1393 an-

2217 1433 2479 1489 decimam
2498 1449 2615 1488 vero
2636 1435 2763 1489 exiit
2781 1474 2795 1499 ,
2814 1443 2861 1488 et
2887 1434 3077 1488 invenit
3105 1432 3243 1487 alios
3264 1442 3484 1499 stantes,
3506 1442 3558 1487 et
3586 1432 3717 1486 dicit
3751 1432 3816 1485 il-

2215 1526 2282 1581 lis
2308 1542 2333 1582 ε
2364 1525 2505 1593 Quid
2530 1525 2620 1579 hic
2659 1525 2807 1581 statis
2840 1534 2946 1579 tota
2992 1526 3076 1580 die
3118 1525 3312 1581 otiosi?
3341 1524 3535 1580 Dicunt
3559 1526 3609 1580 ei
3630 1540 3649 1580 :
3670 1526 3817 1592 Quia

2215 1634 2366 1674 nemo
2394 1635 2488 1675 nos
2517 1618 2791 1673 conducit.
2820 1618 2959 1673 Dicit
2998 1617 3109 1673 illis
3142 1635 3166 1675 .'
3196 1616 3280 1675 Ite
3307 1627 3357 1673 et
3402 1634 3492 1673 vos
3520 1618 3578 1673 in
3612 1619 3817 1673 vineam

2214 1727 2403 1768 meam.
2444 1712 2578 1768 Cum
2612 1727 2730 1766 sero
2776 1721 2947 1767 autent
2988 1715 3185 1781 factum
3208 1719 3385 1777 esset,
3410 1710 3545 1765 dicit
3567 1710 3814 1766 dominas

519 1811 657 1865 eriim
681 1824 922 1881 separare
950 1808 1210 1863 hominm
1238 1822 1270 1862 a
1296 1817 1577 1880 patrem,
1600 1815 1649 1861 et
1666 1816 1885 1863 matrem
1913 1823 1946 1861 a
1974 1807 2107 1877 ﬁlia,
2142 1820 2190 1883 Β
2217 1806 2379 1861 vinea:
2407 1806 2733 1876 procuratori
2765 1821 2861 1860 suo
2889 1820 2908 1859 :
2943 1804 3087 1859 Voca
3115 1805 3408 1875 operarios,
3438 1813 3486 1859 et
3514 1805 3674 1860 redde
3702 1805 3813 1860 illis

522 1918 573 1961 et
604 1920 799 1959 nurum
825 1920 859 1958 a
886 1920 1043 1959 socru
1076 1919 1094 1955 :
1142 1912 1191 1957 et
1217 1902 1415 1957 inimici
1441 1900 1665 1959 hminis
1707 1902 1973 1958 domestici
2003 1906 2116 1975 ejus

510 1997 717 2070 (Supra
743 2014 800 2065 κ,
832 1995 947 2067 δι).
976 1996 1080 2064 Qui
1109 2009 1243 2067 ergo
1284 2004 1517 2068 propter
1569 1996 1735 2052 ﬁdem
1776 1995 2008 2061 Christi,
2059 2004 2114 2053 et

504 2090 956 2163 praedicationem
998 2087 1309 2160 Evangelii,
1361 2103 1556 2145 omnes
1592 2086 1819 2145 allectus
1855 2095 2111 2145 contem-

505 2182 742 2253 pserint,
762 2190 929 2252 atque
953 2179 1175 2236 divitias
1201 2179 1458 2236 etsaeculi
1488 2179 1831 2251 voluptates:
1865 2178 1956 2235 isti
1982 2194 2113 2236 cen-

510 2274 725 2345 tuplum
754 2272 1053 2343 recipient,
1098 2283 1155 2328 et
1204 2274 1373 2328 vitam
1422 2281 1686 2329 aeternam
1737 2272 2111 2344 possidebunt.

510 2365 593 2421 Ex
633 2366 923 2421 occasione
968 2364 1129 2435 hujus
1170 2364 1481 2434 sententiae,
1512 2363 1731 2435 quidam
1762 2365 2115 2423 introducunt

514 2460 666 2516 mille
697 2475 873 2517 annos
903 2470 1023 2532 post
1053 2462 1537 2531 resurrectionem,
1573 2459 1821 2518 dicentes
1848 2471 1977 2519 tunc
2014 2479 2113 2519 no-

509 2555 596 2611 bis
625 2556 941 2626 centuplum
979 2556 1223 2611 omnium
1271 2570 1456 2611 rerum
1502 2569 1636 2625 quas
1678 2554 2010 2625 dimisimus,
2058 2566 2110 2613 et

506 2649 681 2705 vitam
710 2658 968 2705 aeternam
1006 2664 1134 2705 esse
1160 2647 1496 2705 reddendam
1539 2665 1552 2703 :
1599 2664 1706 2703 non
1738 2648 2111 2719 intelligentes

509 2744 654 2816 quod
685 2745 729 2799 si
758 2744 813 2798 in
846 2744 1062 2800 caeteris
1106 2743 1268 2814 digna
1313 2744 1385 2824 sit
1414 2742 1767 2813 repromissio
1793 2783 1808 2808 ,
1839 2743 1893 2797 in
1927 2744 2112 2799 uxori—

508 2839 612 2895 bus
642 2822 906 2910 appar‘eat
927 2838 1235 2909 turpitudo;
1266 2847 1325 2893 ut
1350 2822 1443 2909 qui
1467 2852 1627 2893 unam
1656 2853 1754 2910 pro
1771 2837 2008 2897 Domino
2030 2840 2110 2895 di-

508 2933 745 2999 miserit,
775 2941 832 2987 et
871 2938 1087 2987 centum
1132 2931 1359 3003 recipiat
1406 2932 1459 2987 in
1487 2930 1690 2988 futuro.
1734 2932 1938 2990 Sensus
1978 2950 2109 3005 ergo

510 3025 618 3081 iste
646 3035 731 3081 est
755 3043 768 3079 :
796 3024 904 3092 Qui
941 3025 1181 3080 carnalia
1214 3041 1314 3096 pro
1343 3026 1630 3083 Salvatore
1671 3026 1964 3096 dimiserit,
1998 3030 2110 3099 spi-

503 3117 721 3174 rituaiia
767 3116 1035 3187 recipiet:
1082 3133 1205 3186 quae
1252 3120 1661 3189 comparatione
1701 3128 1756 3174 et
1793 3120 1992 3176 merito
2022 3121 2108 3177 sui

2213 1898 2533 1963 mercedem;
2572 1898 2827 1967 incipiens
2867 1913 2899 1952 a
2936 1898 3229 1953 novissimis
3274 1913 3438 1968 usque
3484 1898 3554 1950 ad
3594 1902 3813 1967 primos.

2215 1990 2346 2047 Cum
2375 1992 2637 2046 venissent
2658 2006 2789 2063 ergo
2814 1992 2903 2062 qui
2931 1992 3074 2045 circa
3101 1990 3427 2047 undecimam
3454 1990 3815 2061 horamt'ene-

2213 2096 2356 2155 rant,
2388 2097 2699 2157 acceperunt
2741 2086 2975 2157 singulos
3019 2086 3287 2141 denarios.
3325 2084 3603 2142 Venientes
3638 2096 3813 2142 autem

2212 2189 2261 2234 et
2282 2181 2457 2251 primi,
2482 2179 2723 2234 arbitrati
2742 2189 2863 2235 sunt
2894 2180 3035 2250 quod
3066 2180 3186 2250 plus
3207 2187 3375 2234 essent
3396 2181 3658 2250 accepturi
3684 2195 3704 2234 :
3726 2196 3816 2234 ac-

2213 2281 2459 2345 ceperant
2484 2284 2656 2329 autem
2692 2282 2745 2329 et
2774 2275 2876 2345 ipsi
2904 2275 3138 2346 singulos
3168 2274 3430 2330 denarios.
3454 2274 3521 2329 Et
3550 2276 3817 2347 accipien-

2214 2373 2311 2433 tes,
2340 2366 2732 2421 nturmarabant
2758 2367 3010 2422 adversus
3041 2368 3496 2439 patremfamilias,
3529 2368 3760 2423 dicentes
3794 2386 3813 2423 :

2213 2455 2290 2512 Hi
2333 2458 2600 2513 novissimi
2632 2474 2736 2513 una
2774 2458 2905 2513 hora
2952 2460 3219 2530 fecerunt,
3258 2469 3309 2515 et
3336 2475 3488 2532 pares
3515 2461 3637 2516 illos
3662 2460 3813 2515 nobis

2212 2550 2511 2623 fecisti,’qui
2540 2553 2854 2624 portavimus
2874 2556 3075 2626 pondus
3094 2554 3199 2609 diei
3218 2565 3268 2609 et
3290 2557 3496 2611 astus?
3526 2556 3593 2610 At
3614 2556 3708 2610 ille
3731 2570 3813 2610 re.

2210 2646 2478 2716 spondens
2501 2647 2594 2701 uni
2614 2662 2820 2716 eorum,
2844 2647 3000 2703 dixit.
3026 2648 3290 2704 Parabola
3324 2650 3447 2715 ista,
3482 2650 3570 2706 vel
3603 2649 3808 2705 simili-

2208 2737 2341 2793 tudo
2369 2741 2519 2810 regni
2543 2740 2833 2809 caelorum,
2860 2756 2933 2797 ex
2961 2742 3045 2797 his
3068 2757 3191 2812 quae
3221 2745 3507 2814 praemissa
3539 2753 3701 2811 sunt,
3730 2747 3811 2798 in-

2211 2833 2497 2904 telligitur.
2530 2834 2809 2907 Scriptum
2837 2847 2921 2894 est
2946 2837 3094 2894 enim
3122 2846 3250 2894 ante
3275 2854 3395 2895 eam
3428 2856 3441 2891 :
3474 2837 3633 2894 Multi
3656 2848 3811 2895 erant

2212 2928 2369 2998 primi
2396 2930 2698 2998 novissimi,
2726 2939 2776 2985 et
2820 2931 3084 2987 novissimi
3126 2932 3304 3003 primi.
3356 2930 3475 2986 Non
3502 2931 3530 2969 ά
3571 2933 3809 2998 tempori

2211 3020 2491 3079 deferente
2520 3025 2771 3092 Domino,
2821 3026 2919 3081 sed
2958 3026 3111 3082 ﬁdei.
3144 3026 3396 3097 Dicitque
3438 3027 3814 3097 patremfami-

2214 3118 2318 3175 lias
2345 3120 2528 3191 primo
2566 3136 2724 3177 mane
2749 3121 2962 3190 exisse,
2993 3133 3055 3177 ut
3080 3120 3415 3178 conduceret
3442 3122 3729 3192 operarios
3756 3122 3809 3177 in

499 3211 575 3266 ita
607 3218 789 3279 erunt,
823 3210 981 3281 quasi
1015 3219 1038 3250 ο
1086 3211 1132 3265 si
1169 3225 1339 3279 parvo
1367 3226 1595 3267 numero
1624 3212 1972 3268 centenarius
2003 3229 2104 3269 nn-
2130 3219 2177 3285 ρ
2207 3214 2424 3270 vineam
2470 3230 2624 3270 suam
2647 3259 2660 3281 ,
2692 3224 2748 3272 et
2775 3219 3014 3284 pretium
3046 3217 3229 3287 Operis
3257 3216 3611 3272 constituisse
3637 3216 3811 3271 dena-

503 3318 692 3360 merus
707 3311 1075 3373 comparetur.
1098 3302 1254 3360 Unde
1270 3302 1402 3359 dicit
1422 3314 1476 3359 et
1491 3304 1810 3375 Apostolus,
1832 3305 2103 3378 quilunam

501 3403 713 3453 tantum
750 3395 1006 3463 domum,
1054 3404 1110 3452 et
1153 3396 1312 3453 unius
1360 3398 1659 3467 provincias
1702 3412 1907 3470 parvos
1942 3414 2104 3471 agros

574 3614 599 3641 α
621 3602 878 3657 Erasmus
902 3602 1035 3673 legit
1067 3602 1342 3668 Socrates;
1364 3617 1463 3672 pro
1491 3600 1688 3673 Crates.
1715 3601 1977 3658 Eumdcm
2010 3619 2099 3659 er-

506 3689 692 3731 rorem
720 3674 898 3743 reperi
928 3672 983 3728 in
1024 3673 1285 3746 munibus
1310 3682 1443 3728 mss.
1489 3672 1780 3746 Codicibus
1800 3690 1937 3745 quos
1964 3674 2093 3746 legi,

510 3760 748 3801 numero
775 3744 1208 3815 quattuordecim.
1262 3745 1337 3799 De
1367 3759 1474 3813 quo
1508 3744 1858 3814 antiquorum
1887 3744 2093 3801 exscri-

543 3828 720 3873 torum
750 3831 941 3873 errore
986 3816 1104 3872 haec
1156 3815 1416 3871 habemus
1446 3816 1734 3872 observata
1775 3833 1803 3870 a
1846 3818 2088 3872 Mariano

552 3889 746 3945 ictorio
779 3906 791 3941 :
842 3886 1269 3943 Emendavimus
1307 3886 1498 3941 Crates
1530 3902 1627 3956 pro
1657 3887 1930 3955 Socrates,
1969 3889 2087 3943 Bri-

498 3960 787 4015 xianorum
812 3958 1058 4013 codicum
1084 3960 1317 4013 monitu.
1343 3955 1388 4012 Α
1418 3955 1581 4014 Crate
1608 3961 1753 4014 enim
1786 3975 1893 4014 non
1924 3975 1951 4013 a
1984 3961 2088 4016 So-

497 4041 671 4103 crate,
701 4031 793 4103 qui
834 4043 935 4085 nec
977 4030 1129 4085 dives
1176 4028 1344 4103 fuisse
1382 4029 1599 4103 legitur,
1639 4029 1703 4103 id
1734 4030 1931 4103 factum
1960 4047 2087 4103 pro-

500 4101 668 4157 ditur.
703 4100 868 4159 Error
898 4111 1078 4169 natus,
1129 4100 1272 4171 quod
1314 4100 1491 4156 potiar
1536 4116 1600 4155 ac
1627 4102 1901 4158 celebrior
1941 4100 2085 4159 esset

498 4172 757 4229 Socrates
777 4187 939 4242 quam
977 4172 1187 4242 Crates,
1219 4181 1489 4228 etnomcn
1526 4173 1596 4227 sit
1622 4171 1735 4229 fere
1766 4174 1930 4229 idem.
1964 4175 2091 4230 Hie-

499 4259 762 4316 [onymus
788 4243 857 4316 de
888 4243 1051 4316 Crale
1096 4243 1282 4298 multis
1332 4244 1383 4297 in
1438 4244 1574 4316 locis
1608 4244 1709 4316 ltpc
1757 4248 1976 4299 asserit.
2008 4246 2092 4300 Ad

497 4313 785 4372 Paulinum
813 4314 879 4369 dc
924 4315 1266 4370 institutione
1313 4315 1601 4370 monachi:
1634 4313 1813 4372 Crates
1836 4318 1931 4370 ille
1955 4316 2095 4372 The-

498 4386 688 4459 banus,
718 4385 872 4441 homo
925 4386 1190 4458 quondam
1234 4386 1545 4449 ditissimus,
1595 4402 1713 4441 cum
1748 4389 1816 4441 ad
1857 4389 2095 4459 philoso-

495 4456 765 4529 phandum
796 4456 1020 4512 Athenas
1062 4468 1320 4530 pergeret,
1346 4474 1589 4528 magnum
1615 4460 1730 4511 auri
1762 4456 1963 4524 pondus
2007 4460 2099 4513 ab-

489 4526 616 4601 jecit
635 4547 653 4595 ;
674 4600 677 4601 ν
702 4544 794 4582 nec
823 4530 1018 4601 putavit
1054 4526 1296 4601 sesimul
1322 4526 1470 4600 posse
1496 4542 1544 4582 et
1575 4529 1785 4601 virtutes
1817 4540 1865 4584 et
1891 4531 2098 4586 divitias

502 4599 966 4671 possideret'ltem
1012 4600 1079 4654 ad
1112 4599 1517 4655 Patnmncltium
1568 4601 1636 4655 de
1662 4599 1824 4656 Oltitu
1857 4601 2099 4657 Pstulittze

2211 3307 2372 3363 rium.
2399 3307 2609 3364 Deinde
2635 3323 2912 3381 egressum
2936 3310 3081 3366 circa
3104 3309 3295 3365 horam
3324 3312 3567 3380 tertiam,
3596 3310 3807 3367 vidisse

2205 3399 2349 3456 alios
2380 3410 2588 3457 stantes
2619 3402 2674 3456 in
2706 3400 2887 3471 platea
2932 3404 3139 3460 otiosos
3172 3422 3183 3458 :
3216 3412 3274 3460 et
3311 3403 3418 3459 illis
3447 3418 3803 3476 nequaquam

2206 3605 2369 3674 epist.
2398 3605 2487 3669 58,
2519 3605 2586 3661 ad
2608 3606 2896 3662 Paulinum
2930 3627 2943 3663 :
2975 3608 3157 3664 Crates
3184 3610 3273 3663 ille
3318 3608 3615 3675 Thebanus,
3649 3610 3807 3669 homo

2203 3678 2469 3747 quondam
2498 3678 2808 3745 ditissimus,
2839 3697 2955 3734 cum
2981 3683 3050 3733 ad
3077 3681 3551 3752 philosOphandum
3574 3683 3806 3739 Athenas

2199 3758 2456 3825 pergeret,
2480 3766 2731 3825 magnum
2778 3753 2899 3825 auri
2931 3753 3135 3821 pondus
3188 3753 3557 3825 abjecit.Qua
3600 3759 3807 3825 repetit

2197 3819 2360 3891 epist.
2386 3820 2473 3886 66,
2502 3819 3021 3891 ad'Pammachium,
3048 3832 3103 3878 et
3135 3824 3225 3888 7i,
3246 3819 3320 3878 'nd
3352 3819 3806 3883 LaciniumIDe-

2195 3889 2361 3967 nique
2390 3902 2448 3947 et
2470 3892 2562 3967 lib.
2593 3905 2782 3948 contra
2812 3889 3088 3950 Jovinian.
3122 3911 3179 3950 ii.
3199 3894 3799 3967 CratcsilleThebanus,

2196 3963 2440 4038 proiecto
2470 3962 2524 4017 in
2556 3980 2699 4038 mare
2742 3980 2843 4019 non
2888 3981 3050 4038 parvo
3077 3967 3194 4020 auri
3235 3968 3491 4037 pondere:
3521 3967 3696 4037 Abite,
3724 3962 3807 4024 in;

2193 4034 2323 4116 quit,
2357 4051 2561 4107 pessum
2592 4037 2746 4116 male;
2785 4034 3137 4116 cupiditates;
3175 4034 3266 4108 ego
3288 4054 3384 4116 vos
3428 4034 3706 4116 mergam,_
3733 4058 3801 4097 ne

2195 4107 2309 4173 ipse
2330 4122 2537 4177 mergar
2562 4124 2597 4161 a
2622 4108 2787 4164 vobis.
2813 4107 3019 4164 Verum
3049 4108 3175 4164 huic
3201 4107 3555 4166 Stabiiiendai
3578 4112 3803 4169 lectioni

2197 4186 2393 4250 contra
2423 4192 2555 4234 mss.
2591 4178 2753 4235 ﬁdem
2786 4178 2924 4234 nihil
2947 4182 3131 4250 potius
3160 4180 3231 4236 sit
3253 4180 3510 4237 historica
3542 4184 3802 4250 veritate.

2201 4257 2253 4303 et
2273 4248 2549 4327 Origenis,
2574 4265 2643 4327 ex
2669 4266 2779 4321 quo
2799 4248 2965 4327 totam
2990 4252 3506 4327 interpretationem)
3534 4248 3808 4327 Hieronyé

2204 4334 2327 4391 mus
2351 4321 2667 4391 descripsit,
2699 4326 3052 4378 sententiam.
3086 4321 3155 4378 Et
3174 4339 3302 4379 vero
3327 4325 3394 4379 de
3421 4324 3662 4387 Cratetc.
3695 4321 3805 4383 non

2204 4388 2452 4466 _S_ocrat_e,
2487 4388 2842 4466 inicitradunt
2869 4394 3233 4450 Philostratus
3256 4396 3351 4450 lib.
3383 4411 3421 4463 ι,
3453 4412 3577 4466 cap.
3614 4398 3704 4466 ili,
3731 4402 3805 4456 de

2208 4460 2340 4547 Vit.,
2371 4462 2866 4547 Amill.,_l)ipgenes
2895 4466 3077 4547 leaert.
3103 4467 3299 4547 libri,
3327 4460 3657 4547 Plutarchus
3682 4460 3807 4547 ἆτερὶ

2208 4540 2303 4587 τοῦ
2332 4540 2403 4606 μή
2436 4534 2775 4609 δανείζεσθὰι,
2809 4538 3097 4593 etdemum
3125 4539 3344 4601 Suidas,
3376 4541 3642 4609 quialiam
3673 4534 3803 4596 cuit-

2207 4608 2620 4678 tetnncndarum
2679 4623 2840 4678 opum
2889 4610 3157 4664 rationem
3224 4608 3473 4665 tenuisse
3518 4612 3799 4669 Cratetem

503 4667 728 4754 uxoris:
768 4670 831 4723 Et
864 4683 1034 4756 tamen
1074 4688 1177 4726 non
1215 4671 1352 4754 satis.
1400 4674 1622 4756 perfecto
1668 4683 1713 4726 et
1745 4684 2097 4756 consummato
2126 4667 2179 4728 D
2206 4675 2367 4756 trudit
2393 4695 2410 4756 _:
2470 4676 2599 4731 Cum
2652 4667 2789 4734 enim
2821 4682 2931 4756 ipse
2980 4698 3136 4756 agr_os
3182 4682 3405 4756 incultgs
3451 4667 3801 4756 deseruisset,

500 4743 642 4816 viro,
668 4757 788 4816 opes
806 4750 1145 4807 contemnere,
1170 4742 1439 4816 pecuniam
1467 4744 1744 4816 dissipare,
1776 4754 1823 4797 et
1840 4747 2103 4816 projicere

502 4762 633 4805 viro,
668 4762 788 4812 opes
806 4762 1145 4807 contemnere,
1170 4762 1439 4813 pecuniam
1467 4762 1744 4810 aixstpare,
1776 4762 2101 4867 et‘proycere

502 4814 643 4885 quod
665 4815 1007 4885 in_momento
1035 4825 1081 4868 et
1117 4815 1262 4884 perdi
1284 4825 1328 4867 et
1357 4814 1573 4866 inveniri
1604 4823 1795 4880 potest.
1882 4819 1978 4869 ecit
2003 4815 2101 4870 hoc

500 4882 676 4939 Crates
723 4882 1020 4951 Thebanus,
1041 4882 1173 5008 fecit
1205 4885 1566 4948 Antisthenes,
1602 4885 1829 4954 fecerunt
1860 4888 2093 4957 plurimi,

500 4973 627 5008 auos
653 4957 1010 5008 vitiosissimus
1064 4957 1274 5008 mimus.
1310 4955 1441 5008 item
1466 4956 1530 5008 ad
1561 4956 1820 5008 Lucinam
1858 4975 1871 5008 :
1900 4960 2093 5008 Aurum

498 4973 627 5026 quos
653 4957 1010 5010 vitiosissimus
1041 4955 1274 5027 legimus.
1310 4955 1441 5010 item
1466 4956 1530 5009 ad
1561 4956 1820 5013 Lucinam
1858 4955 1871 5011 ἐ
1900 4955 2095 5013 Aurum

501 5030 767 5099 deponet}
788 5028 1138 5099 insipientium
1166 5037 1237 5099 est
1256 5070 1270 5092 ,
1300 5043 1401 5080 non
1428 5028 1789 5098 perfectorum.
1828 5029 1972 5084 Fecit
1994 5032 2094 5085 hoc

498 5100 675 5153 Crates
707 5097 1000 5164 Thebanus,
1032 5100 1148 5168 fecit
1170 5097 1512 5151 Antisthenes.
1542 5099 1671 5153 Item
1696 5100 1833 5157 libro
1853 5103 2095 5158 secundo

500 5179 693 5245 contra
719 5169 1066 5224 Jovinianum
1104 5188 1116 5221 :
1151 5168 1216 5245 _Et
1243 5168 1422 5245 Crates
1451 5169 1544 5245 ille
1564 5169 1839 5245 Thebanus
1865 5176 2093 5245 projecto

496 5241 551 5295 in
571 5257 709 5316 mare
735 5257 853 5316 non,
869 5257 1024 5312 parro
1045 5242 1161 5316 auri
1188 5242 1413 5310 pondere
1431 5256 1450 5295 :
1480 5242 1647 5304 Abite,
1672 5241 2092 5316 inquit,'pessum

500 5314 654 5387 ntalw
681 5308 1009 5387 cupiditates.
1033 5308 1155 5387 Ego
1189 5308 1275 5387 vos
1309 5327 1559 5384 mergren,
1601 5330 1664 5367 ne
1689 5308 1801 5384 ipse
1827 5308 2032 5387 mergar
2058 5334 2090 5370 a

498 5385 655 5439 vobis.
710 5383 887 5438 Μλιιτ.
915 5412 988 5423 ——
1032 5383 1228 5437 Mirum
1261 5384 1363 5436 hoc
1391 5383 1550 5453 plane
1601 5383 1717 5451 est,
1775 5387 1828 5441 in
1886 5383 2088 5443 nostris

496 5455 749 5511 omnibus
780 5470 913 5510 mss.
949 5454 1178 5523 aliisque
1228 5455 1640 5523 quatunrdecim
1671 5470 1840 5526 penes
1867 5458 2087 5513 Martin-

500 5542 701 5595 nzeum,
735 5528 852 5597 pari
893 5526 1297 5597 depravatipnis
1342 5540 1648 5595 consensu,
1704 5529 1946 5585 Socrates
2000 5528 2086 5586 hic

496 5598 623 5668 legi,
667 5595 761 5670 pro
806 5595 1001 5653 Crates.
1056 5598 1122 5653 Et
1174 5595 1449 5670 Victorius
1504 5600 1721 5670 quidem
1777 5603 1847 5656 ita
1906 5615 1966 5657 se
2009 5603 2084 5657 ait

497 5668 817 5725 emendasse
847 5670 1230 5725 Brixianorum
1262 5668 1783 5739 codicum‘monitu,
1816 5673 1902 5727 cui
1928 5687 2079 5730 asse-

494 5739 677 5795 renda:
705 5740 1022 5814 verissime
1039 5741 1259 5797 lectioni
1290 5741 1460 5814 multa
1483 5741 1801 5814 Hieronymi
1846 5745 1917 5801 de
1944 5745 2075 5800 Cra-

2207 4748 2342 4800 edito
2385 4747 2499 4802 loco
2525 4767 2820 4813 conscenso,
2843 4747 2983 4805 dixit
3003 4747 3306 4807 {Cratetem
3336 4751 3637 4809 Thebanum
3673 4747 3807 4811 Cra;

2204 4825 2277 4897 tes
2305 4819 2538 4875 libertate
2568 4822 2747 4897 donat.
2778 4824 3029 4897 Origenis
3061 4839 3213 4889 vero,
3267 4826 3377 4892 cui,
3430 4835 3488 4879 ut
3529 4826 3796 4897 diximus,

2202 4888 2568 4965 Hieronymus
2596 4895 2785 4965 stricte
2835 4888 3087 4950 udhzrret
3107 4939 3121 4964 ,
3153 4888 3420 4965 ejusmodi
3454 4898 3509 4951 in
3543 4900 3689 4953 hunc
3718 4888 3803 4955 1υᾷ

2199 4974 2325 5015 cum
2350 4978 2414 5018 ex
2450 4962 2625 5017 Huclii
2659 4962 3115 5033 interpretatione
3163 4962 3436 5023 sententia
3490 4980 3574 5023 est
3609 4988 3620 5024 :
3666 4970 3803 5025 Cra-

2198 5042 2349 5087 tetem
2400 5032 2704 5090 Thebanum
2740 5032 2938 5110 ferunt,
2967 5054 3087 5091 cum
3128 5038 3382 5094 libertatis
3421 5044 3798 5110 conscqucndw

2202 5121 2359 5159 causa
2410 5121 2567 5185 parce
2604 5117 2649 5161 et
2676 5108 2961 5185 frugaliter
2995 5110 3195 5185 vivendi
3268 5116 3519 5185 rationem
3558 5108 3760 5168 iniisse!
3782 5161 3795 5185 ,

2202 5191 2410 5258 seseque
2433 5177 2641 5258 beatum
2667 5177 2859 5258 (ἔναξὶῷ
2894 5180 2972 5249 (ut
2998 5181 3436 5258 quidembanimo
3461 5184 3709 5258 ﬁngebat)
3753 5177 3802 5240 et

2201 5249 2397 5304 nullius
2424 5249 2736 5320 indigentem
2766 5254 2843 5305 rei
2871 5249 3121 5321 prwstare
3149 5252 3320 5317 vellet,
3365 5249 3643 5310 distractus
3686 5249 3803 5311 orn-

2200 5333 2287 5373 nes
2306 5361 2320 5385 ,
2350 5338 2409 5374 ac
2434 5320 2719 5398 divenditas
2743 5325 3016 5398 facultates
3035 5365 3050 5391 ,
3078 5322 3437 5398 Thebgnorum
3466 5330 3659 5398 populo
3682 5346 3801 5383 cro-

2196 5406 2364 5466 gasse,
2392 5408 2507 5445 cum
2524 5392 2677 5466 simul
2708 5392 2762 5447 id
2791 5396 3126 5466 praedicasset
3153 5413 3172 5449 :
3201 5392 3639 5455 Cratetem’hadie
3663 5398 3800 5457 Cra-

2198 5470 2272 5515 tes
2299 5462 2528 5517 libertate
2554 5463 2735 5519 donat.

2268 5532 2295 5571 ι’
2332 5533 2627 5615 Yictorius,
2658 5538 2866 5615 quando
2889 5550 2934 5593 et
2974 5541 3165 5595 mortui
3204 5541 3268 5595 de
3296 5542 3648 5615 corruptione,
3683 5554 3797 5601 etc.

2261 5616 2308 5730 Ira
2332 5605 2392 5660 In
2420 5606 2635 5662 duobus
2660 5605 2893 5666 Paiatin.
2923 5614 3073 5684 quasi
3103 5628 3285 5685 parvo,
3315 5605 3593 5685 expuncta
3626 5605 3669 5672 ii
3696 5632 3797 5674 vo-

2188 5690 2330 5731 Cilla.

2257 5744 2283 5786 ά
2326 5746 2620 5830 Victorius,
2677 5751 2802 5810 Non
2835 5764 3060 5828 tempore
3098 5754 3369 5825 dilferente
3406 5755 3655 5830 Domino,
3701 5762 3795 5817 sed

494 5819 605 5868 tete
655 5811 968 5871 testimonia
1010 5811 1114 5868 huc
1158 5813 1425 5885 congerit.
1477 5811 1755 5885 Ejusmodi
1808 5823 1893 5875 est
1937 5815 2068 5874 illud
2178 5818 2306 5892 ﬁde,
2337 5827 2444 5879 etc.
