  <div class='ocr_page' id='page_1' title='image "/cluster/home/n/w/nwhite01/storage/ocr_20150623/26/hvd.32044015471402/076.png"; bbox 0 0 4004 6332; ppageno 0'>
   <div class='ocr_carea' id='block_1_1' title="bbox 279 290 369 358">
    <p class='ocr_par' dir='ltr' id='par_1_1' title="bbox 279 290 369 358">
     <span class='ocr_line' id='line_1_1' title="bbox 279 290 369 358; baseline 0 -1"><span class='ocrx_word' id='word_1_1' title='bbox 279 290 369 358; x_wconf 72' lang='grc' dir='ltr'>Μ</span> 
     </span>
    </p>
   </div>
   <div class='ocr_carea' id='block_1_2' title="bbox 718 297 3059 390">
    <p class='ocr_par' dir='ltr' id='par_1_2' title="bbox 718 297 3059 390">
     <span class='ocr_line' id='line_1_2' title="bbox 718 297 3059 390; baseline 0.013 -30"><span class='ocrx_word' id='word_1_2' title='bbox 718 298 1411 367; x_wconf 74' lang='lat' dir='ltr'><strong>‘COMMENTARIORUM</strong></span> <span class='ocrx_word' id='word_1_3' title='bbox 1449 304 1517 367; x_wconf 76' lang='lat' dir='ltr'><strong>tu</strong></span> <span class='ocrx_word' id='word_1_4' title='bbox 1554 297 2015 369; x_wconf 68' lang='lat' dir='ltr'><strong>EVANGELIUH</strong></span> <span class='ocrx_word' id='word_1_5' title='bbox 2054 309 2394 376; x_wconf 73' lang='grc' dir='ltr'><strong>ΜΔΤΤΗᾹῖΙ</strong></span> <span class='ocrx_word' id='word_1_6' title='bbox 2435 320 2567 381; x_wconf 80' lang='lat' dir='ltr'><strong>LIB;</strong></span> <span class='ocrx_word' id='word_1_7' title='bbox 2607 308 2696 384; x_wconf 80' lang='lat' dir='ltr'><strong>tu.</strong></span> <span class='ocrx_word' id='word_1_8' title='bbox 2739 326 2892 387; x_wconf 67' lang='lat' dir='ltr'><strong>cap.</strong></span> <span class='ocrx_word' id='word_1_9' title='bbox 2936 330 3059 390; x_wconf 86' lang='lat' dir='ltr'><strong>xx.</strong></span> 
     </span>
    </p>
   </div>
   <div class='ocr_carea' id='block_1_3' title="bbox 3444 332 3551 402">
    <p class='ocr_par' dir='ltr' id='par_1_3' title="bbox 3444 332 3551 402">
     <span class='ocr_line' id='line_1_3' title="bbox 3444 332 3551 402; baseline 0 0"><span class='ocrx_word' id='word_1_10' title='bbox 3444 332 3551 402; x_wconf 57' lang='grc'><strong>149</strong></span> 
     </span>
    </p>
   </div>
   <div class='ocr_carea' id='block_1_4' title="bbox 275 414 3549 534">
    <p class='ocr_par' dir='ltr' id='par_1_4' title="bbox 275 414 3549 534">
     <span class='ocr_line' id='line_1_4' title="bbox 275 414 3549 534; baseline 0.014 -60"><span class='ocrx_word' id='word_1_11' title='bbox 275 414 556 484; x_wconf 76' lang='lat' dir='ltr'><strong>denarium,</strong></span> <span class='ocrx_word' id='word_1_12' title='bbox 610 418 707 476; x_wconf 80' lang='lat' dir='ltr'><strong>sed</strong></span> <span class='ocrx_word' id='word_1_13' title='bbox 739 422 885 493; x_wconf 81' lang='lat' dir='ltr'><strong>quod</strong></span> <span class='ocrx_word' id='word_1_14' title='bbox 927 424 1136 495; x_wconf 80' lang='lat' dir='ltr'><strong>justum</strong></span> <span class='ocrx_word' id='word_1_15' title='bbox 1174 436 1261 484; x_wconf 90' lang='lat' dir='ltr'><strong>est</strong></span> <span class='ocrx_word' id='word_1_16' title='bbox 1301 427 1469 487; x_wconf 78' lang='lat' dir='ltr'><strong>fuisse</strong></span> <span class='ocrx_word' id='word_1_17' title='bbox 1512 430 1837 503; x_wconf 86' lang='lat' dir='ltr'><strong>pollicitum.</strong></span> <span class='ocrx_word' id='word_1_18' title='bbox 1868 428 1918 489; x_wconf 79' lang='grc' dir='ltr'><strong>Α</strong></span> <span class='ocrx_word' id='word_1_19' title='bbox 2024 432 2212 491; x_wconf 83' lang='lat' dir='ltr'><strong>Nonne</strong></span> <span class='ocrx_word' id='word_1_20' title='bbox 2229 454 2296 493; x_wconf 76' lang='lat' dir='ltr'><strong>ea;</strong></span> <span class='ocrx_word' id='word_1_21' title='bbox 2315 441 2534 499; x_wconf 86' lang='lat' dir='ltr'><strong>denario</strong></span> <span class='ocrx_word' id='word_1_22' title='bbox 2562 449 2843 507; x_wconf 68' lang='lat' dir='ltr'><strong>convenisti</strong></span> <span class='ocrx_word' id='word_1_23' title='bbox 2863 448 3393 517; x_wconf 64' lang='lat' dir='ltr'><strong>mecumibenarius</strong></span> <span class='ocrx_word' id='word_1_24' title='bbox 3417 462 3549 534; x_wconf 85' lang='lat' dir='ltr'><strong>ligu-</strong></span> 
     </span>
    </p>
   </div>
   <div class='ocr_carea' id='block_1_5' title="bbox 274 509 1847 583">
    <p class='ocr_par' dir='ltr' id='par_1_5' title="bbox 274 509 1847 583">
     <span class='ocr_line' id='line_1_5' title="bbox 274 509 1847 583; baseline 0.01 -17"><span class='ocrx_word' id='word_1_25' title='bbox 274 509 420 566; x_wconf 78' lang='lat' dir='ltr'><strong>Sexta</strong></span> <span class='ocrx_word' id='word_1_26' title='bbox 445 526 663 582; x_wconf 88' lang='lat' dir='ltr'><strong>quoque</strong></span> <span class='ocrx_word' id='word_1_27' title='bbox 708 514 841 571; x_wconf 86' lang='lat' dir='ltr'><strong>hora</strong></span> <span class='ocrx_word' id='word_1_28' title='bbox 868 527 924 574; x_wconf 91' lang='lat' dir='ltr'><strong>et</strong></span> <span class='ocrx_word' id='word_1_29' title='bbox 962 533 1105 576; x_wconf 86' lang='lat' dir='ltr'><strong>nona</strong></span> <span class='ocrx_word' id='word_1_30' title='bbox 1134 519 1335 577; x_wconf 83' lang='lat' dir='ltr'><strong>fecisse</strong></span> <span class='ocrx_word' id='word_1_31' title='bbox 1360 524 1634 581; x_wconf 74' lang='lat' dir='ltr'><strong>similiter.</strong></span> <span class='ocrx_word' id='word_1_32' title='bbox 1664 525 1847 583; x_wconf 84' lang='lat' dir='ltr'><strong>Unde-</strong></span> 
     </span>
    </p>
   </div>
   <div class='ocr_carea' id='block_1_6' title="bbox 271 601 1848 689">
    <p class='ocr_par' dir='ltr' id='par_1_6' title="bbox 271 601 1848 689">
     <span class='ocr_line' id='line_1_6' title="bbox 271 601 1848 689; baseline 0.011 -30"><span class='ocrx_word' id='word_1_33' title='bbox 271 601 394 659; x_wconf 85' lang='lat' dir='ltr'><strong>cima</strong></span> <span class='ocrx_word' id='word_1_34' title='bbox 444 611 622 662; x_wconf 84' lang='lat' dir='ltr'><strong>autem</strong></span> <span class='ocrx_word' id='word_1_35' title='bbox 676 607 956 667; x_wconf 78' lang='lat' dir='ltr'><strong>invenisse</strong></span> <span class='ocrx_word' id='word_1_36' title='bbox 1010 612 1149 670; x_wconf 88' lang='lat' dir='ltr'><strong>alios</strong></span> <span class='ocrx_word' id='word_1_37' title='bbox 1197 623 1428 683; x_wconf 85' lang='lat' dir='ltr'><strong>stantes,</strong></span> <span class='ocrx_word' id='word_1_38' title='bbox 1474 618 1566 689; x_wconf 90' lang='lat' dir='ltr'><strong>qui</strong></span> <span class='ocrx_word' id='word_1_39' title='bbox 1617 627 1729 674; x_wconf 88' lang='lat' dir='ltr'><strong>tota</strong></span> <span class='ocrx_word' id='word_1_40' title='bbox 1757 620 1848 677; x_wconf 89' lang='lat' dir='ltr'><strong>die</strong></span> 
     </span>
    </p>
   </div>
   <div class='ocr_carea' id='block_1_7' title="bbox 272 693 1847 769">
    <p class='ocr_par' dir='ltr' id='par_1_7' title="bbox 272 693 1847 769">
     <span class='ocr_line' id='line_1_7' title="bbox 272 693 1847 769; baseline 0.012 -18"><span class='ocrx_word' id='word_1_41' title='bbox 272 694 417 752; x_wconf 80' lang='lat' dir='ltr'><strong>otiosi</strong></span> <span class='ocrx_word' id='word_1_42' title='bbox 448 693 682 766; x_wconf 81' lang='lat' dir='ltr'><strong>fuerant,</strong></span> <span class='ocrx_word' id='word_1_43' title='bbox 718 709 773 756; x_wconf 90' lang='lat' dir='ltr'><strong>et</strong></span> <span class='ocrx_word' id='word_1_44' title='bbox 825 702 1043 761; x_wconf 83' lang='lat' dir='ltr'><strong>misisse</strong></span> <span class='ocrx_word' id='word_1_45' title='bbox 1089 721 1187 762; x_wconf 89' lang='lat' dir='ltr'><strong>eos</strong></span> <span class='ocrx_word' id='word_1_46' title='bbox 1236 708 1290 762; x_wconf 89' lang='lat' dir='ltr'><strong>in</strong></span> <span class='ocrx_word' id='word_1_47' title='bbox 1322 710 1560 765; x_wconf 78' lang='lat' dir='ltr'><strong>vineam.</strong></span> <span class='ocrx_word' id='word_1_48' title='bbox 1594 712 1729 768; x_wconf 86' lang='lat' dir='ltr'><strong>Cum</strong></span> <span class='ocrx_word' id='word_1_49' title='bbox 1752 729 1847 769; x_wconf 88' lang='lat' dir='ltr'><strong>au-</strong></span> 
     </span>
    </p>
   </div>
   <div class='ocr_carea' id='block_1_8' title="bbox 268 789 1842 873">
    <p class='ocr_par' dir='ltr' id='par_1_8' title="bbox 268 789 1842 873">
     <span class='ocr_line' id='line_1_8' title="bbox 268 789 1842 873; baseline 0.01 -29"><span class='ocrx_word' id='word_1_50' title='bbox 268 796 365 844; x_wconf 88' lang='lat' dir='ltr'><strong>tem</strong></span> <span class='ocrx_word' id='word_1_51' title='bbox 392 804 514 846; x_wconf 86' lang='lat' dir='ltr'><strong>sero</strong></span> <span class='ocrx_word' id='word_1_52' title='bbox 541 789 748 849; x_wconf 76' lang='lat' dir='ltr'><strong>factum</strong></span> <span class='ocrx_word' id='word_1_53' title='bbox 778 806 947 867; x_wconf 90' lang='lat' dir='ltr'><strong>esset,</strong></span> <span class='ocrx_word' id='word_1_54' title='bbox 979 801 1313 869; x_wconf 73' lang='lat' dir='ltr'><strong>prmcepisse</strong></span> <span class='ocrx_word' id='word_1_55' title='bbox 1338 806 1688 873; x_wconf 74' lang='lat' dir='ltr'><strong>procuratori</strong></span> <span class='ocrx_word' id='word_1_56' title='bbox 1720 820 1842 872; x_wconf 88' lang='lat' dir='ltr'><strong>suo,</strong></span> 
     </span>
    </p>
   </div>
   <div class='ocr_carea' id='block_1_9' title="bbox 269 884 1845 970">
    <p class='ocr_par' dir='ltr' id='par_1_9' title="bbox 269 884 1845 970">
     <span class='ocr_line' id='line_1_9' title="bbox 269 884 1845 970; baseline 0.011 -32"><span class='ocrx_word' id='word_1_57' title='bbox 269 889 319 938; x_wconf 87' lang='lat' dir='ltr'><strong>ut</strong></span> <span class='ocrx_word' id='word_1_58' title='bbox 348 896 374 937; x_wconf 85' lang='lat' dir='ltr'><strong>a</strong></span> <span class='ocrx_word' id='word_1_59' title='bbox 405 884 720 943; x_wconf 79' lang='lat' dir='ltr'><strong>novissimis</strong></span> <span class='ocrx_word' id='word_1_60' title='bbox 750 887 1024 961; x_wconf 84' lang='lat' dir='ltr'><strong>inciperet</strong></span> <span class='ocrx_word' id='word_1_61' title='bbox 1053 892 1310 963; x_wconf 84' lang='lat' dir='ltr'><strong>reddere,</strong></span> <span class='ocrx_word' id='word_1_62' title='bbox 1341 894 1444 952; x_wconf 92' lang='lat' dir='ltr'><strong>hoc</strong></span> <span class='ocrx_word' id='word_1_63' title='bbox 1475 908 1580 966; x_wconf 88' lang='lat' dir='ltr'><strong>est,</strong></span> <span class='ocrx_word' id='word_1_64' title='bbox 1615 899 1686 955; x_wconf 89' lang='lat' dir='ltr'><strong>ab</strong></span> <span class='ocrx_word' id='word_1_65' title='bbox 1713 914 1845 970; x_wconf 86' lang='lat' dir='ltr'><strong>ope-</strong></span> 
     </span>
    </p>
   </div>
   <div class='ocr_carea' id='block_1_10' title="bbox 264 974 1844 1060">
    <p class='ocr_par' dir='ltr' id='par_1_10' title="bbox 264 974 1844 1060">
     <span class='ocr_line' id='line_1_10' title="bbox 264 974 1844 1060; baseline 0.01 -29"><span class='ocrx_word' id='word_1_66' title='bbox 264 975 411 1031; x_wconf 86' lang='lat' dir='ltr'><strong>rariis</strong></span> <span class='ocrx_word' id='word_1_67' title='bbox 463 974 612 1033; x_wconf 83' lang='lat' dir='ltr'><strong>horae</strong></span> <span class='ocrx_word' id='word_1_68' title='bbox 666 979 973 1040; x_wconf 62' lang='lat' dir='ltr'><strong>undecima:</strong></span> <span class='ocrx_word' id='word_1_69' title='bbox 1024 1000 1200 1058; x_wconf 88' lang='lat' dir='ltr'><strong>usque</strong></span> <span class='ocrx_word' id='word_1_70' title='bbox 1250 988 1318 1042; x_wconf 87' lang='lat' dir='ltr'><strong>ad</strong></span> <span class='ocrx_word' id='word_1_71' title='bbox 1348 990 1633 1060; x_wconf 81' lang='lat' dir='ltr'><strong>cperarios</strong></span> <span class='ocrx_word' id='word_1_72' title='bbox 1691 992 1844 1048; x_wconf 77' lang='lat' dir='ltr'><strong>bone</strong></span> 
     </span>
    </p>
   </div>
   <div class='ocr_carea' id='block_1_11' title="bbox 264 1069 1845 1146">
    <p class='ocr_par' dir='ltr' id='par_1_11' title="bbox 264 1069 1845 1146">
     <span class='ocr_line' id='line_1_11' title="bbox 264 1069 1845 1146; baseline 0.011 -24"><span class='ocrx_word' id='word_1_73' title='bbox 264 1069 438 1139; x_wconf 74' lang='lat' dir='ltr'><strong>prima:</strong></span> <span class='ocrx_word' id='word_1_74' title='bbox 471 1086 484 1136; x_wconf 88' lang='lat'><strong>;</strong></span> <span class='ocrx_word' id='word_1_75' title='bbox 516 1086 821 1145; x_wconf 82' lang='lat' dir='ltr'><strong>omnesque</strong></span> <span class='ocrx_word' id='word_1_76' title='bbox 866 1077 1077 1146; x_wconf 88' lang='lat' dir='ltr'><strong>pariter</strong></span> <span class='ocrx_word' id='word_1_77' title='bbox 1105 1088 1298 1136; x_wconf 78' lang='lat' dir='ltr'><strong>contra</strong></span> <span class='ocrx_word' id='word_1_78' title='bbox 1343 1083 1672 1138; x_wconf 75' lang='lat' dir='ltr'><strong>uerissimos</strong></span> <span class='ocrx_word' id='word_1_79' title='bbox 1705 1085 1845 1139; x_wconf 84' lang='lat' dir='ltr'><strong>invi-</strong></span> 
     </span>
    </p>
   </div>
   <div class='ocr_carea' id='block_1_12' title="bbox 261 1164 1836 1249">
    <p class='ocr_par' dir='ltr' id='par_1_12' title="bbox 261 1164 1836 1249">
     <span class='ocr_line' id='line_1_12' title="bbox 261 1164 1836 1249; baseline 0.01 -29"><span class='ocrx_word' id='word_1_80' title='bbox 261 1164 338 1220; x_wconf 90' lang='lat' dir='ltr'><strong>dia</strong></span> <span class='ocrx_word' id='word_1_81' title='bbox 364 1167 690 1236; x_wconf 86' lang='lat' dir='ltr'><strong>concitatos,</strong></span> <span class='ocrx_word' id='word_1_82' title='bbox 739 1170 1088 1242; x_wconf 83' lang='lat' dir='ltr'><strong>iniquitatem</strong></span> <span class='ocrx_word' id='word_1_83' title='bbox 1137 1176 1382 1247; x_wconf 80' lang='lat' dir='ltr'><strong>arguisse</strong></span> <span class='ocrx_word' id='word_1_84' title='bbox 1414 1177 1836 1249; x_wconf 77' lang='lat' dir='ltr'><strong>patrisfamilias.</strong></span> 
     </span>
    </p>
   </div>
   <div class='ocr_carea' id='block_1_13' title="bbox 263 1258 1841 1345">
    <p class='ocr_par' dir='ltr' id='par_1_13' title="bbox 263 1258 1841 1345">
     <span class='ocr_line' id='line_1_13' title="bbox 263 1258 1841 1345; baseline 0.008 -30"><span class='ocrx_word' id='word_1_85' title='bbox 263 1258 367 1316; x_wconf 80' lang='lat' dir='ltr'><strong>Non</strong></span> <span class='ocrx_word' id='word_1_86' title='bbox 379 1261 521 1333; x_wconf 88' lang='lat' dir='ltr'><strong>quod</strong></span> <span class='ocrx_word' id='word_1_87' title='bbox 552 1264 738 1321; x_wconf 88' lang='lat' dir='ltr'><strong>minus</strong></span> <span class='ocrx_word' id='word_1_88' title='bbox 759 1268 1078 1338; x_wconf 86' lang='lat' dir='ltr'><strong>acceperint</strong></span> <span class='ocrx_word' id='word_1_89' title='bbox 1096 1286 1255 1345; x_wconf 87' lang='lat' dir='ltr'><strong>quam</strong></span> <span class='ocrx_word' id='word_1_90' title='bbox 1271 1270 1841 1340; x_wconf 81' lang='lat' dir='ltr'><strong>lueratcanstitutnm,</strong></span> 
     </span>
    </p>
   </div>
   <div class='ocr_carea' id='block_1_14' title="bbox 263 1353 1839 1436">
    <p class='ocr_par' dir='ltr' id='par_1_14' title="bbox 263 1353 1839 1436">
     <span class='ocr_line' id='line_1_14' title="bbox 263 1353 1839 1436; baseline 0.008 -26"><span class='ocrx_word' id='word_1_91' title='bbox 263 1353 349 1410; x_wconf 85' lang='lat' dir='ltr'><strong>sed</strong></span> <span class='ocrx_word' id='word_1_92' title='bbox 363 1355 503 1424; x_wconf 89' lang='lat' dir='ltr'><strong>quod</strong></span> <span class='ocrx_word' id='word_1_93' title='bbox 531 1356 653 1426; x_wconf 89' lang='lat' dir='ltr'><strong>plus</strong></span> <span class='ocrx_word' id='word_1_94' title='bbox 683 1360 938 1428; x_wconf 87' lang='lat' dir='ltr'><strong>accipere</strong></span> <span class='ocrx_word' id='word_1_95' title='bbox 964 1363 1240 1419; x_wconf 82' lang='lat' dir='ltr'><strong>voluerint</strong></span> <span class='ocrx_word' id='word_1_96' title='bbox 1270 1362 1375 1433; x_wconf 87' lang='lat' dir='ltr'><strong>bis,</strong></span> <span class='ocrx_word' id='word_1_97' title='bbox 1410 1365 1462 1419; x_wconf 89' lang='lat' dir='ltr'><strong>in</strong></span> <span class='ocrx_word' id='word_1_98' title='bbox 1485 1379 1623 1436; x_wconf 65' lang='lat' dir='ltr'><strong>quin</strong></span> <span class='ocrx_word' id='word_1_99' title='bbox 1648 1380 1706 1421; x_wconf 86' lang='lat' dir='ltr'><strong>sc.</strong></span> <span class='ocrx_word' id='word_1_100' title='bbox 1727 1367 1839 1422; x_wconf 63' lang='lat' dir='ltr'><strong>cleo</strong></span> 
     </span>
    </p>
   </div>
   <div class='ocr_carea' id='block_1_15' title="bbox 261 1447 1841 1531">
    <p class='ocr_par' dir='ltr' id='par_1_15' title="bbox 261 1447 1841 1531">
     <span class='ocr_line' id='line_1_15' title="bbox 261 1447 1841 1531; baseline 0.008 -29"><span class='ocrx_word' id='word_1_101' title='bbox 261 1447 449 1503; x_wconf 70' lang='lat' dir='ltr'><strong>mentis</strong></span> <span class='ocrx_word' id='word_1_102' title='bbox 475 1450 837 1508; x_wconf 83' lang='lat' dir='ltr'><strong>conductoris</strong></span> <span class='ocrx_word' id='word_1_103' title='bbox 868 1453 1157 1512; x_wconf 74' lang='lat' dir='ltr'><strong>eﬂ&#39;udcrat.</strong></span> <span class='ocrx_word' id='word_1_104' title='bbox 1192 1456 1323 1513; x_wconf 81' lang='lat' dir='ltr'><strong>Mihi</strong></span> <span class='ocrx_word' id='word_1_105' title='bbox 1356 1457 1613 1514; x_wconf 81' lang='lat' dir='ltr'><strong>videntur</strong></span> <span class='ocrx_word' id='word_1_106' title='bbox 1644 1461 1841 1531; x_wconf 71' lang='lat' dir='ltr'><strong>prima:</strong></span> 
     </span>
    </p>
   </div>
   <div class='ocr_carea' id='block_1_16' title="bbox 256 1536 1839 1619">
    <p class='ocr_par' dir='ltr' id='par_1_16' title="bbox 256 1536 1839 1619">
     <span class='ocr_line' id='line_1_16' title="bbox 256 1536 1839 1619; baseline 0.009 -26"><span class='ocrx_word' id='word_1_107' title='bbox 256 1536 394 1594; x_wconf 62' lang='lat' dir='ltr'><strong>horai</strong></span> <span class='ocrx_word' id='word_1_108' title='bbox 425 1553 549 1597; x_wconf 85' lang='lat' dir='ltr'><strong>esse</strong></span> <span class='ocrx_word' id='word_1_109' title='bbox 577 1542 818 1611; x_wconf 83' lang='lat' dir='ltr'><strong>operarii</strong></span> <span class='ocrx_word' id='word_1_110' title='bbox 858 1544 1105 1616; x_wconf 85' lang='lat' dir='ltr'><strong>Samuel,</strong></span> <span class='ocrx_word' id='word_1_111' title='bbox 1129 1557 1184 1603; x_wconf 92' lang='lat' dir='ltr'><strong>et</strong></span> <span class='ocrx_word' id='word_1_112' title='bbox 1210 1547 1576 1619; x_wconf 87' lang='lat' dir='ltr'><strong>Jeremias,et</strong></span> <span class='ocrx_word' id='word_1_113' title='bbox 1601 1551 1839 1617; x_wconf 64' lang='lat' dir='ltr'><strong>Baptista</strong></span> 
     </span>
    </p>
   </div>
   <div class='ocr_carea' id='block_1_17' title="bbox 259 1631 1841 1708">
    <p class='ocr_par' dir='ltr' id='par_1_17' title="bbox 259 1631 1841 1708">
     <span class='ocr_line' id='line_1_17' title="bbox 259 1631 1841 1708; baseline 0.008 -20"><span class='ocrx_word' id='word_1_114' title='bbox 259 1631 513 1700; x_wconf 76' lang='lat' dir='ltr'><strong>Joannes,</strong></span> <span class='ocrx_word' id='word_1_115' title='bbox 567 1636 663 1708; x_wconf 81' lang='lat' dir='ltr'><strong>qui</strong></span> <span class='ocrx_word' id='word_1_116' title='bbox 711 1650 943 1708; x_wconf 74' lang='lat' dir='ltr'><strong>possunt</strong></span> <span class='ocrx_word' id='word_1_117' title='bbox 973 1655 1097 1695; x_wconf 89' lang='lat' dir='ltr'><strong>cum</strong></span> <span class='ocrx_word' id='word_1_118' title='bbox 1134 1639 1426 1697; x_wconf 85' lang='lat' dir='ltr'><strong>Psalmista</strong></span> <span class='ocrx_word' id='word_1_119' title='bbox 1477 1642 1662 1700; x_wconf 86' lang='lat' dir='ltr'><strong>dicere</strong></span> <span class='ocrx_word' id='word_1_120' title='bbox 1707 1665 1720 1700; x_wconf 88' lang='lat'><strong>:</strong></span> <span class='ocrx_word' id='word_1_121' title='bbox 1756 1644 1841 1700; x_wconf 80' lang='lat' dir='ltr'><strong>Ea:</strong></span> 
     </span>
    </p>
   </div>
   <div class='ocr_carea' id='block_1_18' title="bbox 253 1728 1837 1809">
    <p class='ocr_par' dir='ltr' id='par_1_18' title="bbox 253 1728 1837 1809">
     <span class='ocr_line' id='line_1_18' title="bbox 253 1728 1837 1809; baseline 0.009 -31"><span class='ocrx_word' id='word_1_122' title='bbox 253 1734 384 1780; x_wconf 81' lang='lat' dir='ltr'><strong>utero</strong></span> <span class='ocrx_word' id='word_1_123' title='bbox 435 1728 628 1782; x_wconf 79' lang='lat' dir='ltr'><strong>matris</strong></span> <span class='ocrx_word' id='word_1_124' title='bbox 660 1744 791 1785; x_wconf 79' lang='lat' dir='ltr'><strong>mea:</strong></span> <span class='ocrx_word' id='word_1_125' title='bbox 820 1730 965 1786; x_wconf 87' lang='lat' dir='ltr'><strong>Deus</strong></span> <span class='ocrx_word' id='word_1_126' title='bbox 1000 1749 1140 1788; x_wconf 87' lang='lat' dir='ltr'><strong>meus</strong></span> <span class='ocrx_word' id='word_1_127' title='bbox 1174 1750 1226 1788; x_wconf 90' lang='lat' dir='ltr'><strong>es</strong></span> <span class='ocrx_word' id='word_1_128' title='bbox 1262 1742 1315 1787; x_wconf 89' lang='lat' dir='ltr'><strong>tu</strong></span> <span class='ocrx_word' id='word_1_129' title='bbox 1348 1732 1480 1807; x_wconf 82' lang='lat' dir='ltr'><strong>(Ps.</strong></span> <span class='ocrx_word' id='word_1_130' title='bbox 1525 1751 1619 1790; x_wconf 75' lang='lat' dir='ltr'><strong>ut</strong></span> <span class='ocrx_word' id='word_1_131' title='bbox 1646 1778 1660 1803; x_wconf 93' lang='lat'><strong>,</strong></span> <span class='ocrx_word' id='word_1_132' title='bbox 1712 1738 1771 1792; x_wconf 79' lang='grc' dir='ltr'>Η</span> <span class='ocrx_word' id='word_1_133' title='bbox 1793 1735 1837 1809; x_wconf 86' lang='grc'><strong>).</strong></span> 
     </span>
    </p>
   </div>
   <div class='ocr_carea' id='block_1_19' title="bbox 1948 532 3544 627">
    <p class='ocr_par' dir='ltr' id='par_1_19' title="bbox 1948 532 3544 627">
     <span class='ocr_line' id='line_1_19' title="bbox 1948 532 3544 627; baseline 0.021 -47"><span class='ocrx_word' id='word_1_134' title='bbox 2113 532 2255 627; x_wconf 84' lang='lat' dir='ltr'><strong>regis</strong></span> <span class='ocrx_word' id='word_1_135' title='bbox 2306 534 2489 593; x_wconf 83' lang='lat' dir='ltr'><strong>habet.</strong></span> <span class='ocrx_word' id='word_1_136' title='bbox 2544 539 2819 612; x_wconf 78' lang='lat' dir='ltr'><strong>Recepisti</strong></span> <span class='ocrx_word' id='word_1_137' title='bbox 2866 561 2997 619; x_wconf 89' lang='lat' dir='ltr'><strong>ergo</strong></span> <span class='ocrx_word' id='word_1_138' title='bbox 3048 552 3353 611; x_wconf 88' lang='lat' dir='ltr'><strong>mercedem</strong></span> <span class='ocrx_word' id='word_1_139' title='bbox 3384 532 3544 627; x_wconf 76' lang='lat' dir='ltr'><strong>quam</strong></span> 
     </span>
    </p>
   </div>
   <div class='ocr_carea' id='block_1_20' title="bbox 1948 620 3543 710">
    <p class='ocr_par' dir='ltr' id='par_1_20' title="bbox 1948 620 3543 710">
     <span class='ocr_line' id='line_1_20' title="bbox 1948 620 3543 710; baseline 0.022 -36"><span class='ocrx_word' id='word_1_140' title='bbox 1948 620 2042 676; x_wconf 90' lang='lat' dir='ltr'><strong>tibi</strong></span> <span class='ocrx_word' id='word_1_141' title='bbox 2074 626 2449 700; x_wconf 81' lang='lat' dir='ltr'><strong>promiseram,</strong></span> <span class='ocrx_word' id='word_1_142' title='bbox 2470 631 2573 689; x_wconf 88' lang='lat' dir='ltr'><strong>hoc</strong></span> <span class='ocrx_word' id='word_1_143' title='bbox 2591 643 2695 704; x_wconf 89' lang='lat' dir='ltr'><strong>est,</strong></span> <span class='ocrx_word' id='word_1_144' title='bbox 2720 637 3014 710; x_wconf 76' lang='lat' dir='ltr'><strong>imaginem</strong></span> <span class='ocrx_word' id='word_1_145' title='bbox 3045 651 3102 700; x_wconf 92' lang='lat' dir='ltr'><strong>et</strong></span> <span class='ocrx_word' id='word_1_146' title='bbox 3128 620 3543 709; x_wconf 79' lang='lat' dir='ltr'><strong>similitudinem</strong></span> 
     </span>
    </p>
   </div>
   <div class='ocr_carea' id='block_1_21' title="bbox 1956 712 3546 814">
    <p class='ocr_par' dir='ltr' id='par_1_21' title="bbox 1956 712 3546 814">
     <span class='ocr_line' id='line_1_21' title="bbox 1956 712 3546 814; baseline 0.02 -46"><span class='ocrx_word' id='word_1_147' title='bbox 1956 712 2117 814; x_wconf 56' lang='grc' dir='ltr'>ιω</span> <span class='ocrx_word' id='word_1_148' title='bbox 2138 732 2309 814; x_wconf 83' lang='lat' dir='ltr'><strong>meam</strong></span> <span class='ocrx_word' id='word_1_149' title='bbox 2341 738 2354 774; x_wconf 92' lang='lat'><strong>:</strong></span> <span class='ocrx_word' id='word_1_150' title='bbox 2379 724 2509 794; x_wconf 89' lang='lat' dir='ltr'><strong>quid</strong></span> <span class='ocrx_word' id='word_1_151' title='bbox 2539 728 2739 796; x_wconf 63' lang='lat' dir='ltr'><strong>quatris</strong></span> <span class='ocrx_word' id='word_1_152' title='bbox 2767 732 3032 802; x_wconf 83' lang='lat' dir='ltr'><strong>amplius;</strong></span> <span class='ocrx_word' id='word_1_153' title='bbox 3060 745 3116 792; x_wconf 90' lang='lat' dir='ltr'><strong>et</strong></span> <span class='ocrx_word' id='word_1_154' title='bbox 3144 754 3250 795; x_wconf 91' lang='lat' dir='ltr'><strong>non</strong></span> <span class='ocrx_word' id='word_1_155' title='bbox 3282 748 3391 797; x_wconf 88' lang='lat' dir='ltr'><strong>tam</strong></span> <span class='ocrx_word' id='word_1_156' title='bbox 3430 744 3546 814; x_wconf 87' lang='lat' dir='ltr'><strong>ipse</strong></span> 
     </span>
    </p>
   </div>
   <div class='ocr_carea' id='block_1_22' title="bbox 1951 806 3543 901">
    <p class='ocr_par' dir='ltr' id='par_1_22' title="bbox 1951 806 3543 901">
     <span class='ocr_line' id='line_1_22' title="bbox 1951 806 3543 901; baseline 0.021 -42"><span class='ocrx_word' id='word_1_157' title='bbox 1951 806 2070 874; x_wconf 87' lang='lat' dir='ltr'><strong>plus</strong></span> <span class='ocrx_word' id='word_1_158' title='bbox 2100 810 2370 881; x_wconf 80' lang='lat' dir='ltr'><strong>accipere,</strong></span> <span class='ocrx_word' id='word_1_159' title='bbox 2402 829 2565 886; x_wconf 79' lang='lat' dir='ltr'><strong>quam</strong></span> <span class='ocrx_word' id='word_1_160' title='bbox 2594 818 2759 876; x_wconf 88' lang='lat' dir='ltr'><strong>alium</strong></span> <span class='ocrx_word' id='word_1_161' title='bbox 2793 822 2928 880; x_wconf 86' lang='lat' dir='ltr'><strong>nihil</strong></span> <span class='ocrx_word' id='word_1_162' title='bbox 2956 828 3210 900; x_wconf 82' lang='lat' dir='ltr'><strong>accipere</strong></span> <span class='ocrx_word' id='word_1_163' title='bbox 3237 806 3543 901; x_wconf 67' lang='lat' dir='ltr'><strong>desideras,</strong></span> 
     </span>
    </p>
   </div>
   <div class='ocr_carea' id='block_1_23' title="bbox 1947 901 3548 992">
    <p class='ocr_par' dir='ltr' id='par_1_23' title="bbox 1947 901 3548 992">
     <span class='ocr_line' id='line_1_23' title="bbox 1947 901 3548 992; baseline 0.022 -42"><span class='ocrx_word' id='word_1_164' title='bbox 1947 901 2104 969; x_wconf 84' lang='lat' dir='ltr'><strong>quasi</strong></span> <span class='ocrx_word' id='word_1_165' title='bbox 2135 904 2364 961; x_wconf 81' lang='lat' dir='ltr'><strong>alterius</strong></span> <span class='ocrx_word' id='word_1_166' title='bbox 2387 912 2670 967; x_wconf 88' lang='lat' dir='ltr'><strong>consortio</strong></span> <span class='ocrx_word' id='word_1_167' title='bbox 2700 916 2976 976; x_wconf 81' lang='lat' dir='ltr'><strong>minuatur</strong></span> <span class='ocrx_word' id='word_1_168' title='bbox 3012 924 3223 992; x_wconf 72' lang='lat' dir='ltr'><strong>praemii</strong></span> <span class='ocrx_word' id='word_1_169' title='bbox 3252 928 3548 985; x_wconf 76' lang='lat' dir='ltr'><strong>meritum?</strong></span> 
     </span>
    </p>
   </div>
   <div class='ocr_carea' id='block_1_24' title="bbox 2023 994 3546 1084">
    <p class='ocr_par' dir='ltr' id='par_1_24' title="bbox 2023 994 3546 1084">
     <span class='ocr_line' id='line_1_24' title="bbox 2023 994 3546 1084; baseline 0.02 -35"><span class='ocrx_word' id='word_1_170' title='bbox 2023 994 2204 1065; x_wconf 78' lang='lat' dir='ltr'><strong>(Vers.</strong></span> <span class='ocrx_word' id='word_1_171' title='bbox 2237 999 2326 1069; x_wconf 75' lang='grc'><strong>14,</strong></span> <span class='ocrx_word' id='word_1_172' title='bbox 2360 1001 2478 1073; x_wconf 76' lang='grc'><strong>15.)</strong></span> <span class='ocrx_word' id='word_1_173' title='bbox 2500 1003 2653 1061; x_wconf 81' lang='lat' dir='ltr'><strong>Tolle</strong></span> <span class='ocrx_word' id='word_1_174' title='bbox 2675 1009 2817 1080; x_wconf 87' lang='lat' dir='ltr'><strong>quod</strong></span> <span class='ocrx_word' id='word_1_175' title='bbox 2839 1020 2984 1068; x_wconf 78' lang='lat' dir='ltr'><strong>tuum</strong></span> <span class='ocrx_word' id='word_1_176' title='bbox 3018 1026 3113 1084; x_wconf 88' lang='lat' dir='ltr'><strong>est,</strong></span> <span class='ocrx_word' id='word_1_177' title='bbox 3147 1027 3197 1073; x_wconf 86' lang='lat' dir='ltr'><strong>et</strong></span> <span class='ocrx_word' id='word_1_178' title='bbox 3225 1020 3373 1075; x_wconf 77' lang='lat' dir='ltr'><strong>vade.</strong></span> <span class='ocrx_word' id='word_1_179' title='bbox 3414 1021 3546 1079; x_wconf 81' lang='lat' dir='ltr'><strong>Volo</strong></span> 
     </span>
    </p>
   </div>
   <div class='ocr_carea' id='block_1_25' title="bbox 1948 1091 3551 1171">
    <p class='ocr_par' dir='ltr' id='par_1_25' title="bbox 1948 1091 3551 1171">
     <span class='ocr_line' id='line_1_25' title="bbox 1948 1091 3551 1171; baseline 0.019 -31"><span class='ocrx_word' id='word_1_180' title='bbox 1948 1094 2126 1143; x_wconf 85' lang='lat' dir='ltr'><strong>autem</strong></span> <span class='ocrx_word' id='word_1_181' title='bbox 2146 1099 2193 1143; x_wconf 91' lang='lat' dir='ltr'><strong>et</strong></span> <span class='ocrx_word' id='word_1_182' title='bbox 2222 1091 2344 1146; x_wconf 80' lang='lat' dir='ltr'><strong>huic</strong></span> <span class='ocrx_word' id='word_1_183' title='bbox 2372 1095 2652 1153; x_wconf 73' lang='lat' dir='ltr'><strong>nouissimo</strong></span> <span class='ocrx_word' id='word_1_184' title='bbox 2674 1099 2806 1157; x_wconf 88' lang='lat' dir='ltr'><strong>dare</strong></span> <span class='ocrx_word' id='word_1_185' title='bbox 2823 1104 2957 1158; x_wconf 85' lang='lat' dir='ltr'><strong>sicut</strong></span> <span class='ocrx_word' id='word_1_186' title='bbox 2985 1115 3033 1160; x_wconf 84' lang='lat' dir='ltr'><strong>et</strong></span> <span class='ocrx_word' id='word_1_187' title='bbox 3065 1107 3157 1163; x_wconf 85' lang='lat' dir='ltr'><strong>tibi</strong></span> <span class='ocrx_word' id='word_1_188' title='bbox 3180 1124 3198 1163; x_wconf 93' lang='lat'><strong><em>:</em></strong></span> <span class='ocrx_word' id='word_1_189' title='bbox 3229 1109 3332 1165; x_wconf 79' lang='lat' dir='ltr'><strong>Aut</strong></span> <span class='ocrx_word' id='word_1_190' title='bbox 3352 1128 3456 1168; x_wconf 77' lang='lat' dir='ltr'><strong>non</strong></span> <span class='ocrx_word' id='word_1_191' title='bbox 3481 1116 3551 1171; x_wconf 88' lang='lat' dir='ltr'><strong>li-</strong></span> 
     </span>
    </p>
   </div>
   <div class='ocr_carea' id='block_1_26' title="bbox 1948 1179 3549 1275">
    <p class='ocr_par' dir='ltr' id='par_1_26' title="bbox 1948 1179 3549 1275">
     <span class='ocr_line' id='line_1_26' title="bbox 1948 1179 3549 1275; baseline 0.02 -45"><span class='ocrx_word' id='word_1_192' title='bbox 1948 1186 2025 1275; x_wconf 73' lang='lat' dir='ltr'><strong>cet</strong></span> <span class='ocrx_word' id='word_1_193' title='bbox 2045 1179 2175 1235; x_wconf 71' lang='lat' dir='ltr'><strong>mihi</strong></span> <span class='ocrx_word' id='word_1_194' title='bbox 2197 1184 2340 1252; x_wconf 85' lang='lat' dir='ltr'><strong>quod</strong></span> <span class='ocrx_word' id='word_1_195' title='bbox 2362 1186 2501 1252; x_wconf 64' lang='lat' dir='ltr'><strong>t&#39;olo,</strong></span> <span class='ocrx_word' id='word_1_196' title='bbox 2534 1186 2707 1257; x_wconf 64' lang='lat' dir='ltr'><strong>facem</strong></span> <span class='ocrx_word' id='word_1_197' title='bbox 2724 1192 2750 1246; x_wconf 80' lang='lat'><strong><em>?</em></strong></span> <span class='ocrx_word' id='word_1_198' title='bbox 2776 1191 2997 1252; x_wconf 67' lang='lat' dir='ltr'><strong>Iudaeus</strong></span> <span class='ocrx_word' id='word_1_199' title='bbox 3024 1196 3081 1253; x_wconf 86' lang='lat' dir='ltr'><strong>in</strong></span> <span class='ocrx_word' id='word_1_200' title='bbox 3105 1198 3249 1272; x_wconf 83' lang='lat' dir='ltr'><strong>Lege</strong></span> <span class='ocrx_word' id='word_1_201' title='bbox 3286 1214 3399 1260; x_wconf 88' lang='lat' dir='ltr'><strong>non</strong></span> <span class='ocrx_word' id='word_1_202' title='bbox 3425 1220 3549 1275; x_wconf 81' lang='lat' dir='ltr'><strong>gra-</strong></span> 
     </span>
    </p>
   </div>
   <div class='ocr_carea' id='block_1_27' title="bbox 1949 1270 3550 1361">
    <p class='ocr_par' dir='ltr' id='par_1_27' title="bbox 1949 1270 3550 1361">
     <span class='ocr_line' id='line_1_27' title="bbox 1949 1270 3550 1361; baseline 0.019 -35"><span class='ocrx_word' id='word_1_203' title='bbox 1949 1270 2045 1341; x_wconf 85' lang='lat' dir='ltr'><strong>tia,</strong></span> <span class='ocrx_word' id='word_1_204' title='bbox 2076 1274 2172 1331; x_wconf 89' lang='lat' dir='ltr'><strong>sed</strong></span> <span class='ocrx_word' id='word_1_205' title='bbox 2202 1291 2372 1346; x_wconf 88' lang='lat' dir='ltr'><strong>opere</strong></span> <span class='ocrx_word' id='word_1_206' title='bbox 2410 1280 2671 1339; x_wconf 79' lang='lat' dir='ltr'><strong>salvator.</strong></span> <span class='ocrx_word' id='word_1_207' title='bbox 2698 1285 2799 1355; x_wconf 85' lang='lat' dir='ltr'><strong>Qui</strong></span> <span class='ocrx_word' id='word_1_208' title='bbox 2830 1289 2975 1345; x_wconf 89' lang='lat' dir='ltr'><strong>enim</strong></span> <span class='ocrx_word' id='word_1_209' title='bbox 3008 1270 3203 1349; x_wconf 65' lang='lat' dir='ltr'><strong>{scerit</strong></span> <span class='ocrx_word' id='word_1_210' title='bbox 3222 1309 3365 1361; x_wconf 87' lang='lat' dir='ltr'><strong>eam.</strong></span> <span class='ocrx_word' id='word_1_211' title='bbox 3398 1270 3550 1356; x_wconf 81' lang='lat' dir='ltr'><strong>vivet</strong></span> 
     </span>
    </p>
   </div>
   <div class='ocr_carea' id='block_1_28' title="bbox 1947 1367 2810 1436">
    <p class='ocr_par' dir='ltr' id='par_1_28' title="bbox 1947 1367 2810 1436">
     <span class='ocr_line' id='line_1_28' title="bbox 1947 1367 2810 1436; baseline 0.019 -15"><span class='ocrx_word' id='word_1_212' title='bbox 1947 1367 2000 1422; x_wconf 91' lang='lat' dir='ltr'><strong>in</strong></span> <span class='ocrx_word' id='word_1_213' title='bbox 2026 1383 2108 1423; x_wconf 90' lang='lat' dir='ltr'><strong>ca.</strong></span> <span class='ocrx_word' id='word_1_214' title='bbox 2134 1368 2292 1428; x_wconf 87' lang='lat' dir='ltr'><strong>Unde</strong></span> <span class='ocrx_word' id='word_1_215' title='bbox 2312 1372 2514 1430; x_wconf 87' lang='lat' dir='ltr'><strong>dicitur</strong></span> <span class='ocrx_word' id='word_1_216' title='bbox 2544 1377 2612 1432; x_wconf 85' lang='lat' dir='ltr'><strong>ad</strong></span> <span class='ocrx_word' id='word_1_217' title='bbox 2642 1394 2769 1436; x_wconf 88' lang='lat' dir='ltr'><strong>eum</strong></span> <span class='ocrx_word' id='word_1_218' title='bbox 2797 1399 2810 1436; x_wconf 92' lang='lat'>:</span> 
     </span>
    </p>
   </div>
   <div class='ocr_carea' id='block_1_29' title="bbox 2017 1460 3548 1558">
    <p class='ocr_par' dir='ltr' id='par_1_29' title="bbox 2017 1460 3548 1558">
     <span class='ocr_line' id='line_1_29' title="bbox 2017 1460 3548 1558; baseline 0.018 -42"><span class='ocrx_word' id='word_1_219' title='bbox 2017 1460 2202 1531; x_wconf 69' lang='lat' dir='ltr'><strong>(Vera.</strong></span> <span class='ocrx_word' id='word_1_220' title='bbox 2400 1466 2479 1524; x_wconf 78' lang='lat' dir='ltr'><strong>An</strong></span> <span class='ocrx_word' id='word_1_221' title='bbox 2510 1471 2692 1527; x_wconf 80' lang='lat' dir='ltr'><strong>oculus</strong></span> <span class='ocrx_word' id='word_1_222' title='bbox 2737 1483 2859 1530; x_wconf 87' lang='lat' dir='ltr'><strong>tuus</strong></span> <span class='ocrx_word' id='word_1_223' title='bbox 2899 1491 3118 1548; x_wconf 75' lang='lat' dir='ltr'><strong>nequam</strong></span> <span class='ocrx_word' id='word_1_224' title='bbox 3146 1490 3255 1548; x_wconf 86' lang='lat' dir='ltr'><strong>est,</strong></span> <span class='ocrx_word' id='word_1_225' title='bbox 3301 1486 3425 1554; x_wconf 85' lang='lat' dir='ltr'><strong>quia</strong></span> <span class='ocrx_word' id='word_1_226' title='bbox 3451 1503 3548 1558; x_wconf 87' lang='lat' dir='ltr'><strong>ego</strong></span> 
     </span>
    </p>
   </div>
   <div class='ocr_carea' id='block_1_30' title="bbox 1948 1551 3548 1644">
    <p class='ocr_par' dir='ltr' id='par_1_30' title="bbox 1948 1551 3548 1644">
     <span class='ocr_line' id='line_1_30' title="bbox 1948 1551 3548 1644; baseline 0.018 -39"><span class='ocrx_word' id='word_1_227' title='bbox 1948 1551 2110 1607; x_wconf 86' lang='lat' dir='ltr'><strong>bonus</strong></span> <span class='ocrx_word' id='word_1_228' title='bbox 2135 1557 2291 1611; x_wconf 75' lang='lat' dir='ltr'><strong>sum?</strong></span> <span class='ocrx_word' id='word_1_229' title='bbox 2319 1556 2414 1613; x_wconf 88' lang='lat' dir='ltr'><strong>Sic</strong></span> <span class='ocrx_word' id='word_1_230' title='bbox 2431 1571 2583 1615; x_wconf 83' lang='lat' dir='ltr'><strong>erunt</strong></span> <span class='ocrx_word' id='word_1_231' title='bbox 2609 1564 2877 1619; x_wconf 82' lang='lat' dir='ltr'><strong>nouissimi</strong></span> <span class='ocrx_word' id='word_1_232' title='bbox 2895 1569 3075 1639; x_wconf 81' lang='lat' dir='ltr'><strong>primi,</strong></span> <span class='ocrx_word' id='word_1_233' title='bbox 3109 1580 3157 1625; x_wconf 81' lang='lat' dir='ltr'><strong>et</strong></span> <span class='ocrx_word' id='word_1_234' title='bbox 3184 1551 3341 1644; x_wconf 79' lang='lat' dir='ltr'><strong>primi</strong></span> <span class='ocrx_word' id='word_1_235' title='bbox 3367 1551 3548 1633; x_wconf 75' lang='lat' dir='ltr'><strong>novis-</strong></span> 
     </span>
    </p>
   </div>
   <div class='ocr_carea' id='block_1_31' title="bbox 1944 1646 3541 1741">
    <p class='ocr_par' dir='ltr' id='par_1_31' title="bbox 1944 1646 3541 1741">
     <span class='ocr_line' id='line_1_31' title="bbox 1944 1646 3541 1741; baseline 0.019 -42"><span class='ocrx_word' id='word_1_236' title='bbox 1944 1646 2082 1700; x_wconf 88' lang='lat' dir='ltr'><strong>simi.</strong></span> <span class='ocrx_word' id='word_1_237' title='bbox 2109 1646 2267 1702; x_wconf 81' lang='lat' dir='ltr'><strong>Multi</strong></span> <span class='ocrx_word' id='word_1_238' title='bbox 2288 1652 2427 1706; x_wconf 86' lang='lat' dir='ltr'><strong>enim</strong></span> <span class='ocrx_word' id='word_1_239' title='bbox 2447 1663 2569 1708; x_wconf 88' lang='lat' dir='ltr'><strong>sunt</strong></span> <span class='ocrx_word' id='word_1_240' title='bbox 2589 1652 2775 1722; x_wconf 83' lang='lat' dir='ltr'><strong>vocati,</strong></span> <span class='ocrx_word' id='word_1_241' title='bbox 2802 1661 2957 1731; x_wconf 84' lang='lat' dir='ltr'><strong>pauci</strong></span> <span class='ocrx_word' id='word_1_242' title='bbox 2978 1678 3094 1717; x_wconf 81' lang='lat' dir='ltr'><strong>vero</strong></span> <span class='ocrx_word' id='word_1_243' title='bbox 3115 1666 3283 1721; x_wconf 81' lang='lat' dir='ltr'><strong>electi.</strong></span> <span class='ocrx_word' id='word_1_244' title='bbox 3307 1670 3541 1741; x_wconf 87' lang='lat' dir='ltr'><strong>ldipsum</strong></span> 
     </span>
    </p>
   </div>
   <div class='ocr_carea' id='block_1_32' title="bbox 1946 1741 3545 1825">
    <p class='ocr_par' dir='ltr' id='par_1_32' title="bbox 1946 1741 3545 1825">
     <span class='ocr_line' id='line_1_32' title="bbox 1946 1741 3545 1825; baseline 0.018 -35"><span class='ocrx_word' id='word_1_245' title='bbox 1946 1747 2106 1792; x_wconf 85' lang='lat' dir='ltr'><strong>sonat</strong></span> <span class='ocrx_word' id='word_1_246' title='bbox 2146 1749 2202 1795; x_wconf 88' lang='lat' dir='ltr'><strong>et</strong></span> <span class='ocrx_word' id='word_1_247' title='bbox 2244 1741 2332 1797; x_wconf 88' lang='lat' dir='ltr'><strong>illa</strong></span> <span class='ocrx_word' id='word_1_248' title='bbox 2359 1743 2520 1801; x_wconf 82' lang='lat' dir='ltr'><strong>Lucae</strong></span> <span class='ocrx_word' id='word_1_249' title='bbox 2552 1747 2831 1817; x_wconf 74' lang='lat' dir='ltr'><strong>parabole,</strong></span> <span class='ocrx_word' id='word_1_250' title='bbox 2863 1752 2955 1806; x_wconf 88' lang='lat' dir='ltr'><strong>ubi</strong></span> <span class='ocrx_word' id='word_1_251' title='bbox 2982 1755 3160 1825; x_wconf 72' lang='lat' dir='ltr'><strong>major</strong></span> <span class='ocrx_word' id='word_1_252' title='bbox 3183 1759 3322 1815; x_wconf 85' lang='lat' dir='ltr'><strong>illius</strong></span> <span class='ocrx_word' id='word_1_253' title='bbox 3350 1764 3545 1821; x_wconf 89' lang='lat' dir='ltr'><strong>minori</strong></span> 
     </span>
    </p>
   </div>
   <div class='ocr_carea' id='block_1_33' title="bbox 259 1811 3552 1926">
    <p class='ocr_par' dir='ltr' id='par_1_33' title="bbox 259 1811 3552 1926">
     <span class='ocr_line' id='line_1_33' title="bbox 259 1811 3552 1926; baseline 0.011 -53"><span class='ocrx_word' id='word_1_254' title='bbox 259 1817 446 1875; x_wconf 69' lang='lat' dir='ltr'><strong>Tertia:</strong></span> <span class='ocrx_word' id='word_1_255' title='bbox 481 1836 621 1878; x_wconf 80' lang='lat' dir='ltr'><strong>vero</strong></span> <span class='ocrx_word' id='word_1_256' title='bbox 668 1821 823 1879; x_wconf 63' lang='lat' dir='ltr'><strong>liora:</strong></span> <span class='ocrx_word' id='word_1_257' title='bbox 869 1825 1104 1896; x_wconf 77' lang='lat' dir='ltr'><strong>operarii</strong></span> <span class='ocrx_word' id='word_1_258' title='bbox 1147 1834 1297 1896; x_wconf 86' lang='lat' dir='ltr'><strong>sunt,</strong></span> <span class='ocrx_word' id='word_1_259' title='bbox 1339 1826 1429 1897; x_wconf 86' lang='lat' dir='ltr'><strong>qui</strong></span> <span class='ocrx_word' id='word_1_260' title='bbox 1481 1842 1510 1880; x_wconf 83' lang='lat' dir='ltr'><strong>a</strong></span> <span class='ocrx_word' id='word_1_261' title='bbox 1554 1828 1843 1899; x_wconf 84' lang='lat' dir='ltr'><strong>pubertate</strong></span> <span class='ocrx_word' id='word_1_262' title='bbox 1871 1811 1919 1874; x_wconf 72' lang='grc' dir='ltr'><strong>Β</strong></span> <span class='ocrx_word' id='word_1_263' title='bbox 1950 1830 2178 1901; x_wconf 81' lang='lat' dir='ltr'><strong>invidet,</strong></span> <span class='ocrx_word' id='word_1_264' title='bbox 2212 1842 2269 1890; x_wconf 90' lang='lat' dir='ltr'><strong>et</strong></span> <span class='ocrx_word' id='word_1_265' title='bbox 2296 1849 2403 1890; x_wconf 91' lang='lat' dir='ltr'><strong>non</strong></span> <span class='ocrx_word' id='word_1_266' title='bbox 2436 1811 2705 1895; x_wconf 36' lang='lat' dir='ltr'><strong>vult&#39;oum</strong></span> <span class='ocrx_word' id='word_1_267' title='bbox 2750 1843 2919 1914; x_wconf 88' lang='lat' dir='ltr'><strong>recipi</strong></span> <span class='ocrx_word' id='word_1_268' title='bbox 2954 1811 3336 1919; x_wconf 65' lang='lat' dir='ltr'><strong>pmtiitentem,</strong></span> <span class='ocrx_word' id='word_1_269' title='bbox 3366 1863 3423 1908; x_wconf 80' lang='lat' dir='ltr'><strong>et</strong></span> <span class='ocrx_word' id='word_1_270' title='bbox 3455 1872 3552 1926; x_wconf 82' lang='lat' dir='ltr'><strong>pa-</strong></span> 
     </span>
    </p>
   </div>
   <div class='ocr_carea' id='block_1_34' title="bbox 250 1911 1841 1991">
    <p class='ocr_par' dir='ltr' id='par_1_34' title="bbox 250 1911 1841 1991">
     <span class='ocr_line' id='line_1_34' title="bbox 250 1911 1841 1991; baseline 0.007 -25"><span class='ocrx_word' id='word_1_271' title='bbox 250 1911 438 1969; x_wconf 81' lang='lat' dir='ltr'><strong>servire</strong></span> <span class='ocrx_word' id='word_1_272' title='bbox 458 1911 575 1969; x_wconf 87' lang='lat' dir='ltr'><strong>Deo</strong></span> <span class='ocrx_word' id='word_1_273' title='bbox 606 1927 917 1987; x_wconf 67' lang='lat' dir='ltr'><strong>creperum.</strong></span> <span class='ocrx_word' id='word_1_274' title='bbox 960 1917 1115 1991; x_wconf 77' lang='lat'><strong>153</strong></span> <span class='ocrx_word' id='word_1_275' title='bbox 1159 1918 1340 1975; x_wconf 68' lang='lat' dir='ltr'><strong>Sexta:</strong></span> <span class='ocrx_word' id='word_1_276' title='bbox 1370 1918 1551 1987; x_wconf 84' lang='lat' dir='ltr'><strong>horae,</strong></span> <span class='ocrx_word' id='word_1_277' title='bbox 1591 1923 1679 1987; x_wconf 84' lang='lat' dir='ltr'><strong>aui</strong></span> <span class='ocrx_word' id='word_1_278' title='bbox 1729 1938 1841 1977; x_wconf 85' lang='lat' dir='ltr'><strong>ma-</strong></span> 
     </span>
    </p>
   </div>
   <div class='ocr_carea' id='block_1_35' title="bbox 253 2010 1841 2085">
    <p class='ocr_par' dir='ltr' id='par_1_35' title="bbox 253 2010 1841 2085">
     <span class='ocr_line' id='line_1_35' title="bbox 253 2010 1841 2085; baseline 0.008 -27"><span class='ocrx_word' id='word_1_279' title='bbox 253 2012 365 2060; x_wconf 90' lang='lat' dir='ltr'><strong>tura</strong></span> <span class='ocrx_word' id='word_1_280' title='bbox 402 2015 567 2062; x_wconf 64' lang='lat' dir='ltr'><strong>etate</strong></span> <span class='ocrx_word' id='word_1_281' title='bbox 614 2022 982 2079; x_wconf 85' lang='lat' dir='ltr'><strong>susceperunt</strong></span> <span class='ocrx_word' id='word_1_282' title='bbox 1017 2010 1207 2082; x_wconf 73' lang='lat' dir='ltr'><strong>iugum</strong></span> <span class='ocrx_word' id='word_1_283' title='bbox 1236 2012 1461 2068; x_wconf 85' lang='lat' dir='ltr'><strong>Christi.</strong></span> <span class='ocrx_word' id='word_1_284' title='bbox 1520 2013 1714 2081; x_wconf 76' lang='lat' dir='ltr'><strong>Nonae,</strong></span> <span class='ocrx_word' id='word_1_285' title='bbox 1749 2015 1841 2085; x_wconf 88' lang='lat' dir='ltr'><strong>qui</strong></span> 
     </span>
    </p>
   </div>
   <div class='ocr_carea' id='block_1_36' title="bbox 246 2097 1840 2181">
    <p class='ocr_par' dir='ltr' id='par_1_36' title="bbox 246 2097 1840 2181">
     <span class='ocr_line' id='line_1_36' title="bbox 246 2097 1840 2181; baseline 0.01 -30"><span class='ocrx_word' id='word_1_286' title='bbox 246 2097 341 2169; x_wconf 79' lang='lat' dir='ltr'><strong>jam</strong></span> <span class='ocrx_word' id='word_1_287' title='bbox 365 2098 693 2159; x_wconf 83' lang='lat' dir='ltr'><strong>declinante</strong></span> <span class='ocrx_word' id='word_1_288' title='bbox 733 2103 856 2176; x_wconf 82' lang='grc' dir='ltr'><strong>[Αι.</strong></span> <span class='ocrx_word' id='word_1_289' title='bbox 902 2104 1215 2181; x_wconf 84' lang='lat' dir='ltr'><strong>declinant]</strong></span> <span class='ocrx_word' id='word_1_290' title='bbox 1263 2107 1330 2163; x_wconf 88' lang='lat' dir='ltr'><strong>ad</strong></span> <span class='ocrx_word' id='word_1_291' title='bbox 1384 2109 1618 2165; x_wconf 80' lang='lat' dir='ltr'><strong>senium.</strong></span> <span class='ocrx_word' id='word_1_292' title='bbox 1668 2110 1840 2166; x_wconf 85' lang='lat' dir='ltr'><strong>Porro</strong></span> 
     </span>
    </p>
   </div>
   <div class='ocr_carea' id='block_1_37' title="bbox 255 2191 1842 2267">
    <p class='ocr_par' dir='ltr' id='par_1_37' title="bbox 255 2191 1842 2267">
     <span class='ocr_line' id='line_1_37' title="bbox 255 2191 1842 2267; baseline 0.009 -22"><span class='ocrx_word' id='word_1_293' title='bbox 255 2191 570 2262; x_wconf 57' lang='lat' dir='ltr'><strong>undecima,</strong></span> <span class='ocrx_word' id='word_1_294' title='bbox 618 2195 715 2267; x_wconf 88' lang='lat' dir='ltr'><strong>qui</strong></span> <span class='ocrx_word' id='word_1_295' title='bbox 752 2196 943 2252; x_wconf 87' lang='lat' dir='ltr'><strong>ultima</strong></span> <span class='ocrx_word' id='word_1_296' title='bbox 975 2207 1262 2255; x_wconf 81' lang='lat' dir='ltr'><strong>senectute</strong></span> <span class='ocrx_word' id='word_1_297' title='bbox 1292 2218 1306 2255; x_wconf 91' lang='lat'><strong>:</strong></span> <span class='ocrx_word' id='word_1_298' title='bbox 1341 2210 1396 2256; x_wconf 83' lang='lat' dir='ltr'><strong>et</strong></span> <span class='ocrx_word' id='word_1_299' title='bbox 1429 2211 1608 2258; x_wconf 84' lang='lat' dir='ltr'><strong>tamen</strong></span> <span class='ocrx_word' id='word_1_300' title='bbox 1650 2218 1842 2259; x_wconf 88' lang='lat' dir='ltr'><strong>omnes</strong></span> 
     </span>
    </p>
   </div>
   <div class='ocr_carea' id='block_1_38' title="bbox 246 2287 1835 2363">
    <p class='ocr_par' dir='ltr' id='par_1_38' title="bbox 246 2287 1835 2363">
     <span class='ocr_line' id='line_1_38' title="bbox 246 2287 1835 2363; baseline 0.009 -24"><span class='ocrx_word' id='word_1_301' title='bbox 246 2287 430 2355; x_wconf 84' lang='lat' dir='ltr'><strong>pariter</strong></span> <span class='ocrx_word' id='word_1_302' title='bbox 454 2289 741 2360; x_wconf 83' lang='lat' dir='ltr'><strong>accipiunt</strong></span> <span class='ocrx_word' id='word_1_303' title='bbox 769 2293 1081 2363; x_wconf 67' lang='lat' dir='ltr'><strong>prmmium,</strong></span> <span class='ocrx_word' id='word_1_304' title='bbox 1106 2294 1237 2352; x_wconf 92' lang='lat' dir='ltr'><strong>licet</strong></span> <span class='ocrx_word' id='word_1_305' title='bbox 1266 2296 1519 2354; x_wconf 75' lang='lat' dir='ltr'><strong>diversus</strong></span> <span class='ocrx_word' id='word_1_306' title='bbox 1548 2297 1699 2353; x_wconf 88' lang='lat' dir='ltr'><strong>labor</strong></span> <span class='ocrx_word' id='word_1_307' title='bbox 1742 2299 1835 2353; x_wconf 75' lang='lat' dir='ltr'><strong>sit.</strong></span> 
     </span>
    </p>
   </div>
   <div class='ocr_carea' id='block_1_39' title="bbox 245 2376 1835 2455">
    <p class='ocr_par' dir='ltr' id='par_1_39' title="bbox 245 2376 1835 2455">
     <span class='ocr_line' id='line_1_39' title="bbox 245 2376 1835 2455; baseline 0.008 -21"><span class='ocrx_word' id='word_1_308' title='bbox 245 2376 367 2434; x_wconf 88' lang='lat' dir='ltr'><strong>Sunt</strong></span> <span class='ocrx_word' id='word_1_309' title='bbox 410 2382 503 2451; x_wconf 90' lang='lat' dir='ltr'><strong>qui</strong></span> <span class='ocrx_word' id='word_1_310' title='bbox 543 2382 695 2439; x_wconf 82' lang='lat' dir='ltr'><strong>hanc</strong></span> <span class='ocrx_word' id='word_1_311' title='bbox 734 2386 1048 2455; x_wconf 87' lang='lat' dir='ltr'><strong>parabolam</strong></span> <span class='ocrx_word' id='word_1_312' title='bbox 1102 2387 1261 2445; x_wconf 81' lang='lat' dir='ltr'><strong>aliter</strong></span> <span class='ocrx_word' id='word_1_313' title='bbox 1291 2389 1619 2446; x_wconf 86' lang='lat' dir='ltr'><strong>edisseram.</strong></span> <span class='ocrx_word' id='word_1_314' title='bbox 1656 2390 1835 2447; x_wconf 86' lang='lat' dir='ltr'><strong>Prima</strong></span> 
     </span>
    </p>
   </div>
   <div class='ocr_carea' id='block_1_40' title="bbox 250 2466 1831 2540">
    <p class='ocr_par' dir='ltr' id='par_1_40' title="bbox 250 2466 1831 2540">
     <span class='ocr_line' id='line_1_40' title="bbox 250 2466 1831 2540; baseline 0.011 -17"><span class='ocrx_word' id='word_1_315' title='bbox 250 2466 365 2526; x_wconf 81' lang='lat' dir='ltr'><strong>liora</strong></span> <span class='ocrx_word' id='word_1_316' title='bbox 400 2480 425 2508; x_wconf 81' lang='grc' dir='ltr'>ι</span> <span class='ocrx_word' id='word_1_317' title='bbox 456 2473 659 2530; x_wconf 73' lang='lat' dir='ltr'><strong>volunt</strong></span> <span class='ocrx_word' id='word_1_318' title='bbox 688 2477 915 2533; x_wconf 90' lang='lat' dir='ltr'><strong>missum</strong></span> <span class='ocrx_word' id='word_1_319' title='bbox 945 2494 1067 2535; x_wconf 88' lang='lat' dir='ltr'><strong>esse</strong></span> <span class='ocrx_word' id='word_1_320' title='bbox 1096 2480 1150 2535; x_wconf 90' lang='lat' dir='ltr'><strong>in</strong></span> <span class='ocrx_word' id='word_1_321' title='bbox 1182 2481 1396 2538; x_wconf 83' lang='lat' dir='ltr'><strong>vineam</strong></span> <span class='ocrx_word' id='word_1_322' title='bbox 1423 2481 1597 2538; x_wconf 86' lang='lat' dir='ltr'><strong>Adam</strong></span> <span class='ocrx_word' id='word_1_323' title='bbox 1628 2493 1679 2539; x_wconf 93' lang='lat' dir='ltr'><strong>et</strong></span> <span class='ocrx_word' id='word_1_324' title='bbox 1709 2486 1831 2540; x_wconf 43' lang='lat' dir='ltr'><strong>reli&#39;</strong></span> 
     </span>
    </p>
   </div>
   <div class='ocr_carea' id='block_1_41' title="bbox 247 2566 1840 2646">
    <p class='ocr_par' dir='ltr' id='par_1_41' title="bbox 247 2566 1840 2646">
     <span class='ocr_line' id='line_1_41' title="bbox 247 2566 1840 2646; baseline 0.009 -29"><span class='ocrx_word' id='word_1_325' title='bbox 247 2577 370 2632; x_wconf 83' lang='lat' dir='ltr'><strong>quos</strong></span> <span class='ocrx_word' id='word_1_326' title='bbox 382 2566 731 2635; x_wconf 82' lang='lat' dir='ltr'><strong>patriarchas</strong></span> <span class='ocrx_word' id='word_1_327' title='bbox 745 2585 919 2642; x_wconf 87' lang='lat' dir='ltr'><strong>usque</strong></span> <span class='ocrx_word' id='word_1_328' title='bbox 939 2572 1007 2626; x_wconf 85' lang='lat' dir='ltr'><strong>ad</strong></span> <span class='ocrx_word' id='word_1_329' title='bbox 1028 2572 1174 2639; x_wconf 86' lang='lat' dir='ltr'><strong>Noe;</strong></span> <span class='ocrx_word' id='word_1_330' title='bbox 1203 2576 1383 2642; x_wconf 85' lang='lat' dir='ltr'><strong>tertia,</strong></span> <span class='ocrx_word' id='word_1_331' title='bbox 1410 2576 1588 2646; x_wconf 87' lang='lat' dir='ltr'><strong>ipsum</strong></span> <span class='ocrx_word' id='word_1_332' title='bbox 1608 2575 1725 2633; x_wconf 86' lang='lat' dir='ltr'><strong>Noe</strong></span> <span class='ocrx_word' id='word_1_333' title='bbox 1748 2594 1840 2632; x_wconf 82' lang='lat' dir='ltr'><strong>us-</strong></span> 
     </span>
    </p>
   </div>
   <div class='ocr_carea' id='block_1_42' title="bbox 241 2657 1836 2737">
    <p class='ocr_par' dir='ltr' id='par_1_42' title="bbox 241 2657 1836 2737">
     <span class='ocr_line' id='line_1_42' title="bbox 241 2657 1836 2737; baseline 0.009 -25"><span class='ocrx_word' id='word_1_334' title='bbox 241 2671 333 2726; x_wconf 87' lang='lat' dir='ltr'><strong>que</strong></span> <span class='ocrx_word' id='word_1_335' title='bbox 354 2657 416 2714; x_wconf 88' lang='lat' dir='ltr'><strong>ad</strong></span> <span class='ocrx_word' id='word_1_336' title='bbox 442 2661 727 2718; x_wconf 73' lang='lat' dir='ltr'><strong>Abraham</strong></span> <span class='ocrx_word' id='word_1_337' title='bbox 755 2674 811 2720; x_wconf 91' lang='lat' dir='ltr'><strong>et</strong></span> <span class='ocrx_word' id='word_1_338' title='bbox 833 2665 1314 2724; x_wconf 88' lang='lat' dir='ltr'><strong>circumcisionem</strong></span> <span class='ocrx_word' id='word_1_339' title='bbox 1346 2670 1394 2724; x_wconf 90' lang='lat' dir='ltr'><strong>ci</strong></span> <span class='ocrx_word' id='word_1_340' title='bbox 1430 2669 1645 2737; x_wconf 83' lang='lat' dir='ltr'><strong>datam;</strong></span> <span class='ocrx_word' id='word_1_341' title='bbox 1680 2681 1836 2727; x_wconf 77' lang='lat' dir='ltr'><strong>sexta</strong></span> 
     </span>
    </p>
   </div>
   <div class='ocr_carea' id='block_1_43' title="bbox 244 2751 1835 2835">
    <p class='ocr_par' dir='ltr' id='par_1_43' title="bbox 244 2751 1835 2835">
     <span class='ocr_line' id='line_1_43' title="bbox 244 2751 1835 2835; baseline 0.011 -30"><span class='ocrx_word' id='word_1_342' title='bbox 244 2751 304 2806; x_wconf 79' lang='lat' dir='ltr'><strong>ab</strong></span> <span class='ocrx_word' id='word_1_343' title='bbox 323 2753 601 2812; x_wconf 78' lang='lat' dir='ltr'><strong>Abraham</strong></span> <span class='ocrx_word' id='word_1_344' title='bbox 637 2773 814 2830; x_wconf 88' lang='lat' dir='ltr'><strong>usque</strong></span> <span class='ocrx_word' id='word_1_345' title='bbox 860 2760 928 2815; x_wconf 88' lang='lat' dir='ltr'><strong>ad</strong></span> <span class='ocrx_word' id='word_1_346' title='bbox 986 2761 1233 2835; x_wconf 82' lang='lat' dir='ltr'><strong>Moysen,</strong></span> <span class='ocrx_word' id='word_1_347' title='bbox 1292 2765 1512 2835; x_wconf 86' lang='lat' dir='ltr'><strong>quando</strong></span> <span class='ocrx_word' id='word_1_348' title='bbox 1566 2765 1680 2822; x_wconf 83' lang='lat' dir='ltr'><strong>Lex</strong></span> <span class='ocrx_word' id='word_1_349' title='bbox 1711 2766 1835 2822; x_wconf 87' lang='lat' dir='ltr'><strong>data</strong></span> 
     </span>
    </p>
   </div>
   <div class='ocr_carea' id='block_1_44' title="bbox 238 2850 1829 2929">
    <p class='ocr_par' dir='ltr' id='par_1_44' title="bbox 238 2850 1829 2929">
     <span class='ocr_line' id='line_1_44' title="bbox 238 2850 1829 2929; baseline 0.009 -28"><span class='ocrx_word' id='word_1_350' title='bbox 238 2854 523 2918; x_wconf 70' lang='lat' dir='ltr'><strong>estmons,</strong></span> <span class='ocrx_word' id='word_1_351' title='bbox 567 2850 751 2922; x_wconf 90' lang='lat' dir='ltr'><strong>ipsum</strong></span> <span class='ocrx_word' id='word_1_352' title='bbox 779 2853 1004 2929; x_wconf 82' lang='lat' dir='ltr'><strong>Moysen</strong></span> <span class='ocrx_word' id='word_1_353' title='bbox 1045 2866 1099 2912; x_wconf 91' lang='lat' dir='ltr'><strong>et</strong></span> <span class='ocrx_word' id='word_1_354' title='bbox 1154 2859 1490 2929; x_wconf 88' lang='lat' dir='ltr'><strong>prophetas;</strong></span> <span class='ocrx_word' id='word_1_355' title='bbox 1520 2859 1829 2927; x_wconf 84' lang='lat' dir='ltr'><strong>undecima,</strong></span> 
     </span>
    </p>
   </div>
   <div class='ocr_carea' id='block_1_45' title="bbox 236 2943 1831 3024">
    <p class='ocr_par' dir='ltr' id='par_1_45' title="bbox 236 2943 1831 3024">
     <span class='ocr_line' id='line_1_45' title="bbox 236 2943 1831 3024; baseline 0.008 -27"><span class='ocrx_word' id='word_1_356' title='bbox 236 2943 496 3012; x_wconf 76' lang='lat' dir='ltr'><strong>apostolos</strong></span> <span class='ocrx_word' id='word_1_357' title='bbox 536 2954 599 3003; x_wconf 86' lang='lat' dir='ltr'><strong>et</strong></span> <span class='ocrx_word' id='word_1_358' title='bbox 625 2949 872 3019; x_wconf 85' lang='lat' dir='ltr'><strong>gentium</strong></span> <span class='ocrx_word' id='word_1_359' title='bbox 922 2953 1205 3022; x_wconf 65' lang='lat' dir='ltr'><strong>polrulum,</strong></span> <span class='ocrx_word' id='word_1_360' title='bbox 1239 2954 1442 3024; x_wconf 88' lang='lat' dir='ltr'><strong>quibus</strong></span> <span class='ocrx_word' id='word_1_361' title='bbox 1470 2969 1666 3011; x_wconf 87' lang='lat' dir='ltr'><strong>omnes</strong></span> <span class='ocrx_word' id='word_1_362' title='bbox 1693 2954 1831 3010; x_wconf 80' lang='lat' dir='ltr'><strong>inri-</strong></span> 
     </span>
    </p>
   </div>
   <div class='ocr_carea' id='block_1_46' title="bbox 237 3031 1829 3118">
    <p class='ocr_par' dir='ltr' id='par_1_46' title="bbox 237 3031 1829 3118">
     <span class='ocr_line' id='line_1_46' title="bbox 237 3031 1829 3118; baseline 0.009 -31"><span class='ocrx_word' id='word_1_363' title='bbox 237 3031 367 3090; x_wconf 89' lang='lat' dir='ltr'><strong>dent.</strong></span> <span class='ocrx_word' id='word_1_364' title='bbox 399 3034 559 3094; x_wconf 90' lang='lat' dir='ltr'><strong>Unde</strong></span> <span class='ocrx_word' id='word_1_365' title='bbox 606 3038 716 3095; x_wconf 88' lang='lat' dir='ltr'><strong>hoc</strong></span> <span class='ocrx_word' id='word_1_366' title='bbox 758 3040 935 3111; x_wconf 91' lang='lat' dir='ltr'><strong>ipsum</strong></span> <span class='ocrx_word' id='word_1_367' title='bbox 976 3040 1292 3115; x_wconf 80' lang='lat' dir='ltr'><strong>intelligens</strong></span> <span class='ocrx_word' id='word_1_368' title='bbox 1332 3054 1458 3115; x_wconf 88' lang='lat' dir='ltr'><strong>post</strong></span> <span class='ocrx_word' id='word_1_369' title='bbox 1496 3046 1692 3101; x_wconf 88' lang='lat' dir='ltr'><strong>horam</strong></span> <span class='ocrx_word' id='word_1_370' title='bbox 1718 3046 1829 3118; x_wconf 86' lang='lat' dir='ltr'><strong>jam</strong></span> 
     </span>
    </p>
   </div>
   <div class='ocr_carea' id='block_1_47' title="bbox 235 3126 1828 3208">
    <p class='ocr_par' dir='ltr' id='par_1_47' title="bbox 235 3126 1828 3208">
     <span class='ocr_line' id='line_1_47' title="bbox 235 3126 1828 3208; baseline 0.009 -28"><span class='ocrx_word' id='word_1_371' title='bbox 235 3126 589 3200; x_wconf 87' lang='lat' dir='ltr'><strong>undecimam,</strong></span> <span class='ocrx_word' id='word_1_372' title='bbox 647 3147 772 3188; x_wconf 87' lang='lat' dir='ltr'><strong>cum</strong></span> <span class='ocrx_word' id='word_1_373' title='bbox 815 3144 962 3191; x_wconf 86' lang='lat' dir='ltr'><strong>esset</strong></span> <span class='ocrx_word' id='word_1_374' title='bbox 1012 3151 1184 3208; x_wconf 91' lang='lat' dir='ltr'><strong>prope</strong></span> <span class='ocrx_word' id='word_1_375' title='bbox 1214 3138 1347 3193; x_wconf 87' lang='lat' dir='ltr'><strong>solis</strong></span> <span class='ocrx_word' id='word_1_376' title='bbox 1386 3153 1641 3194; x_wconf 85' lang='lat' dir='ltr'><strong>occasum</strong></span> <span class='ocrx_word' id='word_1_377' title='bbox 1681 3147 1735 3194; x_wconf 92' lang='lat' dir='ltr'><strong>ct</strong></span> <span class='ocrx_word' id='word_1_378' title='bbox 1761 3139 1828 3194; x_wconf 90' lang='lat' dir='ltr'><strong>ad</strong></span> 
     </span>
    </p>
   </div>
   <div class='ocr_carea' id='block_1_48' title="bbox 1950 1929 3551 2006">
    <p class='ocr_par' dir='ltr' id='par_1_48' title="bbox 1950 1929 3551 2006">
     <span class='ocr_line' id='line_1_48' title="bbox 1950 1929 3551 2006; baseline 0.019 -31"><span class='ocrx_word' id='word_1_379' title='bbox 1950 1932 2084 1979; x_wconf 88' lang='lat' dir='ltr'><strong>trem</strong></span> <span class='ocrx_word' id='word_1_380' title='bbox 2136 1936 2357 1982; x_wconf 80' lang='lat' dir='ltr'><strong>accusat</strong></span> <span class='ocrx_word' id='word_1_381' title='bbox 2386 1929 2698 2000; x_wconf 64' lang='lat' dir='ltr'><strong>lnjnstitim.</strong></span> <span class='ocrx_word' id='word_1_382' title='bbox 2738 1934 2807 1990; x_wconf 75' lang='lat' dir='ltr'><strong>Et</strong></span> <span class='ocrx_word' id='word_1_383' title='bbox 2843 1946 2897 1991; x_wconf 89' lang='lat' dir='ltr'><strong>ut</strong></span> <span class='ocrx_word' id='word_1_384' title='bbox 2945 1942 3185 1997; x_wconf 79' lang='lat' dir='ltr'><strong>sciamus</strong></span> <span class='ocrx_word' id='word_1_385' title='bbox 3236 1944 3380 2003; x_wconf 89' lang='lat' dir='ltr'><strong>bunc</strong></span> <span class='ocrx_word' id='word_1_386' title='bbox 3427 1964 3551 2006; x_wconf 84' lang='lat' dir='ltr'><strong>esse</strong></span> 
     </span>
    </p>
   </div>
   <div class='ocr_carea' id='block_1_49' title="bbox 1946 2021 3551 2107">
    <p class='ocr_par' dir='ltr' id='par_1_49' title="bbox 1946 2021 3551 2107">
     <span class='ocr_line' id='line_1_49' title="bbox 1946 2021 3551 2107; baseline 0.017 -37"><span class='ocrx_word' id='word_1_387' title='bbox 1946 2030 2169 2072; x_wconf 88' lang='lat' dir='ltr'><strong>sensum</strong></span> <span class='ocrx_word' id='word_1_388' title='bbox 2197 2034 2359 2089; x_wconf 89' lang='lat' dir='ltr'><strong>quem</strong></span> <span class='ocrx_word' id='word_1_389' title='bbox 2384 2021 2644 2093; x_wconf 82' lang='lat' dir='ltr'><strong>diximus,</strong></span> <span class='ocrx_word' id='word_1_390' title='bbox 2677 2026 2871 2084; x_wconf 89' lang='lat' dir='ltr'><strong>titulus</strong></span> <span class='ocrx_word' id='word_1_391' title='bbox 2903 2034 3174 2100; x_wconf 74' lang='lat' dir='ltr'><strong>parabole:</strong></span> <span class='ocrx_word' id='word_1_392' title='bbox 3207 2037 3370 2107; x_wconf 81' lang='lat' dir='ltr'><strong>hujus</strong></span> <span class='ocrx_word' id='word_1_393' title='bbox 3399 2041 3551 2098; x_wconf 80' lang='lat' dir='ltr'><strong>ﬁnis-</strong></span> 
     </span>
    </p>
   </div>
   <div class='ocr_carea' id='block_1_50' title="bbox 1946 2112 3547 2203">
    <p class='ocr_par' dir='ltr' id='par_1_50' title="bbox 1946 2112 3547 2203">
     <span class='ocr_line' id='line_1_50' title="bbox 1946 2112 3547 2203; baseline 0.02 -43"><span class='ocrx_word' id='word_1_394' title='bbox 1946 2123 2053 2178; x_wconf 90' lang='lat' dir='ltr'><strong>que</strong></span> <span class='ocrx_word' id='word_1_395' title='bbox 2078 2112 2454 2169; x_wconf 84' lang='lat' dir='ltr'><strong>consentiunt.</strong></span> <span class='ocrx_word' id='word_1_396' title='bbox 2490 2116 2581 2174; x_wconf 83' lang='lat' dir='ltr'><strong>Sic</strong></span> <span class='ocrx_word' id='word_1_397' title='bbox 2618 2129 2792 2188; x_wconf 78' lang='lat' dir='ltr'><strong>erunt,</strong></span> <span class='ocrx_word' id='word_1_398' title='bbox 2825 2122 3027 2194; x_wconf 87' lang='lat' dir='ltr'><strong>inquit,</strong></span> <span class='ocrx_word' id='word_1_399' title='bbox 3071 2130 3339 2186; x_wconf 74' lang='lat' dir='ltr'><strong>nouissimi</strong></span> <span class='ocrx_word' id='word_1_400' title='bbox 3369 2137 3547 2203; x_wconf 84' lang='lat' dir='ltr'><strong>primi,</strong></span> 
     </span>
    </p>
   </div>
   <div class='ocr_carea' id='block_1_51' title="bbox 1944 2202 3551 2292">
    <p class='ocr_par' dir='ltr' id='par_1_51' title="bbox 1944 2202 3551 2292">
     <span class='ocr_line' id='line_1_51' title="bbox 1944 2202 3551 2292; baseline 0.019 -38"><span class='ocrx_word' id='word_1_401' title='bbox 1944 2210 1991 2255; x_wconf 90' lang='lat' dir='ltr'><strong>et</strong></span> <span class='ocrx_word' id='word_1_402' title='bbox 2015 2202 2170 2271; x_wconf 87' lang='lat' dir='ltr'><strong>primi</strong></span> <span class='ocrx_word' id='word_1_403' title='bbox 2199 2205 2485 2263; x_wconf 76' lang='lat' dir='ltr'><strong>nouissimi.</strong></span> <span class='ocrx_word' id='word_1_404' title='bbox 2520 2208 2677 2267; x_wconf 75' lang='lat' dir='ltr'><strong>Multi</strong></span> <span class='ocrx_word' id='word_1_405' title='bbox 2713 2214 2852 2268; x_wconf 80' lang='lat' dir='ltr'><strong>enim</strong></span> <span class='ocrx_word' id='word_1_406' title='bbox 2880 2226 3000 2272; x_wconf 88' lang='lat' dir='ltr'><strong>sunt</strong></span> <span class='ocrx_word' id='word_1_407' title='bbox 3028 2223 3217 2289; x_wconf 81' lang='lat' dir='ltr'><strong>vocati,</strong></span> <span class='ocrx_word' id='word_1_408' title='bbox 3244 2202 3401 2292; x_wconf 76' lang='lat' dir='ltr'><strong>pauci</strong></span> <span class='ocrx_word' id='word_1_409' title='bbox 3430 2243 3551 2284; x_wconf 78' lang='lat' dir='ltr'><strong>vero</strong></span> 
     </span>
    </p>
   </div>
   <div class='ocr_carea' id='block_1_52' title="bbox 1943 2294 2110 2352">
    <p class='ocr_par' dir='ltr' id='par_1_52' title="bbox 1943 2294 2110 2352">
     <span class='ocr_line' id='line_1_52' title="bbox 1943 2294 2110 2352; baseline 0.012 -2"><span class='ocrx_word' id='word_1_410' title='bbox 1943 2294 2110 2352; x_wconf 81' lang='lat' dir='ltr'><strong>electi.</strong></span> 
     </span>
    </p>
   </div>
   <div class='ocr_carea' id='block_1_53' title="bbox 2017 2388 3545 2482">
    <p class='ocr_par' dir='ltr' id='par_1_53' title="bbox 2017 2388 3545 2482">
     <span class='ocr_line' id='line_1_53' title="bbox 2017 2388 3545 2482; baseline 0.017 -40"><span class='ocrx_word' id='word_1_411' title='bbox 2017 2388 2197 2460; x_wconf 81' lang='lat' dir='ltr'><strong>(Vers.</strong></span> <span class='ocrx_word' id='word_1_412' title='bbox 2230 2392 2297 2446; x_wconf 76' lang='lat' dir='ltr'><strong>i7</strong></span> <span class='ocrx_word' id='word_1_413' title='bbox 2326 2393 2512 2466; x_wconf 86' lang='lat' dir='ltr'><strong>seqq.)</strong></span> <span class='ocrx_word' id='word_1_414' title='bbox 2544 2395 2615 2450; x_wconf 84' lang='lat' dir='ltr'><strong>Et</strong></span> <span class='ocrx_word' id='word_1_415' title='bbox 2652 2402 2938 2457; x_wconf 86' lang='lat' dir='ltr'><strong>ascendens</strong></span> <span class='ocrx_word' id='word_1_416' title='bbox 2962 2402 3119 2461; x_wconf 67' lang='lat' dir='ltr'><strong>least!</strong></span> <span class='ocrx_word' id='word_1_417' title='bbox 3140 2404 3545 2482; x_wconf 77' lang='lat' dir='ltr'><strong>Jerosolgmam,</strong></span> 
     </span>
    </p>
   </div>
   <div class='ocr_carea' id='block_1_54' title="bbox 1946 2484 3547 2567">
    <p class='ocr_par' dir='ltr' id='par_1_54' title="bbox 1946 2484 3547 2567">
     <span class='ocr_line' id='line_1_54' title="bbox 1946 2484 3547 2567; baseline 0.017 -34"><span class='ocrx_word' id='word_1_418' title='bbox 1946 2484 2227 2555; x_wconf 78' lang='lat' dir='ltr'><strong>assumpsit</strong></span> <span class='ocrx_word' id='word_1_419' title='bbox 2253 2485 2527 2541; x_wconf 80' lang='lat' dir='ltr'><strong>duodecim</strong></span> <span class='ocrx_word' id='word_1_420' title='bbox 2572 2490 2859 2563; x_wconf 82' lang='lat' dir='ltr'><strong>discipulos</strong></span> <span class='ocrx_word' id='word_1_421' title='bbox 2884 2511 3004 2551; x_wconf 86' lang='lat' dir='ltr'><strong>suos</strong></span> <span class='ocrx_word' id='word_1_422' title='bbox 3052 2511 3270 2567; x_wconf 86' lang='lat' dir='ltr'><strong>secreto,</strong></span> <span class='ocrx_word' id='word_1_423' title='bbox 3303 2512 3352 2557; x_wconf 90' lang='lat' dir='ltr'><strong>et</strong></span> <span class='ocrx_word' id='word_1_424' title='bbox 3376 2506 3450 2559; x_wconf 88' lang='lat' dir='ltr'><strong>ait</strong></span> <span class='ocrx_word' id='word_1_425' title='bbox 3479 2507 3547 2560; x_wconf 88' lang='lat' dir='ltr'><strong>il-</strong></span> 
     </span>
    </p>
   </div>
   <div class='ocr_carea' id='block_1_55' title="bbox 1943 2572 3546 2655">
    <p class='ocr_par' dir='ltr' id='par_1_55' title="bbox 1943 2572 3546 2655">
     <span class='ocr_line' id='line_1_55' title="bbox 1943 2572 3546 2655; baseline 0.015 -27"><span class='ocrx_word' id='word_1_426' title='bbox 1943 2572 2007 2629; x_wconf 86' lang='lat' dir='ltr'><strong>lis</strong></span> <span class='ocrx_word' id='word_1_427' title='bbox 2031 2590 2050 2628; x_wconf 91' lang='lat'><strong><em>:</em></strong></span> <span class='ocrx_word' id='word_1_428' title='bbox 2080 2573 2213 2630; x_wconf 85' lang='lat' dir='ltr'><strong>Ecce</strong></span> <span class='ocrx_word' id='word_1_429' title='bbox 2242 2579 2569 2635; x_wconf 85' lang='lat' dir='ltr'><strong>ascendimus</strong></span> <span class='ocrx_word' id='word_1_430' title='bbox 2592 2580 2995 2655; x_wconf 83' lang='lat' dir='ltr'><strong>Jerosolgmam,</strong></span> <span class='ocrx_word' id='word_1_431' title='bbox 3036 2598 3082 2643; x_wconf 82' lang='lat' dir='ltr'><strong>et</strong></span> <span class='ocrx_word' id='word_1_432' title='bbox 3116 2587 3292 2648; x_wconf 79' lang='lat' dir='ltr'><strong>Filius</strong></span> <span class='ocrx_word' id='word_1_433' title='bbox 3322 2595 3546 2654; x_wconf 75' lang='lat' dir='ltr'><strong>hominis</strong></span> 
     </span>
    </p>
   </div>
   <div class='ocr_carea' id='block_1_56' title="bbox 1940 2670 3547 2742">
    <p class='ocr_par' dir='ltr' id='par_1_56' title="bbox 1940 2670 3547 2742">
     <span class='ocr_line' id='line_1_56' title="bbox 1940 2670 3547 2742; baseline 0.014 -22"><span class='ocrx_word' id='word_1_434' title='bbox 1940 2670 2182 2722; x_wconf 77' lang='lat' dir='ltr'><strong>tradetur</strong></span> <span class='ocrx_word' id='word_1_435' title='bbox 2226 2670 2555 2738; x_wconf 80' lang='lat' dir='ltr'><strong>principibus</strong></span> <span class='ocrx_word' id='word_1_436' title='bbox 2582 2676 2907 2731; x_wconf 82' lang='lat' dir='ltr'><strong>sacerdotum</strong></span> <span class='ocrx_word' id='word_1_437' title='bbox 2954 2690 3003 2733; x_wconf 79' lang='lat' dir='ltr'><strong>et</strong></span> <span class='ocrx_word' id='word_1_438' title='bbox 3049 2680 3247 2739; x_wconf 82' lang='lat' dir='ltr'><strong>Scribis</strong></span> <span class='ocrx_word' id='word_1_439' title='bbox 3279 2700 3299 2739; x_wconf 83' lang='lat'><strong><em>:</em></strong></span> <span class='ocrx_word' id='word_1_440' title='bbox 3337 2697 3387 2740; x_wconf 77' lang='lat' dir='ltr'><strong>et</strong></span> <span class='ocrx_word' id='word_1_441' title='bbox 3425 2706 3547 2742; x_wconf 85' lang='lat' dir='ltr'><strong>con-</strong></span> 
     </span>
    </p>
   </div>
   <div class='ocr_carea' id='block_1_57' title="bbox 1940 2762 3544 2847">
    <p class='ocr_par' dir='ltr' id='par_1_57' title="bbox 1940 2762 3544 2847">
     <span class='ocr_line' id='line_1_57' title="bbox 1940 2762 3544 2847; baseline 0.01 -31"><span class='ocrx_word' id='word_1_442' title='bbox 1940 2762 2260 2818; x_wconf 86' lang='lat' dir='ltr'><strong>demnabunt</strong></span> <span class='ocrx_word' id='word_1_443' title='bbox 2281 2781 2398 2819; x_wconf 85' lang='lat' dir='ltr'><strong>eum</strong></span> <span class='ocrx_word' id='word_1_444' title='bbox 2433 2775 2620 2834; x_wconf 83' lang='lat' dir='ltr'><strong>morte,</strong></span> <span class='ocrx_word' id='word_1_445' title='bbox 2654 2778 2701 2822; x_wconf 89' lang='lat' dir='ltr'><strong>et</strong></span> <span class='ocrx_word' id='word_1_446' title='bbox 2732 2770 2933 2825; x_wconf 83' lang='lat' dir='ltr'><strong>tradent</strong></span> <span class='ocrx_word' id='word_1_447' title='bbox 2962 2787 3077 2826; x_wconf 84' lang='lat' dir='ltr'><strong>eum</strong></span> <span class='ocrx_word' id='word_1_448' title='bbox 3104 2776 3340 2847; x_wconf 84' lang='lat' dir='ltr'><strong>gentibus</strong></span> <span class='ocrx_word' id='word_1_449' title='bbox 3378 2780 3446 2834; x_wconf 87' lang='lat' dir='ltr'><strong>ad</strong></span> <span class='ocrx_word' id='word_1_450' title='bbox 3475 2780 3544 2832; x_wconf 78' lang='lat' dir='ltr'><strong>il-</strong></span> 
     </span>
    </p>
   </div>
   <div class='ocr_carea' id='block_1_58' title="bbox 1941 2849 3538 2937">
    <p class='ocr_par' dir='ltr' id='par_1_58' title="bbox 1941 2849 3538 2937">
     <span class='ocr_line' id='line_1_58' title="bbox 1941 2849 3538 2937; baseline 0.011 -28"><span class='ocrx_word' id='word_1_451' title='bbox 1941 2855 2246 2921; x_wconf 82' lang='lat' dir='ltr'><strong>ludendum,</strong></span> <span class='ocrx_word' id='word_1_452' title='bbox 2274 2867 2322 2912; x_wconf 89' lang='lat' dir='ltr'><strong>et</strong></span> <span class='ocrx_word' id='word_1_453' title='bbox 2348 2860 2746 2930; x_wconf 82' lang='lat' dir='ltr'><strong>ﬂagellandum.</strong></span> <span class='ocrx_word' id='word_1_454' title='bbox 2777 2849 2825 2917; x_wconf 74' lang='lat' dir='ltr'><strong>et</strong></span> <span class='ocrx_word' id='word_1_455' title='bbox 2845 2867 3274 2937; x_wconf 74' lang='lat' dir='ltr'><strong>cruciﬁgendum,</strong></span> <span class='ocrx_word' id='word_1_456' title='bbox 3307 2878 3355 2924; x_wconf 87' lang='lat' dir='ltr'><strong>et</strong></span> <span class='ocrx_word' id='word_1_457' title='bbox 3387 2874 3538 2927; x_wconf 86' lang='lat' dir='ltr'><strong>tertia</strong></span> 
     </span>
    </p>
   </div>
   <div class='ocr_carea' id='block_1_59' title="bbox 1938 2948 3534 3031">
    <p class='ocr_par' dir='ltr' id='par_1_59' title="bbox 1938 2948 3534 3031">
     <span class='ocr_line' id='line_1_59' title="bbox 1938 2948 3534 3031; baseline 0.011 -29"><span class='ocrx_word' id='word_1_458' title='bbox 1938 2948 2024 3004; x_wconf 86' lang='lat' dir='ltr'><strong>die</strong></span> <span class='ocrx_word' id='word_1_459' title='bbox 2045 2959 2297 3024; x_wconf 76' lang='lat' dir='ltr'><strong>resurget.</strong></span> <span class='ocrx_word' id='word_1_460' title='bbox 2324 2950 2534 3009; x_wconf 84' lang='lat' dir='ltr'><strong>Crebro</strong></span> <span class='ocrx_word' id='word_1_461' title='bbox 2562 2954 2667 3010; x_wconf 79' lang='lat' dir='ltr'><strong>hoc</strong></span> <span class='ocrx_word' id='word_1_462' title='bbox 2711 2956 2887 3026; x_wconf 86' lang='lat' dir='ltr'><strong>ipsum</strong></span> <span class='ocrx_word' id='word_1_463' title='bbox 2938 2960 3222 3031; x_wconf 83' lang='lat' dir='ltr'><strong>discipulis</strong></span> <span class='ocrx_word' id='word_1_464' title='bbox 3269 2965 3490 3023; x_wconf 76' lang='lat' dir='ltr'><strong>dixerat</strong></span> <span class='ocrx_word' id='word_1_465' title='bbox 3522 2985 3534 3019; x_wconf 91' lang='lat'><strong>:</strong></span> 
     </span>
    </p>
   </div>
   <div class='ocr_carea' id='block_1_60' title="bbox 1936 3040 3538 3123">
    <p class='ocr_par' dir='ltr' id='par_1_60' title="bbox 1936 3040 3538 3123">
     <span class='ocr_line' id='line_1_60' title="bbox 1936 3040 3538 3123; baseline 0.012 -29"><span class='ocrx_word' id='word_1_466' title='bbox 1936 3040 2029 3095; x_wconf 86' lang='lat' dir='ltr'><strong>sed</strong></span> <span class='ocrx_word' id='word_1_467' title='bbox 2061 3042 2184 3112; x_wconf 87' lang='lat' dir='ltr'><strong>quia</strong></span> <span class='ocrx_word' id='word_1_468' title='bbox 2220 3043 2406 3099; x_wconf 88' lang='lat' dir='ltr'><strong>multis</strong></span> <span class='ocrx_word' id='word_1_469' title='bbox 2434 3043 2490 3100; x_wconf 91' lang='lat' dir='ltr'><strong>in</strong></span> <span class='ocrx_word' id='word_1_470' title='bbox 2529 3047 2710 3102; x_wconf 85' lang='lat' dir='ltr'><strong>medio</strong></span> <span class='ocrx_word' id='word_1_471' title='bbox 2739 3049 3052 3119; x_wconf 82' lang='lat' dir='ltr'><strong>disputatis,</strong></span> <span class='ocrx_word' id='word_1_472' title='bbox 3090 3064 3303 3123; x_wconf 83' lang='lat' dir='ltr'><strong>poterat</strong></span> <span class='ocrx_word' id='word_1_473' title='bbox 3332 3058 3437 3112; x_wconf 84' lang='lat' dir='ltr'><strong>labi</strong></span> <span class='ocrx_word' id='word_1_474' title='bbox 3467 3058 3538 3113; x_wconf 89' lang='lat' dir='ltr'><strong>de</strong></span> 
     </span>
    </p>
   </div>
   <div class='ocr_carea' id='block_1_61' title="bbox 1938 3134 3539 3216">
    <p class='ocr_par' dir='ltr' id='par_1_61' title="bbox 1938 3134 3539 3216">
     <span class='ocr_line' id='line_1_61' title="bbox 1938 3134 3539 3216; baseline 0.01 -28"><span class='ocrx_word' id='word_1_475' title='bbox 1938 3134 2200 3190; x_wconf 83' lang='lat' dir='ltr'><strong>memoria</strong></span> <span class='ocrx_word' id='word_1_476' title='bbox 2223 3135 2365 3207; x_wconf 90' lang='lat' dir='ltr'><strong>quod</strong></span> <span class='ocrx_word' id='word_1_477' title='bbox 2388 3136 2697 3203; x_wconf 88' lang='lat' dir='ltr'><strong>audierant,</strong></span> <span class='ocrx_word' id='word_1_478' title='bbox 2732 3140 2905 3196; x_wconf 84' lang='lat' dir='ltr'><strong>iturus</strong></span> <span class='ocrx_word' id='word_1_479' title='bbox 2927 3141 3351 3216; x_wconf 79' lang='lat' dir='ltr'><strong>Jerosolymam.</strong></span> <span class='ocrx_word' id='word_1_480' title='bbox 3376 3158 3430 3202; x_wconf 90' lang='lat' dir='ltr'><strong>et</strong></span> <span class='ocrx_word' id='word_1_481' title='bbox 3451 3163 3539 3204; x_wconf 81' lang='lat' dir='ltr'><strong>se-</strong></span> 
     </span>
    </p>
   </div>
   <div class='ocr_carea' id='block_1_62' title="bbox 232 3206 3534 3310">
    <p class='ocr_par' dir='ltr' id='par_1_62' title="bbox 232 3206 3534 3310">
     <span class='ocr_line' id='line_1_62' title="bbox 232 3206 3534 3310; baseline 0.006 -37"><span class='ocrx_word' id='word_1_482' title='bbox 232 3230 519 3291; x_wconf 75' lang='lat' dir='ltr'><strong>vesperam,</strong></span> <span class='ocrx_word' id='word_1_483' title='bbox 547 3223 796 3280; x_wconf 78' lang='lat' dir='ltr'><strong>Joannes</strong></span> <span class='ocrx_word' id='word_1_484' title='bbox 825 3206 1464 3299; x_wconf 16' lang='lat' dir='ltr'><strong>Evangelis‘taloquitur:</strong></span> <span class='ocrx_word' id='word_1_485' title='bbox 1489 3227 1674 3284; x_wconf 86' lang='lat' dir='ltr'><strong>Filioli</strong></span> <span class='ocrx_word' id='word_1_486' title='bbox 1703 3230 1822 3297; x_wconf 87' lang='lat' dir='ltr'><strong>mei,</strong></span> <span class='ocrx_word' id='word_1_487' title='bbox 1854 3206 1902 3270; x_wconf 68' lang='grc' dir='ltr'>ο</span> <span class='ocrx_word' id='word_1_488' title='bbox 1932 3241 2055 3281; x_wconf 91' lang='lat' dir='ltr'><strong>cum</strong></span> <span class='ocrx_word' id='word_1_489' title='bbox 2086 3226 2351 3283; x_wconf 84' lang='lat' dir='ltr'><strong>ducturus</strong></span> <span class='ocrx_word' id='word_1_490' title='bbox 2380 3232 2685 3299; x_wconf 83' lang='lat' dir='ltr'><strong>apostolos,</strong></span> <span class='ocrx_word' id='word_1_491' title='bbox 2720 3233 2786 3287; x_wconf 83' lang='lat' dir='ltr'><strong>ad</strong></span> <span class='ocrx_word' id='word_1_492' title='bbox 2821 3235 3181 3292; x_wconf 87' lang='lat' dir='ltr'><strong>tentationem</strong></span> <span class='ocrx_word' id='word_1_493' title='bbox 3212 3254 3307 3293; x_wconf 89' lang='lat' dir='ltr'><strong>eos</strong></span> <span class='ocrx_word' id='word_1_494' title='bbox 3339 3251 3495 3310; x_wconf 82' lang='lat' dir='ltr'><strong>parat</strong></span> <span class='ocrx_word' id='word_1_495' title='bbox 3520 3260 3534 3296; x_wconf 83' lang='lat'><strong>:</strong></span> 
     </span>
    </p>
   </div>
   <div class='ocr_carea' id='block_1_63' title="bbox 232 3314 1821 3396">
    <p class='ocr_par' dir='ltr' id='par_1_63' title="bbox 232 3314 1821 3396">
     <span class='ocr_line' id='line_1_63' title="bbox 232 3314 1821 3396; baseline 0.008 -30"><span class='ocrx_word' id='word_1_496' title='bbox 232 3314 489 3371; x_wconf 73' lang='lat' dir='ltr'><strong>novissima</strong></span> <span class='ocrx_word' id='word_1_497' title='bbox 526 3316 668 3373; x_wconf 80' lang='lat' dir='ltr'><strong>Isara</strong></span> <span class='ocrx_word' id='word_1_498' title='bbox 691 3329 766 3373; x_wconf 89' lang='lat' dir='ltr'><strong>est</strong></span> <span class='ocrx_word' id='word_1_499' title='bbox 798 3320 818 3385; x_wconf 86' lang='lat'><strong><em>(</em></strong></span> <span class='ocrx_word' id='word_1_500' title='bbox 847 3319 1051 3376; x_wconf 83' lang='lat' dir='ltr'><strong>lJoan.</strong></span> <span class='ocrx_word' id='word_1_501' title='bbox 1086 3338 1147 3391; x_wconf 88' lang='lat' dir='ltr'><strong>ll,</strong></span> <span class='ocrx_word' id='word_1_502' title='bbox 1185 3321 1296 3396; x_wconf 78' lang='grc'><strong>15).</strong></span> <span class='ocrx_word' id='word_1_503' title='bbox 1337 3322 1404 3379; x_wconf 85' lang='lat' dir='ltr'><strong>Et</strong></span> <span class='ocrx_word' id='word_1_504' title='bbox 1445 3323 1605 3380; x_wconf 91' lang='lat' dir='ltr'><strong>simul</strong></span> <span class='ocrx_word' id='word_1_505' title='bbox 1636 3324 1821 3381; x_wconf 82' lang='lat' dir='ltr'><strong>consi-</strong></span> 
     </span>
    </p>
   </div>
   <div class='ocr_carea' id='block_1_64' title="bbox 234 3403 1822 3487">
    <p class='ocr_par' dir='ltr' id='par_1_64' title="bbox 234 3403 1822 3487">
     <span class='ocr_line' id='line_1_64' title="bbox 234 3403 1822 3487; baseline 0.006 -27"><span class='ocrx_word' id='word_1_506' title='bbox 234 3403 367 3473; x_wconf 83' lang='lat' dir='ltr'><strong>dera,</strong></span> <span class='ocrx_word' id='word_1_507' title='bbox 390 3408 534 3481; x_wconf 88' lang='lat' dir='ltr'><strong>quod</strong></span> <span class='ocrx_word' id='word_1_508' title='bbox 564 3410 898 3481; x_wconf 71' lang='lat' dir='ltr'><strong>iniustitiam</strong></span> <span class='ocrx_word' id='word_1_509' title='bbox 941 3416 1373 3485; x_wconf 84' lang='lat' dir='ltr'><strong>patrisfamilias,</strong></span> <span class='ocrx_word' id='word_1_510' title='bbox 1414 3431 1574 3487; x_wconf 88' lang='lat' dir='ltr'><strong>quam</strong></span> <span class='ocrx_word' id='word_1_511' title='bbox 1622 3416 1674 3472; x_wconf 93' lang='lat' dir='ltr'><strong>in</strong></span> <span class='ocrx_word' id='word_1_512' title='bbox 1716 3433 1822 3472; x_wconf 87' lang='lat' dir='ltr'><strong>un-</strong></span> 
     </span>
    </p>
   </div>
   <div class='ocr_carea' id='block_1_65' title="bbox 232 3496 1817 3580">
    <p class='ocr_par' dir='ltr' id='par_1_65' title="bbox 232 3496 1817 3580">
     <span class='ocr_line' id='line_1_65' title="bbox 232 3496 1817 3580; baseline 0.008 -28"><span class='ocrx_word' id='word_1_513' title='bbox 232 3496 436 3556; x_wconf 75' lang='lat' dir='ltr'><strong>decima:</strong></span> <span class='ocrx_word' id='word_1_514' title='bbox 464 3502 623 3559; x_wconf 73' lang='lat' dir='ltr'><strong>horae</strong></span> <span class='ocrx_word' id='word_1_515' title='bbox 654 3506 926 3576; x_wconf 85' lang='lat' dir='ltr'><strong>operariis</strong></span> <span class='ocrx_word' id='word_1_516' title='bbox 958 3523 1151 3564; x_wconf 82' lang='lat' dir='ltr'><strong>omnes</strong></span> <span class='ocrx_word' id='word_1_517' title='bbox 1185 3511 1392 3580; x_wconf 88' lang='lat' dir='ltr'><strong>pariter</strong></span> <span class='ocrx_word' id='word_1_518' title='bbox 1418 3518 1712 3578; x_wconf 89' lang='lat' dir='ltr'><strong>accusant,</strong></span> <span class='ocrx_word' id='word_1_519' title='bbox 1764 3511 1817 3566; x_wconf 90' lang='lat' dir='ltr'><strong>in</strong></span> 
     </span>
    </p>
   </div>
   <div class='ocr_carea' id='block_1_66' title="bbox 228 3594 1818 3676">
    <p class='ocr_par' dir='ltr' id='par_1_66' title="bbox 228 3594 1818 3676">
     <span class='ocr_line' id='line_1_66' title="bbox 228 3594 1818 3676; baseline 0.01 -28"><span class='ocrx_word' id='word_1_520' title='bbox 228 3594 522 3666; x_wconf 80' lang='lat' dir='ltr'><strong>seipsisnOn</strong></span> <span class='ocrx_word' id='word_1_521' title='bbox 548 3599 895 3672; x_wconf 82' lang='lat' dir='ltr'><strong>intelligunt.</strong></span> <span class='ocrx_word' id='word_1_522' title='bbox 940 3602 998 3659; x_wconf 91' lang='lat' dir='ltr'><strong>Si</strong></span> <span class='ocrx_word' id='word_1_523' title='bbox 1031 3602 1175 3658; x_wconf 87' lang='lat' dir='ltr'><strong>enim</strong></span> <span class='ocrx_word' id='word_1_524' title='bbox 1207 3604 1425 3675; x_wconf 87' lang='lat' dir='ltr'><strong>iniquus</strong></span> <span class='ocrx_word' id='word_1_525' title='bbox 1461 3615 1543 3661; x_wconf 91' lang='lat' dir='ltr'><strong>est</strong></span> <span class='ocrx_word' id='word_1_526' title='bbox 1578 3605 1818 3676; x_wconf 80' lang='lat' dir='ltr'><strong>paterfa-</strong></span> 
     </span>
    </p>
   </div>
   <div class='ocr_carea' id='block_1_67' title="bbox 229 3689 1818 3769">
    <p class='ocr_par' dir='ltr' id='par_1_67' title="bbox 229 3689 1818 3769">
     <span class='ocr_line' id='line_1_67' title="bbox 229 3689 1818 3769; baseline 0.008 -28"><span class='ocrx_word' id='word_1_527' title='bbox 229 3689 411 3760; x_wconf 83' lang='lat' dir='ltr'><strong>milias,</strong></span> <span class='ocrx_word' id='word_1_528' title='bbox 436 3706 550 3747; x_wconf 89' lang='lat' dir='ltr'><strong>non</strong></span> <span class='ocrx_word' id='word_1_529' title='bbox 574 3692 635 3749; x_wconf 90' lang='lat' dir='ltr'><strong>in</strong></span> <span class='ocrx_word' id='word_1_530' title='bbox 664 3709 777 3750; x_wconf 91' lang='lat' dir='ltr'><strong>uno</strong></span> <span class='ocrx_word' id='word_1_531' title='bbox 799 3695 1017 3765; x_wconf 87' lang='lat' dir='ltr'><strong>iniquus</strong></span> <span class='ocrx_word' id='word_1_532' title='bbox 1040 3704 1142 3763; x_wconf 81' lang='lat' dir='ltr'><strong>est,</strong></span> <span class='ocrx_word' id='word_1_533' title='bbox 1174 3696 1268 3751; x_wconf 88' lang='lat' dir='ltr'><strong>sed</strong></span> <span class='ocrx_word' id='word_1_534' title='bbox 1294 3697 1348 3752; x_wconf 91' lang='lat' dir='ltr'><strong>in</strong></span> <span class='ocrx_word' id='word_1_535' title='bbox 1373 3696 1626 3753; x_wconf 85' lang='lat' dir='ltr'><strong>omnibus</strong></span> <span class='ocrx_word' id='word_1_536' title='bbox 1653 3717 1666 3754; x_wconf 94' lang='lat'><strong>:</strong></span> <span class='ocrx_word' id='word_1_537' title='bbox 1692 3698 1818 3769; x_wconf 87' lang='lat' dir='ltr'><strong>quia</strong></span> 
     </span>
    </p>
   </div>
   <div class='ocr_carea' id='block_1_68' title="bbox 230 3783 1817 3863">
    <p class='ocr_par' dir='ltr' id='par_1_68' title="bbox 230 3783 1817 3863">
     <span class='ocr_line' id='line_1_68' title="bbox 230 3783 1817 3863; baseline 0.011 -31"><span class='ocrx_word' id='word_1_538' title='bbox 230 3792 320 3834; x_wconf 89' lang='lat' dir='ltr'><strong>non</strong></span> <span class='ocrx_word' id='word_1_539' title='bbox 357 3783 432 3838; x_wconf 88' lang='lat' dir='ltr'><strong>sic</strong></span> <span class='ocrx_word' id='word_1_540' title='bbox 463 3783 748 3841; x_wconf 81' lang='lat' dir='ltr'><strong>laboravit</strong></span> <span class='ocrx_word' id='word_1_541' title='bbox 779 3789 956 3842; x_wconf 63' lang='lat' dir='ltr'><strong>tertiae</strong></span> <span class='ocrx_word' id='word_1_542' title='bbox 984 3787 1135 3843; x_wconf 73' lang='lat' dir='ltr'><strong>hora:</strong></span> <span class='ocrx_word' id='word_1_543' title='bbox 1174 3791 1461 3860; x_wconf 86' lang='lat' dir='ltr'><strong>operarius</strong></span> <span class='ocrx_word' id='word_1_544' title='bbox 1486 3833 1502 3859; x_wconf 93' lang='lat'><strong>,</strong></span> <span class='ocrx_word' id='word_1_545' title='bbox 1542 3796 1817 3863; x_wconf 88' lang='lat' dir='ltr'><strong>quomodo</strong></span> 
     </span>
    </p>
   </div>
   <div class='ocr_carea' id='block_1_69' title="bbox 229 3871 1815 3950">
    <p class='ocr_par' dir='ltr' id='par_1_69' title="bbox 229 3871 1815 3950">
     <span class='ocr_line' id='line_1_69' title="bbox 229 3871 1815 3950; baseline 0.009 -23"><span class='ocrx_word' id='word_1_546' title='bbox 229 3871 306 3929; x_wconf 88' lang='lat' dir='ltr'><strong>ille</strong></span> <span class='ocrx_word' id='word_1_547' title='bbox 331 3877 415 3946; x_wconf 92' lang='lat' dir='ltr'><strong>qui</strong></span> <span class='ocrx_word' id='word_1_548' title='bbox 445 3892 476 3933; x_wconf 87' lang='lat' dir='ltr'><strong>a</strong></span> <span class='ocrx_word' id='word_1_549' title='bbox 502 3880 691 3950; x_wconf 88' lang='lat' dir='ltr'><strong>prima</strong></span> <span class='ocrx_word' id='word_1_550' title='bbox 723 3878 855 3935; x_wconf 86' lang='lat' dir='ltr'><strong>hora</strong></span> <span class='ocrx_word' id='word_1_551' title='bbox 887 3890 970 3937; x_wconf 87' lang='lat' dir='ltr'><strong>est</strong></span> <span class='ocrx_word' id='word_1_552' title='bbox 1004 3882 1206 3938; x_wconf 81' lang='lat' dir='ltr'><strong>missus</strong></span> <span class='ocrx_word' id='word_1_553' title='bbox 1245 3884 1297 3938; x_wconf 91' lang='lat' dir='ltr'><strong>in</strong></span> <span class='ocrx_word' id='word_1_554' title='bbox 1326 3884 1570 3941; x_wconf 88' lang='lat' dir='ltr'><strong>vineam.</strong></span> <span class='ocrx_word' id='word_1_555' title='bbox 1597 3885 1815 3943; x_wconf 90' lang='lat' dir='ltr'><strong>Simili-</strong></span> 
     </span>
    </p>
   </div>
   <div class='ocr_carea' id='block_1_70' title="bbox 230 3969 1814 4043">
    <p class='ocr_par' dir='ltr' id='par_1_70' title="bbox 230 3969 1814 4043">
     <span class='ocr_line' id='line_1_70' title="bbox 230 3969 1814 4043; baseline 0.01 -24"><span class='ocrx_word' id='word_1_556' title='bbox 230 3972 298 4019; x_wconf 85' lang='lat' dir='ltr'><strong>ter</strong></span> <span class='ocrx_word' id='word_1_557' title='bbox 321 3975 373 4022; x_wconf 82' lang='lat' dir='ltr'><strong>et</strong></span> <span class='ocrx_word' id='word_1_558' title='bbox 392 3978 571 4026; x_wconf 74' lang='lat' dir='ltr'><strong>sexta:</strong></span> <span class='ocrx_word' id='word_1_559' title='bbox 616 3969 768 4027; x_wconf 75' lang='lat' dir='ltr'><strong>hora:</strong></span> <span class='ocrx_word' id='word_1_560' title='bbox 796 3974 1085 4043; x_wconf 85' lang='lat' dir='ltr'><strong>Operarius</strong></span> <span class='ocrx_word' id='word_1_561' title='bbox 1111 3976 1293 4030; x_wconf 87' lang='lat' dir='ltr'><strong>minus</strong></span> <span class='ocrx_word' id='word_1_562' title='bbox 1334 3976 1614 4033; x_wconf 82' lang='lat' dir='ltr'><strong>laboravit</strong></span> <span class='ocrx_word' id='word_1_563' title='bbox 1639 3980 1814 4035; x_wconf 69' lang='lat' dir='ltr'><strong>tertia:</strong></span> 
     </span>
    </p>
   </div>
   <div class='ocr_carea' id='block_1_71' title="bbox 227 4052 1809 4143">
    <p class='ocr_par' dir='ltr' id='par_1_71' title="bbox 227 4052 1809 4143">
     <span class='ocr_line' id='line_1_71' title="bbox 227 4052 1809 4143; baseline 0.009 -33"><span class='ocrx_word' id='word_1_564' title='bbox 227 4052 363 4113; x_wconf 66' lang='lat' dir='ltr'><strong>borte</strong></span> <span class='ocrx_word' id='word_1_565' title='bbox 404 4060 708 4132; x_wconf 87' lang='lat' dir='ltr'><strong>operario;</strong></span> <span class='ocrx_word' id='word_1_566' title='bbox 755 4073 812 4119; x_wconf 90' lang='lat' dir='ltr'><strong>et</strong></span> <span class='ocrx_word' id='word_1_567' title='bbox 842 4080 1031 4133; x_wconf 68' lang='lat' dir='ltr'><strong>nonae,</strong></span> <span class='ocrx_word' id='word_1_568' title='bbox 1095 4078 1263 4123; x_wconf 67' lang='lat' dir='ltr'><strong>sextae</strong></span> <span class='ocrx_word' id='word_1_569' title='bbox 1322 4068 1473 4124; x_wconf 73' lang='lat' dir='ltr'><strong>horae</strong></span> <span class='ocrx_word' id='word_1_570' title='bbox 1528 4071 1809 4143; x_wconf 86' lang='lat' dir='ltr'><strong>operario.</strong></span> 
     </span>
    </p>
   </div>
   <div class='ocr_carea' id='block_1_72' title="bbox 227 4144 1811 4232">
    <p class='ocr_par' dir='ltr' id='par_1_72' title="bbox 227 4144 1811 4232">
     <span class='ocr_line' id='line_1_72' title="bbox 227 4144 1811 4232; baseline 0.013 -31"><span class='ocrx_word' id='word_1_571' title='bbox 227 4144 392 4206; x_wconf 86' lang='lat' dir='ltr'><strong>Omnis</strong></span> <span class='ocrx_word' id='word_1_572' title='bbox 433 4152 628 4227; x_wconf 83' lang='lat' dir='ltr'><strong>itaque</strong></span> <span class='ocrx_word' id='word_1_573' title='bbox 667 4167 819 4213; x_wconf 89' lang='lat' dir='ltr'><strong>retro</strong></span> <span class='ocrx_word' id='word_1_574' title='bbox 846 4158 1066 4215; x_wconf 87' lang='lat' dir='ltr'><strong>vacatio</strong></span> <span class='ocrx_word' id='word_1_575' title='bbox 1097 4160 1355 4231; x_wconf 81' lang='lat' dir='ltr'><strong>gentibus</strong></span> <span class='ocrx_word' id='word_1_576' title='bbox 1386 4162 1625 4232; x_wconf 88' lang='lat' dir='ltr'><strong>invidet,</strong></span> <span class='ocrx_word' id='word_1_577' title='bbox 1659 4173 1714 4221; x_wconf 89' lang='lat' dir='ltr'><strong>et</strong></span> <span class='ocrx_word' id='word_1_578' title='bbox 1758 4167 1811 4221; x_wconf 91' lang='lat' dir='ltr'><strong>in</strong></span> 
     </span>
    </p>
   </div>
   <div class='ocr_carea' id='block_1_73' title="bbox 225 4238 1814 4322">
    <p class='ocr_par' dir='ltr' id='par_1_73' title="bbox 225 4238 1814 4322">
     <span class='ocr_line' id='line_1_73' title="bbox 225 4238 1814 4322; baseline 0.011 -25"><span class='ocrx_word' id='word_1_579' title='bbox 225 4238 488 4316; x_wconf 65' lang='lat' dir='ltr'><strong>Evangelii</strong></span> <span class='ocrx_word' id='word_1_580' title='bbox 516 4256 820 4320; x_wconf 86' lang='lat' dir='ltr'><strong>torquetur</strong></span> <span class='ocrx_word' id='word_1_581' title='bbox 861 4252 1058 4322; x_wconf 85' lang='lat' dir='ltr'><strong>gratia.</strong></span> <span class='ocrx_word' id='word_1_582' title='bbox 1107 4252 1265 4309; x_wconf 86' lang='lat' dir='ltr'><strong>Unde</strong></span> <span class='ocrx_word' id='word_1_583' title='bbox 1313 4264 1368 4311; x_wconf 89' lang='lat' dir='ltr'><strong>et</strong></span> <span class='ocrx_word' id='word_1_584' title='bbox 1406 4254 1655 4311; x_wconf 87' lang='lat' dir='ltr'><strong>Salvator</strong></span> <span class='ocrx_word' id='word_1_585' title='bbox 1681 4273 1814 4314; x_wconf 90' lang='lat' dir='ltr'><strong>con-</strong></span> 
     </span>
    </p>
   </div>
   <div class='ocr_carea' id='block_1_74' title="bbox 233 4335 1808 4419">
    <p class='ocr_par' dir='ltr' id='par_1_74' title="bbox 233 4335 1808 4419">
     <span class='ocr_line' id='line_1_74' title="bbox 233 4335 1808 4419; baseline 0.01 -31"><span class='ocrx_word' id='word_1_586' title='bbox 233 4335 439 4394; x_wconf 84' lang='lat' dir='ltr'><strong>cludens</strong></span> <span class='ocrx_word' id='word_1_587' title='bbox 462 4342 790 4412; x_wconf 77' lang='lat' dir='ltr'><strong>parabolam</strong></span> <span class='ocrx_word' id='word_1_588' title='bbox 820 4362 835 4400; x_wconf 91' lang='lat'><strong>:</strong></span> <span class='ocrx_word' id='word_1_589' title='bbox 882 4342 1075 4413; x_wconf 85' lang='lat' dir='ltr'><strong>Erunt,</strong></span> <span class='ocrx_word' id='word_1_590' title='bbox 1110 4346 1284 4418; x_wconf 87' lang='lat' dir='ltr'><strong>inquit</strong></span> <span class='ocrx_word' id='word_1_591' title='bbox 1323 4348 1483 4419; x_wconf 87' lang='lat' dir='ltr'><strong>primi</strong></span> <span class='ocrx_word' id='word_1_592' title='bbox 1522 4351 1808 4419; x_wconf 81' lang='lat' dir='ltr'><strong>novissimi,</strong></span> 
     </span>
    </p>
   </div>
   <div class='ocr_carea' id='block_1_75' title="bbox 1932 3321 3533 3399">
    <p class='ocr_par' dir='ltr' id='par_1_75' title="bbox 1932 3321 3533 3399">
     <span class='ocr_line' id='line_1_75' title="bbox 1932 3321 3533 3399; baseline 0.011 -27"><span class='ocrx_word' id='word_1_593' title='bbox 1932 3332 2001 3372; x_wconf 89' lang='lat' dir='ltr'><strong>ne</strong></span> <span class='ocrx_word' id='word_1_594' title='bbox 2028 3332 2151 3373; x_wconf 89' lang='lat' dir='ltr'><strong>cum</strong></span> <span class='ocrx_word' id='word_1_595' title='bbox 2178 3321 2393 3376; x_wconf 89' lang='lat' dir='ltr'><strong>venerit</strong></span> <span class='ocrx_word' id='word_1_596' title='bbox 2415 3324 2728 3392; x_wconf 85' lang='lat' dir='ltr'><strong>persecutio</strong></span> <span class='ocrx_word' id='word_1_597' title='bbox 2745 3333 2802 3380; x_wconf 89' lang='lat' dir='ltr'><strong>et</strong></span> <span class='ocrx_word' id='word_1_598' title='bbox 2816 3329 2997 3382; x_wconf 83' lang='lat' dir='ltr'><strong>crucis</strong></span> <span class='ocrx_word' id='word_1_599' title='bbox 3025 3328 3345 3399; x_wconf 86' lang='lat' dir='ltr'><strong>ignominia,</strong></span> <span class='ocrx_word' id='word_1_600' title='bbox 3375 3346 3533 3390; x_wconf 83' lang='lat' dir='ltr'><strong>scan-</strong></span> 
     </span>
    </p>
   </div>
   <div class='ocr_carea' id='block_1_76' title="bbox 1928 3410 2257 3468">
    <p class='ocr_par' dir='ltr' id='par_1_76' title="bbox 1928 3410 2257 3468">
     <span class='ocr_line' id='line_1_76' title="bbox 1928 3410 2257 3468; baseline 0 0"><span class='ocrx_word' id='word_1_601' title='bbox 1928 3410 2257 3468; x_wconf 83' lang='lat' dir='ltr'><strong>dalizentur.</strong></span> 
     </span>
    </p>
   </div>
   <div class='ocr_carea' id='block_1_77' title="bbox 1998 3504 3531 3589">
    <p class='ocr_par' dir='ltr' id='par_1_77' title="bbox 1998 3504 3531 3589">
     <span class='ocr_line' id='line_1_77' title="bbox 1998 3504 3531 3589; baseline 0.012 -32"><span class='ocrx_word' id='word_1_602' title='bbox 1998 3504 2184 3578; x_wconf 86' lang='lat' dir='ltr'><strong>(Vers.</strong></span> <span class='ocrx_word' id='word_1_603' title='bbox 2210 3505 2301 3574; x_wconf 72' lang='lat'><strong>20,</strong></span> <span class='ocrx_word' id='word_1_604' title='bbox 2332 3507 2454 3579; x_wconf 69' lang='lat'><strong>21.)</strong></span> <span class='ocrx_word' id='word_1_605' title='bbox 2476 3508 2627 3565; x_wconf 87' lang='lat' dir='ltr'><strong>Tunc</strong></span> <span class='ocrx_word' id='word_1_606' title='bbox 2646 3514 2863 3566; x_wconf 85' lang='lat' dir='ltr'><strong>accessit</strong></span> <span class='ocrx_word' id='word_1_607' title='bbox 2885 3514 2955 3568; x_wconf 91' lang='lat' dir='ltr'><strong>ad</strong></span> <span class='ocrx_word' id='word_1_608' title='bbox 2975 3532 3090 3569; x_wconf 75' lang='lat' dir='ltr'><strong>eum</strong></span> <span class='ocrx_word' id='word_1_609' title='bbox 3114 3528 3280 3571; x_wconf 86' lang='lat' dir='ltr'><strong>mater</strong></span> <span class='ocrx_word' id='word_1_610' title='bbox 3298 3519 3531 3589; x_wconf 82' lang='lat' dir='ltr'><strong>ﬁliorum</strong></span> 
     </span>
    </p>
   </div>
   <div class='ocr_carea' id='block_1_78' title="bbox 1926 3597 3527 3680">
    <p class='ocr_par' dir='ltr' id='par_1_78' title="bbox 1926 3597 3527 3680">
     <span class='ocr_line' id='line_1_78' title="bbox 1926 3597 3527 3680; baseline 0.009 -28"><span class='ocrx_word' id='word_1_611' title='bbox 1926 3597 2162 3654; x_wconf 61' lang='lat' dir='ltr'><strong>Zebeda’i</strong></span> <span class='ocrx_word' id='word_1_612' title='bbox 2190 3615 2305 3653; x_wconf 85' lang='lat' dir='ltr'><strong>cum</strong></span> <span class='ocrx_word' id='word_1_613' title='bbox 2333 3601 2460 3670; x_wconf 83' lang='lat' dir='ltr'><strong>ﬁliis</strong></span> <span class='ocrx_word' id='word_1_614' title='bbox 2509 3604 2642 3667; x_wconf 84' lang='lat' dir='ltr'><strong>suis,</strong></span> <span class='ocrx_word' id='word_1_615' title='bbox 2684 3606 2912 3661; x_wconf 85' lang='lat' dir='ltr'><strong>adorans</strong></span> <span class='ocrx_word' id='word_1_616' title='bbox 2944 3618 2990 3662; x_wconf 85' lang='lat' dir='ltr'><strong>et</strong></span> <span class='ocrx_word' id='word_1_617' title='bbox 3017 3619 3197 3680; x_wconf 83' lang='lat' dir='ltr'><strong>petens</strong></span> <span class='ocrx_word' id='word_1_618' title='bbox 3235 3613 3437 3680; x_wconf 85' lang='lat' dir='ltr'><strong>aliquid</strong></span> <span class='ocrx_word' id='word_1_619' title='bbox 3463 3615 3527 3667; x_wconf 85' lang='lat' dir='ltr'><strong>ab</strong></span> 
     </span>
    </p>
   </div>
   <div class='ocr_carea' id='block_1_79' title="bbox 1922 3693 3527 3764">
    <p class='ocr_par' dir='ltr' id='par_1_79' title="bbox 1922 3693 3527 3764">
     <span class='ocr_line' id='line_1_79' title="bbox 1922 3693 3527 3764; baseline 0.009 -17"><span class='ocrx_word' id='word_1_620' title='bbox 1922 3710 2003 3749; x_wconf 88' lang='lat' dir='ltr'><strong>eo.</strong></span> <span class='ocrx_word' id='word_1_621' title='bbox 2039 3693 2142 3760; x_wconf 77' lang='lat' dir='ltr'><strong>Qui</strong></span> <span class='ocrx_word' id='word_1_622' title='bbox 2173 3694 2307 3748; x_wconf 65' lang='lat' dir='ltr'><strong>dixit</strong></span> <span class='ocrx_word' id='word_1_623' title='bbox 2337 3697 2386 3749; x_wconf 90' lang='lat' dir='ltr'><strong>ei</strong></span> <span class='ocrx_word' id='word_1_624' title='bbox 2418 3711 2435 3749; x_wconf 91' lang='grc'><strong>.·</strong></span> <span class='ocrx_word' id='word_1_625' title='bbox 2472 3695 2612 3764; x_wconf 81' lang='lat' dir='ltr'><strong>Quid</strong></span> <span class='ocrx_word' id='word_1_626' title='bbox 2643 3699 2719 3753; x_wconf 81' lang='lat' dir='ltr'><strong>vis</strong></span> <span class='ocrx_word' id='word_1_627' title='bbox 2743 3701 2769 3754; x_wconf 70' lang='lat'><strong>.9</strong></span> <span class='ocrx_word' id='word_1_628' title='bbox 2798 3701 2884 3755; x_wconf 81' lang='lat' dir='ltr'><strong>Ait</strong></span> <span class='ocrx_word' id='word_1_629' title='bbox 2906 3701 2990 3756; x_wconf 87' lang='lat' dir='ltr'><strong>illi</strong></span> <span class='ocrx_word' id='word_1_630' title='bbox 3022 3717 3041 3757; x_wconf 88' lang='lat'><strong><em>:</em></strong></span> <span class='ocrx_word' id='word_1_631' title='bbox 3091 3703 3186 3757; x_wconf 87' lang='lat' dir='ltr'><strong>Dic</strong></span> <span class='ocrx_word' id='word_1_632' title='bbox 3212 3714 3267 3759; x_wconf 83' lang='lat' dir='ltr'><strong>ut</strong></span> <span class='ocrx_word' id='word_1_633' title='bbox 3312 3707 3527 3761; x_wconf 85' lang='lat' dir='ltr'><strong>sedeant</strong></span> 
     </span>
    </p>
   </div>
   <div class='ocr_carea' id='block_1_80' title="bbox 1923 3786 3526 3860">
    <p class='ocr_par' dir='ltr' id='par_1_80' title="bbox 1923 3786 3526 3860">
     <span class='ocr_line' id='line_1_80' title="bbox 1923 3786 3526 3860; baseline 0.011 -22"><span class='ocrx_word' id='word_1_634' title='bbox 1923 3787 1978 3840; x_wconf 82' lang='lat' dir='ltr'><strong>hi</strong></span> <span class='ocrx_word' id='word_1_635' title='bbox 2008 3787 2112 3841; x_wconf 89' lang='lat' dir='ltr'><strong>duo</strong></span> <span class='ocrx_word' id='word_1_636' title='bbox 2153 3786 2254 3857; x_wconf 81' lang='lat' dir='ltr'><strong>lilii</strong></span> <span class='ocrx_word' id='word_1_637' title='bbox 2281 3790 2401 3853; x_wconf 87' lang='lat' dir='ltr'><strong>mei,</strong></span> <span class='ocrx_word' id='word_1_638' title='bbox 2436 3805 2572 3845; x_wconf 86' lang='lat' dir='ltr'><strong>unus</strong></span> <span class='ocrx_word' id='word_1_639' title='bbox 2596 3793 2667 3845; x_wconf 84' lang='lat' dir='ltr'><strong>ad</strong></span> <span class='ocrx_word' id='word_1_640' title='bbox 2703 3791 2970 3848; x_wconf 70' lang='lat' dir='ltr'><strong>dexteram</strong></span> <span class='ocrx_word' id='word_1_641' title='bbox 3001 3803 3166 3860; x_wconf 87' lang='lat' dir='ltr'><strong>tuam,</strong></span> <span class='ocrx_word' id='word_1_642' title='bbox 3198 3806 3245 3851; x_wconf 87' lang='lat' dir='ltr'><strong>et</strong></span> <span class='ocrx_word' id='word_1_643' title='bbox 3274 3815 3412 3853; x_wconf 84' lang='lat' dir='ltr'><strong>unus</strong></span> <span class='ocrx_word' id='word_1_644' title='bbox 3457 3802 3526 3855; x_wconf 87' lang='lat' dir='ltr'><strong>ad</strong></span> 
     </span>
    </p>
   </div>
   <div class='ocr_carea' id='block_1_81' title="bbox 1921 3880 3526 3962">
    <p class='ocr_par' dir='ltr' id='par_1_81' title="bbox 1921 3880 3526 3962">
     <span class='ocr_line' id='line_1_81' title="bbox 1921 3880 3526 3962; baseline 0.008 -28"><span class='ocrx_word' id='word_1_645' title='bbox 1921 3880 2189 3935; x_wconf 85' lang='lat' dir='ltr'><strong>sinistram</strong></span> <span class='ocrx_word' id='word_1_646' title='bbox 2219 3882 2272 3934; x_wconf 87' lang='lat' dir='ltr'><strong>in</strong></span> <span class='ocrx_word' id='word_1_647' title='bbox 2300 3897 2460 3952; x_wconf 87' lang='lat' dir='ltr'><strong>regna</strong></span> <span class='ocrx_word' id='word_1_648' title='bbox 2488 3892 2597 3937; x_wconf 87' lang='lat' dir='ltr'><strong>tuo.</strong></span> <span class='ocrx_word' id='word_1_649' title='bbox 2649 3882 2806 3940; x_wconf 87' lang='lat' dir='ltr'><strong>Unde</strong></span> <span class='ocrx_word' id='word_1_650' title='bbox 2831 3887 3147 3956; x_wconf 81' lang='lat' dir='ltr'><strong>opinionem</strong></span> <span class='ocrx_word' id='word_1_651' title='bbox 3179 3893 3330 3962; x_wconf 84' lang='lat' dir='ltr'><strong>regni</strong></span> <span class='ocrx_word' id='word_1_652' title='bbox 3362 3892 3526 3947; x_wconf 85' lang='lat' dir='ltr'><strong>habet</strong></span> 
     </span>
    </p>
   </div>
   <div class='ocr_carea' id='block_1_82' title="bbox 1918 3973 3521 4042">
    <p class='ocr_par' dir='ltr' id='par_1_82' title="bbox 1918 3973 3521 4042">
     <span class='ocr_line' id='line_1_82' title="bbox 1918 3973 3521 4042; baseline 0.009 -16"><span class='ocrx_word' id='word_1_653' title='bbox 1918 3981 2094 4028; x_wconf 86' lang='lat' dir='ltr'><strong>mater</strong></span> <span class='ocrx_word' id='word_1_654' title='bbox 2136 3973 2372 4030; x_wconf 84' lang='lat' dir='ltr'><strong>ﬁliorum</strong></span> <span class='ocrx_word' id='word_1_655' title='bbox 2405 3973 2681 4042; x_wconf 78' lang='lat' dir='ltr'><strong>Zebedtci,</strong></span> <span class='ocrx_word' id='word_1_656' title='bbox 2708 3987 2767 4031; x_wconf 86' lang='lat' dir='ltr'><strong>ut</strong></span> <span class='ocrx_word' id='word_1_657' title='bbox 2792 3993 2913 4033; x_wconf 91' lang='lat' dir='ltr'><strong>cum</strong></span> <span class='ocrx_word' id='word_1_658' title='bbox 2965 3981 3224 4037; x_wconf 88' lang='lat' dir='ltr'><strong>Dominus</strong></span> <span class='ocrx_word' id='word_1_659' title='bbox 3270 3983 3472 4039; x_wconf 77' lang='lat' dir='ltr'><strong>dixerit</strong></span> <span class='ocrx_word' id='word_1_660' title='bbox 3506 4001 3521 4040; x_wconf 91' lang='lat'><strong>:</strong></span> 
     </span>
    </p>
   </div>
   <div class='ocr_carea' id='block_1_83' title="bbox 1917 4062 3520 4142">
    <p class='ocr_par' dir='ltr' id='par_1_83' title="bbox 1917 4062 3520 4142">
     <span class='ocr_line' id='line_1_83' title="bbox 1917 4062 3520 4142; baseline 0.007 -22"><span class='ocrx_word' id='word_1_661' title='bbox 1917 4062 2091 4120; x_wconf 82' lang='lat' dir='ltr'><strong>Filius</strong></span> <span class='ocrx_word' id='word_1_662' title='bbox 2117 4066 2342 4122; x_wconf 77' lang='lat' dir='ltr'><strong>hominis</strong></span> <span class='ocrx_word' id='word_1_663' title='bbox 2368 4069 2600 4123; x_wconf 88' lang='lat' dir='ltr'><strong>tradetur</strong></span> <span class='ocrx_word' id='word_1_664' title='bbox 2619 4070 2947 4142; x_wconf 82' lang='lat' dir='ltr'><strong>principibus</strong></span> <span class='ocrx_word' id='word_1_665' title='bbox 2960 4074 3285 4128; x_wconf 80' lang='lat' dir='ltr'><strong>sacerdotum</strong></span> <span class='ocrx_word' id='word_1_666' title='bbox 3306 4085 3354 4130; x_wconf 89' lang='lat' dir='ltr'><strong>et</strong></span> <span class='ocrx_word' id='word_1_667' title='bbox 3374 4075 3520 4132; x_wconf 80' lang='lat' dir='ltr'><strong>Scri-</strong></span> 
     </span>
    </p>
   </div>
   <div class='ocr_carea' id='block_1_84' title="bbox 1917 4159 3517 4239">
    <p class='ocr_par' dir='ltr' id='par_1_84' title="bbox 1917 4159 3517 4239">
     <span class='ocr_line' id='line_1_84' title="bbox 1917 4159 3517 4239; baseline 0.006 -26"><span class='ocrx_word' id='word_1_668' title='bbox 1917 4159 2014 4227; x_wconf 88' lang='lat' dir='ltr'><strong>bis,</strong></span> <span class='ocrx_word' id='word_1_669' title='bbox 2048 4169 2095 4214; x_wconf 88' lang='lat' dir='ltr'><strong>et</strong></span> <span class='ocrx_word' id='word_1_670' title='bbox 2136 4162 2550 4216; x_wconf 85' lang='lat' dir='ltr'><strong>condemnabunt</strong></span> <span class='ocrx_word' id='word_1_671' title='bbox 2577 4179 2695 4217; x_wconf 84' lang='lat' dir='ltr'><strong>eum</strong></span> <span class='ocrx_word' id='word_1_672' title='bbox 2718 4172 2902 4230; x_wconf 86' lang='lat' dir='ltr'><strong>morte,</strong></span> <span class='ocrx_word' id='word_1_673' title='bbox 2936 4173 2985 4219; x_wconf 86' lang='lat' dir='ltr'><strong>et</strong></span> <span class='ocrx_word' id='word_1_674' title='bbox 3030 4165 3237 4221; x_wconf 87' lang='lat' dir='ltr'><strong>tradent</strong></span> <span class='ocrx_word' id='word_1_675' title='bbox 3279 4168 3517 4239; x_wconf 83' lang='lat' dir='ltr'><strong>gentibus</strong></span> 
     </span>
    </p>
   </div>
   <div class='ocr_carea' id='block_1_85' title="bbox 1915 4251 3518 4331">
    <p class='ocr_par' dir='ltr' id='par_1_85' title="bbox 1915 4251 3518 4331">
     <span class='ocr_line' id='line_1_85' title="bbox 1915 4251 3518 4331; baseline 0.006 -24"><span class='ocrx_word' id='word_1_676' title='bbox 1915 4253 1984 4307; x_wconf 88' lang='lat' dir='ltr'><strong>ad</strong></span> <span class='ocrx_word' id='word_1_677' title='bbox 2014 4251 2366 4320; x_wconf 83' lang='lat' dir='ltr'><strong>illudendum,</strong></span> <span class='ocrx_word' id='word_1_678' title='bbox 2400 4266 2447 4309; x_wconf 91' lang='lat' dir='ltr'><strong>et</strong></span> <span class='ocrx_word' id='word_1_679' title='bbox 2471 4254 2882 4327; x_wconf 83' lang='lat' dir='ltr'><strong>ﬁagellandum,</strong></span> <span class='ocrx_word' id='word_1_680' title='bbox 2914 4266 2961 4311; x_wconf 88' lang='lat' dir='ltr'><strong>et</strong></span> <span class='ocrx_word' id='word_1_681' title='bbox 2991 4259 3433 4331; x_wconf 78' lang='lat' dir='ltr'><strong>cruciﬁgendum;</strong></span> <span class='ocrx_word' id='word_1_682' title='bbox 3462 4271 3518 4317; x_wconf 90' lang='lat' dir='ltr'><strong>et</strong></span> 
     </span>
    </p>
   </div>
   <div class='ocr_carea' id='block_1_86' title="bbox 1916 4345 3516 4423">
    <p class='ocr_par' dir='ltr' id='par_1_86' title="bbox 1916 4345 3516 4423">
     <span class='ocr_line' id='line_1_86' title="bbox 1916 4345 3516 4423; baseline 0.005 -24"><span class='ocrx_word' id='word_1_683' title='bbox 1916 4345 2272 4415; x_wconf 84' lang='lat' dir='ltr'><strong>ignominiam</strong></span> <span class='ocrx_word' id='word_1_684' title='bbox 2333 4346 2489 4420; x_wconf 70' lang='lat'><strong>155</strong></span> <span class='ocrx_word' id='word_1_685' title='bbox 2546 4348 2816 4417; x_wconf 81' lang='lat' dir='ltr'><strong>passionis</strong></span> <span class='ocrx_word' id='word_1_686' title='bbox 2865 4349 3187 4407; x_wconf 86' lang='lat' dir='ltr'><strong>timentibus</strong></span> <span class='ocrx_word' id='word_1_687' title='bbox 3235 4352 3516 4423; x_wconf 82' lang='lat' dir='ltr'><strong>discipulis</strong></span> 
     </span>
    </p>
   </div>
   <div class='ocr_carea' id='block_1_87' title="bbox 229 4433 3511 4514">
    <p class='ocr_par' dir='ltr' id='par_1_87' title="bbox 229 4433 3511 4514">
     <span class='ocr_line' id='line_1_87' title="bbox 229 4433 3511 4514; baseline 0.005 -28"><span class='ocrx_word' id='word_1_688' title='bbox 229 4436 270 4481; x_wconf 77' lang='lat' dir='ltr'><strong>et</strong></span> <span class='ocrx_word' id='word_1_689' title='bbox 295 4433 558 4488; x_wconf 72' lang='lat' dir='ltr'><strong>novissimi</strong></span> <span class='ocrx_word' id='word_1_690' title='bbox 594 4435 775 4507; x_wconf 86' lang='lat' dir='ltr'><strong>primi.</strong></span> <span class='ocrx_word' id='word_1_691' title='bbox 818 4436 973 4505; x_wconf 84' lang='lat' dir='ltr'><strong>Quod</strong></span> <span class='ocrx_word' id='word_1_692' title='bbox 1004 4437 1033 4477; x_wconf 69' lang='grc' dir='ltr'><strong>ι’</strong></span> <span class='ocrx_word' id='word_1_693' title='bbox 1062 4436 1235 4494; x_wconf 73' lang='lat' dir='ltr'><strong>Judzei</strong></span> <span class='ocrx_word' id='word_1_694' title='bbox 1266 4438 1335 4495; x_wconf 87' lang='lat' dir='ltr'><strong>de</strong></span> <span class='ocrx_word' id='word_1_695' title='bbox 1378 4441 1558 4512; x_wconf 81' lang='lat' dir='ltr'><strong>capite</strong></span> <span class='ocrx_word' id='word_1_696' title='bbox 1591 4451 1812 4499; x_wconf 69' lang='lat' dir='ltr'><strong>verum-</strong></span> <span class='ocrx_word' id='word_1_697' title='bbox 1911 4440 2283 4506; x_wconf 84' lang='lat' dir='ltr'><strong>annuntiaret,</strong></span> <span class='ocrx_word' id='word_1_698' title='bbox 2313 4439 2405 4493; x_wconf 88' lang='lat' dir='ltr'><strong>illa</strong></span> <span class='ocrx_word' id='word_1_699' title='bbox 2433 4439 2667 4509; x_wconf 77' lang='lat' dir='ltr'><strong>postulet</strong></span> <span class='ocrx_word' id='word_1_700' title='bbox 2692 4440 2920 4510; x_wconf 85' lang='lat' dir='ltr'><strong>gloriam</strong></span> <span class='ocrx_word' id='word_1_701' title='bbox 2948 4442 3511 4514; x_wconf 71' lang='lat' dir='ltr'><strong>triumphantisibac,</strong></span> 
     </span>
    </p>
   </div>
   <div class='ocr_carea' id='block_1_88' title="bbox 227 4522 1826 4608">
    <p class='ocr_par' dir='ltr' id='par_1_88' title="bbox 227 4522 1804 4608">
     <span class='ocr_line' id='line_1_88' title="bbox 227 4522 1804 4608; baseline 0.012 -35"><span class='ocrx_word' id='word_1_702' title='bbox 227 4527 309 4575; x_wconf 86' lang='lat' dir='ltr'><strong>tur</strong></span> <span class='ocrx_word' id='word_1_703' title='bbox 333 4522 383 4578; x_wconf 90' lang='lat' dir='ltr'><strong>in</strong></span> <span class='ocrx_word' id='word_1_704' title='bbox 404 4526 643 4582; x_wconf 82' lang='lat' dir='ltr'><strong>caudam</strong></span> <span class='ocrx_word' id='word_1_705' title='bbox 673 4545 686 4581; x_wconf 91' lang='lat'><strong>:</strong></span> <span class='ocrx_word' id='word_1_706' title='bbox 714 4537 767 4582; x_wconf 90' lang='lat' dir='ltr'><strong>et</strong></span> <span class='ocrx_word' id='word_1_707' title='bbox 796 4545 895 4585; x_wconf 89' lang='lat' dir='ltr'><strong>nos</strong></span> <span class='ocrx_word' id='word_1_708' title='bbox 922 4531 991 4587; x_wconf 89' lang='lat' dir='ltr'><strong>de</strong></span> <span class='ocrx_word' id='word_1_709' title='bbox 1013 4533 1189 4587; x_wconf 88' lang='lat' dir='ltr'><strong>cauda</strong></span> <span class='ocrx_word' id='word_1_710' title='bbox 1223 4543 1501 4590; x_wconf 88' lang='lat' dir='ltr'><strong>mutemur</strong></span> <span class='ocrx_word' id='word_1_711' title='bbox 1529 4535 1580 4590; x_wconf 90' lang='lat' dir='ltr'><strong>in</strong></span> <span class='ocrx_word' id='word_1_712' title='bbox 1622 4547 1804 4608; x_wconf 80' lang='lat' dir='ltr'><strong>caput.</strong></span> 
     </span>
    </p>
   </div>
   <div class='ocr_carea' id='block_1_89' title="bbox 1941 4522 3506 4608">
    <p class='ocr_par' dir='ltr' id='par_1_89' title="bbox 1941 4532 3506 4603">
     <span class='ocr_line' id='line_1_89' title="bbox 1941 4532 3506 4603; baseline 0.004 -18"><span class='ocrx_word' id='word_1_713' title='bbox 1941 4541 2133 4597; x_wconf 73' lang='lat' dir='ltr'><strong>ltreor,</strong></span> <span class='ocrx_word' id='word_1_714' title='bbox 2156 4546 2225 4587; x_wconf 84' lang='lat' dir='ltr'><strong>ex</strong></span> <span class='ocrx_word' id='word_1_715' title='bbox 2251 4545 2433 4597; x_wconf 83' lang='lat' dir='ltr'><strong>causa,</strong></span> <span class='ocrx_word' id='word_1_716' title='bbox 2463 4532 2589 4603; x_wconf 82' lang='lat' dir='ltr'><strong>quia</strong></span> <span class='ocrx_word' id='word_1_717' title='bbox 2618 4542 2743 4602; x_wconf 84' lang='lat' dir='ltr'><strong>post</strong></span> <span class='ocrx_word' id='word_1_718' title='bbox 2766 4534 2950 4588; x_wconf 86' lang='lat' dir='ltr'><strong>omnia</strong></span> <span class='ocrx_word' id='word_1_719' title='bbox 2966 4535 3184 4591; x_wconf 81' lang='lat' dir='ltr'><strong>dixerat</strong></span> <span class='ocrx_word' id='word_1_720' title='bbox 3213 4538 3469 4591; x_wconf 85' lang='lat' dir='ltr'><strong>Dominus</strong></span> <span class='ocrx_word' id='word_1_721' title='bbox 3495 4557 3506 4591; x_wconf 89' lang='lat'><strong>:</strong></span> 
     </span>
    </p>
   </div>
   <div class='ocr_carea' id='block_1_90' title="bbox 277 4603 3513 4703">
    <p class='ocr_par' dir='ltr' id='par_1_90' title="bbox 277 4603 3513 4703">
     <span class='ocr_line' id='line_1_90' title="bbox 277 4603 3513 4703; baseline 0.007 -39"><span class='ocrx_word' id='word_1_722' title='bbox 277 4614 448 4691; x_wconf 65' lang='lat' dir='ltr'><strong>(vers.</strong></span> <span class='ocrx_word' id='word_1_723' title='bbox 491 4620 616 4691; x_wconf 71' lang='grc'><strong>15.)</strong></span> <span class='ocrx_word' id='word_1_724' title='bbox 644 4620 841 4687; x_wconf 76' lang='lat' dir='ltr'><strong>Amice,</strong></span> <span class='ocrx_word' id='word_1_725' title='bbox 867 4638 970 4677; x_wconf 81' lang='lat' dir='ltr'><strong>non</strong></span> <span class='ocrx_word' id='word_1_726' title='bbox 996 4624 1133 4694; x_wconf 72' lang='lat' dir='ltr'><strong>facio</strong></span> <span class='ocrx_word' id='word_1_727' title='bbox 1160 4624 1253 4679; x_wconf 80' lang='lat' dir='ltr'><strong>tibi</strong></span> <span class='ocrx_word' id='word_1_728' title='bbox 1288 4626 1560 4703; x_wconf 74' lang='lat' dir='ltr'><strong>injuriam.</strong></span> <span class='ocrx_word' id='word_1_729' title='bbox 1592 4603 1718 4703; x_wconf 58' lang='lat' dir='ltr'><strong>Legi</strong></span> <span class='ocrx_word' id='word_1_730' title='bbox 1750 4632 1802 4687; x_wconf 83' lang='lat' dir='ltr'><strong>in</strong></span> <span class='ocrx_word' id='word_1_731' title='bbox 1835 4603 1888 4665; x_wconf 83' lang='lat' dir='ltr'><strong>D</strong></span> <span class='ocrx_word' id='word_1_732' title='bbox 1913 4635 1960 4683; x_wconf 88' lang='lat' dir='ltr'><strong>et</strong></span> <span class='ocrx_word' id='word_1_733' title='bbox 1994 4627 2145 4680; x_wconf 79' lang='lat' dir='ltr'><strong>tertia</strong></span> <span class='ocrx_word' id='word_1_734' title='bbox 2176 4626 2259 4681; x_wconf 85' lang='lat' dir='ltr'><strong>die</strong></span> <span class='ocrx_word' id='word_1_735' title='bbox 2283 4637 2538 4699; x_wconf 80' lang='lat' dir='ltr'><strong>resurget,</strong></span> <span class='ocrx_word' id='word_1_736' title='bbox 2566 4627 2777 4697; x_wconf 83' lang='lat' dir='ltr'><strong>putavit</strong></span> <span class='ocrx_word' id='word_1_737' title='bbox 2797 4642 2921 4684; x_wconf 89' lang='lat' dir='ltr'><strong>eum</strong></span> <span class='ocrx_word' id='word_1_738' title='bbox 2949 4629 3145 4684; x_wconf 87' lang='lat' dir='ltr'><strong>mulier</strong></span> <span class='ocrx_word' id='word_1_739' title='bbox 3180 4639 3305 4700; x_wconf 88' lang='lat' dir='ltr'><strong>post</strong></span> <span class='ocrx_word' id='word_1_740' title='bbox 3329 4647 3513 4686; x_wconf 88' lang='lat' dir='ltr'><strong>resur-</strong></span> 
     </span>
    </p>
   </div>
   <div class='ocr_carea' id='block_1_91' title="bbox 223 4709 3507 4797">
    <p class='ocr_par' dir='ltr' id='par_1_91' title="bbox 223 4709 3507 4797">
     <span class='ocr_line' id='line_1_91' title="bbox 223 4709 3507 4797; baseline 0.006 -37"><span class='ocrx_word' id='word_1_741' title='bbox 223 4709 525 4782; x_wconf 66' lang='lat' dir='ltr'><strong>ccujusdam</strong></span> <span class='ocrx_word' id='word_1_742' title='bbox 559 4714 727 4783; x_wconf 80' lang='lat' dir='ltr'><strong>libro,</strong></span> <span class='ocrx_word' id='word_1_743' title='bbox 749 4717 983 4775; x_wconf 85' lang='lat' dir='ltr'><strong>amicum</strong></span> <span class='ocrx_word' id='word_1_744' title='bbox 1008 4719 1168 4777; x_wconf 80' lang='lat' dir='ltr'><strong>istum</strong></span> <span class='ocrx_word' id='word_1_745' title='bbox 1200 4720 1292 4792; x_wconf 88' lang='lat' dir='ltr'><strong>qui</strong></span> <span class='ocrx_word' id='word_1_746' title='bbox 1314 4722 1626 4793; x_wconf 81' lang='lat' dir='ltr'><strong>increpatur</strong></span> <span class='ocrx_word' id='word_1_747' title='bbox 1653 4740 1683 4781; x_wconf 84' lang='lat' dir='ltr'><strong>a</strong></span> <span class='ocrx_word' id='word_1_748' title='bbox 1712 4741 1807 4797; x_wconf 70' lang='lat' dir='ltr'><strong>pa.</strong></span> <span class='ocrx_word' id='word_1_749' title='bbox 1909 4722 2206 4777; x_wconf 85' lang='lat' dir='ltr'><strong>rectionem</strong></span> <span class='ocrx_word' id='word_1_750' title='bbox 2230 4718 2375 4774; x_wconf 80' lang='lat' dir='ltr'><strong>illico</strong></span> <span class='ocrx_word' id='word_1_751' title='bbox 2398 4729 2770 4791; x_wconf 76' lang='lat' dir='ltr'><strong>regnaturum;</strong></span> <span class='ocrx_word' id='word_1_752' title='bbox 2795 4733 2851 4779; x_wconf 89' lang='lat' dir='ltr'><strong>et</strong></span> <span class='ocrx_word' id='word_1_753' title='bbox 2873 4722 2978 4779; x_wconf 89' lang='lat' dir='ltr'><strong>boe</strong></span> <span class='ocrx_word' id='word_1_754' title='bbox 3002 4725 3147 4795; x_wconf 87' lang='lat' dir='ltr'><strong>quod</strong></span> <span class='ocrx_word' id='word_1_755' title='bbox 3176 4724 3233 4780; x_wconf 82' lang='lat' dir='ltr'><strong>in</strong></span> <span class='ocrx_word' id='word_1_756' title='bbox 3261 4726 3507 4783; x_wconf 90' lang='lat' dir='ltr'><strong>secundo</strong></span> 
     </span>
    </p>
   </div>
   <div class='ocr_carea' id='block_1_92' title="bbox 217 4804 3510 4888">
    <p class='ocr_par' dir='ltr' id='par_1_92' title="bbox 217 4804 3510 4888">
     <span class='ocr_line' id='line_1_92' title="bbox 217 4804 3510 4888; baseline 0.007 -29"><span class='ocrx_word' id='word_1_757' title='bbox 217 4804 541 4876; x_wconf 79' lang='lat' dir='ltr'><strong>uelamilias,</strong></span> <span class='ocrx_word' id='word_1_758' title='bbox 590 4808 780 4880; x_wconf 69' lang='lat' dir='ltr'><strong>prima:</strong></span> <span class='ocrx_word' id='word_1_759' title='bbox 827 4810 975 4866; x_wconf 65' lang='lat' dir='ltr'><strong>liora;</strong></span> <span class='ocrx_word' id='word_1_760' title='bbox 1021 4812 1355 4884; x_wconf 85' lang='lat' dir='ltr'><strong>operarium,</strong></span> <span class='ocrx_word' id='word_1_761' title='bbox 1405 4817 1801 4888; x_wconf 84' lang='lat' dir='ltr'><strong>protoplastum</strong></span> <span class='ocrx_word' id='word_1_762' title='bbox 1906 4813 2144 4871; x_wconf 83' lang='lat' dir='ltr'><strong>adventu</strong></span> <span class='ocrx_word' id='word_1_763' title='bbox 2175 4812 2532 4883; x_wconf 86' lang='lat' dir='ltr'><strong>promittitur,</strong></span> <span class='ocrx_word' id='word_1_764' title='bbox 2558 4813 2612 4869; x_wconf 90' lang='lat' dir='ltr'><strong>in</strong></span> <span class='ocrx_word' id='word_1_765' title='bbox 2645 4814 2821 4883; x_wconf 87' lang='lat' dir='ltr'><strong>primo</strong></span> <span class='ocrx_word' id='word_1_766' title='bbox 2849 4828 2975 4873; x_wconf 83' lang='lat' dir='ltr'><strong>esse</strong></span> <span class='ocrx_word' id='word_1_767' title='bbox 3017 4817 3421 4887; x_wconf 81' lang='lat' dir='ltr'><strong>complendum,</strong></span> <span class='ocrx_word' id='word_1_768' title='bbox 3456 4833 3510 4875; x_wconf 81' lang='lat' dir='ltr'><strong>el</strong></span> 
     </span>
    </p>
   </div>
   <div class='ocr_carea' id='block_1_93' title="bbox 217 4891 3505 4979">
    <p class='ocr_par' dir='ltr' id='par_1_93' title="bbox 217 4891 3505 4979">
     <span class='ocr_line' id='line_1_93' title="bbox 217 4891 3505 4979; baseline 0.007 -32"><span class='ocrx_word' id='word_1_769' title='bbox 217 4891 449 4975; x_wconf 77' lang='lat' dir='ltr'><strong>intelligi,</strong></span> <span class='ocrx_word' id='word_1_770' title='bbox 469 4910 526 4956; x_wconf 80' lang='lat' dir='ltr'><strong>et</strong></span> <span class='ocrx_word' id='word_1_771' title='bbox 557 4916 657 4957; x_wconf 87' lang='lat' dir='ltr'><strong>eos</strong></span> <span class='ocrx_word' id='word_1_772' title='bbox 678 4905 771 4973; x_wconf 91' lang='lat' dir='ltr'><strong>qui</strong></span> <span class='ocrx_word' id='word_1_773' title='bbox 798 4902 893 4957; x_wconf 89' lang='lat' dir='ltr'><strong>illo</strong></span> <span class='ocrx_word' id='word_1_774' title='bbox 926 4914 1172 4976; x_wconf 88' lang='lat' dir='ltr'><strong>tempore</strong></span> <span class='ocrx_word' id='word_1_775' title='bbox 1192 4905 1562 4963; x_wconf 89' lang='lat' dir='ltr'><strong>crediderunt.</strong></span> <span class='ocrx_word' id='word_1_776' title='bbox 1905 4906 2166 4967; x_wconf 86' lang='lat' dir='ltr'><strong>aviditate</strong></span> <span class='ocrx_word' id='word_1_777' title='bbox 2190 4906 2428 4964; x_wconf 89' lang='lat' dir='ltr'><strong>leminea</strong></span> <span class='ocrx_word' id='word_1_778' title='bbox 2450 4909 2740 4978; x_wconf 79' lang='lat' dir='ltr'><strong>praesentia</strong></span> <span class='ocrx_word' id='word_1_779' title='bbox 2768 4910 2940 4979; x_wconf 86' lang='lat' dir='ltr'><strong>cupit,</strong></span> <span class='ocrx_word' id='word_1_780' title='bbox 2971 4910 3264 4967; x_wconf 80' lang='lat' dir='ltr'><strong>immemor</strong></span> <span class='ocrx_word' id='word_1_781' title='bbox 3294 4912 3505 4970; x_wconf 79' lang='lat' dir='ltr'><strong>futuro—</strong></span> 
     </span>
    </p>
   </div>
   <div class='ocr_carea' id='block_1_94' title="bbox 275 5057 1799 5135">
    <p class='ocr_par' dir='ltr' id='par_1_94' title="bbox 275 5057 1799 5135">
     <span class='ocr_line' id='line_1_94' title="bbox 275 5057 1799 5135; baseline 0.007 -22"><span class='ocrx_word' id='word_1_782' title='bbox 275 5065 298 5092; x_wconf 78' lang='grc'><strong>⁸</strong></span> <span class='ocrx_word' id='word_1_783' title='bbox 318 5057 800 5135; x_wconf 77' lang='lat' dir='ltr'><strong>imprimjsautem</strong></span> <span class='ocrx_word' id='word_1_784' title='bbox 825 5061 1113 5135; x_wconf 85' lang='lat' dir='ltr'><strong>Origenes,</strong></span> <span class='ocrx_word' id='word_1_785' title='bbox 1143 5077 1207 5118; x_wconf 83' lang='lat' dir='ltr'><strong>ex</strong></span> <span class='ocrx_word' id='word_1_786' title='bbox 1230 5080 1337 5135; x_wconf 92' lang='lat' dir='ltr'><strong>quo</strong></span> <span class='ocrx_word' id='word_1_787' title='bbox 1362 5072 1420 5119; x_wconf 90' lang='lat' dir='ltr'><strong>et</strong></span> <span class='ocrx_word' id='word_1_788' title='bbox 1438 5063 1682 5121; x_wconf 85' lang='lat' dir='ltr'><strong>Hilarius</strong></span> <span class='ocrx_word' id='word_1_789' title='bbox 1702 5066 1799 5124; x_wconf 89' lang='lat' dir='ltr'><strong>de-</strong></span> 
     </span>
    </p>
   </div>
   <div class='ocr_carea' id='block_1_95' title="bbox 214 5130 1797 5204">
    <p class='ocr_par' dir='ltr' id='par_1_95' title="bbox 214 5130 1797 5204">
     <span class='ocr_line' id='line_1_95' title="bbox 214 5130 1797 5204; baseline 0.006 -20"><span class='ocrx_word' id='word_1_790' title='bbox 214 5138 443 5204; x_wconf 70' lang='lat' dir='ltr'><strong>sumpsit.</strong></span> <span class='ocrx_word' id='word_1_791' title='bbox 503 5130 662 5197; x_wconf 82' lang='lat' dir='ltr'><strong>Vide,</strong></span> <span class='ocrx_word' id='word_1_792' title='bbox 710 5132 887 5204; x_wconf 84' lang='lat' dir='ltr'><strong>inquit</strong></span> <span class='ocrx_word' id='word_1_793' title='bbox 915 5130 1025 5197; x_wconf 80' lang='lat' dir='ltr'><strong>ille,</strong></span> <span class='ocrx_word' id='word_1_794' title='bbox 1063 5151 1132 5187; x_wconf 88' lang='lat' dir='ltr'><strong>an</strong></span> <span class='ocrx_word' id='word_1_795' title='bbox 1174 5130 1401 5204; x_wconf 79' lang='lat' dir='ltr'><strong>primum</strong></span> <span class='ocrx_word' id='word_1_796' title='bbox 1430 5153 1539 5193; x_wconf 85' lang='lat' dir='ltr'><strong>esse</strong></span> <span class='ocrx_word' id='word_1_797' title='bbox 1564 5139 1797 5195; x_wconf 84' lang='lat' dir='ltr'><strong>ordinem</strong></span> 
     </span>
    </p>
   </div>
   <div class='ocr_carea' id='block_1_96' title="bbox 214 5200 1798 5279">
    <p class='ocr_par' dir='ltr' id='par_1_96' title="bbox 214 5200 1798 5279">
     <span class='ocr_line' id='line_1_96' title="bbox 214 5200 1798 5279; baseline 0.008 -26"><span class='ocrx_word' id='word_1_798' title='bbox 214 5200 566 5279; x_wconf 66' lang='lat' dir='ltr'><strong>dicereqneas,</strong></span> <span class='ocrx_word' id='word_1_799' title='bbox 598 5206 685 5279; x_wconf 78' lang='lat' dir='ltr'><strong>qui</strong></span> <span class='ocrx_word' id='word_1_800' title='bbox 712 5200 1007 5279; x_wconf 28' lang='lat' dir='ltr'><strong>ab&#39;AAdanto</strong></span> <span class='ocrx_word' id='word_1_801' title='bbox 1036 5200 1193 5279; x_wconf 83' lang='lat' dir='ltr'><strong>simul</strong></span> <span class='ocrx_word' id='word_1_802' title='bbox 1219 5223 1336 5262; x_wconf 87' lang='lat' dir='ltr'><strong>cum</strong></span> <span class='ocrx_word' id='word_1_803' title='bbox 1359 5208 1542 5262; x_wconf 84' lang='lat' dir='ltr'><strong>mundi</strong></span> <span class='ocrx_word' id='word_1_804' title='bbox 1573 5209 1798 5279; x_wconf 80' lang='lat' dir='ltr'><strong>fabrica-</strong></span> 
     </span>
    </p>
   </div>
   <div class='ocr_carea' id='block_1_97' title="bbox 216 5270 1791 5354">
    <p class='ocr_par' dir='ltr' id='par_1_97' title="bbox 216 5270 1791 5354">
     <span class='ocr_line' id='line_1_97' title="bbox 216 5270 1791 5354; baseline 0.009 -32"><span class='ocrx_word' id='word_1_805' title='bbox 216 5270 333 5354; x_wconf 55' lang='lat' dir='ltr'><strong>tione</strong></span> <span class='ocrx_word' id='word_1_806' title='bbox 358 5274 563 5329; x_wconf 82' lang='lat' dir='ltr'><strong>initium</strong></span> <span class='ocrx_word' id='word_1_807' title='bbox 595 5270 795 5354; x_wconf 61' lang='lat' dir='ltr'><strong>(tabuit.</strong></span> <span class='ocrx_word' id='word_1_808' title='bbox 834 5275 987 5354; x_wconf 70' lang='lat' dir='ltr'><strong>Exiit</strong></span> <span class='ocrx_word' id='word_1_809' title='bbox 1008 5278 1142 5331; x_wconf 83' lang='lat' dir='ltr'><strong>enim</strong></span> <span class='ocrx_word' id='word_1_810' title='bbox 1182 5280 1352 5354; x_wconf 67' lang='lat' dir='ltr'><strong>primo</strong></span> <span class='ocrx_word' id='word_1_811' title='bbox 1381 5296 1532 5333; x_wconf 84' lang='lat' dir='ltr'><strong>mane</strong></span> <span class='ocrx_word' id='word_1_812' title='bbox 1558 5270 1791 5354; x_wconf 75' lang='lat' dir='ltr'><strong>paterfa-</strong></span> 
     </span>
    </p>
   </div>
   <div class='ocr_carea' id='block_1_98' title="bbox 212 5343 1796 5417">
    <p class='ocr_par' dir='ltr' id='par_1_98' title="bbox 212 5343 1796 5417">
     <span class='ocr_line' id='line_1_98' title="bbox 212 5343 1796 5417; baseline 0.008 -22"><span class='ocrx_word' id='word_1_813' title='bbox 212 5343 386 5417; x_wconf 65' lang='lat' dir='ltr'><strong>milias,</strong></span> <span class='ocrx_word' id='word_1_814' title='bbox 410 5357 482 5411; x_wconf 80' lang='lat' dir='ltr'><strong>et,</strong></span> <span class='ocrx_word' id='word_1_815' title='bbox 512 5354 571 5399; x_wconf 86' lang='lat' dir='ltr'><strong>ut</strong></span> <span class='ocrx_word' id='word_1_816' title='bbox 596 5347 668 5401; x_wconf 85' lang='lat' dir='ltr'><strong>ita</strong></span> <span class='ocrx_word' id='word_1_817' title='bbox 687 5346 881 5411; x_wconf 87' lang='lat' dir='ltr'><strong>dicam,</strong></span> <span class='ocrx_word' id='word_1_818' title='bbox 908 5349 1166 5402; x_wconf 79' lang='lat' dir='ltr'><strong>Adamnm</strong></span> <span class='ocrx_word' id='word_1_819' title='bbox 1182 5343 1228 5402; x_wconf 64' lang='lat' dir='ltr'><strong>et</strong></span> <span class='ocrx_word' id='word_1_820' title='bbox 1250 5348 1418 5403; x_wconf 80' lang='lat' dir='ltr'><strong>Eram</strong></span> <span class='ocrx_word' id='word_1_821' title='bbox 1439 5343 1716 5417; x_wconf 57' lang='lat' dir='ltr'><strong>conduxit;</strong></span> <span class='ocrx_word' id='word_1_822' title='bbox 1740 5363 1796 5408; x_wconf 92' lang='lat' dir='ltr'><strong>ut</strong></span> 
     </span>
    </p>
   </div>
   <div class='ocr_carea' id='block_1_99' title="bbox 213 5413 1793 5495">
    <p class='ocr_par' dir='ltr' id='par_1_99' title="bbox 213 5413 1793 5495">
     <span class='ocr_line' id='line_1_99' title="bbox 213 5413 1793 5495; baseline 0.006 -27"><span class='ocrx_word' id='word_1_823' title='bbox 213 5413 630 5495; x_wconf 61' lang='lat' dir='ltr'><strong>pietatisyineam</strong></span> <span class='ocrx_word' id='word_1_824' title='bbox 658 5420 969 5475; x_wconf 72' lang='lat' dir='ltr'><strong>excolerent.</strong></span> <span class='ocrx_word' id='word_1_825' title='bbox 1007 5419 1309 5495; x_wconf 67' lang='lat' dir='ltr'><strong>Secundum</strong></span> <span class='ocrx_word' id='word_1_826' title='bbox 1335 5431 1506 5479; x_wconf 85' lang='lat' dir='ltr'><strong>autem</strong></span> <span class='ocrx_word' id='word_1_827' title='bbox 1536 5413 1793 5495; x_wconf 57' lang='lat' dir='ltr'><strong>ordinem,</strong></span> 
     </span>
    </p>
   </div>
   <div class='ocr_carea' id='block_1_100' title="bbox 214 5487 1792 5567">
    <p class='ocr_par' dir='ltr' id='par_1_100' title="bbox 214 5487 1792 5567">
     <span class='ocr_line' id='line_1_100' title="bbox 214 5487 1792 5567; baseline 0.009 -29"><span class='ocrx_word' id='word_1_828' title='bbox 214 5487 291 5567; x_wconf 75' lang='lat' dir='ltr'><strong>qui</strong></span> <span class='ocrx_word' id='word_1_829' title='bbox 323 5487 514 5567; x_wconf 59' lang='lat' dir='ltr'><strong>alvos,</strong></span> <span class='ocrx_word' id='word_1_830' title='bbox 542 5499 589 5543; x_wconf 89' lang='lat' dir='ltr'><strong>et</strong></span> <span class='ocrx_word' id='word_1_831' title='bbox 616 5501 768 5563; x_wconf 85' lang='lat' dir='ltr'><strong>pacto</strong></span> <span class='ocrx_word' id='word_1_832' title='bbox 792 5507 908 5567; x_wconf 78' lang='lat' dir='ltr'><strong>cum</strong></span> <span class='ocrx_word' id='word_1_833' title='bbox 946 5508 1007 5546; x_wconf 90' lang='lat' dir='ltr'><strong>eo</strong></span> <span class='ocrx_word' id='word_1_834' title='bbox 1034 5492 1223 5561; x_wconf 68' lang='lat' dir='ltr'><strong>findere</strong></span> <span class='ocrx_word' id='word_1_835' title='bbox 1252 5502 1506 5548; x_wconf 84' lang='lat' dir='ltr'><strong>censetur.</strong></span> <span class='ocrx_word' id='word_1_836' title='bbox 1539 5487 1792 5567; x_wconf 64' lang='lat' dir='ltr'><strong>Tertium,</strong></span> 
     </span>
    </p>
   </div>
   <div class='ocr_carea' id='block_1_101' title="bbox 212 5557 3462 5655">
    <p class='ocr_par' dir='ltr' id='par_1_101' title="bbox 212 5557 3462 5655">
     <span class='ocr_line' id='line_1_101' title="bbox 212 5557 3462 5655; baseline 0.006 -46"><span class='ocrx_word' id='word_1_837' title='bbox 212 5557 291 5625; x_wconf 70' lang='lat' dir='ltr'><strong>qui</strong></span> <span class='ocrx_word' id='word_1_838' title='bbox 316 5560 382 5615; x_wconf 86' lang='lat' dir='ltr'><strong>ad</strong></span> <span class='ocrx_word' id='word_1_839' title='bbox 407 5557 695 5655; x_wconf 46' lang='lat' dir='ltr'><strong>Abramittit</strong></span> <span class='ocrx_word' id='word_1_840' title='bbox 715 5557 1115 5655; x_wconf 39' lang='lat' dir='ltr'><strong>pertinetnrlunm</strong></span> <span class='ocrx_word' id='word_1_841' title='bbox 1146 5579 1247 5634; x_wconf 84' lang='lat' dir='ltr'><strong>quo</strong></span> <span class='ocrx_word' id='word_1_842' title='bbox 1276 5569 1642 5639; x_wconf 79' lang='lat' dir='ltr'><strong>comprehensa</strong></span> <span class='ocrx_word' id='word_1_843' title='bbox 1667 5557 1797 5649; x_wconf 51' lang='lat' dir='ltr'><strong>quo-&#39;-</strong></span> <span class='ocrx_word' id='word_1_844' title='bbox 1897 5557 2106 5655; x_wconf 63' lang='lat' dir='ltr'><strong>proptfr</strong></span> <span class='ocrx_word' id='word_1_845' title='bbox 2136 5557 2758 5655; x_wconf 25' lang='lat' dir='ltr'><strong>i&#39;ttcrf‘dulitatean‘cauda.</strong></span> <span class='ocrx_word' id='word_1_846' title='bbox 2854 5641 2867 5655; x_wconf 41' lang='lat'><strong><em>&#39;</em></strong></span> <span class='ocrx_word' id='word_1_847' title='bbox 3299 5652 3307 5655; x_wconf 21' lang='grc' dir='ltr'><strong>Α</strong></span> <span class='ocrx_word' id='word_1_848' title='bbox 3356 5654 3361 5655; x_wconf 12' lang='grc' dir='ltr'><em>γ</em></span> <span class='ocrx_word' id='word_1_849' title='bbox 3453 5645 3462 5653; x_wconf 33' lang='grc' dir='ltr'><strong>ν</strong></span> 
     </span>
    </p>
   </div>
   <div class='ocr_carea' id='block_1_102' title="bbox 212 5631 3494 5727">
    <p class='ocr_par' dir='ltr' id='par_1_102' title="bbox 212 5631 3494 5727">
     <span class='ocr_line' id='line_1_102' title="bbox 212 5631 3494 5727; baseline -0 -38"><span class='ocrx_word' id='word_1_850' title='bbox 212 5641 445 5727; x_wconf 50' lang='grc' dir='ltr'><strong>ξμς-ξριδῇ</strong></span> <span class='ocrx_word' id='word_1_851' title='bbox 471 5647 595 5705; x_wconf 78' lang='lat' dir='ltr'><strong>qua:</strong></span> <span class='ocrx_word' id='word_1_852' title='bbox 617 5634 686 5690; x_wconf 87' lang='lat' dir='ltr'><strong>ad</strong></span> <span class='ocrx_word' id='word_1_853' title='bbox 691 5631 889 5727; x_wconf 52' lang='grc' dir='ltr'><strong>ξαίνει</strong></span> <span class='ocrx_word' id='word_1_854' title='bbox 924 5634 992 5717; x_wconf 75' lang='lat' dir='ltr'><strong>ad</strong></span> <span class='ocrx_word' id='word_1_855' title='bbox 1016 5634 1071 5691; x_wconf 82' lang='grc' dir='ltr'><em>Μ</em></span> <span class='ocrx_word' id='word_1_856' title='bbox 1081 5631 1400 5727; x_wconf 48' lang='lat' dir='ltr'><strong>osengsqué</strong></span> <span class='ocrx_word' id='word_1_857' title='bbox 1425 5631 1689 5727; x_wconf 56' lang='lat' dir='ltr'><strong>spectant,</strong></span> <span class='ocrx_word' id='word_1_858' title='bbox 1713 5639 1796 5694; x_wconf 86' lang='lat' dir='ltr'><strong>in-</strong></span> <span class='ocrx_word' id='word_1_859' title='bbox 1897 5631 1908 5638; x_wconf 77' lang='grc'><em>’</em></span> <span class='ocrx_word' id='word_1_860' title='bbox 1971 5631 2213 5727; x_wconf 58' lang='grc' dir='ltr'><strong>ξιίίῖθοίξς</strong></span> <span class='ocrx_word' id='word_1_861' title='bbox 2247 5636 2501 5727; x_wconf 46' lang='grc' dir='ltr'><strong>(ξςὶβςξῑξξ</strong></span> <span class='ocrx_word' id='word_1_862' title='bbox 2516 5638 2943 5727; x_wconf 48' lang='lat' dir='ltr'><strong>tacitoutnmin‘a</strong></span> <span class='ocrx_word' id='word_1_863' title='bbox 2973 5639 3169 5727; x_wconf 69' lang='lat' dir='ltr'><strong>librum</strong></span> <span class='ocrx_word' id='word_1_864' title='bbox 3221 5652 3392 5727; x_wconf 58' lang='grc' dir='ltr'><strong>ιερςίιι,</strong></span> <span class='ocrx_word' id='word_1_865' title='bbox 3422 5645 3494 5727; x_wconf 58' lang='lat' dir='ltr'><strong>sit</strong></span> 
     </span>
    </p>
   </div>
   <div class='ocr_carea' id='block_1_103' title="bbox 212 5698 3488 5798">
    <p class='ocr_par' dir='ltr' id='par_1_103' title="bbox 212 5698 3488 5798">
     <span class='ocr_line' id='line_1_103' title="bbox 212 5698 3488 5798; baseline 0.004 -44"><span class='ocrx_word' id='word_1_866' title='bbox 212 5698 529 5798; x_wconf 40' lang='lat' dir='ltr'><strong>alligendltpsm</strong></span> <span class='ocrx_word' id='word_1_867' title='bbox 555 5713 654 5761; x_wconf 83' lang='lat' dir='ltr'><strong>cst.</strong></span> <span class='ocrx_word' id='word_1_868' title='bbox 689 5705 945 5771; x_wconf 86' lang='lat' dir='ltr'><strong>Quartum</strong></span> <span class='ocrx_word' id='word_1_869' title='bbox 963 5708 1086 5763; x_wconf 87' lang='lat' dir='ltr'><strong>item</strong></span> <span class='ocrx_word' id='word_1_870' title='bbox 1110 5698 1432 5798; x_wconf 59' lang='lat' dir='ltr'><strong>ad&#39;zilosem,</strong></span> <span class='ocrx_word' id='word_1_871' title='bbox 1452 5698 1514 5798; x_wconf 54' lang='lat' dir='ltr'><strong>&quot;fat</strong></span> <span class='ocrx_word' id='word_1_872' title='bbox 1536 5698 1794 5775; x_wconf 72' lang='lat' dir='ltr'><strong>quatcum-</strong></span> <span class='ocrx_word' id='word_1_873' title='bbox 1895 5710 2114 5798; x_wconf 63' lang='lat' dir='ltr'><strong>qttidem</strong></span> <span class='ocrx_word' id='word_1_874' title='bbox 2159 5698 2829 5798; x_wconf 34' lang='lat' dir='ltr'><strong>ita.ille‘interpretaturit</strong></span> <span class='ocrx_word' id='word_1_875' title='bbox 2858 5712 2945 5798; x_wconf 40' lang='lat' dir='ltr'><strong>fit</strong></span> <span class='ocrx_word' id='word_1_876' title='bbox 2987 5698 3488 5798; x_wconf 38' lang='lat' dir='ltr'><strong>paterfamiliasptni</strong></span> 
     </span>
    </p>
   </div>
   <div class='ocr_carea' id='block_1_104' title="bbox 213 5772 3531 5863">
    <p class='ocr_par' dir='ltr' id='par_1_104' title="bbox 213 5772 3531 5863">
     <span class='ocr_line' id='line_1_104' title="bbox 213 5772 3531 5863; baseline 0.005 -38"><span class='ocrx_word' id='word_1_877' title='bbox 213 5785 300 5863; x_wconf 55' lang='lat' dir='ltr'><strong>qua</strong></span> <span class='ocrx_word' id='word_1_878' title='bbox 319 5774 371 5828; x_wconf 77' lang='lat' dir='ltr'><strong>ia</strong></span> <span class='ocrx_word' id='word_1_879' title='bbox 392 5772 635 5849; x_wconf 58' lang='grc' dir='ltr'><strong>ΑΕΜο</strong></span> <span class='ocrx_word' id='word_1_880' title='bbox 664 5787 1051 5863; x_wconf 51' lang='lat' dir='ltr'><strong>peracta&#39;sunt,</strong></span> <span class='ocrx_word' id='word_1_881' title='bbox 1079 5786 1131 5833; x_wconf 81' lang='lat' dir='ltr'><strong>et</strong></span> <span class='ocrx_word' id='word_1_882' title='bbox 1170 5777 1333 5852; x_wconf 84' lang='lat' dir='ltr'><strong>Leges</strong></span> <span class='ocrx_word' id='word_1_883' title='bbox 1363 5772 1642 5863; x_wconf 45' lang='lat' dir='ltr'><strong>in&#39;deserto</strong></span> <span class='ocrx_word' id='word_1_884' title='bbox 1670 5797 1793 5862; x_wconf 74' lang='lat' dir='ltr'><strong>con-</strong></span> <span class='ocrx_word' id='word_1_885' title='bbox 1892 5772 2122 5863; x_wconf 65' lang='lat' dir='ltr'><strong>illornm,</strong></span> <span class='ocrx_word' id='word_1_886' title='bbox 2152 5779 2252 5863; x_wconf 75' lang='lat' dir='ltr'><strong>ipsi</strong></span> <span class='ocrx_word' id='word_1_887' title='bbox 2294 5779 2509 5863; x_wconf 75' lang='lat' dir='ltr'><strong>fortasse</strong></span> <span class='ocrx_word' id='word_1_888' title='bbox 2540 5772 2742 5837; x_wconf 67' lang='lat' dir='ltr'><strong>Manto</strong></span> <span class='ocrx_word' id='word_1_889' title='bbox 2772 5781 2904 5836; x_wconf 65' lang='lat' dir='ltr'><strong>dixit</strong></span> <span class='ocrx_word' id='word_1_890' title='bbox 2937 5798 2953 5837; x_wconf 89' lang='lat'><em>:</em></span> <span class='ocrx_word' id='word_1_891' title='bbox 2983 5772 3173 5855; x_wconf 55' lang='lat' dir='ltr'><strong>Amice,</strong></span> <span class='ocrx_word' id='word_1_892' title='bbox 3208 5802 3307 5841; x_wconf 87' lang='lat' dir='ltr'><strong>non</strong></span> <span class='ocrx_word' id='word_1_893' title='bbox 3359 5787 3493 5858; x_wconf 80' lang='lat' dir='ltr'><strong>facie</strong></span> <span class='ocrx_word' id='word_1_894' title='bbox 3520 5812 3531 5821; x_wconf 85' lang='lat'><strong>-</strong></span> 
     </span>
    </p>
   </div>
   <div class='ocr_carea' id='block_1_105' title="bbox 216 5840 2414 5922">
    <p class='ocr_par' dir='ltr' id='par_1_105' title="bbox 216 5840 2414 5922">
     <span class='ocr_line' id='line_1_105' title="bbox 216 5840 2414 5922; baseline 0.004 -28"><span class='ocrx_word' id='word_1_895' title='bbox 216 5840 336 5898; x_wconf 82' lang='lat' dir='ltr'><strong>ditas</strong></span> <span class='ocrx_word' id='word_1_896' title='bbox 354 5840 836 5916; x_wconf 54' lang='lat' dir='ltr'><strong>esse&#39;r&#39;e&#39;ferendum.</strong></span> <span class='ocrx_word' id='word_1_897' title='bbox 876 5840 1199 5904; x_wconf 68' lang='lat' dir='ltr'><strong>Postremum</strong></span> <span class='ocrx_word' id='word_1_898' title='bbox 1229 5840 1344 5903; x_wconf 58' lang='lat' dir='ltr'><strong>uero</strong></span> <span class='ocrx_word' id='word_1_899' title='bbox 1379 5851 1663 5906; x_wconf 77' lang='lat' dir='ltr'><strong>undecima:</strong></span> <span class='ocrx_word' id='word_1_900' title='bbox 1687 5854 1789 5905; x_wconf 84' lang='lat' dir='ltr'><strong>cir-</strong></span> <span class='ocrx_word' id='word_1_901' title='bbox 1895 5852 1986 5905; x_wconf 86' lang='lat' dir='ltr'><strong>tibi</strong></span> <span class='ocrx_word' id='word_1_902' title='bbox 2007 5840 2414 5922; x_wconf 53' lang='lat' dir='ltr'><strong>injuriam,&#39;olc.</strong></span> 
     </span>
    </p>
   </div>
   <div class='ocr_carea' id='block_1_106' title="bbox 1906 5064 3499 5143">
    <p class='ocr_par' dir='ltr' id='par_1_106' title="bbox 1906 5064 3499 5143">
     <span class='ocr_line' id='line_1_106' title="bbox 1906 5064 3499 5143; baseline 0.002 -19"><span class='ocrx_word' id='word_1_903' title='bbox 1906 5071 2033 5125; x_wconf 84' lang='lat' dir='ltr'><strong>citer</strong></span> <span class='ocrx_word' id='word_1_904' title='bbox 2062 5068 2205 5122; x_wconf 76' lang='lat' dir='ltr'><strong>hora:</strong></span> <span class='ocrx_word' id='word_1_905' title='bbox 2245 5064 2481 5120; x_wconf 84' lang='lat' dir='ltr'><strong>ordinem</strong></span> <span class='ocrx_word' id='word_1_906' title='bbox 2509 5064 2702 5143; x_wconf 73' lang='lat' dir='ltr'><strong>Citristi</strong></span> <span class='ocrx_word' id='word_1_907' title='bbox 2727 5064 2856 5122; x_wconf 84' lang='lat' dir='ltr'><strong>.lesu</strong></span> <span class='ocrx_word' id='word_1_908' title='bbox 2884 5068 3162 5143; x_wconf 76' lang='lat' dir='ltr'><strong>adventum</strong></span> <span class='ocrx_word' id='word_1_909' title='bbox 3187 5072 3499 5143; x_wconf 53' lang='lat' dir='ltr'><strong>signiﬁcare.</strong></span> 
     </span>
    </p>
   </div>
   <div class='ocr_carea' id='block_1_107' title="bbox 1906 5138 3494 5214">
    <p class='ocr_par' dir='ltr' id='par_1_107' title="bbox 1906 5138 3494 5214">
     <span class='ocr_line' id='line_1_107' title="bbox 1906 5138 3494 5214; baseline 0.001 -19"><span class='ocrx_word' id='word_1_910' title='bbox 1906 5142 2242 5209; x_wconf 81' lang='lat' dir='ltr'><strong>Quamquam</strong></span> <span class='ocrx_word' id='word_1_911' title='bbox 2275 5151 2375 5214; x_wconf 77' lang='lat' dir='ltr'><strong>nec</strong></span> <span class='ocrx_word' id='word_1_912' title='bbox 2401 5138 2961 5214; x_wconf 79' lang='lat' dir='ltr'><strong>superiurcm,_quam</strong></span> <span class='ocrx_word' id='word_1_913' title='bbox 2988 5138 3350 5214; x_wconf 72' lang='lat' dir='ltr'><strong>Hieronymus</strong></span> <span class='ocrx_word' id='word_1_914' title='bbox 3376 5159 3494 5211; x_wconf 83' lang='lat' dir='ltr'><strong>pro-</strong></span> 
     </span>
    </p>
   </div>
   <div class='ocr_carea' id='block_1_108' title="bbox 1906 5207 3501 5286">
    <p class='ocr_par' dir='ltr' id='par_1_108' title="bbox 1906 5207 3501 5286">
     <span class='ocr_line' id='line_1_108' title="bbox 1906 5207 3501 5286; baseline 0.002 -19"><span class='ocrx_word' id='word_1_915' title='bbox 1906 5210 2019 5277; x_wconf 85' lang='lat' dir='ltr'><strong>bat,</strong></span> <span class='ocrx_word' id='word_1_916' title='bbox 2062 5207 2127 5266; x_wconf 75' lang='lat' dir='ltr'><strong>de</strong></span> <span class='ocrx_word' id='word_1_917' title='bbox 2171 5220 2279 5263; x_wconf 84' lang='lat' dir='ltr'><strong>tota</strong></span> <span class='ocrx_word' id='word_1_918' title='bbox 2322 5207 2589 5286; x_wconf 80' lang='lat' dir='ltr'><strong>hominum</strong></span> <span class='ocrx_word' id='word_1_919' title='bbox 2618 5212 2721 5263; x_wconf 82' lang='lat' dir='ltr'><strong>rita</strong></span> <span class='ocrx_word' id='word_1_920' title='bbox 2764 5207 2825 5264; x_wconf 79' lang='lat' dir='ltr'><strong>in</strong></span> <span class='ocrx_word' id='word_1_921' title='bbox 2847 5211 3096 5283; x_wconf 86' lang='lat' dir='ltr'><strong>parabola</strong></span> <span class='ocrx_word' id='word_1_922' title='bbox 3123 5207 3216 5286; x_wconf 72' lang='lat' dir='ltr'><strong>per</strong></span> <span class='ocrx_word' id='word_1_923' title='bbox 3245 5207 3388 5268; x_wconf 46' lang='lat' dir='ltr'><strong>diem&#39;</strong></span> <span class='ocrx_word' id='word_1_924' title='bbox 3411 5230 3501 5270; x_wconf 76' lang='lat' dir='ltr'><strong>ea:-</strong></span> 
     </span>
    </p>
   </div>
   <div class='ocr_carea' id='block_1_109' title="bbox 1904 5279 3498 5357">
    <p class='ocr_par' dir='ltr' id='par_1_109' title="bbox 1904 5279 3498 5357">
     <span class='ocr_line' id='line_1_109' title="bbox 1904 5279 3498 5357; baseline 0.003 -21"><span class='ocrx_word' id='word_1_925' title='bbox 1904 5299 2103 5357; x_wconf 77' lang='lat' dir='ltr'><strong>pressu,</strong></span> <span class='ocrx_word' id='word_1_926' title='bbox 2136 5279 2465 5357; x_wconf 81' lang='lat' dir='ltr'><strong>sententiam</strong></span> <span class='ocrx_word' id='word_1_927' title='bbox 2498 5279 2858 5357; x_wconf 73' lang='lat' dir='ltr'><strong>Adamantius</strong></span> <span class='ocrx_word' id='word_1_928' title='bbox 2893 5292 3031 5340; x_wconf 86' lang='lat' dir='ltr'><strong>tacet</strong></span> <span class='ocrx_word' id='word_1_929' title='bbox 3064 5304 3077 5339; x_wconf 89' lang='lat'><strong>:</strong></span> <span class='ocrx_word' id='word_1_930' title='bbox 3111 5279 3269 5355; x_wconf 79' lang='lat' dir='ltr'><strong>quam</strong></span> <span class='ocrx_word' id='word_1_931' title='bbox 3301 5294 3359 5341; x_wconf 83' lang='lat' dir='ltr'><strong>et</strong></span> <span class='ocrx_word' id='word_1_932' title='bbox 3386 5288 3498 5357; x_wconf 77' lang='lat' dir='ltr'><strong>plc—</strong></span> 
     </span>
    </p>
   </div>
   <div class='ocr_carea' id='block_1_110' title="bbox 1908 5353 2916 5463">
    <p class='ocr_par' dir='ltr' id='par_1_110' title="bbox 1908 5353 2916 5463">
     <span class='ocr_line' id='line_1_110' title="bbox 1908 5353 2916 5463; baseline -0.002 -53"><span class='ocrx_word' id='word_1_933' title='bbox 1908 5353 2060 5463; x_wconf 48' lang='lat' dir='ltr'><strong>riq’ue</strong></span> <span class='ocrx_word' id='word_1_934' title='bbox 2090 5354 2425 5408; x_wconf 74' lang='lat' dir='ltr'><strong>recentiores</strong></span> <span class='ocrx_word' id='word_1_935' title='bbox 2451 5353 2738 5425; x_wconf 72' lang='lat' dir='ltr'><strong>amplexati</strong></span> <span class='ocrx_word' id='word_1_936' title='bbox 2770 5365 2916 5408; x_wconf 89' lang='lat' dir='ltr'><strong>sunt.</strong></span> 
     </span>
     <span class='ocr_line' id='line_1_111' title="bbox 2037 5425 2916 5463; baseline 0 0"><span class='ocrx_word' id='word_1_937' title='bbox 2037 5425 2229 5463; x_wconf 74' lang='lat' dir='ltr'><strong>licsimn</strong></span> <span class='ocrx_word' id='word_1_938' title='bbox 2278 5436 2415 5463; x_wconf 67' lang='lat' dir='ltr'><strong>npnn</strong></span> <span class='ocrx_word' id='word_1_939' title='bbox 2446 5425 2627 5463; x_wconf 67' lang='lat' dir='ltr'><strong>m-rhiu</strong></span> <span class='ocrx_word' id='word_1_940' title='bbox 2672 5425 2916 5463; x_wconf 66' lang='lat' dir='ltr'><strong>“riam-nt</strong></span> 
     </span>
    </p>
   </div>
   <div class='ocr_carea' id='block_1_111' title="bbox 2036 5423 3491 5498">
    <p class='ocr_par' dir='ltr' id='par_1_111' title="bbox 2036 5423 3491 5498">
     <span class='ocr_line' id='line_1_112' title="bbox 2036 5423 3491 5498; baseline 0.005 -22"><span class='ocrx_word' id='word_1_941' title='bbox 2036 5425 2230 5498; x_wconf 70' lang='lat' dir='ltr'><strong>Iisdem</strong></span> <span class='ocrx_word' id='word_1_942' title='bbox 2277 5436 2416 5491; x_wconf 83' lang='lat' dir='ltr'><strong>pene</strong></span> <span class='ocrx_word' id='word_1_943' title='bbox 2446 5423 2628 5498; x_wconf 74' lang='lat' dir='ltr'><strong>verbis</strong></span> <span class='ocrx_word' id='word_1_944' title='bbox 2663 5425 2935 5498; x_wconf 80' lang='lat' dir='ltr'><strong>_Urigeues</strong></span> <span class='ocrx_word' id='word_1_945' title='bbox 2965 5443 2978 5479; x_wconf 89' lang='lat'><strong>:</strong></span> <span class='ocrx_word' id='word_1_946' title='bbox 3007 5423 3258 5498; x_wconf 82' lang='lat' dir='ltr'><strong>Gentiles,</strong></span> <span class='ocrx_word' id='word_1_947' title='bbox 3297 5428 3491 5498; x_wconf 86' lang='lat' dir='ltr'><strong>inquit,</strong></span> 
     </span>
    </p>
   </div>
   <div class='ocr_carea' id='block_1_112' title="bbox 1900 5494 3495 5567">
    <p class='ocr_par' dir='ltr' id='par_1_112' title="bbox 1900 5494 3495 5567">
     <span class='ocr_line' id='line_1_113' title="bbox 1900 5494 3495 5567; baseline 0.004 -19"><span class='ocrx_word' id='word_1_948' title='bbox 1900 5506 2110 5567; x_wconf 83' lang='lat' dir='ltr'><strong>prapter</strong></span> <span class='ocrx_word' id='word_1_949' title='bbox 2151 5494 2310 5567; x_wconf 78' lang='lat' dir='ltr'><strong>ﬁdem</strong></span> <span class='ocrx_word' id='word_1_950' title='bbox 2355 5506 2507 5567; x_wconf 73' lang='lat' dir='ltr'><strong>caput</strong></span> <span class='ocrx_word' id='word_1_951' title='bbox 2546 5494 2854 5565; x_wconf 77' lang='lat' dir='ltr'><strong>eﬁiciuntur;</strong></span> <span class='ocrx_word' id='word_1_952' title='bbox 2895 5506 2948 5550; x_wconf 87' lang='lat' dir='ltr'><strong>at</strong></span> <span class='ocrx_word' id='word_1_953' title='bbox 2985 5496 3282 5553; x_wconf 78' lang='lat' dir='ltr'><strong>incredulus</strong></span> <span class='ocrx_word' id='word_1_954' title='bbox 3325 5494 3495 5555; x_wconf 72' lang='lat' dir='ltr'><strong>Israel</strong></span> 
     </span>
    </p>
   </div>
   <div class='ocr_carea' id='block_1_113' title="bbox 1897 5565 2758 5638">
    <p class='ocr_par' dir='ltr' id='par_1_113' title="bbox 1897 5565 2758 5638">
     <span class='ocr_line' id='line_1_114' title="bbox 1897 5565 2758 5638; baseline -0.001 -18"><span class='ocrx_word' id='word_1_955' title='bbox 1897 5565 2106 5638; x_wconf 64' lang='lat' dir='ltr'><strong>propter</strong></span> <span class='ocrx_word' id='word_1_956' title='bbox 2136 5565 2546 5638; x_wconf 78' lang='lat' dir='ltr'><strong>incredulitatmt</strong></span> <span class='ocrx_word' id='word_1_957' title='bbox 2572 5569 2758 5620; x_wconf 82' lang='lat' dir='ltr'><strong>cauda.</strong></span> 
     </span>
    </p>
   </div>
  </div>
