4004 6332
422 309 532 367 145

1675 298 1734 356 S.
1778 295 2050 355 EUSEBII
2086 294 2477 354 HIERONYIII

3622 295 3726 354 ω

426 439 575 480 rum.
610 420 766 490 ρωιά
812 427 993 474 autem
1028 419 1325 484 interrogat
1354 412 1635 476 Dominus,
1677 421 1755 475 et,
1799 410 1889 464 illa
1922 425 2021 480 pe-
2048 411 2099 471 Δ
2127 408 2536 479 intelligendum
2567 416 2692 463 est:
2722 406 2969 476 Regnum
2994 405 3257 463 caelorum
3286 420 3395 461 non
3416 415 3502 461 est
3522 405 3722 470 dantis,

418 527 598 581 tente,
619 513 903 586 respondit
936 531 951 566 :
985 512 1126 581 Quid
1147 511 1258 565 vis?
1280 524 1387 564 non
1416 507 1564 562 venit
1587 503 1657 560 de
1681 505 1983 575 ignorantia
2011 521 2024 555 :

424 610 527 668 sed
558 624 625 664 cx
658 607 779 677 ejus
811 620 1045 677 persona
1071 604 1292 664 dicitur,
1318 600 1412 672 qui
1440 597 1795 671 ﬂagellandus
1821 606 1878 651 et
1903 611 2028 651 cru-

422 700 730 774 ciligendus
752 707 875 754 erat
907 715 922 753 :
954 695 1233 765 quomodo
1261 703 1315 749 et
1343 692 1398 746 in
1429 689 1829 745 Heniorrhousa
1855 704 1870 741 :
1897 686 2029 754 Quis

419 818 504 856 me
546 799 708 869 tetigit
731 797 886 868 (Luc.
921 811 1034 860 vni,
1074 792 1206 862 15)?
1233 792 1296 845 Et
1323 790 1393 846 de
1422 790 1627 844 Lazaro
1657 803 1670 839 :
1707 784 1806 840 Ubi
1852 785 2029 854 posui-

412 892 510 947 stis
534 908 652 945 eum
670 887 853 962 (Joan.
879 902 955 952 xl,
975 884 1098 956 54)?
1118 884 1175 938 lu
1210 882 1378 937 veteri
1401 895 1619 952 quoque
1639 878 2023 933 Testamento:

420 984 614 1047 Adam,
645 982 732 1035 ubi
759 997 812 1035 es
840 978 996 1048 (Gen.
1050 992 1129 1042 nt,
1159 974 1245 1047 9)?
1275 975 1339 1030 Et
1370 992 1384 1029 :
1412 972 1741 1029 Descendens
1770 968 1952 1024 videbo
1978 970 2030 1022 si

411 1078 571 1149 juxta
599 1075 897 1137 clamorem,
934 1080 959 1108 ⁸
983 1072 1072 1141 qui
1100 1071 1238 1125 venit
1264 1069 1333 1123 ad
1360 1084 1462 1134 me,
1493 1066 1763 1137 perﬁciant
1791 1080 1811 1118 :
1831 1064 1910 1118 sin
1932 1079 2029 1117 au-

419 1176 521 1224 tem
549 1183 651 1220 non
678 1174 774 1229 est,
798 1171 856 1218 ut
885 1164 1047 1218 sciam
1070 1160 1228 1233 (Gen.
1249 1175 1402 1225 xvnt,
1423 1158 1541 1228 2i).
1569 1157 1816 1212 Postulat
1841 1163 2024 1210 autem

416 1274 597 1319 mater
628 1260 868 1315 filiorum
919 1255 1169 1312 Zebedaii
1217 1267 1409 1309 errore
1438 1248 1689 1305 muliebri
1723 1257 1777 1303 et
1806 1246 2027 1319 pietatis

415 1352 639 1421 affectu,
670 1350 928 1406 nesciens
951 1347 1079 1418 quid
1108 1354 1341 1416 peteret.
1373 1342 1485 1399 Nec
1513 1343 1715 1397 mirum
1743 1338 1793 1394 si
1815 1341 1919 1393 ista
1939 1354 2026 1392 ar-

416 1455 620 1520 guatur
650 1441 975 1515 imperitiae;
1029 1456 1152 1496 cum
1208 1438 1279 1494 de
1333 1437 1499 1494 Petro
1525 1436 1758 1498 dicatur,
1808 1430 2027 1503 quando

416 1542 527 1596 tria
562 1540 678 1594 vult
726 1537 911 1592 facere
966 1532 1338 1599 tabernacula,
1394 1530 1626 1586 nesciens
1675 1526 1799 1595 quid
1837 1526 2028 1579 diceret

420 1631 618 1705 (Marc.
652 1627 751 1701 ιι).

495 1724 682 1796 (Vers.
712 1721 834 1794 22.)
865 1718 1203 1789 Respondeas
1229 1726 1399 1772 autem
1426 1714 1603 1783 Iesus,
1635 1714 1769 1768 dixit
1796 1729 1815 1767 :
1843 1710 2028 1766 Nesci-

2127 500 2225 556 sed
2254 500 2587 571 accipientis.
2620 499 2741 554 Non
2777 508 2861 554 est
2886 499 3032 554 enim
3076 498 3320 569 acceptio
3368 513 3724 569 personarum

2127 599 2270 670 apud
2313 598 2481 651 Deum
2512 595 2653 667 (Act.
2686 610 2740 661 ι,
2778 593 2872 665 54)
2918 612 2934 648 :
2981 594 3077 649 sed
3119 594 3445 665 quicumque
3474 594 3638 649 talem
3670 608 3728 650 se

2130 691 2423 761 praebuerit
2451 698 2510 743 ut
2535 703 2704 757 regno
2722 688 2985 742 caelorum
3012 686 3205 757 dignus
3230 688 3342 753 liat,
3367 687 3455 741 liic
3475 687 3726 756 accipiet,

2128 785 2272 858 quod
2301 799 2408 839 non
2442 798 2711 852 personas,
2760 782 2856 836 sed
2900 781 3025 836 vitae
3051 791 3303 852 paratum
3329 793 3435 837 est.
3462 780 3521 838 Si
3551 781 3731 850 itaque

2130 878 2268 933 tales
2296 876 2429 931 estis
2454 876 2547 945 qui
2573 875 2983 944 consequamini
3018 889 3242 944 regnum
3267 874 3556 941 ctelorum,
3585 873 3730 945 quod

2127 970 2292 1025 Pater
2345 982 2502 1022 meus
2548 964 3013 1034 triumphantibus
3039 975 3095 1020 et
3121 966 3418 1021 victoribus
3458 982 3731 1036 prepara-

2127 1063 2240 1126 vit,
2296 1074 2397 1115 vos
2441 1073 2662 1130 quoque
2692 1057 2971 1125 accipietis
3002 1057 3155 1112 illud.
3185 1056 3292 1113 Alii
3323 1058 3393 1112 de
3436 1058 3625 1130 Moyse
3676 1069 3732 1114 et

2128 1151 2250 1208 Elia
2277 1152 2483 1207 dictum
2515 1150 2705 1205 Volunt
2732 1168 2746 1204 :
2775 1164 2914 1221 quos
2939 1151 3104 1222 paulo
3127 1161 3254 1206 ante
3293 1150 3349 1206 in
3378 1162 3565 1207 monte
3606 1166 3731 1207 cum

2128 1260 2196 1301 eo
2225 1245 2482 1300 viderant
2501 1245 2824 1312 loquentes:
2851 1242 2947 1298 sed
2975 1243 3107 1297 milii
3131 1258 3467 1314 nequaquam
3492 1241 3726 1299 videtur.

2130 1336 2259 1393 ideo
2309 1339 2455 1393 enim
2505 1335 2808 1392 sedentium
2859 1337 2913 1391 in
2955 1352 3125 1407 regno
3155 1338 3418 1392 ctelorum
3466 1336 3730 1393 vocabula

2130 1447 2238 1487 non
2258 1431 2547 1496 dicuntur;
2578 1444 2647 1485 ne
2666 1430 2855 1500 paucis
2875 1432 3194 1499 nominatis,
3208 1430 3390 1486 caeteri
3413 1439 3732 1502 putarentur

2129 1524 2360 1579 exclusi.

2202 1615 2388 1688 (Vers.
2423 1615 2547 1685 24.)
2575 1614 2641 1669 Et
2670 1615 2939 1671 audientes
2964 1615 3161 1680 decem,
3211 1615 3469 1687 indignati
3516 1626 3637 1671 sunt
3667 1618 3732 1672 de

2129 1711 2331 1766 duobus
2382 1711 2652 1781 fratribus.
2698 1710 2896 1765 Decem
2940 1709 3178 1781 apostoli
3226 1726 3333 1764 non
3384 1710 3732 1780 indignantur

417 1818 487 1872 tis
512 1817 636 1886 quid
666 1815 871 1888 petatis.
911 1812 1083 1867 Mater
1112 1811 1376 1882 postulat,
1410 1821 1465 1864 et
1489 1807 1753 1862 Dominus
1785 1803 2026 1873 discipu-
2054 1797 2103 1858 B
2129 1804 2294 1861 matri
2311 1804 2543 1859 filiorum
2576 1804 2848 1867 Zebedzei,
2878 1820 2979 1859 nec
3016 1804 3083 1858 ad
3117 1815 3139 1843 ο
3172 1804 3421 1860 mulieris
3445 1804 3728 1859 audaciam

418 1910 490 1965 lis
515 1908 778 1979 loquitur,
807 1905 1123 1974 intelligens
1153 1917 1344 1974 preces
1373 1901 1494 1971 ejus
1532 1916 1600 1956 ex
1630 1899 1863 1954 ﬁliorum
1894 1898 2023 1952 des-

420 2001 662 2058 cendere
682 1999 993 2054 voluntate.

496 2094 720 2150 Potestis
745 2092 917 2147 bibere
931 2091 1166 2156 calicem,
1194 2104 1347 2161 quem
1371 2103 1465 2160 ego
1489 2086 1743 2140 bibiturus
1765 2099 1876 2138 sum
1890 2083 1916 2136 1’
1929 2079 2028 2134 Di—

420 2201 542 2247 cunt
569 2191 619 2246 ei
650 2205 669 2244 :
714 2187 1025 2243 Possumus.
1079 2181 1323 2239 Calicem
1374 2184 1426 2236 in
1473 2179 1773 2250 Scripturis
1823 2174 2027 2232 divinis

418 2283 733 2357 passionem
768 2277 1143 2349 intelligimus,
1175 2273 1204 2313 δ
1225 2275 1375 2345 juxta
1408 2273 1537 2327 illud
1571 2290 1585 2327 :
1617 2270 1802 2335 Pater,
1829 2269 2025 2357 sipos-

418 2356 571 2433 sibile
597 2383 694 2441 est,
717 2380 945 2426 transeat
975 2386 1007 2422 a
1039 2385 1119 2422 me
1143 2367 1282 2421 calix
1303 2369 1396 2420 iste
1419 2363 1603 2433 (Hau.
1638 2378 1792 2427 xxvi,
1813 2356 1928 2430 '59).
1962 2360 2027 2414 Et

419 2469 478 2525 in
503 2468 713 2540 psalmo
745 2483 758 2519 :
791 2462 933 2529 Quid
964 2459 1245 2517 retribuam
1279 2458 1503 2512 Domino
1528 2472 1621 2525 pro
1651 2454 1887 2509 omnibus
1914 2468 2028 2522 qua:

418 2560 660 2617 retribuit
689 2556 857 2611 milii?
884 2553 1109 2609 Calicem
1140 2552 1393 2605 salutaris
1421 2550 1709 2621 accipiam,
1757 2555 1805 2601 et
1841 2560 2026 2599 nomen

416 2654 634 2710 Domini
664 2649 913 2706 invocabo
944 2646 1065 2721 (Ps.
1092 2660 1224 2712 cxv,
1253 2647 1288 2701 5
1318 2654 1365 2699 et
1395 2643 1586 2714 seqq.);
1618 2641 1914 2710 statimque
1939 2639 2024 2693 in-

423 2748 531 2803 fert
550 2744 675 2817 quis
703 2744 805 2798 iste
836 2742 909 2797 sit
934 2739 1082 2794 calix
1113 2754 1127 2793 :
1158 2735 1403 2791 Pretiosa
1428 2736 1483 2790 in
1508 2743 1787 2804 conspectu
1818 2729 2029 2785 Damini

426 2854 567 2894 mors
596 2835 915 2892 Sanctorum
934 2832 1070 2902 ejus.

497 2928 681 3001 (Vers.
709 2923 829 2995 25.)
849 2924 935 2977 Ait
956 2922 1063 2976 illis
1088 2938 1106 2975 :
1133 2920 1360 2975 Calicem
1379 2918 1588 2990 quidem
1616 2934 1783 2971 meum
1808 2915 1986 2971 bibetis
2013 2932 2031 2970 :

426 3023 605 3078 sedere
630 3030 802 3073 autem
844 3015 912 3069 ad
938 3015 1209 3069 dexteram
1235 3028 1400 3068 meam
1435 3022 1483 3065 et
1512 3012 1794 3074 sinistram,
1826 3023 1929 3062 non
1957 3016 2033 3063 est

427 3130 598 3169 meum
620 3110 746 3166 dare
766 3107 928 3173 vobis,
957 3106 1049 3162 sed
1074 3104 1256 3177 quibus
1284 3111 1525 3173 paratum
1543 3114 1617 3158 est
1644 3119 1679 3157 a
1708 3100 1868 3155 Patre
1892 3115 2027 3154 meo.

2124 1900 2376 1955 referunt
2400 1899 2770 1969 postulantis;
2801 1899 2895 1954 sed
2926 1899 2995 1953 ad
3022 1898 3186 1963 filios,
3230 1898 3376 1970 quod
3410 1899 3732 1969 ignorantes

2124 2007 2436 2047 mensuram
2487 2008 2667 2055 suam,
2706 1991 2996 2047 immodica
3046 1990 3347 2061 cupiditate
3386 2001 3729 2057 exarserenl,

2124 2083 2324 2153 quibus
2373 2093 2429 2138 et
2482 2082 2751 2138 Dominus
2780 2082 2994 2138 dixerat
3037 2082 3313 2138 :Nescitis
3358 2084 3486 2154 quid
3521 2086 3728 2154 petatis.

2127 2176 2573 2248 Subintelligilur
2619 2187 2801 2232 autem
2849 2177 2933 2232 vel
2983 2193 3054 2232 ex
3103 2178 3460 2248 responsione
3491 2178 3727 2247 Domini,

2125 2270 2212 2325 vel
2236 2285 2306 2325 ex
2331 2269 2707 2340 indignatione
2755 2268 3149 2339 apostolorum,
3192 2270 3336 2341 quod
3367 2269 3466 2325 ﬁlii
3497 2283 3731 2327 matrem

2125 2361 2462 2417 immiserint
2492 2361 2558 2414 ad
2588 2359 2815 2432 grandia
2847 2360 3190 2427 postulanda.

2200 2452 2384 2526 (Vers.
2414 2453 2486 2507 25
2512 2452 2697 2523 seqq.)
2735 2452 2892 2505 Jesus
2916 2462 3090 2507 autem
3128 2454 3325 2508 vocavit
3368 2468 3455 2507 eos
3480 2454 3549 2507 ad
3574 2470 3653 2524 se,
3682 2463 3731 2510 et

2128 2547 2205 2602 ait
2230 2563 2246 2601 :
2268 2548 2427 2603 Scitis
2454 2548 2574 2618 quia
2595 2549 2856 2618 principes
2885 2549 3115 2620 gentium
3147 2548 3485 2604 dominantur
3510 2566 3730 2617 eorum;

2127 2649 2177 2697 et
2206 2641 2296 2711 qui
2323 2644 2551 2713 majores
2589 2650 2729 2709 sunt,
2761 2651 3065 2712 potestatem
3111 2651 3343 2696 exercent
3372 2643 3427 2697 in
3464 2658 3571 2697 eos.
3602 2641 3734 2697 Non

2127 2736 2202 2789 ita
2227 2736 2322 2789 erit
2351 2736 2483 2789 inter
2512 2752 2598 2789 vos
2621 2751 2641 2789 :
2665 2736 2758 2789 sed
2782 2736 3091 2806 quicumque
3116 2737 3335 2791 voluerit
3354 2738 3486 2792 inter
3505 2752 3594 2792 vos
3615 2754 3735 2791 ma-

2120 2828 2213 2897 jor
2240 2825 2376 2894 ﬁeri,
2408 2825 2477 2879 sit
2518 2835 2680 2880 vester
2708 2826 2959 2881 minister.
3002 2825 3073 2881 Et
3103 2828 3191 2897 qui
3237 2826 3454 2882 voluerit
3480 2828 3613 2883 inter
3639 2845 3735 2884 vos

2131 2917 2329 2986 primus
2359 2933 2489 2982 esse,
2518 2917 2616 2971 erit
2652 2928 2811 2972 vester
2856 2933 3053 2973 servus.
3086 2917 3320 2974 Humilis
3369 2919 3628 2990 magister
3674 2928 3739 2976 et

2133 3010 2308 3077 mitis,
2338 3024 2440 3064 nec
2464 3008 2780 3078 cupiditatis
2822 3009 3129 3066 immodicae
3159 3010 3299 3067 duos
3321 3010 3430 3085 [ΑΙ.
3458 3011 3612 3085 suos]
3636 3029 3733 3067 ar-

2131 3105 2248 3171 guit
2280 3101 2651 3170 postulantes;
2685 3117 2785 3156 nec
2830 3100 3022 3158 decem
3069 3102 3314 3174 reliquos
3342 3103 3738 3174 indignationis

427 3201 703 3272 Quau'itur
739 3197 1013 3271 quomodo
1057 3196 1286 3252 calicem
1316 3194 1567 3265 martyrii
1622 3194 1719 3248 lilii
1760 3192 2030 3256 Zebedaii,
2059 3180 2106 3244 C
2138 3191 2463 3264 increpatet
2493 3192 2705 3261 livoris,
2733 3193 2830 3250 sed
2863 3195 2970 3250 tale
3012 3196 3159 3264 ponit
3195 3196 3351 3269 157
3394 3202 3737 3267 exemplum,

427 3295 664 3352 lacubus
689 3290 949 3347 videlicet
976 3299 1030 3345 et
1058 3287 1298 3344 Joannes
1320 3286 1581 3352 biberint,
1603 3300 1727 3340 cum
1750 3283 2029 3353 Scriptura

426 3395 619 3443 narret
643 3384 905 3441 Jacobum
940 3389 1147 3437 tantum
1178 3379 1500 3450 Apostolum
1527 3378 1594 3433 ab
1621 3376 1835 3433 Herode
1853 3376 2032 3446 capite

426 3488 740 3536 truncatum
772 3476 909 3546 (Aet.
938 3473 1035 3542 xit)
1072 3490 1087 3528 :
1114 3473 1358 3551 Joannes
1384 3480 1566 3525 autem
1599 3472 1817 3539 propria
1857 3478 2033 3524 morte

428 3574 599 3626 vitam
641 3568 867 3624 finierit.
899 3565 1011 3622 Sed
1044 3564 1093 3620 si
1124 3564 1366 3634 legamus
1413 3559 1812 3617 ecclesiasticas
1860 3561 2035 3615 histo-

427 3666 565 3732 rias,
600 3665 651 3720 in
683 3661 884 3735 quibus
938 3658 1097 3732 156
1142 3658 1340 3723 fertur,
1371 3658 1514 3727 quod
1563 3665 1620 3711 et
1667 3657 1784 3726 ipse
1812 3666 2034 3725 propter

430 3756 757 3829 martyrium
812 3752 883 3808 sit
930 3754 1136 3807 missus
1179 3751 1231 3805 in
1280 3749 1546 3806 ferventis
1574 3749 1679 3805 olei
1708 3749 1938 3815 dolium,
1980 3758 2037 3805 et

433 3852 568 3910 inde
596 3850 663 3906 ad
694 3845 1099 3917 suscipiendam
1129 3858 1387 3899 coronam
1417 3841 1622 3897 Christi
1660 3840 1866 3896 athleta
1912 3856 2036 3910 pro—

430 3947 688 4010 cesserit,
736 3944 1036 4011 statimque
1083 3938 1356 4011 relegatus
1407 3938 1462 3992 in
1507 3935 1771 3991 Pathmos
1802 3935 2035 3991 insulam

433 4042 532 4108 sit,
564 4037 873 4101 videbimus
906 4036 1173 4107 martyrio
1193 4036 1432 4088 animum
1458 4046 1565 4085 non
1589 4030 1851 4098 defuisse,
1875 4040 1930 4086 et
1951 4030 2037 4085 bi-

435 4133 589 4190 bisse
614 4130 881 4188 Jommem
911 4128 1142 4183 calicem
1173 4123 1539 4182 confessionis
1573 4143 1584 4177 :
1618 4140 1778 4194 quem
1829 4136 1885 4180 et
1928 4134 2040 4179 tres

440 4227 597 4298 pueri
636 4224 690 4278 in
716 4221 933 4278 camino
966 4219 1107 4290 ignis
1136 4220 1390 4274 biberunt
1416 4216 1581 4290 (Dan.
1614 4217 1719 4288 ut),
1750 4218 1878 4273 licet
1916 4234 2040 4288 per-

442 4328 663 4375 secutor
694 4332 804 4371 non
858 4314 1059 4369 fuderit
1087 4314 1425 4385 sanguinem.
1452 4310 1606 4380 Quod
1655 4323 1836 4366 autem
1864 4310 1996 4366 dicit
2024 4330 2035 4365 :

438 4412 617 4469 sedere
645 4409 715 4464 ad
746 4410 986 4464 dextram
1015 4424 1180 4461 meant
1210 4416 1257 4461 ct
1285 4408 1570 4473 sinistram,
1603 4423 1709 4461 non
1753 4417 1829 4461 est
1873 4423 2042 4462 meum

440 4503 570 4559 dare
599 4501 764 4571 vobis,
810 4501 899 4555 sed
945 4499 1129 4571 quibus
1157 4509 1397 4570 paratum
1427 4508 1504 4556 est
1533 4516 1565 4554 a
1595 4499 1755 4555 Patre
1782 4517 1916 4570 meo,
1962 4501 2043 4557 sic

2134 3299 2244 3355 quo
2272 3287 2468 3341 doceat
2496 3301 2622 3341 eum
2662 3289 2925 3357 majorem
2951 3304 3106 3355 esse,
3134 3291 3228 3361 qui
3260 3291 3439 3345 minor
3458 3290 3648 3359 fuerit,
3680 3303 3744 3349 et

2135 3377 2288 3433 illum
2305 3380 2587 3435 dominum
2609 3380 2751 3449 fieri,
2778 3381 2870 3451 qui
2896 3381 3137 3437 omnium
3170 3396 3361 3439 serius
3386 3384 3475 3438 sit.
3503 3383 3741 3441 Frustra

2135 3472 2303 3544 igitur
2321 3484 2415 3528 aut
2443 3475 2517 3529 illi
2539 3474 2902 3531 immoderata
2925 3476 3245 3545 qua'sieriut
3270 3494 3283 3530 :
3312 3487 3408 3532 aut
3433 3479 3521 3532 isti
3543 3478 3744 3535 dolent

2135 3579 2300 3637 super
2323 3565 2591 3637 majorum
2624 3566 2898 3623 desiderio
2933 3584 2947 3621 :
2973 3582 3098 3623 cum
3128 3568 3196 3623 ad
3228 3568 3597 3626 summitatem
3622 3572 3746 3627 vir-

2137 3669 2313 3714 tutum
2348 3677 2456 3715 non
2490 3663 2758 3731 potentia,
2790 3662 2884 3717 sed
2915 3661 3225 3718 humilitate
3267 3666 3535 3719 veniatur.
3573 3664 3747 3722 Deni-

2137 3769 2244 3825 que
2271 3755 2354 3809 sui
2387 3760 2639 3824 proponit
2666 3756 3009 3827 exemplum,
3042 3765 3103 3812 ut
3130 3757 3177 3812 si
3200 3757 3345 3813 dicta
3373 3759 3747 3830 parvipende-

2138 3858 2283 3912 rent,
2312 3847 2708 3903 erubescerent
2735 3848 2802 3901 ad
2832 3865 3021 3918 opera,
3054 3861 3110 3905 et
3137 3850 3271 3905 dicit
3298 3868 3311 3904 :

2211 3940 2395 4009 (Vers.
2425 3941 2543 4013 28.)
2590 3942 2741 3998 Sicut
2781 3941 2955 3998 Filius
2996 3945 3218 4000 hominis
3264 3963 3366 4001 non
3396 3946 3535 4001 venit
3575 3948 3746 4003 mini-

2140 4036 2317 4103 strari,
2337 4035 2427 4089 sed
2440 4036 2749 4091 ministrare.
2769 4036 2929 4102 Nota,
2951 4039 3093 4109 quod
3118 4042 3308 4094 crebro
3330 4040 3588 4108 diximus,
3611 4056 3749 4098 eum

2142 4127 2231 4197 qui
2257 4127 2552 4189 ministrat,
2584 4128 2847 4197 appellari
2872 4128 3065 4185 Filium
3093 4130 3350 4187 hominis.

2214 4216 2284 4272 Et
2321 4217 2446 4273 dare
2489 4215 2716 4274 animam
2761 4238 2910 4276 suam
2954 4223 3356 4298 redemptionem
3395 4241 3489 4297 pro
3534 4227 3748 4284 multis.

2143 4312 2371 4380 Quando
2416 4313 2643 4368 formam
2685 4315 2833 4371 servi
2864 4319 3102 4386 accepit,
3151 4330 3210 4374 ut
3254 4334 3353 4391 pro
3383 4319 3586 4376 mundo
3612 4335 3755 4378 san-

2144 4410 2363 4478 guinem
2401 4405 2658 4462 funderet
2686 4405 2966 4481 (Philipp.
3005 4410 3102 4481 ιι).
3154 4412 3271 4466 Non
3317 4412 3454 4469 dixit
3499 4414 3752 4473 animam

2147 4516 2299 4557 suam
2343 4500 2775 4571 redemptionem
2825 4502 2958 4560 dare
2987 4519 3087 4577 pro
3113 4501 3140 4543 ά
3171 4507 3458 4575 omnibus,
3510 4507 3610 4565 sed
3647 4524 3755 4579 pro

516 4674 542 4702 ιι
576 4664 916 4739 litterserunt
948 4660 1124 4739 nostri
1155 4676 1287 4739 mss.
1319 4677 1473 4717 suum
1498 4705 1512 4729 ,
1546 4670 1601 4717 et
1624 4662 1677 4717 in
1704 4661 1898 4718 Graeco
1927 4661 2045 4733 qui-
2072 4665 2127 4727 D
2153 4676 2312 4733 posse
2341 4662 3150 4739 exiStimesPrtedestinantium
3178 4666 3373 4723 haeresi
3399 4709 3413 4732 ,
3457 4669 3548 4739 qui
3579 4667 3760 4726 Chri-

444 4737 569 4794 dem
600 4735 721 4803 ipso
750 4743 900 4789 textu
930 4733 1150 4786 additur
1177 4735 1363 4790 αὐτῶν.

520 4807 546 4846 b
576 4805 830 4862 Totidem
878 4813 933 4859 et
961 4803 1258 4876 Scriptura:
1291 4807 1412 4876 loca
1442 4805 1495 4859 in
1540 4804 1680 4859 hanc
1711 4806 2041 4876 sententiam

445 4877 636 4937 lauilat
665 4877 957 4946 tlrIgenes,
980 4883 1037 4929 et
1058 4875 1248 4930 ii~dem
1286 4875 1398 4930 fere
1429 4876 1666 4944 loquitur
1695 4878 1878 4932 verbis
1902 4894 1915 4929 :
1951 4875 2040 4944 Ut,

442 4952 642 5019 inquit,
689 4951 997 5018 martyrium
1038 4946 1111 5001 bis
1141 4948 1426 5019 signiﬁcari
1458 4947 1717 5019 probetur,
1747 4965 1849 5003 non
1875 4965 1934 5003 eo
1960 4965 2047 5004 so-

447 5018 688 5077 lumloco
710 5028 879 5071 utetur
911 5020 1123 5085 aliquis,
1156 5018 1337 5077 Patrr.
1370 5019 1415 5071 si
1446 5018 1707 5085 possibile
1735 5030 1842 5085 est,
1871 5033 2044 5075 trans-

444 5091 528 5149 fer
558 5107 587 5144 a
620 5106 705 5144 me
734 5089 956 5144 calicem
984 5091 1196 5144 hunc...
1222 5087 1412 5142 Verum
1438 5100 1485 5143 et
1515 5090 1608 5143 illo
1629 5092 1717 5160 qui
1766 5091 1818 5143 in
1845 5092 2044 5160 psalmo

448 5162 722 5217 centesimo
769 5160 968 5215 decimo
1007 5162 1190 5228 quinto
1220 5170 1404 5215 exstat.
1449 5160 1585 5228 Quid
1622 5162 1915 5214 retribuam
1949 5165 2052 5215 Do-

446 5237 599 5290 mino
632 5248 731 5303 pro
773 5232 1042 5286 omnibus.
1076 5247 1197 5301 qua:
1229 5232 1483 5287 retribuit
1509 5231 1679 5285 mihi?
1702 5232 1934 5287 Calicem
1964 5247 2047 5286 sa-

448 5306 644 5359 lutaris
694 5304 977 5373 accipiam,
1007 5310 1062 5356 et
1090 5318 1282 5356 nomen
1336 5304 1547 5356 Domini
1601 5304 1888 5359 ἱηνυοςιὺο.
1926 5304 2050 5358 Sta—

445 5378 639 5446 timque
666 5390 688 5446 A:
717 5374 964 5429 Pretiosa
996 5374 1076 5446 fin
1130 5384 1427 5441 conspectu
1460 5375 1699 5446 Domini.
1758 5386 1864 5430 etc.
1900 5375 2048 5429 llauc

451 5444 630 5517 ipsam
662 5444 1171 5517 interpretationem
1197 5447 1480 5516 arripuere
1510 5446 1567 5501 S.
1604 5445 1862 5513 Hilarius,
1895 5458 1950 5501 et
1979 5447 2049 5502 ab

454 5532 520 5573 eo
547 5522 812 5588 plerique.

531 5600 553 5628 ε
583 5588 719 5644 Tres
749 5588 971 5642 Palatini
1024 5600 1178 5654 mss.,
1236 5602 1326 5641 nec
1371 5588 1440 5641 ad
1472 5588 1739 5643 mulierem
1772 5588 2044 5642 audaciam

452 5664 679 5735 referunt
694 5659 967 5735 postuluti;
981 5662 1092 5735 sed,
1106 5670 1237 5735 et_c.,
1254 5659 1483 5735 fortasse
1499 5664 1724 5717 rectius.
1741 5660 1859 5717 Uno
1877 5661 2045 5716 verbo

453 5729 855 5804 postulationis,
872 5730 1082 5804 Bltabb.
1116 5730 1344 5786 abludit.

520 5798 545 5839 ά
576 5799 720 5858 Cava
749 5819 817 5859 ex
847 5802 949 5859 hoc
990 5802 1301 5874 Hieronymi
1345 5803 1466 5859 loco
1503 5804 1807 5860 subsidium
1838 5802 2043 5862 arcessi

2150 4744 2417 4809 stum__pro
2463 4735 2739 4809 aliquibus
2782 4737 3065 4791 dumtaxat
3097 4738 3430 4804 hominibus,
3476 4735 3590 4793 non
3649 4757 3759 4809 pro

2151 4805 2404 4877 omnibus
2453 4806 2787 4876 singulisque
2838 4819 3066 4863 mortem
3108 4809 3309 4865 obiisse
3363 4805 3759 4877 pronuntiant.

2153 4876 2241 4933 Sic
2282 4888 2462 4931 autem
2507 4878 2792 4949 intelligito
2816 4877 3153 4935 Catholicam
3200 4882 3269 4934 ab
3317 4897 3382 4935 eo
3413 4882 3589 4937 teneri
3619 4900 3762 4941 sen-

2151 4949 2415 5023 tentiam,
2465 4948 2835 5023 utiuti-imula
2879 4951 3025 5004 dicat
3075 4967 3172 5020 pro
3216 4952 3471 5008 Omnibus
3516 4954 3756 5023 quidem

2154 5019 2311 5094 plane
2346 5019 2656 5094 hominibus
2694 5022 2928 5094 animum
2978 5038 3131 5077 suam
3172 5019 3600 5094 redemptionem
3645 5026 3763 5083 de-

2153 5091 2297 5145 disse
2320 5107 2334 5155 ;
2361 5092 2454 5146 sed
2484 5107 2549 5145 eo
2573 5092 2832 5147 lienelicio
2857 5095 3133 5162 speciatim
3158 5091 3442 5150 credonies
3466 5096 3766 5154 demereri

2155 5163 2429 5229 voluisse,
2481 5178 2711 5234 eamque
2758 5165 3018 5227 salutem,
3069 5180 3228 5228 quam
3271 5166 3495 5236 reliquis
3520 5168 3767 5237 quibus-

2154 5247 2384 5307 cumque
2413 5243 2588 5287 morte
2623 5249 2723 5289 sua
2749 5239 2983 5306 peperit,
3017 5238 3290 5306 praecipuo
3316 5238 3547 5307 quodam
3580 5243 3767 5298 modo

2153 5304 2401 5358 fidelibus
2448 5316 2641 5375 optare
2665 5349 2679 5375 ,
2729 5304 2906 5375 deque
2936 5304 2997 5361 ea
3018 5304 3149 5361 illis
3180 5304 3503 5364 conferenda
3534 5313 3768 5366 sollici-

2153 5384 2455 5448 tuutesse.
2505 5374 2573 5430 Et
2623 5374 2692 5431 ne
2740 5374 2894 5446 putes
2943 5378 3170 5448 benigna
3201 5379 3652 5447 interpretatione
3695 5383 3767 5440 S.

2153 5444 2330 5519 Patris
2362 5447 2448 5500 liic
2476 5448 2635 5501 verba
2668 5444 2975 5519 in'lapsuui
3015 5444 3182 5518 prima
3232 5444 3410 5519 excipi
3441 5496 3455 5519 ,
3498 5451 3646 5506 St‘ills
3689 5455 3772 5510 de

2154 5517 2447 5593 scripturae
2474 5534 2597 5573 eum
2625 5517 3023 5577 consuetudine
3044 5522 3212 5592 loqui,
3254 5517 3377 5593 quae
3418 5517 3610 5578 eodem
3654 5540 3771 5581 ex-

2156 5588 2419 5657 plicanda!
2449 5599 2577 5643 sunt
2606 5595 2788 5655 modo,
2825 5600 2883 5647 ut
2909 5604 2992 5646 est
3020 5588 3149 5647 illud
3190 5588 3347 5649 Joau.
3378 5609 3461 5650 In.
3496 5595 3564 5650 16
3598 5612 3611 5649 :
3665 5596 3774 5654 Sic

2153 5657 2296 5737 Deus
2349 5660 2528 5715 dilexit
2559 5667 2839 5737 mundum,
2890 5674 2946 5717 ut
2991 5663 3187 5718 Filium
3227 5682 3380 5720 suum
3426 5667 3775 5737 unigenitum

2153 5734 2299 5811 daret
2328 5746 2348 5785 :
2377 5741 2429 5811 ut
2457 5733 2625 5787 omnis
2652 5736 2744 5805 qui
2779 5736 2956 5811 credit
2980 5738 3035 5791 in
3080 5752 3234 5811 eum,
3281 5754 3389 5811 non
3414 5733 3610 5811 pereat,
3664 5741 3775 5796 sed

2154 5802 2341 5858 habeat
2370 5804 2526 5857 vitam
2554 5802 2821 5861 (sternam.
2848 5806 2916 5862 Et
2943 5806 3062 5864 haec
3087 5808 3238 5864 Pauli
3271 5825 3315 5876 ι,
3349 5802 3491 5865 Tim.
3526 5802 3605 5875 tv,
3633 5811 3713 5868 tl)
3748 5830 3766 5868 :
