4004 6332
417 365 519 422 H7
1702 355 1759 411 S.
1803 342 2074 411 EUSEBII
2114 349 2489 407 liiEMNYMI

3617 340 3724 395 148

414 494 542 552 gum
566 481 933 536 doctrinarum
963 474 1465 545 volebataccipere.
1494 471 1562 527 Et
1588 471 1781 535 statim,
1815 466 2010 539 inquit,
2039 466 2089 528 Α
2116 466 2315 537 quibus
2347 466 2450 521 nisi
2496 465 2674 521 anima
2708 465 2967 519 instructa
2998 460 3162 516 fuerit
3192 469 3245 517 et
3273 468 3487 528 ornata,
3531 468 3725 516 sesso-

413 575 684 630 invenietls
712 570 915 629 asinam
943 572 1233 643 alligatam,
1278 579 1328 623 et
1361 567 1563 641 pullum
1604 580 1720 619 cum
1764 574 1824 619 ea
1856 577 1874 616 :
1904 563 2011 616 sol-

412 671 517 723 vite
546 679 593 723 et
615 667 857 721 adducite
881 665 1030 719 mihi.
1064 663 1296 733 Alligata
1342 668 1460 715 erat
1500 659 1654 713 asina
1685 657 1869 713 multis
1897 656 2014 710 vin-

417 761 558 818 culis
591 768 957 832 peccatorum.
987 756 1168 812 Pullns
1197 764 1411 824 quoque
1456 746 1712 818 lascivus,
1747 756 1802 803 et
1834 749 2015 803 freno-

420 868 539 910 rum
572 853 858 923 impatiens
893 844 1052 923 160
1081 862 1202 903 cum
1247 853 1443 907 matre,
1492 842 1790 899 secundum
1837 840 2015 894 Evan-

420 948 619 1019 geliutn
649 946 806 1000 Luca:
836 938 992 1014 (Cap.
1025 939 1162 1011 xix),
1197 948 1223 976 ιι
1254 938 1455 993 multos
1484 934 1714 990 habebat
1740 932 2014 995 dominos,

425 1057 530 1097 non
559 1039 647 1095 uni
675 1032 848 1095 errori
892 1046 946 1092 et
975 1033 1211 1105 dogmati
1243 1031 1491 1087 subditus
1519 1047 1530 1085 :
1568 1039 1623 1085 et
1653 1038 1830 1083 tamen
1864 1025 2016 1081 multi

429 1132 634 1189 domini
680 1128 769 1202 qui
816 1124 919 1184 sibi
970 1133 1293 1198 potestatem
1338 1123 1583 1177 illicitum
1636 1119 2015 1184 vindicabant,

426 1225 671 1281 videntes
707 1237 894 1276 verum
933 1218 1222 1274 Dominum
1246 1254 1263 1279 ,
1312 1224 1367 1270 et
1403 1226 1591 1270 servos
1621 1212 1737 1283 ejus
1781 1210 2015 1278 venisse,

422 1316 514 1387 qui
532 1315 595 1369 ad
613 1313 933 1370 solvendum
954 1311 1105 1366 missi
1126 1309 1357 1374 fuerant,
1386 1319 1493 1362 non
1511 1306 1718 1362 audent
1743 1305 2017 1359 resistere.

422 1402 655 1478 Quze‘sit
684 1415 864 1462 autem
910 1406 1085 1470 asina,
1136 1413 1189 1459 et
1238 1402 1417 1472 pullus
1460 1401 1664 1468 asinae,
1696 1398 1939 1455 dicemus
1965 1397 2017 1451 in

425 1502 678 1559 subditis.
1570 1564 1581 1573 .

492 1598 677 1672 (Vers.
707 1598 763 1663 4,
797 1594 880 1667 5.)
907 1590 1024 1649 Hoc
1050 1601 1222 1647 autem
1246 1592 1444 1663 factum
1461 1599 1557 1657 est,
1582 1600 1636 1644 ut
1654 1586 2022 1659 adimpleretur

429 1693 568 1761 quod
595 1690 790 1745 dictum
816 1696 891 1745 est
916 1704 1004 1759 per
1023 1688 1346 1760 prophetam,
1377 1686 1627 1739 dicentem
1652 1699 1670 1737 :
1697 1682 1867 1736 Dicite
1889 1680 2015 1749 ﬁlice

432 1784 585 1849 Sion,
615 1781 749 1837 Ecce
772 1797 863 1835 rex
884 1786 1000 1834 tuus
1022 1780 1156 1834 venit
1196 1777 1286 1832 tibi
1309 1783 1631 1843 mansuetus,
1657 1774 1841 1829 sedens
1870 1786 2025 1844 super

2116 570 2230 614 rem
2265 558 2465 614 habere
2492 557 2779 613 Dominum
2813 564 2920 610 non
2954 562 3215 609 meretur.

2190 650 2368 726 (Vers.
2402 652 2482 724 8.)
2515 651 2757 706 Plurima
2800 661 2972 705 autem
3009 647 3161 702 turba
3212 653 3503 701 straverunt
3547 644 3720 700 vesti-

2117 756 2287 805 menta
2315 760 2408 803 sua
2431 749 2484 803 in
2512 746 2613 801 ria.
2650 745 2841 801 Videte
2866 742 3231 799 didereutiam
3274 740 3724 811 uniuscujusque

2118 855 2388 913 personae.
2417 838 2661 910 Apostoli
2691 838 3015 893 vestimenta
3044 850 3141 889 sua
3172 846 3342 905 super
3370 833 3588 888 asinum
3625 846 3733 902 po-

2120 942 2276 996 nunt,
2302 935 2456 988 turha
2484 947 2603 1002 qum
2630 931 2789 986 vilior
2815 942 2925 1010 est,
2946 928 3252 984 subSternit
3281 922 3511 998 pedibus
3536 923 3685 980 asini
3711 942 3731 994 ;

2119 1026 2314 1084 necubi
2342 1026 2580 1084 offendat
2627 1026 2679 1081 in
2724 1024 2956 1095 lapidem
2984 1064 2999 1090 ,
3034 1036 3109 1078 ne
3131 1018 3307 1078 calcet
3345 1021 3559 1093 Spinam
3588 1060 3605 1085 ,
3654 1028 3732 1076 ne

2122 1120 2343 1178 labatur
2376 1123 2431 1175 in
2466 1121 2695 1175 foveam.

2193 1215 2299 1270 Alii
2327 1222 2504 1269 autem
2534 1213 2798 1269 ardebant
2845 1225 3021 1266 ramos
3047 1209 3112 1265 de
3152 1208 3428 1264 arboribus
3449 1248 3465 1276 ,
3507 1218 3558 1262 et
3595 1216 3738 1263 ster-

2124 1308 2312 1362 nebant
2340 1308 2393 1361 in
2420 1308 2522 1361 via.
2563 1307 2637 1362 De
2673 1300 2961 1361 arboribus
2995 1301 3271 1374 frugiferis
3292 1347 3307 1372 ,
3336 1298 3535 1373 quibus
3568 1314 3740 1357 mons

2123 1400 2319 1456 Oliveti
2347 1400 2594 1456 censitus
2620 1408 2726 1466 est,
2750 1396 3039 1454 caedebant
3062 1407 3267 1461 ramos,
3296 1392 3741 1465 sternebantque

2125 1494 2180 1549 in
2210 1495 2297 1549 via
2328 1513 2338 1548 :
2372 1502 2435 1548 ut
2478 1506 2644 1564 prava
2673 1496 2821 1547 recta
2847 1489 3091 1546 facerent
3118 1534 3131 1558 ,
3165 1490 3219 1545 et
3258 1497 3545 1559 aequarent
3593 1485 3742 1543 ina:-

2124 1587 2307 1658 qualia
2337 1600 2485 1658 :quo
2515 1586 2717 1642 rectius
2745 1593 2907 1654 atque
2939 1581 3188 1639 securius
3219 1580 3272 1638 in
3300 1578 3466 1638 corde
3495 1579 3743 1637 creden-

2128 1681 2285 1747 tium,
2316 1679 2592 1746 Christus,
2617 1678 2924 1733 daemonum
2949 1686 3111 1747 atque
3140 1674 3393 1730 vitiorum
3422 1672 3607 1729 victor
3641 1671 3735 1729 in-

2128 1776 2370 1833 cederet.

429 1875 630 1928 asinam
667 1871 949 1942 etTpullutit
973 1870 1140 1939 [ilium
1174 1867 1485 1942 subjugalis.
1532 1867 1645 1922 Hoc
1677 1868 1729 1920 in
1763 1864 2025 1935 propheta
2057 1855 2103 1919 Β
2203 1868 2383 1939 (Vers.
2423 1865 2504 1939 9.)
2534 1863 2719 1921 Turba:
2746 1875 2918 1920 autem
2946 1878 3062 1934 quae
3092 1860 3448 1932 pra'cedebant
3474 1906 3488 1929 ,
3530 1870 3580 1914 et
3619 1875 3746 1932 qme

432 1964 695 2021 Zacharia
725 1965 986 2034 scriptum
1016 1972 1102 2019 est
1139 1982 1152 2017 :
1176 1961 1242 2016 de
1268 1976 1374 2032 quo
1401 1958 1612 2031 plenius
1632 2002 1647 2027 ,
1680 1959 1727 2014 si
1754 1959 1879 2013 vitae
1906 1971 2029 2028 θρα·
2129 1964 2493 2034 sequebantur,
2520 1959 2834 2025 clamabant,
2858 1959 3120 2014 dicentes:
3143 1957 3354 2010 Osanna
3376 1955 3487 2026 filio
3513 1951 3694 2009 Darid
3722 1969 3745 2011 :

433 2061 566 2114 tium
599 2059 780 2124 fuerit,
814 2058 867 2111 iu
897 2068 996 2111 suo
1022 2050 1233 2111 dicetur
1257 2050 1397 2109 loco.
1450 2048 1604 2109 Nunc
1653 2051 2028 2122 stringendum
2131 2055 2426 2110 benedictus
2456 2053 2542 2122 qui
2586 2053 2720 2107 venit
2764 2051 2819 2106 in
2869 2051 3081 2105 nomine
3128 2047 3384 2116 Domini;
3432 2062 3641 2101 osanna
3688 2046 3746 2101 in

430 2151 686 2217 breviter,
720 2150 864 2220 quod
916 2148 1216 2204 secundum
1249 2149 1483 2203 litteram
1527 2146 1580 2201 in
1612 2156 1789 2218 parvo
1820 2142 2028 2200 itineris
2130 2146 2365 2201 excelsis.
2395 2145 2529 2213 Quia
2562 2144 2843 2199 manifesta
2877 2150 2959 2198 est
2987 2142 3245 2206 historia,
3272 2137 3619 2211 spiritualem
3651 2153 3747 2195 se-

2130 2255 2358 2311 quamur
2399 2239 2646 2295 ordinem
2694 2235 3027 2294 disserendi.
3076 2236 3274 2291 Turba:
3321 2248 3441 2304 qua:
3492 2246 3748 2304 egressa

2134 2334 2350 2390 fuerant
2378 2332 2447 2389 de
2480 2332 2728 2397 Jericho,
2772 2338 2829 2387 et
2862 2337 3063 2386 secuta:
3112 2336 3242 2383 sunt
3288 2326 3631 2383 Salvatorem
3676 2340 3752 2383 ac

2133 2426 2436 2497 discipulos
2464 2424 2603 2496 ejus,
2637 2433 2921 2497 postquam
2952 2423 3155 2494 pullum
3186 2422 3354 2477 asina:
3387 2421 3630 2476 solutum
3661 2420 3753 2476 vi-

2132 2526 2328 2579 derunt
2359 2519 2479 2594 (qui
2525 2530 2650 2576 ante
2683 2520 2880 2591 ligatus
2908 2516 3105 2591 fuerat)
3132 2527 3187 2573 et
3218 2515 3597 2587 apostolorum
3647 2528 3755 2570 ve-

2135 2617 2308 2672 stibus
2338 2622 2686 2680 exornatum,
2719 2621 2771 2668 et
2799 2611 3083 2667 sedentem
3103 2624 3272 2679 super
3295 2623 3416 2664 eum
3448 2604 3752 2662 Dominum

2135 2708 2339 2774 Jesum,
2368 2716 2770 2779 supposuerunt
2798 2706 3123 2763 vestimenta
3167 2717 3261 2758 sua
3291 2748 3304 2772 ,
3340 2713 3395 2759 et
3422 2706 3756 2758 straverunt

2136 2802 2277 2858 viam
2307 2803 2471 2858 ramis
2501 2802 2777 2858 arborum.
2827 2799 3075 2869 Cumque
3118 2810 3287 2867 opere
3332 2804 3531 2851 cuncta
3576 2794 3756 2852 fecis-

2136 2907 2278 2964 sent,
2307 2893 2458 2952 vocis
2485 2910 2702 2967 quoque
2748 2893 2994 2951 tribuunt
3042 2889 3411 2948 testimonium
3443 2908 3456 2944 :
3492 2899 3547 2945 et
3596 2905 3755 2960 prte-

2137 2990 2393 3048 cedentes
2424 3000 2633 3060 °atqne
2659 2999 2953 3061 sequentes
2997 3002 3104 3043 non
3148 2986 3295 3042 brevi
3346 2994 3509 3057 atque
3555 2984 3755 3042 silenti

2138 3081 2479 3139 confessione
2514 3123 2529 3147 ,
2584 3079 2682 3136 sed
2742 3082 2982 3135 clamore
3040 3076 3359 3149 plenissimo
3416 3086 3684 3133 resonant
3730 3094 3751 3132 :

2142 3174 2355 3231 Osanna
2390 3172 2407 3212 ί
2440 3172 2551 3245 ﬁlio
2585 3172 2782 3239 David,
2811 3170 3103 3227 benedictus
3138 3171 3229 3243 qui
3276 3173 3411 3226 venit
3444 3170 3497 3225 in
3532 3172 3757 3226 nomine

430 2243 609 2312 spatio
655 2251 822 2312 super
846 2250 1139 2311 utruMque
1164 2237 1368 2293 animal
1400 2238 1597 2294 sedere
1626 2250 1732 2292 non
1775 2236 2027 2307 quiverit.

433 2334 542 2388 Aut
570 2332 713 2388 enim
744 2332 881 2388 sedit
909 2332 1101 2394 asinte,
1135 2340 1189 2386 et
1216 2331 1394 2402 pullus
1421 2331 1626 2402 absque
1651 2340 1872 2386 sessore
1898 2328 2026 2384 fuit:

431 2439 527 2483 aut
555 2430 598 2484 si
630 2429 800 2499 pullo,
829 2427 975 2498 quod
1015 2428 1187 2498 magis
1233 2426 1523 2497 competit,
1574 2439 1707 2480 usus
1735 2433 1818 2480 est
1841 2422 1907 2478 ad
1937 2438 2030 2479 se-

432 2521 694 2584 dendum,
726 2521 874 2575 asina
905 2515 1065 2575 ducta
1096 2528 1179 2574 est
1207 2519 1396 2574 libera.
1452 2518 1593 2588 Ergo
1634 2530 1756 2572 cum
1801 2515 2031 2572 historia

436 2614 523 2668 vel
568 2606 1063 2683 impossibilitatent
1113 2610 1345 2675 habeat,
1387 2610 1471 2666 vel
1511 2609 1921 2680 turpitudinem,
1964 2609 2032 2664 ad

437 2708 628 2763 altiora
656 2706 1070 2761 transmittimur
1100 2722 1113 2759 :
1148 2714 1206 2760 ut
1228 2705 1382 2759 asina
1409 2703 1438 2743 δ
1461 2702 1559 2759 ista
1592 2718 1712 2775 quae
1738 2702 2034 2774 sultjugalis

435 2802 557 2870 fuit,
608 2810 663 2858 et
691 2801 946 2867 edomita,
979 2805 1033 2857 et
1070 2800 1254 2871 iugum
1286 2799 1422 2871 legis
1453 2807 1725 2868 traxerat,
1752 2799 2033 2871 Synagoga

438 2893 803 2965 intelligatur;
838 2894 1022 2964 pullus
1060 2894 1249 2963 asinae,
1301 2893 1540 2947 lascivus
1586 2900 1641 2948 et
1685 2892 1840 2957 liber,
1894 2891 2036 2948 Gen-

437 2990 573 3042 tium
603 2989 857 3058 populus,
882 2986 1077 3055 quibus
1108 2985 1310 3041 sederit
1332 2985 1512 3049 Jesus,
1551 2994 1606 3041 et
1637 2986 1817 3040 missis
1846 2983 1910 3039 ad
1940 2996 2034 3041 eos

442 3090 464 3120 ο
495 3081 707 3138 duobus
734 3078 1019 3150 discipulis
1044 3079 1175 3145 suis,
1209 3088 1317 3134 uno
1358 3080 1409 3133 in
1441 3076 1943 3145 Circumeisionem,
1979 3085 2035 3134 et

439 3177 614 3230 altero
643 3174 695 3228 in
728 3173 950 3229 Gentes.

510 3264 693 3341 (Vers.
725 3267 781 3330 6,
811 3264 895 3337 7.)
924 3265 1118 3319 Eunles
1142 3271 1316 3318 autem
1346 3265 1611 3336 discipuli,
1647 3264 1879 3335 fecerunt
1900 3266 2035 3321 sicut
2064 3239 2109 3304 (ἶ
2145 3268 2374 3324 Domini.
2403 3239 2559 3337 Quod
2597 3278 2772 3323 autem
2808 3267 2937 3323 dicit
2968 3284 2982 3321 :
3011 3239 3198 3320 Turst
3225 3280 3342 3337 quin
3380 3265 3757 3339 prtecedcbant

441 3361 684 3433 praceplt
708 3357 816 3415 illis
836 3358 1011 3413 Iesus.
1049 3356 1117 3412 El
1135 3358 1465 3412 adduxerunt
1480 3360 1677 3412 asinam
1705 3366 1752 3413 et
1789 3352 1991 3428 pullum
2016 3374 2036 3415 .'

438 3466 486 3509 et
508 3454 861 3523 imposuerunt
887 3462 1040 3524 super
1070 3463 1159 3505 eos
1190 3454 1487 3505 vestimenta
1502 3462 1620 3515 sua,
1651 3461 1699 3506 et
1732 3466 1848 3506 eum
1885 3454 2037 3507 desu-

441 3556 532 3619 per
554 3545 735 3600 sedere
757 3546 1008 3616 fecerunt.
1036 3542 1354 3613 Pullnsgiste
1377 3550 1433 3598 et
1462 3544 1633 3611 asina,
1664 3543 1860 3615 quibus
1901 3554 2033 3615 apo-

444 3637 571 3694 stoli
602 3643 852 3693 sternunt
879 3638 1203 3691 vestimenta
1233 3645 1363 3704 sua,
1397 3644 1457 3691 ut
1493 3635 1652 3692 Jesns
1691 3637 1910 3693 mollius
1952 3649 2039 3695 se-

444 3733 591 3798 deat,
617 3738 742 3785 ante
760 3729 1051 3783 adventum
1075 3720 1372 3782 Salvatoris
1394 3728 1520 3781 ttudi
1545 3738 1723 3793 erant,
1746 3730 2037 3799 multisque

440 3824 543 3880 sibi
572 3823 623 3878 in
656 3836 753 3878 eos
780 3821 1120 3876 dominatum
1150 3819 1577 3885 vindicantibus,
1611 3821 1817 3891 absque
1857 3822 2042 3891 Operi-

442 3926 626 3973 mento
653 3915 941 3987 frigebunt.
995 3913 1282 3984 Postquam
1315 3928 1444 3968 vero
1477 3928 1768 3983 suscepere
1812 3926 2037 3986 aposto-

443 4012 579 4067 licas
618 4014 817 4076 vestes,
853 4006 1194 4080 pulchriores
1237 3998 1435 4074 etleCti,
1468 4005 1753 4062 Dominum
1802 4008 2040 4067 habuere

441 4119 739 4162 sessorem.
770 4096 796 4140 δ
829 4101 1006 4157 Vestis
1051 4108 1230 4156 autent
1269 4100 1567 4170 apostolica
1596 4141 1611 4166 ,
1647 4100 1801 4176 161
1831 4102 1917 4159 vel
1943 4102 2041 4159 do-

441 4197 616 4252 ctrina
644 4196 924 4262 virtutum,
955 4193 1039 4249 vel
1066 4192 1355 4249 edissertio
1386 4191 1787 4262 Scripturarum
1808 4194 2038 4267 intelligi

440 4297 642 4358 potest,
672 4289 787 4343 sive
817 4284 1322 4341 Ecclesiasticorum
1355 4285 1666 4356 dogmatum
1700 4290 1989 4345 varietates
2022 4308 2034 4345 :

522 4515 549 4547 ⁸
577 4504 733 4565 Unus
749 4497 981 4575 Palatia,
1010 4504 1194 4575 verba,
1222 4504 1311 4575 qui
1337 4504 1435 4559 sibi
1462 4510 1764 4573 potestatem
1802 4506 2040 4562 illicitum

444 4577 808 4644 vindicabant,
857 4574 961 4631 huc
988 4574 1263 4643 transfert,
1307 4588 1427 4644 quae
1456 4576 1617 4631 tertio
1652 4577 1849 4632 abhinc
1876 4591 2037 4633 versu

444 4652 639 4708 babes.
688 4646 809 4717 Mox
853 4656 952 4716 pro
999 4646 1256 4710 subditus,
1307 4645 1587 4717 legebatur
1629 4648 1758 4703 olim
1788 4647 2034 4704 subditos.

442 4722 648 4792 Verum
670 4720 765 4792 ait,
791 4716 1020 4783 Victor.,
1040 4717 1220 4787 pullus
1244 4716 1432 4792 asinis,
1466 4719 1840 4792 quo‘gentium
1871 4732 2038 4792 ροριι.

447 4795 533 4849 lus
564 4790 920 4859 signiﬁcatur,
953 4798 1238 4858 prOpterea
1271 4791 1471 4845 multos
1503 4790 1759 4846 habuisse
1787 4790 2038 4848 dominos

443 4865 670 4927 dicitur,
702 4862 843 4932 quod
870 4860 989 4930 ipse
1035 4872 1142 4933 non
1185 4870 1295 4933 uno
1328 4868 1534 4933 tantum
1570 4874 1789 4931 errore,
1822 4874 2040 4933 unoque

443 4936 702 5006 dogmate
722 4930 1005 5006 teneretur
1031 4930 1296 5006 obnoxius
1324 4942 1338 4995 ς
1376 4930 1471 4987 sed
1503 4934 1689 5006 multis
1734 4930 2034 5006 erroribus,

441 5001 898 5080 dogmatibusque
925 5002 1174 5059 subditus
1204 5009 1352 5059 esset
1377 5019 1389 5056 :
1418 5001 1617 5058 multos
1632 5004 1883 5061 dominos
1906 5001 2044 5061 mul-

443 5088 531 5134 108
559 5088 757 5132 vocans
789 5087 1025 5131 errores.

519 5145 549 5185 1)
582 5146 806 5203 Erudite
831 5146 945 5217 bac
970 5144 1247 5201 transtulit
1274 5156 1339 5202 ex
1367 5145 1713 5215 Adamantio,
1745 5146 1898 5217 cujus
1923 5147 2044 5205 haec

444 5220 611 5275 verba
639 5228 762 5273 sunt
789 5236 802 5272 :
844 5216 977 5272 Vide
995 5219 1134 5272 enim
1154 5231 1329 5271 annon
1360 5218 1470 5273 hate
1493 5219 1790 5273 Servatoris
1813 5216 2045 5275 sumbola

444 5291 548 5346 sint
588 5306 677 5363 per
708 5287 996 5363 discipulos
1013 5290 1252 5363 jumenta
1292 5290 1673 5363 su_a,_vinculis
1713 5287 2040 5363 cxsolt'entis,

444 5379 533 5417 eos
560 5358 817 5434 videlicet,
847 5360 937 5434 qui
955 5358 1083 5434 tunc
1113 5359 1177 5412 de
1197 5360 1391 5434 popula
1420 5360 1537 5434 hoc,
1576 5375 1782 5433 quoque
1812 5378 1843 5413 rt
1880 5358 2045 5434 genti?

448 5379 533 5417 eos
560 5378 817 5423 vmeneet,
886 5378 936 5412 ut
964 5378 1083 5413 tunc
1113 5378 1177 5412 ae
1197 5378 1391 5431 papam
1420 5378 1537 5425 noc,
1576 5378 1782 5433 quoque
1812 5378 1843 5413 a
1880 5378 2044 5434 genu-

448 5434 542 5487 bus
567 5430 723 5503 ﬁdem
750 5378 967 5502 prayessi
988 5439 1107 5484 sunt
1135 5440 1152 5483 :
1180 5431 1405 5503 peccatis
1426 5432 1562 5485 enim
1589 5435 1804 5487 astricta
1842 5443 1970 5497 erat,
1995 5441 2044 5487 et

448 5500 663 5574 alligata
702 5500 916 5573 antiqua
954 5511 1217 5574 synagoga
1250 5500 1539 5574 :_alligatus
1564 5518 1764 5574 quoque
1804 5514 1908 5556 erat
1936 5520 2042 5558 una

448 5569 646 5647 cun't‘ea
678 5569 874 5644 pullus,
908 5569 1133 5643 populus
1154 5569 1407 5626 nimirum
1453 5590 1478 5627 ε
1507 5569 1740 5647 gemam
1768 5574 2042 5647 nouissime

445 5643 726 5715 conﬂatus,
759 5651 806 5698 et
835 5650 1107 5715 utrumque
1132 5656 1234 5716 qua
1266 5648 1334 5697 ad
1359 5643 1632 5716 superbam
1658 5643 2039 5716 Jeresolymam

445 5714 683 5771 ascensus
717 5716 858 5790 pater
897 5714 1303 5790 cunt’accederet
1338 5714 1644 5790 Sospitator
1692 5728 1724 5770 α
1760 5714 2037 5790 discipulis

443 5794 701 5879 prlecepta
719 5784 1391 5879 tradendi:uszsolvi‘julssit,
1406 5786 1529 5843 dato
1550 5788 1615 5843 iis
1640 5800 1732 5860 per
1749 5786 1861 5842 hac
1881 5784 2035 5845 uerba

445 5855 656 5927 Spiritu
684 5867 861 5915 saneto
887 5868 907 5917 :
936 5855 1167 5933 Accipite
1184 5855 1443 5932 Spiritum
1469 5855 1721 5933 sanctum,
1752 5868 1857 5920 etc.

2143 3368 2190 3416 et
2210 3377 2327 3433 qua:
2352 3361 2715 3431 sequebantur,
2753 3370 3045 3430 utrumque
3086 3357 3328 3414 ostendit
3359 3357 3621 3428 populum
3641 3400 3658 3425 ,
3691 3366 3754 3414 et

2144 3454 2391 3525 quiante
2438 3449 2813 3523 Evangeiium,
2852 3460 2908 3507 et
2937 3448 3028 3520 qui
3073 3460 3197 3522 post
3227 3449 3581 3524 Evangelinm
3630 3448 3753 3506 Do-

2143 3546 2292 3603 mino
2319 3545 2690 3612 crediderunt,
2721 3559 2963 3601 consona
2993 3542 3177 3601 Jesum
3208 3544 3577 3601 confessionis
3607 3561 3755 3605 voce

2145 3640 2368 3696 laudare
2397 3658 2411 3695 :
2443 3649 2501 3696 et
2529 3638 2829 3695 secundum
2878 3637 3183 3709 superioris
3229 3637 3499 3707 parabolas
3549 3654 3755 3697 exem-

2145 3734 2292 3805 plum
2336 3733 2671 3788 diversarum
2722 3731 2977 3787 horarum
3029 3733 3355 3802 operarios,
3409 3748 3572 3787 unttm
3609 3733 3752 3791 ﬁdei

2144 3825 2392 3895 accipere
2440 3825 2741 3893 praemium.
2790 3822 2963 3878 Porro
3003 3823 3145 3893 quod
3192 3824 3440 3894 sequitur
3471 3841 3485 3878 :
3516 3822 3753 3882 Osanna

2145 3918 2259 3987 ﬁlio
2286 3916 2475 3982 David,
2508 3917 2634 3986 quid
2658 3916 2955 3987 signiticet,
2994 3915 3149 3988 162
3180 3926 3231 3970 et
3260 3927 3384 3972 ante
3410 3932 3585 3972 annos
3618 3918 3752 3988 plu-

2100 4086 2107 4091 _
2146 4007 2313 4063 rimos
2348 4007 2402 4061 in
2444 4007 2594 4063 brevi
2642 4006 2876 4076 epiStola
2917 4012 2943 4053 κ
2974 4008 3040 4060 ad
3082 4005 3371 4060 Damasum
3404 4050 3418 4074 ,
3466 4018 3593 4063 tunc
3634 4007 3759 4066 Ro-

2149 4114 2322 4155 manae
2367 4097 2515 4155 urbis
2546 4098 2901 4169 epiSCOptlm,
2933 4096 3137 4155 dixisse
3184 4097 3444 4165 tuemini;
3491 4112 3544 4155 et
3593 4118 3754 4159 nunc

2147 4194 2509 4264 perSIringatn
2542 4192 2800 4248 breviter.
2835 4189 2896 4246 in
2924 4192 3230 4247 centesimo
3259 4192 3472 4249 decimo
3506 4196 3759 4265 septimo

2149 4289 2380 4360 psalmo,
2412 4289 2502 4359 qui
2536 4289 2822 4346 manifeste
2869 4287 2938 4345 de
2978 4288 3211 4344 adventu
3257 4289 3561 4346 Salvatoris
3606 4291 3759 4349 scri-

2222 4516 2245 4546 ο
2273 4507 2632 4587 liaequpqtte
2662 4511 2834 4587 ipsum
2869 4508 3047 4587 hausit
3078 4527 3143 4567 ex
3173 4512 3436 4585 Origene,
3470 4518 3562 4587 qui
3587 4518 3731 4578 duos

2144 4570 2555 4663 aitLdlscip'ulos'
2659 4570 3011 4654 interpreteris
3041 4570 3353 4663 anagogic'e,
3401 4570 3560 4642 dic‘cs

2144 4651 2348 4724 quidem
2377 4651 2485 4705 esse
2514 4652 2742 4707 ordinent
2782 4651 2990 4719 eorum,
3032 4656 3121 4724 qui
3144 4651 3439 4713 ministrant
3466 4661 3757 4721 circumci-

2144 4722 2261 4796 sis_:
2286 4722 2514 4796 alterum
2541 4735 2731 4791 autem,
2772 4727 2863 4796 qui
2904 4722 3161 4796 gentibus.

2064 4825 2119 4887 Β
2215 4790 2241 4830 ἀ
2272 4792 2651 4878 (ξριιΐρτρηόμε
2695 4790 2794 4851 Ιιὶό
2830 4790 3045 4852 rursum
3076 4794 3356 4869 Origenes,
3405 4800 3457 4856 in
3506 4816 3758 4879 euntque

2147 4863 2326 4919 iIttettt
2350 4875 2648 4919 annotatto.

2216 4867 2326 4920 tetii
2350 4867 2648 4922 annotatio-

2209 4945 2247 5020 ,ο
2276 4935 2539 5020 Origines
2556 4937 2789 5020 pridem,
2822 4937 3103 5020 lii-ouatia,
3138 4940 3332 5012 inquit,
3360 4947 3731 5020 pra’ct’dentes

2148 5005 2255 5062 alia
2294 4996 2408 5061 vcrb
2457 4996 2817 5080 subsequentes
2844 4996 3127 5079 dicebant';
3157 4996 3260 5067 un'o
3288 4996 3757 5082 eitbftiiéVt'JJJ

2148 5094 2291 5151 secus
2318 5095 2377 5133 ac
2403 5095 2615 5134 concors
2643 5090 2689 5136 et
2715 5097 2969 5137 consonus
2994 5088 3183 5139 chorus
3213 5085 3506 5141 clamabant
3540 5107 3731 5151 omnes

2148 5160 2198 5206 et
2242 5150 2531 5206 Servatoris
2577 5151 2947 5208 humanitatem
3009 5156 3091 5210 Itis
3135 5157 3297 5210 verbis
3343 5139 3757 5219 celebrabant":-

2153 5221 2365 5292 υδαηηα
2398 5220 2507 5292 ﬁlio
2538 5219 2733 5292 David,
2766 5234 2876 5280 etc,
3347 5210 3461 5214 ""‘
3483 5210 3492 5214 '
3513 5210 3679 5219 """"
3733 5210 3751 5225 ο

2227 5291 2245 5329 ί
2280 5291 2594 5369 Proniisgue
2626 5297 2675 5369 in
2706 5291 2838 5351 mss.
2873 5295 3107 5351 Osiauna
3138 5296 3354 5369 legitur,
3389 5310 3442 5357 et
3472 5303 3694 5363 Osanna
3735 5328 3754 5366 :

2153 5368 2262 5445 tres
2290 5376 2465 5445 autem
2494 5364 2719 5421 Palatini
2740 5410 2754 5433 ,
2786 5383 2905 5445 pro,
2938 5368 3027 5440 qui
3054 5364 3218 5436 venit,
3255 5364 3349 5426 hic
3370 5384 3531 5445 atque
3560 5378 3638 5433 ini
3649 5397 3715 5437 ra

2150 5436 2239 5505 σαί
2267 5444 2512 5508 ιέηιιινιιε
2542 5446 2637 5500 est,
2671 5425 2988 5508 ριιὼῖεηίηί,
3207 5425 3218 5436 -
3326 5425 3334 5426 ί
3410 5425 3528 5445 τη
3560 5425 3752 5451 -----..,

2222 5506 2532 5590 stipis-mla
2579 5511 2630 5565 in
2675 5506 2862 5590 nostra
2904 5512 3227 5590 recensione
3269 5512 3341 5569 ’ΞΟ
3385 5514 3485 5569 sub
3526 5517 3755 5581 initium

2146 5577 2401 5657 antii385
2421 5577 2570 5644 data,
2594 5594 2753 5657 quam
2783 5580 2867 5636 ltic
2897 5584 3144 5638 recolere
3173 5598 3353 5657 operte
3385 5590 3621 5657 pretium
3646 5577 3749 5654 sit:

2144 5648 2341 5731 confer
2370 5664 2589 5734 quoque
2620 5654 2907 5780 Urigfnem
2935 5699 2950 5725 ,
2980 5666 3047 5709 ex
3076 5668 3185 5724 quo
3211 5648 3422 5711 bonam
3474 5648 3752 5724 subuexte

2144 5720 2541 5779 dissertationis
2590 5721 2659 5780 de
2766 5738 2934 5780 sanna
2989 5734 3201 5780 partem
3256 5726 3315 5780 S.
3376 5726 3581 5780 Doctor
3640 5752 3750 5780 nr-

2140 5720 2541 5862 ἓὲἒέξῖἒδιίοηίε
2590 5721 2659 5780 de
2720 5720 2946 5780 Osanna
2989 5720 3201 5797 partem
3256 5726 3315 5783 S.
3376 5726 3581 5788 Doctor
3640 5720 3750 5795 ex:

2178 5808 2358 5846 Γθεειι.
