4004 6332
483 326 579 382 151

1732 323 1792 380 S.
1837 313 2115 376 EUSEBII
2151 312 2536 373 "IERONYMI

3678 312 3777 370 152

476 443 736 499 dicuntur
761 442 904 513 apud
935 458 1035 499 eos
1055 485 1071 510 ,
1101 458 1222 513 qua:
1251 456 1351 497 nos
1380 441 1720 512 appellamus
1747 444 2036 511 tragemata
2056 474 2073 502 ,
2099 431 2153 492 Δ
2178 430 2258 485 cia
2286 473 2301 497 ,
2342 448 2448 486 non
2478 432 2747 489 donorum
2792 432 3063 503 cupiditas
3086 474 3104 502 ,
3134 448 3201 489 ne
3247 432 3591 502 ingrediatur
3620 433 3776 488 Jesus

479 537 565 593 vel
588 536 713 591 vilia
757 536 1100 591 munuscula.
1140 534 1301 591 Verbi
1348 534 1558 605 gratia,
1593 532 1716 587 lrixi
1763 529 1873 605 [ΑΙ.
1907 527 2075 601 fricti]

481 630 718 697 ciceris,
752 644 1090 700 uvarumque
1121 643 1403 699 passarum
1433 669 1448 695 ,
1477 636 1532 683 et
1561 641 1723 698 poma
1752 623 1955 683 diversi
1984 638 2075 695 ge-

477 721 650 780 neris.
681 720 853 794 Igitur
877 722 1006 792 quia
1031 734 1227 776 usuras
1248 719 1502 790 accipere
1527 733 1634 774 non
1671 723 1925 788 poterant
1952 714 2073 769 Col-

480 816 723 889 lybistte,
751 815 842 886 qui
895 814 1187 886 pecuniam
1232 811 1462 868 fenerati
1507 820 1703 880 erant,
1751 822 1851 881 pro
1900 806 2079 862 usuris

484 910 825 981 accipiebant
853 908 1034 963 varias
1074 906 1320 977 species,
1354 917 1412 959 ut
1442 904 1587 977 quod
1631 904 1683 959 in
1719 916 1942 958 nummo
1970 914 2075 957 non

481 1001 727 1067 licebat,
759 1001 814 1057 in
860 1001 946 1056 bis
996 999 1158 1055 rebus
1206 1000 1491 1070 exigerent
1516 1013 1636 1068 qua:
1684 993 1918 1052 nummis
1947 1008 2077 1049 coe-

485 1105 731 1163 muntur,
763 1094 917 1163 quasi
964 1108 1070 1148 non
1116 1090 1223 1146 hoc
1271 1090 1449 1158 ipsum
1482 1089 1736 1145 Ezechiel
1766 1097 1791 1124 α
1818 1086 2080 1158 praedica-

483 1188 647 1253 vcrit,
677 1186 906 1241 dicens:
936 1184 1164 1240 Usuram
1195 1194 1239 1238 et
1275 1181 1811 1250 superabundantiam
1851 1195 1955 1233 non
1995 1194 2081 1231 ac-

482 1280 686 1349 cipietis
718 1277 936 1351 (Ezech.
972 1292 1088 1331 χιιι
1119 1319 1133 1343 ,
1163 1273 1275 1347 12).
1315 1273 1624 1329 Istiusmodi
1660 1271 1917 1327 Dominus
1954 1284 2078 1324 cer-

486 1386 626 1426 nens
652 1369 705 1424 in
738 1370 905 1422 domo
929 1368 1105 1423 Patris
1129 1368 1554 1437 negotiationem
1584 1362 2078 1431 seuJatrocinium,

483 1466 687 1520 ardore
716 1463 950 1534 spiritus
980 1461 1287 1517 concitatus
1319 1460 1494 1532 (juxta
1527 1457 1670 1529 quod
1701 1458 1965 1527 scriptum
1996 1466 2082 1510 cst

484 1559 539 1613 in
570 1555 916 1627 sexagesimo
946 1563 1141 1610 octavo
1169 1554 1380 1625 psalmo
1411 1552 1591 1623 (Vers.
1627 1549 1716 1620 10)
1750 1568 1761 1604 :
1796 1548 1956 1603 Zelus
1986 1548 2083 1603 do-

484 1667 602 1705 mus
625 1660 728 1705 tua:
746 1650 967 1704 comedit
992 1647 1255 1720 me),t'ecit
1278 1646 1382 1701 sibi
1405 1645 1680 1716 ﬂagellum
1709 1644 1778 1698 de
1803 1641 2081 1708 funiculis,

489 1752 549 1798 et
582 1750 787 1796 tantam
820 1739 1101 1794 hominum
1128 1736 1535 1794 multitudinem
1564 1736 1727 1807 ejecit
1758 1735 1826 1790 de
1856 1733 2080 1802 templo,

2185 526 2361 583 iratus
2388 537 2444 584 et
2480 528 2689 600 rigidus
2717 569 2732 594 ,
2776 539 2832 584 et
2870 545 2976 583 non
3016 528 3178 583 aliter
3223 526 3451 584 mundet
3501 526 3765 595 templum

2183 633 2339 675 suum
2364 663 2380 689 ,
2416 620 2520 676 nisi
2550 620 2773 692 ﬂagello
2816 620 3067 675 adhibito
3093 662 3108 687 ,
3136 628 3197 674 ut
3225 618 3294 676 de
3324 618 3586 689 spelunca
3617 618 3779 672 latro-

2185 727 2311 766 num
2344 753 2359 778 ,
2387 722 2444 767 et
2465 712 2534 768 de
2563 711 2726 767 domu
2754 711 3140 784 negotiationis
3167 756 3181 780 ,
3211 711 3432 767 domum
3461 710 3627 766 iaciat
3651 722 3777 765 ora-

2186 802 2377 859 tionis.

2253 894 2437 966 (Vers.
2473 895 2586 967 14.)
2618 894 2685 949 Et
2714 904 3057 971 accesserunt,
3072 895 3147 971 ad
3182 910 3298 948 eum
3341 896 3463 949 caeci
3497 905 3544 948 et
3595 892 3772 947 claudi

2253 904 2437 966 (Vers.
2473 904 2586 967 14.)
2618 904 2685 949 Et
2714 911 3017 950 accesserun
3072 904 3147 971 ad
3182 910 3298 948 eum
3341 904 3462 949 cruci
3497 905 3544 948 et
3595 904 3772 947 claudi

2181 990 2236 1043 in
2264 990 2475 1061 templo,
2503 998 2552 1044 et
2575 989 2775 1043 sanavit
2812 1005 2918 1044 eos.
2950 904 3329 1069 Ni:i\Qaensas
3370 987 3780 1043 nummulario-

2184 1099 2302 1140 rum
2326 1084 2633 1150 evertisset,
2655 1082 3060 1154 cathedrasque
3086 1082 3371 1151 columbas
3400 1080 3781 1149 vendentium,

2184 1180 2315 1235 ρεπιιξί
2339 1190 2395 1235 et
2422 1178 2600 1235 claudi
2626 1178 2802 1235 lucem
2828 1178 3144 1250 pristinam,
3169 1188 3225 1235 et
3246 1178 3519 1235 concitum
3550 1174 3779 1247 gradum

2186 1290 2296 1329 non
2326 1275 2661 1330 meruissent
2683 1272 2957 1345 recip”.

2258 1366 2443 1436 (Vers.
2474 1366 2591 1437 15.)
2629 1366 2876 1421 Videntes
2899 1375 3067 1420 autem
3090 1366 3349 1438 principes
3372 1365 3705 1420 sacerdotum
3735 1371 3781 1417 et

2188 1456 2388 1514 Scriba:
2430 1457 2687 1512 mirabilia
2733 1472 2851 1529 qua:
2889 1457 3029 1525 fecit,
3079 1467 3127 1510 et
3162 1472 3348 1529 pueros
3391 1456 3679 1509 clamantes
3728 1453 3784 1507 in

2188 1551 2401 1624 templo,
2447 1560 2498 1605 et
2528 1550 2753 1607 dicentes
2785 1567 2805 1605 :
2858 1549 3076 1605 Osanna
3116 1550 3230 1621 filio
3283 1547 3476 1615 David,
3518 1548 3785 1617 indignati

2189 1653 2328 1708 sunt,
2356 1651 2404 1698 et
2433 1642 2679 1698 dixerunt
2699 1643 2748 1697 ei
2772 1658 2789 1697 :
2819 1640 2985 1697 Audis
3013 1642 3136 1714 quid
3162 1643 3251 1697 isti
3270 1642 3495 1697 dicunt?
3526 1640 3785 1709 Plerique

2189 1737 2523 1793 arbitrantur
2556 1736 2852 1791 maximum
2880 1751 3006 1791 esse
3027 1736 3329 1807 signorum,
3363 1734 3510 1807 quod
3540 1733 3784 1789 Lazarus

491 1831 681 1888 dicens
709 1850 724 1886 :
759 1831 1025 1904 Scriptum
1055 1839 1130 1886 est
1166 1846 1183 1883 :
1216 1829 1415 1884 Domus
1445 1846 1580 1893 mea,
1612 1828 1798 1882 domus
1838 1827 2089 1910 orationis
2123 1827 2165 1889 Β
2195 1830 2486 1887 suscitatus
2554 1839 2637 1886 est
2686 1828 2867 1900 (loan.
2894 1830 2970 1901 ιι)
2994 1871 3009 1897 ,
3066 1831 3211 1901 quod
3259 1844 3440 1887 caecus
3492 1845 3559 1885 ex
3630 1838 3787 1885 utero

482 1926 751 1981 vocabitur
774 1941 793 1980 .'
819 1942 905 1980 vos
932 1934 1102 1978 autem
1121 1924 1314 1996 fecistis
1340 1940 1452 1977 eam
1473 1923 1776 1991 speluncam
1798 1918 2084 1977 latronum.

492 2016 664 2073 Latro
690 2018 835 2072 enim
866 2024 989 2087 est,
1020 2027 1076 2073 et
1104 2017 1364 2086 templum
1412 2016 1508 2072 Dei
1548 2016 1601 2072 in
1646 2016 1912 2071 latronum
1957 2030 2089 2071 con-

492 2112 660 2167 vertit
691 2125 947 2179 Specum,
980 2110 1071 2180 qui
1104 2109 1252 2165 lucra
1286 2110 1355 2165 de
1385 2110 1653 2181 religione
1682 2120 1947 2177 sectatur,
1974 2109 2089 2165 cul-

492 2212 691 2272 tusque
718 2203 837 2271 ejus
870 2217 974 2255 non
1005 2210 1115 2256 tam
1142 2202 1325 2256 cultus
1365 2201 1462 2257 Dei
1509 2217 1670 2273 quam
1704 2201 2089 2273 negotiationis

486 2297 710 2351 occasio
746 2304 852 2351 est.
901 2293 1016 2350 Hoc
1051 2294 1207 2366 juxta
1238 2296 1524 2350 historiam
1556 2312 1570 2349 :
1599 2304 1859 2351 caeterum
1892 2310 2089 2350 secun-

493 2387 622 2444 dum
654 2389 914 2461 mysticos
942 2387 1252 2443 intellectus
1279 2431 1294 2455 ,
1323 2387 1568 2458 quotidie
1594 2387 1756 2444 Iesus
1785 2387 2088 2459 ingreditur

491 2479 757 2547 templum
786 2477 996 2545 Patris,
1024 2488 1081 2533 et
1108 2478 1259 2546 ejicit
1285 2493 1477 2535 omnes
1509 2476 1536 2517 1³
1570 2486 1678 2533 tam
1713 2479 2003 2549 episcopos
2032 2486 2088 2534 et

496 2573 855 2644 presbyteros
885 2580 941 2627 et
966 2570 1245 2640 diaconos,
1278 2587 1438 2643 quam
1469 2573 1658 2635 laicos,
1690 2583 1745 2627 et
1776 2573 2085 2628 universam

491 2667 706 2721 turbam
750 2668 817 2721 de
856 2664 1101 2721 Ecclesia
1135 2679 1231 2720 sua
1261 2709 1276 2734 ,
1324 2676 1382 2722 et
1424 2666 1585 2721 unius
1629 2666 1879 2721 criminis
1926 2666 2088 2721 hahet

490 2759 793 2815 vendentes
838 2760 1045 2831 pariter
1071 2768 1127 2814 et
1156 2768 1423 2814 ementes.
1473 2759 1749 2828 Scriptum
1783 2767 1869 2812 est
1891 2758 2034 2813 enim
2070 2803 2082 2812 .

492 2850 670 2909 Gratis
711 2856 980 2927 accepistis
1008 2896 1024 2921 ,
1067 2854 1227 2926 gratis
1258 2854 1400 2907 date.
1440 2852 1596 2926 165
1626 2853 1843 2908 Mensas
1870 2868 2087 2924 quoque

490 2947 983 3004 nummulariorum
1006 2947 1294 3002 subvertit.
1341 2946 1614 3011 Observa,
1663 2955 1882 3016 propter
1909 2947 2084 3001 avari-

491 3043 624 3097 tiam
652 3041 1024 3106 sacerdotum,
1052 3040 1248 3095 altaria
1276 3038 1373 3095 Dei
1406 3040 1900 3095 nummulariorum
1929 3055 2081 3093 men-

2193 1922 2376 1978 lumen
2407 1921 2686 1993 acceperit
2710 1920 2896 1992 (Joan.
2935 1922 3038 1991 ιι),
3067 1923 3213 1994 quod
3243 1923 3311 1977 ad
3348 1923 3645 1979 Jordanem
3678 1935 3785 1977 vox

2190 2016 2372 2072 audita
2412 2017 2481 2071 sit
2528 2015 2709 2071 Patris
2740 2015 2924 2087 (Joan.
2956 2020 3061 2089 ιιι),
3095 2018 3237 2089 quod
3268 2018 3698 2089 transﬁguratus
3726 2017 3781 2071 in

2191 2122 2377 2168 monte
2394 2111 2624 2182 gloriam
2645 2110 2951 2169 ostenderit
2968 2111 3357 2182 triumphantis
3373 2110 3593 2182 (Matth.
3617 2126 3648 2164 x
3661 2108 3785 2177 vn).

2191 2203 2319 2260 Mihi
2357 2205 2501 2260 inter
2540 2203 2721 2260 omnia
2753 2205 2906 2275 signa
2930 2219 3054 2274 qua:
3082 2202 3207 2260 fecit
3246 2203 3350 2259 hoc
3380 2202 3599 2259 videtur
3626 2213 3650 2241 ο
3685 2202 3788 2256 mi-

2189 2296 2417 2353 rabilius
2452 2311 2611 2364 esse,
2668 2296 2816 2368 quod
2869 2312 3012 2351 unus
3054 2296 3243 2364 homo,
3293 2305 3351 2351 et
3393 2295 3490 2352 illo
3532 2304 3786 2363 tempore

2190 2389 2657 2458 contemptibilis,
2701 2397 2759 2444 et
2790 2389 3060 2444 intantum
3112 2388 3240 2445 vilis
3283 2387 3445 2462 166
3487 2396 3548 2444 ut
3596 2399 3785 2459 postea

2189 2480 2627 2553 crucifigeretur,
2651 2480 2856 2538 Scribis
2874 2490 2932 2538 et
2952 2481 3243 2537 Pharisaeis
3261 2493 3453 2537 contra
3475 2497 3534 2537 se
3554 2482 3787 2537 szevien-

2193 2572 2360 2643 tibus,
2392 2584 2446 2629 et
2476 2573 2787 2630 videntibus
2820 2574 2967 2630 lucra
2995 2572 3020 2610 ά
3056 2589 3154 2629 sua
3185 2573 3417 2640 destrui,
3457 2576 3697 2643 potuerit
3717 2575 3784 2630 ad

2192 2667 2351 2722 unius
2383 2665 2581 2738 ﬂagelli
2612 2667 2835 2724 verbera
2873 2674 3074 2722 tantam
3116 2668 3319 2737 ejicere
3350 2668 3780 2736 multitudinem,

2190 2777 2522 2833 mensasque
2548 2762 2901 2828 subvertere,
2929 2771 2986 2818 et
3009 2761 3301 2818 cathedras
3328 2763 3704 2834 conlringere.
3733 2772 3791 2819 ct

2193 2854 2298 2908 alia
2348 2852 2551 2920 lacere,
2601 2868 2723 2924 qua:
2768 2853 3014 2909 inllaitus
3061 2869 3169 2909 non
3212 2854 3435 2910 iecisset
3478 2856 3782 2912 exercitus.

2188 2946 2413 3020 igneum
2438 2948 2581 3003 enim
2605 2947 2859 3018 quiddam
2885 2958 2909 2986 ο
2938 2958 3102 3020 atque
3125 2948 3405 3004 sidereum
3435 2949 3692 3005 radiabat
3718 2965 3784 3006 ex

2189 3042 2362 3098 oculis
2387 3042 2507 3111 ejus
2527 3083 2542 3108 ,
2574 3050 2631 3096 et
2659 3040 2960 3096 divinitatis
2988 3040 3251 3111 majestas
3283 3040 3502 3096 lucebat
3531 3041 3586 3096 in
3617 3040 3783 3097 facie.

491 3149 582 3191 sas
625 3134 912 3207 appellari.
964 3133 1375 3203 Cathedrasque
1410 3133 1759 3189 vendentium
1800 3135 2085 3191 columbas
2185 3134 2430 3205 Curaque
2467 3148 2684 3187 manum
2725 3146 2833 3187 non
2879 3131 3121 3188 audeant
3170 3131 3398 3202 injicere
3440 3131 3783 3197 sacerdotes,

492 3231 717 3296 evertit,
750 3227 839 3298 qui
872 3226 1112 3283 vendunt
1135 3226 1363 3296 gratiam
1395 3226 1634 3296 Spiritus
1660 3228 1855 3296 sancti,
1882 3237 1939 3283 et
1964 3242 2085 3282 om-
2110 3208 2157 3273 Ο
2190 3238 2370 3285 tamen
2412 3242 2576 3296 opera
2624 3226 3052 3290 calumniantur,
3084 3234 3138 3280 et
3184 3224 3559 3279 testimonium
3594 3224 3785 3294 pepuli

491 3318 583 3375 nia
615 3318 819 3374 faciunt
838 3362 854 3384 ,
881 3327 942 3373 ut
970 3317 1249 3389 subjectos
1279 3316 1512 3389 populos
1540 3318 1838 3386 devorent,
1866 3319 1935 3375 de
1963 3321 2086 3392 qui-
2187 3328 2352 3390 atque
2385 3333 2678 3390 puerorum
2704 3316 2796 3387 qui
2827 3315 3159 3385 clamabant,
3196 3315 3409 3369 Osanna
3431 3313 3543 3386 filio
3589 3312 3781 3379 Dauid,

491 3414 596 3472 bus
622 3415 753 3471 dicit
784 3413 893 3488 [ΑΙ.
922 3413 1144 3488 dicitur]
1178 3433 1191 3468 :
1224 3414 1327 3481 Qui
1355 3416 1602 3469 deuorant
1629 3416 1884 3488 populum
1913 3432 2083 3471 meum

491 3510 624 3564 sicut
646 3524 817 3564 escam
843 3508 993 3580 panis
1020 3507 1143 3578 (Ps.
1176 3523 1305 3577 xttt,
1335 3506 1415 3575 4).
1456 3508 1619 3563 Juxta
1649 3508 1956 3576 simplicem
2002 3510 2085 3564 iu-

490 3596 849 3671 telligt-ntiam
875 3640 892 3667 ,
932 3599 1201 3655 columine
1230 3615 1337 3654 non
1365 3609 1526 3654 erant
1553 3599 1608 3653 in
1635 3599 1913 3655 cathedris
1938 3642 1954 3667 ,
1985 3600 2083 3656 sed

494 3693 550 3749 in
578 3694 760 3749 caveis
785 3735 802 3761 ,
845 3694 949 3749 nisi
990 3693 1129 3749 forte
1166 3692 1539 3748 columbarum
1591 3692 1878 3749 institores
1922 3693 2085 3749 sede-

494 3784 627 3839 bant
654 3785 707 3840 in
741 3784 1038 3841 cathedris.
1070 3783 1222 3853 Quod
1252 3783 1470 3854 penitus
1494 3784 1795 3839 absurdum
1827 3795 1933 3849 est,
1966 3785 2088 3855 quia

493 3879 549 3934 in
582 3879 879 3945 cathedris,
916 3877 1299 3943 magistrorum
1331 3879 1504 3948 magis
1530 3878 1768 3948 dignitas
1794 3877 2087 3946 indicatur,

494 3987 618 4044 qua:
646 3973 715 4027 ad
761 3972 986 4027 nihilum
1016 3970 1302 4041 redigitur,
1332 3986 1457 4026 cum
1488 3971 1652 4026 mixta
1684 3970 1853 4026 fuerit
1900 3973 2083 4027 lucris.

492 4064 648 4134 Quod
674 4065 745 4121 de
777 4065 1034 4121 Ecclesiis
1071 4064 1345 4133 diximus,
1394 4068 1773 4134 unusquisque
1801 4063 1872 4120 de
1916 4080 1979 4120 se
2010 4066 2089 4120 in-

495 4155 722 4227 telligat.
774 4155 917 4211 Dicit
959 4156 1105 4211 enim
1142 4155 1434 4225 Apostolus
1469 4172 1484 4209 :
1522 4152 1627 4208 Vos
1673 4155 1794 4208 estis
1839 4156 2085 4224 templum

492 4244 595 4301 Dei
612 4286 629 4311 ,
651 4256 697 4300 et
721 4246 951 4319 Spiritus
975 4256 1187 4301 sanctus
1207 4246 1404 4299 habitat
1427 4246 1480 4299 in
1505 4245 1645 4300 vobis
1666 4246 1718 4318 (1
1741 4243 1863 4300 Cor.
1890 4262 1963 4313 vt,
1995 4248 2082 4311 15,

492 4350 542 4394 et
572 4338 615 4396 ll
642 4339 761 4396 Cor.
793 4356 882 4409 ut,
916 4340 1028 4413 l6).
1071 4340 1189 4395 Non
1236 4338 1307 4395 sit
1336 4340 1389 4394 in
1426 4341 1592 4395 domo
1632 4342 1869 4411 pectoris
1912 4342 2085 4397 nostri

490 4432 812 4503 negOtiatio,
851 4449 957 4487 non
989 4432 1285 4489 ementium
1318 4431 1784 4503 vendentiumque
1810 4450 2087 4492 commer-

2189 3421 2413 3470 vertunt
2440 3413 2493 3467 in
2515 3412 2845 3467 calumniam
2876 3425 2892 3463 :
2918 3409 3064 3481 quod
3090 3408 3349 3464 videlicet
3373 3410 3473 3463 hoc
3496 3423 3607 3463 non
3633 3408 3786 3464 dica-

2190 3515 2278 3563 tur
2326 3507 2429 3562 nisi
2464 3505 2566 3561 soli
2593 3504 2735 3561 Filio
2785 3502 2908 3560 Dei.
2965 3502 3201 3559 Videant
3234 3517 3366 3573 ergo
3409 3502 3682 3573 episcopi,
3728 3512 3787 3557 et

2189 3598 2591 3671 quantumlibet
2622 3596 2798 3652 sancti
2832 3595 3115 3662 homines,
3145 3610 3269 3648 cum
3299 3604 3503 3664 quanto
3533 3596 3787 3663 pericqu

2194 3691 2214 3733 ἲ
2256 3694 2361 3748 dici
2400 3693 2500 3747 ista
2527 3691 2632 3747 sibi
2675 3691 2953 3761 patiantur
2983 3687 3091 3762 [ΑΙ.
3119 3686 3439 3760 patiuntur],
3474 3688 3520 3742 si
3554 3688 3786 3743 Domino

2192 3788 2277 3844 cui
2324 3800 2453 3842 vere
2492 3784 2597 3840 hoc
2633 3783 2940 3847 dicebatur,
2988 3783 3113 3852 quia
3162 3783 3395 3837 necdum
3444 3789 3565 3837 erat
3605 3780 3783 3835 solida

2191 3879 2530 3937 credentium
2561 3877 2721 3943 fides,
2753 3892 2852 3947 pro
2879 3874 3476 3946 crimineimpingitur.

2262 3973 2281 4043 (
2314 3972 2466 4027 Vcrs.
2499 3970 2587 4025 16.
2619 3967 2818 4040 )Jesus
2854 3976 3027 4023 autem
3065 3967 3191 4021 dicit
3228 3968 3299 4021 eis
3332 3982 3351 4021 :
3380 3965 3587 4035 Utique.
3616 3964 3788 4020 Num-

2191 4082 2350 4139 quam
2376 4065 2594 4137 legistis,
2625 4063 2747 4134 quia
2764 4078 2829 4118 επ
2849 4078 2937 4116 ore
2962 4063 3244 4133 infantium
3268 4071 3317 4115 et
3341 4061 3647 4116 luctantium
3678 4078 3790 4127 pei-

2194 4160 2359 4231 fecisti
2388 4158 2635 4212 laudem?
2659 4156 2833 4223 Quam
2863 4154 3142 4211 moderate
3161 4164 3185 4199 κ
3206 4154 3540 4211 sententiam
3574 4163 3789 4223 tempe-

2194 4264 2302 4322 rat,
2335 4262 2390 4308 et
2432 4253 2716 4323 responsio
2759 4251 3035 4321 utrimque
3080 4265 3336 4321 vergens,
3389 4258 3446 4304 et
3494 4248 3790 4303 calumniae

2195 4361 2304 4402 non
2331 4344 2557 4415 patens?
2578 4343 2693 4398 Non
2708 4343 2843 4399 dixit
2864 4344 3011 4414 quod
3032 4342 3237 4399 Scriba;
3255 4342 3446 4397 audire
3468 4340 3786 4411 cupiehztnt,

2194 4437 2335 4494 bene
2360 4436 2563 4492 iaciunt
2587 4436 2761 4506 pueri,
2792 4445 2850 4490 ut
2881 4434 3009 4490 mihi
3031 4434 3403 4491 testimonium
3433 4433 3786 4505 perhibeaut,

486 4634 603 4675 sua:
627 4627 838 4689 partem
865 4624 1142 4689 mutuatus
1163 4623 1248 4670 est
1268 4614 1333 4689 _S.
1360 4613 1542 4689 Pater,
1569 4628 1665 4670 eos
1694 4614 1934 4689 appellat
1961 4615 2083 4671 σοι-
2109 4623 2165 4684 D
2259 4615 2286 4654 ιι
2319 4616 2704 4689 γοουιιιιιιειια
2732 4630 2865 4671 mss.
2900 4618 3071 4673 nostri
3103 4617 3406 4673 sul‘lieiunt.

484 4685 723 4763 lybist'as,
742 4690 832 4761 qui
859 4687 1072 4751 probum
1095 4687 1368 4758 pecuniam
1382 4685 1591 4751 vilibus,
1622 4703 1682 4740 ac
1704 4687 1899 4740 nullius
1926 4690 2077 4758 pretii

487 4760 772 4817 nummulis
804 4767 1152 4821 commutant,
1186 4766 1240 4812 ut
1285 4772 1407 4823 eos,
1439 4773 1657 4827 quorum
1685 4773 1919 4812 nummos
1962 4776 2078 4827 per-

485 4841 709 4897 mutant,
736 4832 973 4902 afﬁciant
994 4830 1205 4884 damno.
1229 4827 1405 4902 Credo
1428 4828 1699 4898 equidem,
1729 4844 1834 4902 non
1867 4837 2075 4884 truttum

487 4918 553 4959 ex
588 4901 796 4958 vilioris
829 4903 955 4957 :vris
995 4901 1426 4972 permutatione,
1476 4914 1635 4967 quam
1684 4901 1830 4968 quod
1870 4912 2075 4956 certam

486 4984 746 5044 pra-terea
775 4974 1078 5029 mercedem
1105 4974 1159 5026 in
1182 4986 1338 5025 suum
1363 4973 1787 5025 emolumentum
1813 4972 1881 5027 de
1901 4974 2078 5042 capite

487 5045 841 5109 deducerent,
874 5044 1269 5115 qttodrllieron.
1300 5052 1471 5095 notat.

562 5126 588 5154 ἰ
631 5117 793 5184 Lege,
824 5114 945 5173 cum
976 5114 1297 5175 Rhabbano,
1328 5114 1646 5182 prcecaverit.

556 5185 585 5226 δ
625 5189 949 5255 Plerumque
975 5192 1232 5240 subnexa:
1263 5186 1727 5247 interpretationis
1769 5194 1979 5254 partem
2012 5202 2075 5239 ex

484 5257 722 5330 Origene
742 5260 811 5312 de
840 5272 989 5313 more
1013 5256 1373 5330 Hieronymus
1402 5255 1682 5330 deltliavit.

560 5327 764 5385 c'ldem
805 5337 863 5384 et
887 5328 1110 5397 Origeni
1152 5330 1326 5380 visum
1368 5338 1471 5391 est,
1505 5329 1593 5394 qui
1628 5328 1760 5381 hanc
1785 5343 1889 5380 non
1918 5327 2074 5381 mini-

484 5416 619 5453 mam
647 5402 782 5454 inter
811 5409 1133 5471 portentosas
1156 5397 1285 5471 .lesu
1304 5398 1520 5471 virtutes
1547 5398 1730 5466 fuisse,
1761 5400 2076 5471 argumentis

481 5472 733 5540 probasse
762 5468 845 5535 se,
877 5479 1111 5525 testatur
1143 5468 1273 5540 alihi
1302 5468 1763 5540 iullotumeutar.
1813 5472 1864 5523 in
1906 5469 2073 5526 Joan-

479 5537 606 5597 nem
636 5560 649 5595 :
703 5542 841 5609 Quia
870 5558 987 5596 cum
1016 5558 1110 5613 pro
1148 5539 1285 5611 fabri
1318 5538 1430 5613 ﬁlio
1472 5537 1771 5613 haberetur,
1805 5556 1867 5594 ea
1902 5551 2073 5596 tamen

479 5627 607 5667 usus
648 5623 723 5667 est
766 5611 1077 5683 conﬁdentia
1101 5622 1149 5665 et
1175 5612 1483 5683 auctoritate
1503 5656 1517 5679 ,
1545 5612 1601 5664 in
1647 5611 1854 5683 publica
1878 5621 2007 5666 coetu
2047 5629 2075 5667 e

477 5683 669 5753 templo
692 5700 777 5738 eos
798 5680 1079 5739 deturbans
1096 5725 1110 5743 ,
1138 5683 1202 5737 de
1221 5680 1404 5755 quibus
1426 5680 1678 5755 scriptum
1708 5694 1802 5737 est.
1834 5683 1952 5755 Qua
1977 5700 2074 5755 po-

474 5762 657 5827 testate
680 5767 848 5819 utens,
878 5757 990 5827 ipse
1014 5755 1237 5809 nationis
1266 5753 1609 5825 princeps,id
1638 5771 1743 5810 non
1772 5753 1929 5827 facile
1952 5753 2072 5825 per-

476 5824 698 5893 fecisset,
732 5827 869 5893 quod
897 5843 930 5881 a
953 5825 1083 5882 Jesu
1103 5836 1276 5880 actum
1304 5832 1400 5879 est.

2261 4698 2285 4727 ο
2317 4688 2561 4742 Diximus
2590 4687 2690 4742 hac
2731 4689 2802 4744 de
2832 4704 2911 4760 re,
2941 4704 3065 4743 cum
3095 4689 3246 4757 alibi,
3280 4698 3391 4744 tum
3424 4688 3591 4760 paulo
3618 4703 3788 4758 supc.

2184 4757 2303 4813 rius
2335 4762 2388 4812 in
2421 4775 2543 4827 cap.
2575 4774 2652 4823 ιι,
2685 4774 2833 4814 vers.
2863 4759 2917 4815 9.

2262 4830 2291 4913 ί,
2327 4830 2479 4885 Hune
2520 4830 2856 4914 acclamandi
2896 4830 3115 4914 Dsanna
3144 4832 3425 4914 episcopis
3467 4831 3786 4914 sanctisque

2187 4901 2325 4956 viris
2358 4916 2563 4956 morem
2598 4902 2727 4955 alibi
2762 4901 3106 4956 Μιιιιιὶιιιιειιιιε
3144 4903 3197 4957 in
3235 4901 3544 4959 Comment.
3581 4906 3647 4957 ad
3683 4901 3783 4957 lib.

2185 4971 2355 5047 Nom.
2378 4973 2545 5027 llebr.
2585 4980 2736 5047 notat
2765 4988 2829 5028 ex
2855 4971 3640 5047 [litterariolerosolymitano
3668 4972 3785 5028 An-

2185 5043 2359 5115 tonini
2390 5043 2668 5110 monachi,
2704 5059 2826 5113 pag.
2870 5045 2960 5099 50.
2995 5043 3103 5110 Ibi,
3143 5045 3337 5115 inquit,
3377 5043 3621 5100 uenerunt
3661 5062 3783 5098 mu-

2188 5114 2342 5169 lieres
2370 5117 2423 5169 in
2454 5131 2723 5168 occursum
2751 5132 2868 5186 cum
2895 5118 3204 5186 infantibus.
3224 5114 3430 5185 palmas
3460 5120 3515 5170 in
3547 5119 3785 5170 matribus

2189 5193 2439 5255 tenentes,
2481 5196 2529 5239 et
2573 5185 2833 5256 ampullas
2862 5185 2976 5240 cum
3004 5202 3217 5241 rosaceo
3240 5189 3352 5242 oleo
3383 5205 3400 5241 :
3429 5197 3477 5241 et
3506 5196 3786 5256 prostrata!

2187 5257 2403 5343 pedibus
2426 5258 2620 5343 nostris
2644 5255 2850 5324 plantas
2867 5267 3074 5343 nostras
3095 5262 3383 5343 angebant,
3405 5255 3786 5343 cantabaiitqite

2186 5329 2367 5402 lingua
2398 5328 2735 5401 ngyptiaca,
2766 5329 3042 5402 psallentes
3069 5328 3412 5402 antiphonam
3446 5347 3465 5385 :
3501 5330 3782 5385 Benedicti

2182 5414 2280 5471 vos
2293 5414 2323 5452 a
2338 5400 2590 5463 Domino,
2602 5400 2854 5471 benedth
2865 5415 3038 5471 usque
3052 5400 3318 5457 adventus
3337 5412 3544 5464 vester.
3560 5402 3780 5456 Osanna

2180 5469 2234 5525 in
2274 5472 2530 5526 excelsis.
2579 5470 2853 5525 Cmterum
2898 5469 2961 5527 et
2995 5473 3265 5541 Origenes
3306 5474 3565 5540 frequens
3606 5473 3659 5527 in
3695 5476 3781 5527 ’eo

2180 5550 2265 5612 est
2294 5542 2347 5596 iu
2384 5543 2485 5596 hac
2512 5542 2878 5612 expositione,
2912 5554 2971 5598 ut
3006 5559 3035 5598 a
3068 5545 3257 5612 templi
3297 5543 3679 5599 sacerdotibus
3708 5543 3779 5597 ad

2181 5611 2443 5685 Ecclesiae
2474 5613 2764 5681 episcopos
2803 5630 2869 5669 ac
2909 5611 3217 5678 ministros,
3260 5616 3389 5670 vitia
3420 5630 3774 5685 comparans,

2179 5694 2235 5740 et
2262 5682 2328 5737 ad
2362 5684 2542 5738 vivum
2578 5699 2857 5750 resecans,
2893 5693 3151 5741 transeat.

2252 5763 2276 5800 κ
2305 5753 2476 5810 Palat.
2507 5770 2667 5814 mss..
2697 5758 2950 5811 sententia
2980 5766 3282 5829 temperata.
