4004 6332
227 339 313 395 155
654 328 1312 390 COMMENTARIORUM
1352 329 1418 386 IN
1459 326 1915 387 EVANGELIUM
1958 328 2292 388 MATTHIEI
2331 331 2462 389 LIB.
2505 331 2595 388 Ill.
2634 331 2792 389 CAP.
2834 331 2982 389 XXI.

3364 333 3471 389 15l-

224 467 309 510 uec
351 464 572 515 rursum,
614 455 806 504 errant
866 465 878 500 :
930 446 1084 516 pueri
1141 455 1299 514 sunt,
1356 446 1568 503 debetis
1614 446 1762 501 aetati
1792 446 2060 505 Aeadcm
2085 450 2285 506 virtute
2329 451 2492 507 etiam
2527 450 2778 507 inimicos
2805 452 3012 508 siccare
3051 465 3201 519 suos,
3245 452 3346 508 nisi
3376 467 3471 508 eo-

221 547 500 618 ignoscere;
529 540 627 597 sed
649 539 860 611 profert
884 539 1195 603 exemplum
1220 539 1289 596 de
1314 550 1510 595 octavo
1530 540 1762 611 psalmo,

223 650 289 705 ut,
308 644 498 691 tacente
521 632 779 696 Domino,
803 630 1215 701 Scripturarum
1245 632 1617 688 testimonium
1638 647 1771 703 pue-

221 742 375 785 rorum
400 726 534 781 dicta
554 724 818 780 ﬁrmaret.

278 822 440 895 (Vers.
467 817 577 890 Γ.)
607 817 678 873 Et
704 819 894 873 relictis
935 817 1067 885 illis,
1098 819 1226 874 abiit
1253 820 1394 891 foras
1415 828 1564 875 extra
1588 820 1770 874 ciuita-

220 925 304 970 tem
320 917 367 968 in
385 912 706 980 Bethaniam,
741 913 910 982 ibique
928 915 1141 968 mansit.
1162 914 1405 986 Reliquit
1432 915 1765 983 incredulos,

217 1019 263 1065 et
282 1009 451 1062 urbem
480 1020 737 1077 egressus
765 1005 1279 1071 contradicentium,
1312 1006 1409 1061 ivit
1432 1005 1768 1074 Bethaniam,

217 1103 337 1176 quod
361 1102 743 1172 interpretatur
768 1101 955 1156 domus
976 1100 1298 1167 obedientiaa,
1320 1103 1430 1171 jant
1461 1111 1587 1157 tunc
1611 1117 1772 1157 voca-

217 1198 390 1254 tionem
411 1195 652 1267 gentium
684 1196 1063 1266 praeﬁgurans,
1094 1194 1280 1267 ibique
1306 1196 1523 1262 mansit,
1555 1195 1684 1266 quia
1718 1195 1769 1250 in

1871 554 1990 594 rum
2017 556 2113 611 per
2135 544 2505 613 paenitentiam
2534 553 2911 615 exspectasset
2932 543 3184 600 salutem.

1944 634 1965 707 (
1995 635 2146 692 Vers.
2167 638 2259 701 2!,
2288 637 2379 693 22.
2419 638 2438 707 )
2466 636 2809 705 Respondeas
2831 647 3005 692 autem
3031 635 3186 692 Iesus
3206 679 3221 703 ,
3252 638 3325 692 ait
3347 637 3421 692 eis
3451 651 3472 692 :

1871 729 2037 785 Amen
2080 729 2197 784 dico
2234 730 2398 794 vobis,
2426 729 2471 783 si
2512 728 2793 784 habueritis
2839 728 3018 798 ﬁdem,
3068 737 3118 783 et
3168 745 3271 783 non
3315 727 3472 783 haesi-

1874 822 2132 887 tareiitis,
2176 839 2279 877 non
2326 822 2495 876 solum
2538 822 2601 875 de
2642 821 2868 891 ﬁculnea
2912 821 3162 894 facietis;
3188 821 3279 876 sed
3326 829 3375 875 et
3421 820 3468 874 si

1872 917 2038 971 monti
2071 915 2192 970 huic
2219 913 2652 971 dixeritisﬂolle
2677 926 2699 955 ο
2733 926 2783 969 et
2801 916 2949 987 jacta
2975 926 3022 969 te
3057 915 3112 968 in
3140 929 3301 977 mare,
3349 913 3461 984 ﬁet.

1875 1008 1942 1064 Et
1975 1010 2150 1063 omnia
2174 1023 2511 1080 quaecumque
2554 1008 2807 1078 petieritis
2839 1009 2896 1062 in
2922 1007 3161 1062 oratione
3184 1005 3470 1073 credentes,

1874 1103 2157 1175 accipietis.
2185 1102 2408 1156 Latrant
2430 1112 2618 1157 contra
2645 1116 2742 1156 nos
2766 1099 3059 1157 Gentilium
3088 1115 3256 1156 canes
3280 1098 3335 1155 in
3359 1100 3474 1155 suis

1874 1195 2265 1261 voluminibus,
2293 1209 2417 1265 qum
2453 1195 2505 1249 in
2539 1195 2840 1265 impietatis
2880 1194 3111 1265 propria:
3143 1195 3469 1249 memoriam

216 1288 359 1345 Israel
380 1304 701 1359 permanere
723 1304 835 1343 non
860 1292 1054 1356 potuit.
1080 1287 1197 1344 Hoc
1224 1304 1439 1359 quoque
1464 1288 1774 1359 intelligen—
1875 1291 2233 1361 reliquerunt,
2271 1300 2582 1346 asserentes
2623 1288 2900 1359 apostolos
2946 1303 3051 1343 non
3102 1286 3358 1343 habuisse
3411 1284 3472 1341 fi-

214 1380 319 1436 dum
343 1387 440 1447 est,
469 1378 614 1451 quod
655 1387 821 1434 tanta:
852 1378 1020 1434 fuerit
1055 1381 1414 1450 paupertatis,
1445 1388 1502 1436 et
1528 1381 1601 1436 ita
1637 1379 1771 1435 nulli

214 1471 436 1527 adulatus
463 1471 559 1537 sit,
601 1471 737 1528 utin
788 1470 920 1527 urbe
952 1470 1187 1527 maxima
1222 1472 1429 1527 nullum
1479 1472 1769 1541 hospitem,

212 1563 386 1619 nullam
415 1563 683 1618 invenerit
713 1563 1074 1630 mansionem,
1098 1563 1191 1619 sed
1217 1563 1269 1619 in
1294 1578 1427 1635 agro
1461 1564 1615 1636 167
1649 1578 1775 1633 par-

209 1654 316 1709 vulo
361 1654 495 1725 apud
551 1653 819 1710 Lazarum
871 1669 1199 1726 sororesque
1252 1654 1374 1726 ejus
1435 1654 1707 1711 habitaret
1757 1674 1770 1708 :

210 1762 370 1803 eorum
395 1745 604 1819 quippe
636 1747 789 1803 vicus
822 1746 1084 1802 Bethania
1105 1755 1211 1802 est.

1876 1385 2025 1447 dem,
2049 1383 2172 1454 quia
2218 1391 2431 1438 montes
2462 1381 2757 1437 transferre
2789 1395 2895 1436 non
2930 1379 3228 1450 potuerint.
3262 1377 3472 1446 Quibus

1875 1492 1978 1534 nos
2012 1476 2491 1546 respondebimus,
2526 1474 2693 1529 multa
2724 1472 2865 1529 facta
2896 1487 3018 1528 esse
3044 1473 3195 1544 signa
3225 1487 3255 1527 a
3286 1470 3476 1526 Domi-

1879 1588 1981 1640 no,
2028 1572 2182 1643 juxta
2230 1570 2460 1627 Joannis
2506 1568 2866 1640 Evangelista:
2915 1566 3320 1632 testimonium,
3350 1579 3473 1635 qum

1877 1667 2078 1737 scripta
2122 1674 2335 1730 essent,
2363 1664 2596 1720 mundus
2631 1677 2830 1734 capere
2877 1676 2984 1717 non
3015 1670 3201 1732 posset
3251 1660 3271 1729 (
3304 1658 3466 1713 Joan.

1882 1775 2016 1825 nt,
2042 1759 2115 1815 25
2141 1756 2186 1831 ).
2231 1757 2349 1814 Non
2388 1773 2496 1829 quo
2538 1756 2771 1812 mundus
2811 1756 3087 1812 volumina
3118 1769 3315 1823 capere
3363 1767 3469 1806 non

206 1846 217 1909 ζ
267 1842 427 1916 (Vers.
452 1842 540 1910 l8,
566 1843 750 1915 seqq.)
774 1842 930 1898 Mane
948 1853 1120 1899 autem
1136 1852 1393 1899 reuertens
1410 1844 1463 1898 in
1487 1844 1768 1907 civitatem.

1887 1852 2137 1924 potuerit,
2162 1867 2282 1923 qua:
2309 1860 2509 1923 potest,
2531 1850 2781 1923 quamvis
2803 1849 3125 1923 multiplicia
3148 1848 3278 1914 sint,
3306 1861 3471 1902 unum

208 1936 376 1992 antiit.
395 1935 460 1992 Et
482 1937 667 1992 uideris
689 1938 776 2009 fici
788 1939 1024 1993 arborem
1044 1954 1201 1994 unam
1212 1955 1358 1994 secus
1371 1940 1530 1999 uiam.
1545 1941 1682 1994 venit
1696 1938 1767 1993 ad

208 2039 384 2096 ιαμβι
403 2028 534 2085 nihil
556 2030 749 2086 invenit
770 2030 823 2085 in
841 2048 922 2099 ea,
951 2032 1054 2086 uisi
1073 2030 1203 2102 folia
1224 2040 1452 2087 tantum.
1480 2031 1546 2085 Et
1567 2032 1640 2086 ait
1661 2031 1775 2087 illi:

206 2121 476 2192 Numquam
511 2139 580 2179 ea:
615 2133 663 2178 te
690 2122 893 2193 [ructus
918 2132 1168 2179 nascatur
1212 2126 1268 2179 in
1298 2125 1696 2193 sempiternum,
1727 2135 1775 2179 et

208 2215 404 2286 arefacta
445 2224 523 2270 est
551 2215 805 2270 continuo
850 2216 1097 2286 ﬁculnea.
1142 2217 1209 2271 Et
1254 2217 1481 2272 uidentes
1528 2216 1777 2287 discipuli

206 2308 354 2361 mirati
384 2318 526 2374 sunt,
557 2308 788 2362 dicentes
818 2326 837 2364 :
867 2310 1138 2377 Quomodo
1174 2310 1419 2365 continuo
1455 2309 1631 2363 aruit?
1661 2308 1780 2363 Dis-

206 2399 356 2454 cussis
391 2401 573 2457 noctis
620 2401 886 2467 tenebris,
928 2400 1196 2456 matutina
1246 2400 1366 2457 luce
1411 2400 1687 2467 radiante,
1725 2408 1780 2454 et

207 2492 357 2548 vicina
377 2494 650 2561 meridie,
692 2495 746 2548 in
785 2509 890 2566 qua
942 2495 1202 2549 Dominus
1235 2494 1490 2565 passione
1519 2510 1616 2549 sua
1649 2494 1778 2549 illu-

208 2596 446 2645 straturus
471 2598 597 2645 erat
624 2589 841 2655 orbem,
865 2605 989 2645 cum
1021 2591 1074 2644 in
1089 2589 1365 2646 civitatem
1385 2598 1777 2657 reverteretur,

206 2682 391 2749 cauriit,
418 2683 501 2740 vel
526 2684 821 2740 veritatem
854 2683 1109 2739 humana:
1137 2684 1318 2740 carnis
1342 2682 1661 2747 ostendens,
1693 2683 1779 2738 vel

207 2778 427 2832 esuriens
464 2777 707 2833 salutem
751 2776 1118 2841 credentium,
1148 2786 1201 2832 et
1243 2786 1483 2833 aestuans
1510 2777 1576 2832 ad
1604 2778 1783 2832 incre-

206 2867 458 2926 dulitatem
494 2869 740 2926 lsraelis.
769 2869 1017 2941 Cumque
1054 2870 1276 2925 vidisset
1315 2870 1571 2925 arborem
1616 2884 1779 2925 unam

207 2964 366 3031 (quam
397 2962 763 3035 intelligimus
792 2971 817 3000 ⁸
858 2963 1227 3036 Synagogam,
1262 2971 1317 3018 et
1356 2962 1779 3019 conciliabulum

205 3053 537 3129 ludaaorum)
583 3058 742 3127 juxta
787 3060 931 3112 viam
968 3056 1242 3112 :habebat
1284 3055 1431 3111 enim
1472 3056 1698 3128 Legem,
1726 3067 1783 3112 et

207 3149 310 3205 ideo
339 3152 490 3220 juxta
527 3151 679 3207 viam
713 3163 853 3214 erat,
886 3150 1016 3222 quia
1060 3166 1168 3205 non
1207 3148 1469 3205 credebat
1514 3151 1566 3204 in
1610 3150 1779 3215 viam,

205 3245 328 3299 venit
355 3246 419 3301 ad
443 3261 596 3313 eam,
617 3253 855 3301 stantem
883 3244 1096 3301 scilicet
1119 3255 1174 3301 et
1198 3244 1564 3309 immobilem,
1588 3252 1643 3299 et
1670 3258 1778 3300 non

205 3337 465 3398 habentem
500 3340 794 3413 Evangelii
825 3339 995 3411 pedes
1024 3357 1038 3394 :
1081 3340 1323 3411 nihilque
1364 3340 1576 3396 invenit
1608 3341 1658 3394 in
1691 3355 1777 3402 ea,

204 3432 288 3487 nisi
315 3433 434 3489 iulia
476 3442 723 3498 tantum,
770 3432 1196 3505 promissionum
1244 3434 1563 3503 strepitum,
1605 3432 1777 3489 tradi-

205 3525 356 3585 tiones
382 3529 765 3593 Pharisaicas,
812 3538 867 3585 et
901 3528 1256 3599 jactationem
1297 3527 1492 3598 Legis,
1522 3537 1576 3583 et
1617 3541 1777 3587 orna,-

201 3632 359 3675 menta
398 3621 704 3678 verborum
752 3620 959 3689 absque
1010 3618 1137 3673 ullis
1182 3617 1456 3674 fructibus
1503 3618 1777 3675 veritatis.

200 3709 336 3768 Unde
356 3723 407 3768 et
438 3715 588 3769 alius
630 3712 967 3781 evangelista
1004 3710 1138 3766 dicit
1168 3728 1181 3764 :
1221 3709 1475 3766 Nondum
1501 3712 1638 3767 enim
1665 3720 1781 3766 erat

202 3814 372 3875 tmpus
420 3808 441 3880 (
468 3807 629 3864 Marc
661 3824 716 3863 ι.
750 3804 892 3879 15);
937 3805 1054 3875 sive
1091 3806 1234 3877 quod
1287 3816 1500 3876 tempus
1538 3806 1777 3861 nondum

202 3911 397 3955 venerat
413 3901 743 3957 salvationis
761 3899 946 3965 Israel,
963 3914 1031 3956 eo
1049 3898 1192 3970 quod
1215 3899 1454 3954 nondum
1474 3899 1772 3955 Gentilium

201 3995 399 4064 populus
430 3994 832 4058 subintrasset,
866 3993 980 4047 sive
1011 3992 1155 4062 quod
1185 3991 1527 4063 praeterisset
1557 4001 1775 4059 tempus

200 4086 327 4157 lldei,
368 4090 493 4155 quia
540 4089 616 4145 ad
656 4089 810 4144 illum
863 4087 1097 4158 primum
1140 4086 1387 4151 veniens,
1433 4095 1489 4142 et
1527 4094 1774 4155 spretus,

200 4182 457 4238 transisset
486 4181 558 4237 ad
598 4180 875 4236 nationes.
909 4178 975 4234 Et
998 4180 1069 4233 ait
1102 4179 1181 4233 illi
1211 4193 1231 4234 :
1269 4176 1571 4243 Numquam
1620 4194 1686 4233 ea;
1728 4187 1778 4232 te

197 4275 371 4343 {ructus
392 4285 673 4343 nascatur,
697 4275 781 4329 vel
808 4276 863 4328 in
891 4274 1281 4341 sempiternum,
1308 4273 1392 4328 vel
1419 4273 1471 4325 in
1489 4271 1734 4327 secutum
1759 4286 1780 4327 :

196 4375 461 4440 utrumque
486 4369 648 4426 enim
677 4370 800 4424 αὶὼν
817 4366 923 4441 [ΑΙ.
957 4364 1137 4439 αἰῶνα]
1159 4364 1380 4422 Οιωοιιε
1403 4381 1586 4422 sermo
1612 4366 1777 4435 signi-

196 4463 323 4521 ﬁcat.
348 4466 418 4523 Et
455 4466 707 4524 arefacta
736 4475 819 4520 est
851 4465 1080 4522 liculnea
1101 4506 1115 4529 ,
1143 4462 1173 4503 ι’
1200 4480 1322 4535 qua!
1354 4465 1632 4521 esuriente
1667 4466 1773 4518 lto-

198 4557 349 4625 mino,
389 4559 549 4615 cibos
595 4571 737 4629 quos
766 4557 857 4613 ille
897 4557 1166 4626 cupierat.
1210 4571 1319 4612 non
1368 4555 1626 4613 habebat.
1682 4546 1772 4611 Sic

194 4661 353 4706 autem
378 4658 654 4707 aruerunt
691 4648 842 4713 folia,
867 4657 926 4703 ut
955 4657 1177 4703 truncus
1209 4648 1324 4717 ipse
1350 4655 1682 4713 remaneret,
1713 4655 1770 4703 et

195 4741 359 4798 fractis
385 4745 584 4808 ramis,
609 4743 811 4798 vireret
844 4739 952 4814 [AL
982 4739 1211 4813 viveret]
1242 4738 1416 4803 radix.
1446 4755 1568 4811 qua:
1595 4739 1648 4795 in
1674 4753 1773 4794 no-

194 4834 395 4891 vissimo
442 4846 706 4904 tempore
734 4834 779 4889 si
826 4832 1057 4889 credere
1091 4832 1349 4899 voluerit,
1379 4833 1610 4902 virgulta
1645 4832 1775 4888 ﬁdei

194 4928 420 4997 pullulet,
446 4928 858 5001 impleaturque
879 4927 1185 4999 Scriptura,
1215 4927 1402 4983 dicens
1427 4946 1441 4983 :
1470 4927 1567 4982 Est
1589 4928 1768 4983 arbori

191 5036 293 5086 spes
319 5020 459 5095 [Job
489 5038 610 5086 xiv,
642 5019 741 5094 7].
781 5019 942 5076 Juxta
984 5019 1220 5076 litteram
1269 5029 1446 5076 autem
1504 5021 1766 5077 Dominus

196 5126 438 5179 passurus
460 5117 517 5169 in
538 5113 782 5184 populis,
800 5122 856 5169 et
870 5112 1210 5183 bajulaturus
1222 5113 1544 5169 scandalum
1566 5115 1771 5183 crucis,

192 5204 783 5277 debuitdiscipulorum
811 5206 1023 5261 animos
1063 5207 1205 5277 signi
1237 5206 1632 5277 anticipatioue
1679 5209 1769 5261 lir-

194 5313 343 5356 mare.
375 5300 536 5357 Unde
567 5308 626 5355 et
666 5299 921 5365 discipuli
953 5300 1238 5363 mirantur,
1284 5299 1529 5357 dicentes
1564 5316 1579 5356 :
1627 5299 1773 5367 Quo-

194 5394 327 5448 modo
376 5395 636 5450 continuo
666 5393 844 5449 aruit?
900 5393 1060 5466 168
1108 5392 1290 5449 Potuit
1338 5407 1473 5464 ergo
1518 5394 1777 5450 Salvator

257 5586 279 5613 ι
306 5576 510 5631 Confer
532 5574 950 5643 Adamantium,
978 5574 1122 5630 hanc
1147 5574 1217 5630 de
1258 5574 1424 5629 sterili
1458 5572 1768 5633 Jumdorum

196 5647 728 5719 Sgﬁuogogailiguram
757 5647 1008 5718 pluribus
1032 5647 1445 5702 edisserentem.

255 5718 279 5758 δ
306 5718 452 5792 Tres
471 5718 714 5774 Ριίὲὶιὶῐὶί
744 5731 877 5792 mss.
908 5719 1035 5792 quia
1064 5733 1162 5789 pro
1191 5736 1325 5792 quae.

257 5801 279 5861 ς
310 5790 366 5844 lu
386 5790 607 5861 aliquot
628 5806 803 5861 mss.,i
819 5788 965 5844 Tolle
987 5800 1055 5853 te,
1087 5799 1200 5845 etc.

255 5858 281 5897 δ
314 5858 597 5920 Victorius
641 5862 738 5930 ait,
778 5860 1031 5919 Jeremiie
1060 5877 1179 5920 xu.
1229 5859 1349 5927 5m;-
1399 5860 1760 5940 διίφθαρμᾶνον

1805 4610 1853 4669 1)

1881 1946 2235 2001 armariolum
2257 1988 2272 2013 ,
2303 1945 2390 2002 vel
2420 1961 2586 2000 unum
2618 1959 2819 2015 capere
2854 1944 3117 2000 scrinium
3152 1960 3167 1998 :
3200 1941 3295 1997 sed
3326 1940 3472 2013 quod

1882 2038 2306 2110 magnitudinem
2364 2040 2642 2110 signorum
2686 2053 2799 2110 prae
2858 2038 3136 2094 miraculis
3190 2045 3245 2093 et
3296 2039 3478 2093 incre-

1879 2132 2110 2188 dulitate
2159 2131 2307 2188 ferre
2349 2147 2455 2188 non
2491 2132 2683 2203 possit.
2716 2132 2882 2203 Igitur
2927 2141 2984 2187 et
3038 2131 3153 2187 haec
3205 2131 3479 2187 credimus

1881 2223 2081 2282 iecisse
2106 2225 2389 2295 apostolos
2411 2267 2425 2285 .
2455 2224 2550 2280 sed
2582 2224 2704 2280 ideo
2734 2223 2938 2295 scripta
2972 2239 3081 2279 non
3110 2239 3256 2290 esse,
3291 2238 3361 2277 ne
3391 2222 3476 2275 in-

1882 2319 2133 2375 ﬁdelibus
2160 2318 2573 2374 contradicendi
2602 2318 2778 2389 major
2806 2318 3029 2373 daretur
3055 2317 3295 2372 occasio.
3331 2315 3481 2370 Alio-

1882 2414 2014 2483 quin
2047 2411 2446 2481 interrogemus
2491 2426 2607 2477 eos,
2647 2422 2828 2465 utrum
2877 2408 3101 2465 credant
3151 2408 3237 2464 his
3279 2408 3477 2478 signis,

1883 2519 2006 2576 qua:
2027 2504 2228 2573 scripta
2274 2485 2584 2573 narrantur,
2619 2518 2685 2557 an
2726 2517 2856 2557 non.
2902 2502 2967 2557 Et
3006 2516 3129 2557 cum
3166 2500 3479 2556 incredulos

1884 2597 2205 2660 viderimus,
2229 2606 2629 2664 consequenter
2650 2594 3025 2666 probabimus,
3049 2608 3149 2649 nec
3171 2593 3482 2662 majoribus

1885 2704 1978 2745 eos
2007 2691 2318 2746 credituros
2341 2691 2527 2757 fuisse,
2543 2690 2635 2760 qui
2661 2690 2965 2745 minoribus
2988 2704 3095 2743 non
3119 2684 3477 2742 crediderint.

1886 2785 2000 2841 lloc
2029 2786 2319 2842 adversum
2354 2785 2498 2841 illos.
2518 2786 2793 2841 Castorum
2814 2799 2939 2852 nos,
2967 2791 3027 2838 ut
3056 2791 3180 2838 ante
3198 2781 3312 2851 jam
3344 2780 3484 2835 dixiv

1888 2896 2029 2943 mus,
2064 2892 2304 2935 montem
2329 2879 2610 2936 diabolum
2648 2878 3014 2949 intelligamus
3045 2875 3475 2944 superbientem,

1887 2980 1944 3030 et
1987 2973 2286 3045 jactantem
2338 2988 2398 3029 se
2434 2982 2621 3028 contra
2672 2972 2997 3028 Creatorem
3033 2984 3216 3034 suum,
3257 2965 3285 3004 ἀ
3314 2966 3402 3036 qui
3448 2980 3476 3019 a

1888 3065 2154 3137 propheta
2179 3080 2334 3120 mons
2356 3076 2649 3133 corruptus
2672 3064 2994 3135 appellatur.
3011 3062 3215 3118 Etcum
3239 3059 3475 3114 animam

1891 3158 2127 3215 hominis
2177 3158 2508 3229 possederit,
2555 3170 2611 3212 et
2655 3158 2708 3211 in
2748 3173 2809 3213 ea
2849 3156 3011 3212 fuerit
3063 3152 3360 3217 radicatus,
3411 3151 3480 3206 ab

1887 3253 2173 3322 apostolis,
2199 3260 2255 3309 et
2275 3253 2359 3308 his
2381 3252 2475 3321 qui
2498 3251 2707 3307 similes
2726 3251 3097 3322 apostolorum
3129 3257 3277 3315 sunt,
3301 3255 3482 3302 trans-

1886 3348 2017 3405 ferri
2049 3356 2227 3418 potest
2252 3349 2306 3403 in
2338 3362 2519 3414 mare,
2556 3348 2662 3403 hoc
2704 3357 2818 3409 est,
2846 3347 2899 3401 iu
2934 3347 3053 3401 loca
3094 3346 3258 3409 salsa,
3300 3353 3354 3398 et
3379 3342 3479 3396 litt-

1884 3440 2147 3504 ctuantia,
2174 3449 2230 3495 et
2257 3454 2466 3508 amara,
2495 3454 2617 3506 qua:
2649 3439 2850 3494 nullam
2890 3439 3093 3494 habent
3134 3435 3477 3491 dulcedinem

1887 3533 2007 3590 Dei.
2041 3543 2065 3572 θ
2094 3533 2331 3603 ldipsum
2357 3541 2410 3589 et
2434 3533 2486 3588 in
2512 3532 2740 3588 Psalmis
2770 3531 2969 3601 legitur
2993 3548 3007 3587 :
3047 3529 3167 3585 Non
3191 3529 3482 3584 timebimus

1885 3628 2008 3682 dum
2040 3626 2332 3681 turbabitur
2365 3638 2524 3695 terra,
2568 3636 2616 3683 et
2643 3626 3020 3697 transferentur
3049 3634 3247 3679 montes
3292 3625 3346 3677 in
3392 3638 3479 3675 cor

1883 3724 2043 3775 maris
2065 3718 2184 3789 (Ps.
2216 3736 2346 3784 xcv,
2372 3718 2452 3792 2).

1956 3814 2135 3881 (Vers.
2160 3814 2279 3883 25.)
2302 3811 2372 3867 Et
2394 3829 2511 3867 cum
2534 3813 2755 3869 venisset
2782 3812 2837 3865 in
2858 3812 3127 3884 templum,
3150 3818 3479 3865 accesserunt

1883 3906 1955 3962 ad
1998 3922 2113 3960 eum
2162 3907 2430 3961 docentem
2485 3906 2745 3975 principes
2784 3903 3115 3958 sacerdotum
3166 3910 3213 3956 et
3252 3901 3479 3955 seniores

1882 3998 2086 4072 pepuli,
2116 3999 2341 4053 dicentes
2370 4013 2389 4052 :
2420 3996 2485 4051 In
2514 4014 2617 4067 qua
2648 4004 2895 4061 potestate
2925 3995 3033 4047 lucc
3066 3992 3235 4064 facis?
3262 3989 3332 4045 Et
3360 3991 3478 4061 quis

1882 4090 1977 4144 tibi
2009 4089 2148 4143 dedit
2177 4088 2312 4143 hanc
2354 4087 2703 4157 potestatem?
2736 4086 2972 4141 Diversis
3006 4085 3188 4139 verbis
3224 4082 3472 4136 eamdem

1882 4196 2040 4251 quam
2071 4194 2231 4249 supra
2256 4179 2583 4233 calumniam
2615 4186 2854 4242 struunt,
2882 4175 3100 4244 quando
3136 4174 3296 4247 169
3320 4174 3477 4228 dixe-

1884 4272 2141 4330 runt:In
2188 4272 2469 4327 Beelzebub
2520 4272 2753 4341 principe
2791 4269 3167 4324 daemoniorum
3205 4268 3347 4338 ejicit
3398 4267 3479 4320 hic

1883 4367 2158 4423 diruionia.
2183 4365 2411 4434 Quando
2440 4365 2583 4420 enim
2611 4363 2798 4418 dicunt
2832 4379 2844 4415 :
2871 4360 2935 4416 In
2959 4378 3061 4432 qua
3091 4368 3343 4431 potestate
3366 4357 3479 4412 here

1883 4461 2050 4534 focis?
2070 4462 2135 4515 ile
2167 4459 2260 4514 Dei
2290 4458 2541 4513 dubitant
2572 4462 2840 4526 potesmte
2861 4496 2876 4518 ,
2909 4463 2964 4509 et
3001 4453 3329 4522 subintelligi
3380 4467 3475 4505 vo-

1882 4552 2003 4608 lunt
2038 4551 2240 4606 diaboli
2288 4565 2412 4605 esse
2457 4548 2605 4620 quod
2650 4548 2834 4604 faciat.
2891 4546 3172 4603 Addentes
3210 4562 3477 4617 quoque:

1888 4645 2018 4713 Quis
2041 4644 2129 4699 tibi
2168 4644 2310 4699 dedit
2352 4643 2487 4696 hanc
2527 4640 2873 4712 potestatem?
2903 4638 3349 4695 inanifestissime
3382 4638 3478 4693 Dei

1884 4739 2082 4796 Filium
2116 4746 2329 4809 negant,
2364 4753 2523 4808 quem
2556 4746 2749 4806 putant
2790 4752 2896 4789 non
2939 4735 3052 4791 suis
3096 4734 3346 4801 viribus,
3378 4733 3473 4789 sed

1888 4834 2088 4889 alienis
2110 4834 2264 4906 signa
2296 4832 2500 4888 facere.

1962 4929 2141 5001 (Vers.
2164 4930 2235 4984 24
2254 4926 2432 5000 seqq.)
2463 4928 2799 4998 Respondent
2820 4936 2995 4982 autem
3019 4925 3196 4994 Iesus,
3216 4926 3348 4980 dixit
3365 4926 3436 4980 eis
3464 4942 3481 4980 :

1884 5022 2226 5095 Interrogabo
2257 5039 2343 5077 vos
2371 5031 2418 5076 et
2447 5039 2541 5095 ego
2569 5039 2730 5076 unum
2756 5036 3063 5083 sermonem,
3094 5035 3247 5092 quem
3260 5019 3304 5073 si
3332 5018 3474 5073 dixe-

1886 5116 2000 5171 ritis
2029 5117 2174 5182 mihi,
2206 5126 2255 5170 et
2282 5131 2373 5187 ego
2394 5115 2533 5169 uobis
2569 5114 2740 5167 dicam
2769 5114 2824 5167 in
2854 5129 2958 5183 qua
2985 5121 3240 5181 potestate
3268 5112 3376 5163 Iure
3398 5113 3481 5180 [n-

1885 5212 1987 5265 cio.
2016 5207 2312 5279 Baptismus
2332 5208 2559 5263 Joannis
2580 5207 2718 5261 unde
2742 5215 2873 5275 erat,
2910 5223 2937 5261 e
2968 5205 3097 5260 calo
3122 5221 3187 5257 an
3215 5219 3281 5258 ex
3305 5200 3479 5254 homi-

1887 5305 2036 5359 nibus
2061 5305 2086 5359 ?
2114 5306 2176 5359 At
2206 5304 2285 5359 illi
2312 5304 2605 5375 cogitabant
2635 5305 2768 5356 inter
2794 5319 2869 5368 se,
2900 5303 3123 5356 dicentes
3152 5317 3168 5354 :
3203 5298 3263 5353 Si
3288 5299 3484 5352 dixeri-

1885 5415 2021 5463 mus,
2054 5397 2102 5452 E
2124 5400 2273 5466 caelo,
2298 5398 2432 5453 dicet
2454 5396 2601 5453 nobis
2632 5413 2650 5453 :
2675 5397 2850 5463 Quare
2875 5412 2995 5468 ergo
3036 5411 3139 5450 non
3192 5393 3484 5449 credidistis

1878 5577 2140 5649 scribitur
2172 5593 2185 5631 :
2218 5577 2306 5632 ubi
2339 5592 2441 5649 nos
2464 5576 2757 5649 habemus,
2791 5575 3025 5649 pestifer.

1949 5658 1972 5686 ε
2011 5648 2219 5709 Vulgati
2254 5648 2386 5703 olim
2421 5648 2544 5703 libri
2578 5641 2883 5710 addebant,
2917 5641 2964 5698 et
2995 5643 3140 5711 apud
3166 5641 3475 5695 incredulo-

1872 5737 1988 5775 rum
2038 5729 2285 5782 mentem,
2314 5729 2369 5774 ut
2400 5735 2672 5784 porcorum
2703 5718 2805 5771 duo
2834 5715 3001 5771 millia
3033 5710 3318 5781 stt/forari,
3354 5730 3475 5778 qum

1869 5807 2007 5847 mss.
2034 5792 2283 5848 codicum
2304 5791 2513 5846 monitu
2535 5802 2664 5845 ante
2682 5804 2781 5843 nos
2805 5788 3151 5843 Martianaeus
3174 5786 3442 5856 cxpunxit
3458 5824 3471 5838 .
