4004 6332
466 326 575 386 135

1723 330 1785 387 S.
1828 326 2096 389 EUSEBII
2135 326 2523 386 HERONYMI

3665 326 3766 385 {56

469 450 551 506 illi
570 448 678 519 ?,Si
701 458 877 505 autem
901 450 1210 517 dixerimus,
1236 448 1316 505 Ea:
1341 450 1659 515 hminibus,
1688 451 1926 505 timemus
1950 458 2066 504 tur-
2094 445 2151 512 Δ,
2170 447 2359 503 dixerit
2409 446 2661 503 Dominus
2695 446 2946 520 faciemus
2973 443 3177 519 (Exod.
3210 443 3384 517 sxw),
3407 452 3463 500 et
3510 458 3619 500 non
3666 442 3768 499 ivit

472 541 609 596 bam.
638 539 831 596 Omnes
859 542 999 596 enim
1025 540 1275 598 habebant
1295 540 1554 599 Joannem
1585 542 1718 598 sicut
1740 541 2068 616 prophetam.

472 635 543 693 Et
581 635 954 705 respondentes
1000 636 1152 704 Iesu,
1187 637 1427 692 dixerunt
1463 654 1481 692 :
1511 638 1808 693 Nescimus.
1843 638 1958 693 Hoc
1986 648 2071 693 est

470 730 617 803 quod
646 732 809 802 vulgo
835 731 1038 787 dicitur
1070 752 1083 784 :
1112 731 1253 786 iiialo
1297 732 1516 788 arboris
1558 733 1724 801 nodo,
1755 732 1932 788 malus
1961 731 2070 787 cla-

473 840 573 880 vus
611 836 704 880 aut
739 834 948 881 cuneus
996 824 1299 897 iungendus
1342 836 1449 882 est.
1479 837 1505 866 η
1539 826 1769 882 Peterat
1810 826 2072 881 Dominus

473 928 659 990 aperta
692 917 1055 989 responsione
1092 928 1427 976 tentatorum
1463 921 1790 976 calumniam
1819 920 2074 977 confuta-

471 1031 554 1084 re,
582 1014 678 1071 sed
704 1015 1000 1085 prudenter
1020 1014 1339 1086 interrogat,
1361 1024 1419 1071 ut
1441 1030 1542 1071 suo
1564 1016 1689 1087 ipsi,
1715 1016 1802 1071 vel
1827 1015 2070 1079 silentio,

476 1109 563 1164 vel
606 1108 873 1164 sententia
905 1108 1364 1164 condemnentur.
1396 1108 1454 1165 Si
1484 1110 1631 1165 enim
1664 1110 2075 1181 respondissent

375 1232 381 1238 -
477 1200 745 1270 baptisma
773 1201 1003 1255 Joannis
1036 1215 1158 1256 esse
1188 1201 1257 1256 de
1287 1201 1426 1257 etelo
1459 1202 1540 1273 (ut
1568 1202 1671 1271 ipsi
1704 1202 1982 1273 sapientes
2018 1203 2073 1258 in

478 1292 684 1348 malitia
718 1294 1145 1363 pertractarunt)
1167 1337 1181 1360 ,
1204 1310 1548 1367 consequens
1577 1307 1691 1352 erat
1743 1299 2028 1369 responsio
2059 1314 2073 1354 :

486 1385 667 1454 Quare
695 1401 827 1458 ergo
872 1403 978 1442 non
1006 1390 1141 1443 estis
1169 1388 1423 1459 baptizati
1455 1406 1483 1443 a
1514 1390 1763 1446 Joanne?
1790 1390 1847 1446 Si
1894 1391 2076 1447 dicere

478 1480 801 1545 voluissent,
838 1479 1076 1535 humana
1107 1480 1431 1552 deceptione
1454 1498 1579 1538 esse
1604 1484 1990 1554 compositum,
2021 1493 2081 1540 et

478 1573 615 1629 nihil
640 1573 895 1630 habuisse
927 1575 1199 1643 divinum,
1233 1576 1561 1633 seditionem
1603 1579 1784 1649 populi
1819 1578 2073 1634 iurtnida-

481 1666 632 1721 bant.
650 1666 853 1723 Omnes
874 1668 1019 1724 enim
1046 1669 1311 1740 gregatim
1335 1671 1719 1728 multitudines
1741 1673 1972 1728 Joannis
1994 1688 2080 1730 re-

478 1770 738 1833 ceperant
765 1763 1032 1833 baptisma
1056 1803 1073 1830 ,
1102 1774 1157 1820 et
1184 1765 1263 1820 sic
1293 1779 1416 1821 eum
1449 1766 1727 1822 habebant
1766 1776 1824 1821 ut
1853 1767 2083 1839 prophe-

2173 541 2229 596 in
2247 543 2482 612 vineam,
2507 541 2657 612 quia,
2685 538 2981 596 interiecto
2998 537 3408 610 patrisfamilias
3430 536 3565 605 tilio,
3585 551 3648 593 se
3670 551 3767 607 p114

2175 638 2307 690 tavit
2345 634 2642 691 h:eredem.
2674 634 2781 689 Alii
2826 648 2958 689 vero
2997 648 3107 688 non
3147 641 3337 703 putant
3381 631 3684 688 Gentilium
3715 640 3771 689 et

2173 726 2486 783 Judzeorum
2527 742 2650 782 esse
2677 724 3017 796 parabolam,
3045 725 3142 782 sed
3174 726 3500 797 simpliciter
3526 735 3776 795 peccato-

2174 834 2295 874 rum
2320 829 2375 874 et
2401 820 2677 889 iustorum
2710 836 2724 874 :
2758 818 2879 889 ipso
2907 832 3122 889 quoque
3165 818 3393 875 Domino
3437 817 3773 889 propositio-

2176 926 2299 968 nem
2330 926 2482 967 suam
2512 920 2702 982 postea
2725 910 3056 968 disserente.

2249 1003 2413 1059 Amen
2437 1003 2556 1059 dico
2578 1004 2737 1071 vobis,
2767 1004 2890 1074 quia
2918 1001 3183 1071 publicani
3213 1012 3263 1057 et
3300 1003 3594 1058 meretrices
3642 1019 3780 1075 pra:-

2179 1108 2361 1163 cedent
2389 1122 2480 1163 ros
2524 1107 2580 1161 in
2620 1122 2779 1176 regno
2809 1103 2929 1161 Dei.
2959 1105 3045 1161 Eo
3081 1104 3226 1176 quod
3257 1104 3335 1161 illi
3379 1106 3601 1178 quizper
3636 1105 3778 1161 mala

2178 1218 2342 1274 opera
2375 1202 2487 1259 Deo
2520 1216 2580 1258 se
2606 1201 2815 1258 servire
2840 1209 3195 1273 negaverant,
3224 1212 3412 1272 postea
3442 1200 3780 1271 poettitentize

2180 1294 2512 1367 baptismum
2535 1296 2850 1366 acceperint
2872 1311 2900 1349 a
2922 1294 3155 1351 Joanne.
3175 1293 3439 1351 Pharismi
3460 1302 3670 1363 autem,
3691 1292 3781 1365 qui

2175 1387 2447 1461 justitiam
2476 1388 2856 1459 praeferebant,
2885 1397 2939 1444 et
2971 1388 3142 1458 legem
3174 1400 3234 1445 se
3263 1388 3358 1443 Dei
3393 1387 3577 1443 facere
3604 1386 3779 1457 jacta-

2184 1484 2331 1551 bant,
2355 1483 2581 1539 Joannis
2622 1490 2940 1553 contempto
2987 1481 3339 1554 baptismate,
3374 1482 3467 1538 Dei
3501 1490 3777 1553 praecepta

2182 1577 2448 1632 iecerunt.
2479 1574 2635 1633 Unde
2664 1574 2799 1631 dicit
2831 1594 2845 1631 :

2258 1668 2436 1742 (Vers.
2473 1668 2588 1741 ⁸52.)
2620 1667 2771 1723 Venit
2798 1669 2933 1723 enim
2955 1669 3029 1722 ad
3055 1684 3143 1723 uos
3171 1668 3403 1724 Joannes
3431 1670 3486 1724 in
3514 1670 3600 1723 via
3617 1669 3781 1745 justi-

2186 1764 2288 1831 tiaz,
2322 1774 2371 1819 et
2400 1780 2503 1819 non
2530 1764 2823 1819 credidistis
2850 1762 2898 1819 ei
2931 1778 2950 1818 :
2979 1763 3245 1834 publicani
3272 1774 3446 1819 autem
3466 1773 3515 1819 et
3544 1764 3785 1819 meretri-

481 1863 613 1913 tam.
642 1856 941 1926 Respondit
980 1858 1160 1930 itaque
1198 1860 1513 1931 impiissinta
1544 1861 1728 1929 factio,
1761 1871 1819 1918 et
1854 1861 2077 1918 humili-
2111 1848 2159 1913 B
2184 1872 2266 1913 ces
2288 1857 2616 1913 crediderunt
2638 1858 2684 1911 ei
2715 1866 2846 1912 ενοι
2899 1865 3073 1911 autem
3113 1857 3365 1926 videntes,
3394 1874 3485 1912 nec
3532 1861 3787 1930 pumilea-

480 1948 608 2004 tatis
634 1949 823 2017 verbo,
858 1965 966 2021 quo
993 1951 1208 2008 nescire
1234 1968 1294 2008 se
1324 1953 1561 2021 diceret,
1587 1968 1683 2011 usa
1725 1964 1809 2011 est
1845 1955 1911 2010 ad
1945 1955 2078 2010 insi-

482 2041 599 2096 dias
628 2042 984 2112 coaptandas.

557 2134 738 2206 (Vere.
762 2135 879 2208 27.)
906 2136 992 2190 Ait
1019 2136 1131 2191 illis
1160 2149 1207 2192 et
1235 2140 1348 2209 ipse
1378 2154 1397 2192 :
1430 2138 1542 2194 Nec
1572 2155 1668 2211 ego
1702 2140 1816 2193 dico
1844 2140 1986 2194 vobis
2024 2140 2078 2194 in

481 2244 584 2300 qua
610 2238 863 2299 potestate
893 2230 1003 2285 hac
1032 2231 1185 2301 facio.
1218 2232 1298 2287 Illi
1349 2233 1402 2288 in
1451 2249 1518 2288 eo
1565 2235 1712 2305 quod
1764 2235 1976 2290 nescire
2017 2244 2078 2291 se

482 2324 902 2395 responderant,
933 2327 1147 2383 mentiti
1187 2336 1351 2383 sunt:
1384 2342 1732 2399 consequens
1782 2344 1915 2401 ergo
1962 2338 2080 2386 erat

476 2418 627 2489 juxta
657 2419 1075 2489 responsionem
1105 2436 1295 2477 eorum
1318 2422 1606 2479 Dominum
1630 2437 1845 2496 quoque
1872 2418 2076 2492 dicere,

482 2512 594 2570 Nec
617 2528 719 2585 ego
744 2514 889 2581 scio;
920 2515 1014 2571 sed
1038 2516 1255 2572 mentiri
1282 2517 1497 2573 Veritas
1522 2533 1629 2575 non
1659 2527 1857 2591 potest,
1891 2529 1947 2577 et
1965 2522 2077 2576 ait:

486 2605 599 2661 Nec
640 2622 733 2679 ego
761 2608 879 2662 dico
916 2608 1077 2663 vobis.
1105 2608 1188 2685 Ex
1242 2622 1348 2681 quo
1383 2613 1621 2668 ostendit
1651 2626 1704 2668 et
1744 2613 1873 2669 illos
1915 2613 2079 2679 scire,

482 2696 579 2756 sed
611 2701 947 2770 respondere
974 2701 1139 2770 nolle,
1171 2712 1225 2759 et
1251 2718 1312 2759 se
1351 2719 1537 2772 nosse,
1569 2716 1623 2762 et
1649 2707 1769 2762 ideo
1797 2721 1905 2763 non
1938 2708 2084 2764 diee-

482 2808 562 2860 re,
596 2797 718 2865 quia
742 2794 816 2849 illi
846 2796 991 2866 quod
1020 2796 1198 2852 sciunt
1229 2806 1463 2866 taceant,
1489 2809 1544 2854 et
1570 2801 1755 2856 statim
1787 2795 1951 2857 infert
1980 2815 2079 2873 pa-

483 2886 748 2955 rabolam,
772 2903 895 2958 qua:
925 2898 981 2945 et
1024 2890 1148 2945 illos
1181 2890 1477 2962 impietatis
1522 2903 1731 2965 arguat,
1761 2904 1817 2949 et
1849 2895 1915 2949 ad
1945 2908 2081 2967 gen-

484 2985 567 3033 tes
588 2992 814 3049 regnum
850 2980 939 3034 Dei
974 2981 1171 3035 doceat
1200 2983 1659 3048 transferentium.

555 3070 739 3143 (Vers.
762 3072 833 3128 28
859 3074 1044 3143 seqq.)
1071 3075 1229 3146 17o
1262 3074 1401 3143 Quid
1444 3087 1616 3131 autem
1662 3078 1804 3134 vobis
1833 3079 2085 3137 videtur?

486 3162 662 3219 Homo
688 3166 902 3237 quidam
928 3167 1142 3222 habebat
1171 3169 1303 3223 duos
1328 3170 1499 3240 ﬁlios;
1525 3180 1571 3227 et
1601 3174 1849 3228 accedens
1882 3176 1952 3228 ad
1974 3174 2084 3245 pri-

486 3274 645 3327 mum,
671 3259 805 3314 dixit
841 3257 935 3315 :F
940 3260 1019 3329 ili,
1056 3261 1185 3316 vade
1214 3261 1367 3317 hodie
1406 3277 1618 3333 operare
1665 3262 1719 3319 in
1766 3266 1914 3322 uinea
1942 3280 2078 3324 mea.

486 3348 591 3404 Ille
625 3360 799 3406 autem
828 3353 1168 3423 respondens,
1201 3356 1318 3409 ait:
1354 3353 1509 3410 Nolo.
1544 3356 1737 3412 Postea
1782 3369 1956 3414 autem
1987 3372 2084 3429 pot-

486 3443 702 3498 nitentia
758 3453 950 3512 motus,
997 3447 1144 3502 abiit.
1190 3447 1448 3503 Accedens
1495 3460 1666 3504 autem
1717 3451 1786 3505 ad
1838 3453 2082 3521 alterum,

488 3535 622 3590 dixit
654 3537 911 3591 similiter.
942 3537 1009 3591 At
1032 3537 1122 3592 ille
1139 3543 1480 3609 respondens,
1509 3543 1584 3597 ait
1617 3560 1633 3598 :
1659 3542 1758 3613 Eo,
1785 3542 2013 3613 domine,
2037 3555 2085 3600 et

488 3645 588 3682 non
620 3629 731 3683 iuit.
771 3629 901 3697 Quis
921 3646 987 3685 ea:
1027 3631 1227 3685 duobus
1280 3633 1399 3702 fecit
1430 3635 1749 3690 voluntatem
1786 3638 1996 3709 patris?
2018 3632 2085 3694 Et

490 3723 670 3776 dicunt
692 3722 737 3776 ei
762 3739 781 3777 :
805 3721 1037 3778 Primus.
1066 3724 1203 3778 Dicit
1226 3726 1332 3779 illis
1351 3726 1505 3781 Jesus
1538 3727 1697 3800 (Luc.
1721 3728 1841 3800 xv).
1863 3727 1926 3784 lii
1956 3741 2087 3786 sunt

487 3814 596 3869 duo
625 3814 740 3881 lilii,
764 3817 854 3886 qui
885 3827 941 3871 et
965 3817 1019 3871 in
1047 3818 1206 3873 Lucae
1228 3819 1487 3888 parabole
1518 3820 1922 3891 describuntur,
1946 3819 2084 3895 frugi

487 3915 546 3962 et
572 3906 910 3975 luxuriosus,
941 3919 996 3965 et
1039 3909 1110 3965 de
1139 3910 1335 3978 quibus
1363 3912 1653 3968 Zacharias
1703 3915 1973 3987 propheta
2006 3917 2088 3973 Ιολ-

488 4002 673 4073 quitur
704 4020 717 4058 :
750 4004 1021 4076 Assumpsi
1047 4006 1177 4061 mihi
1209 4007 1341 4063 duas
1370 4010 1538 4080 virgas
1570 4022 1586 4064 :
1614 4024 1775 4066 unam
1801 4015 1977 4068 vocavi
1997 4015 2089 4070 de-

488 4113 679 4163 corem,
707 4109 756 4154 et
794 4097 1011 4154 alteram
1056 4103 1231 4156 vocavi
1265 4103 1577 4173 funiculum,
1620 4110 1668 4159 et
1711 4107 1831 4177 paci
1882 4122 2086 4181 gregem

489 4191 679 4262 (Zach.
711 4207 788 4257 xi,
821 4192 903 4266 7).
929 4193 1112 4250 Primo
1139 4194 1342 4251 dicitur
1364 4194 1392 4234 ιι
1416 4196 1714 4254 Gentilium
1754 4200 1957 4270 populo
1991 4215 2086 4271 per

491 4283 759 4341 naturalis
800 4287 936 4357 legis
967 4288 1215 4343 notitiam
1251 4304 1265 4343 :
1299 4288 1467 4359 Vade,
1499 4296 1549 4344 et
1578 4305 1797 4356 operare
1843 4292 1897 4346 in
1937 4294 2087 4349 uinea

489 4395 603 4435 mea
626 4392 647 4435 :
672 4380 775 4435 hoc
804 4391 910 4448 est,
940 4380 1085 4453 quod
1124 4382 1220 4438 tibi
1244 4396 1351 4438 non
1379 4384 1459 4439 vis
1489 4383 1629 4454 ﬂeri,
1662 4384 1822 4441 alteri
1850 4399 1919 4440 ne
1947 4386 2088 4443 fece-

489 4474 566 4529 ris
600 4473 751 4546 (Tob.
781 4473 877 4546 tv).
904 4474 1006 4544 Qui
1055 4476 1288 4545 superbe
1328 4477 1650 4548 respondit:
1687 4477 1849 4534 Nolo.
1890 4476 2086 4537 Poetea

489 4581 620 4622 vero
648 4568 700 4622 in
726 4567 958 4623 adventu
1002 4568 1322 4638 Salvatoris,
1355 4580 1474 4627 acta
1508 4571 1854 4641 paenitentia,
1890 4586 2085 4644 cpera-

2182 1954 2306 2005 tiam
2337 1950 2587 2005 habuistis
2610 1958 2787 2022 postea
2808 1957 2863 2004 ut
2886 1949 3160 2004 crederetis
3182 1950 3253 2004 ei.
3276 1950 3447 2006 Porro
3474 1950 3621 2021 quod
3650 1949 3786 2006 dici-

2184 2053 2271 2099 tur
2302 2062 2318 2101 :
2346 2044 2476 2112 Quis
2505 2058 2569 2099 ea;
2613 2044 2817 2098 duobus
2862 2042 2985 2115 fecit
3025 2044 3339 2098 voluntatem
3370 2044 3576 2113 patris?
3606 2044 3675 2099 Et
3704 2043 3786 2099 illi

2182 2139 2371 2195 dicunt
2405 2159 2416 2194 :
2445 2137 2800 2194 Nouissimas.
2827 2136 3125 2193 Sciendum
3158 2144 3242 2192 est
3273 2137 3330 2191 in
3365 2146 3388 2175 ο
3421 2136 3571 2191 veris
3599 2150 3788 2193 exem-

2182 2231 2423 2302 plaribus
2455 2240 2562 2285 nun
2593 2229 2779 2284 haberi
2813 2229 2968 2301 171
2996 2225 3397 2297 nouissimum,“
3414 2228 3509 2285 sed
3533 2229 3781 2299 primum,

2183 2334 2241 2377 ut
2282 2322 2504 2394 proprio
2524 2321 2736 2392 judicio
2762 2322 3216 2377 condemnentur.
3248 2322 3307 2377 Si
3341 2330 3521 2377 autem
3551 2322 3788 2379 novissi-

2183 2433 2328 2474 mum
2353 2417 2685 2473 voluerimus
2708 2415 2914 2487 legere,
2939 2414 3228 2471 manifesta
3252 2422 3339 2472 est
3368 2416 3782 2485 interpretatio:

2182 2520 2244 2568 ut
2282 2513 2530 2568 dicamus
2562 2511 2873 2581 intelligere
2915 2511 3136 2581 quidem
3184 2511 3471 2566 veritatem
3511 2508 3779 2579 Juduaos;

2182 2604 2276 2660 sed
2305 2605 2692 2676 tergiversari,
2727 2612 2781 2659 et
2812 2604 2959 2658 nolle
2984 2603 3168 2659 dicere
3191 2604 3337 2674 quod
3364 2602 3613 2661 sentiunt
3644 2605 3790 2661 :sic-

2181 2706 2241 2754 ut
2269 2707 2325 2753 et
2350 2698 2677 2766 baptismum
2718 2696 2943 2753 Joannis
2975 2698 3209 2753 scientes
3238 2711 3363 2754 esse
3392 2697 3460 2753 de
3483 2697 3627 2754 cmlo
3654 2742 3667 2765 ,
3697 2697 3787 2753 di-

2183 2806 2309 2848 cere
2340 2794 2651 2849 uoluerunt.

2256 2884 2440 2957 (Vera.
2474 2883 2590 2957 33.)
2621 2882 2796 2939 Aliam
2840 2884 3144 2954 parabolam
3185 2882 3366 2939 audite
3412 2883 3634 2939 :Homo
3676 2895 3790 2941 erat

2184 2978 2585 3050 paterfamilias,
2610 2978 2698 3048 qui
2727 2976 3211 3046 plantavitvineam,
3239 2987 3284 3032 et
3302 2992 3471 3048 sepem
3493 2976 3791 3031 circumde-

2183 3072 2259 3125 dit
2288 3071 2355 3140 ei,
2389 3077 2437 3125 et
2478 3070 2611 3141 fodit
2648 3070 2703 3124 in
2740 3085 2801 3124 ea
2828 3070 3081 3135 torcular,
3111 3076 3159 3123 et
3188 3069 3467 3139 aedificavit
3497 3070 3707 3137 turrim,
3738 3078 3788 3124 et

2185 3164 2373 3219 locauit
2394 3178 2507 3217 eam
2528 3161 2797 3235 agricolis,
2824 3170 2869 3216 et
2896 3176 3109 3232 peregre
3125 3161 3394 3233 profectus
3417 3171 3514 3217 est.
3536 3161 3652 3216 Hoc
3675 3170 3787 3226 est,

2187 3255 2330 3327 quod
2364 3255 2623 3310 Dominus
2669 3263 2940 3323 sumptum
2971 3253 3038 3308 de
3067 3253 3367 3323 proverbio
3411 3254 3787 3322 signiticavit:

2191 3348 2389 3401 Dttt‘ttnt
2417 3355 2494 3401 est
2518 3345 2768 3401 adversus
2802 3343 3069 3398 stimulum
3110 3343 3389 3400 calcitrare
3412 3340 3552 3416 (Act.
3590 3359 3666 3410 ιιι,
3702 3343 3789 3417 5).

2187 3441 2469 3510 Principes
2500 3438 2874 3501 sacerdotum,
2909 3446 2965 3492 et
2991 3437 3240 3493 seniores
3274 3437 3478 3507 populi,
3506 3439 3594 3507 qui
3620 3436 3793 3491 inter-

2187 3543 2513 3606 rogaverunt
2548 3530 2858 3596 Dominum,
2884 3528 2950 3584 In
2982 3546 3085 3602 qua
3123 3539 3376 3599 potestate
3399 3529 3667 3600 lurafuris
3696 3542 3718 3585 :
3745 3538 3795 3585 et

2185 3628 2301 3699 quis
2328 3626 2418 3681 tibi
2444 3626 2584 3680 dedit
2600 3623 2733 3679 hanc
2763 3624 3103 3693 potestatem?
3131 3633 3187 3678 et
3219 3623 3503 3677 voluerant
3529 3624 3580 3677 in
3612 3624 3784 3679 verbo

2187 3731 2385 3791 capere
2412 3717 2760 3789 sapientiam,
2792 3730 2888 3769 sua
2925 3725 3045 3771 arte
3071 3726 3433 3785 superantur;
3468 3724 3522 3770 et
3557 3713 3794 3771 audiunt

2188 3815 2243 3871 in
2273 3813 2571 3887 parabolis,
2602 3810 2746 3883 quod
2774 3820 2961 3880 aperta
2993 3808 3133 3867 facie
3165 3824 3273 3865 non
3309 3810 3664 3865 merebantur
3684 3823 3790 3865 au-

2189 3911 2325 3966 dire.
2360 3909 2536 3964 Homo
2565 3905 3104 3977 iatepaterl'amilias,
3140 3906 3257 3976 ipse
3287 3912 3373 3961 est
3413 3905 3505 3976 qui
3556 3905 3795 3965 habebat
3832 3910 3835 3913 ’

2189 4007 2326 4062 duos
2356 4005 2529 4071 illius;
2560 4011 2616 4060 et
2659 4003 2750 4074 qui
2784 4004 2835 4057 in
2869 4003 2972 4056 alia
3002 4001 3263 4072 parabola
3304 3998 3566 4056 conduxit
3592 4015 3794 4071 opera-

2190 4099 2303 4155 rius
2339 4098 2392 4154 in
2419 4099 2634 4153 vineam
2667 4108 2853 4160 suam;
2879 4094 2970 4164 qui
3003 4094 3266 4164 plantavit
3306 4092 3542 4162 vineam,
3575 4094 3643 4150 de
3684 4108 3793 4164 qua

2189 4205 2243 4251 et
2269 4192 2444 4250 Isaias
2475 4191 2794 4263 plenissime
2837 4202 2937 4259 per
2979 4182 3266 4243 Canticum
3314 4188 3574 4259 loquitur,
3599 4188 3665 4243 ad
3698 4203 3796 4245 cx-

2189 4296 2424 4345 tretnttm
2453 4285 2696 4342 inferens
2720 4300 2733 4337 :
2766 4283 2932 4337 Vinea
2974 4280 3186 4336 Domini
3211 4280 3454 4349 sabaoth,
3483 4281 3672 4337 domus
3697 4280 3793 4337 ls-

2189 4383 2298 4439 rael
2327 4390 2401 4437 est
2432 4380 2590 4454 (Isai.
2626 4393 2681 4446 v,
2716 4378 2796 4449 7).
2820 4376 2885 4432 Et
2905 4374 2961 4431 in
2990 4375 3246 4431 Psalmo:
3291 4374 3505 4431 Vineam
3528 4376 3593 4430 de
3616 4375 3793 4447 Αἱρη-

2192 4485 2310 4546 pto,
2344 4475 2538 4545 inquit,
2573 4464 2886 4525 transtulisti
2917 4483 2938 4524 :
2967 4468 3163 4540 ejecisti
3212 4478 3417 4540 gentes,
3446 4479 3494 4523 et
3534 4464 3792 4539 plantasti

2191 4583 2302 4621 eam
2329 4563 2448 4639 (Ps.
2473 4576 2656 4630 cxstx,
2688 4562 2769 4629 9).
2800 4560 2867 4615 Et
2895 4574 3066 4633 sepem
3094 4561 3437 4617 circumdedit
3470 4561 3536 4627 ei,
3562 4561 3644 4617 vel
3670 4576 3794 4616 mu-

490 4668 580 4715 tus
608 4667 691 4716 est
718 4661 770 4715 in
802 4661 955 4717 vinea
989 4662 1103 4728 Dei,
1135 4669 1192 4717 et
1217 4663 1491 4719 sermonis
1508 4634 2091 4721 contumaciam'labu-
2116 4634 2169 4696 D
2198 4675 2315 4716 rum
2344 4659 2514 4724 urbis,
2538 4655 2626 4711 vel
2650 4654 2970 4725 angelorum
2996 4653 3191 4707 auxilia
3225 4671 3238 4706 :
3267 4662 3314 4707 et
3340 4654 3481 4725 fodit
3508 4656 3561 4708 in
3584 4668 3645 4708 ea
3676 4665 3791 4708 tor-

491 4771 553 4813 re
576 4757 838 4813 correxit.
871 4757 1157 4815 Secundus
1196 4764 1381 4814 autem
1413 4759 1576 4823 ﬁlius,
1601 4759 1829 4829 populus
1864 4758 2086 4816 ,1υὰωο-

486 4866 604 4907 rum
644 4862 750 4919 est,
790 4851 883 4923 qui
926 4851 1208 4922 respondit
1259 4850 1428 4924 Moysi
1467 4869 1479 4905 :
1512 4850 1700 4906 Omnia
1758 4864 2089 4924 quaecumque

556 5040 575 5062 ‘
608 5038 850 5107 Rhabb.,
887 5038 977 5095 sed
1004 5044 1275 5109 prapterea
1299 5037 1603 5109 interrogat,
1627 5036 1854 5092 rectius.

556 5110 585 5151 ι’
617 5113 744 5168 lia-c
771 5102 900 5167 item
936 5102 1014 5167 ei
1051 5102 1382 5167 Adamantio
1413 5102 1621 5180 repete,
1650 5125 1808 5179 quem
1852 5108 1941 5163 hic
1979 5107 2077 5165 de-

488 5184 730 5241 scribere
762 5200 868 5239 non
899 5191 1073 5238 vacat.

561 5266 583 5294 °
614 5256 848 5322 lthabb.,
878 5255 933 5310 in
955 5253 1227 5309 veteribus.
1256 5248 1322 5307 Et
1352 5252 1601 5307 ueteribus
1622 5248 1842 5323 quidem
1875 5266 1970 5323 pro
1988 5266 2076 5306 tte-

482 5329 556 5382 ris
599 5328 829 5398 positum
873 5327 972 5399 abs
1021 5326 1354 5396 Hieronymo
1405 5339 1720 5399 persuasum
1768 5332 1857 5399 est
1885 5325 2071 5387 etiam,

489 5394 646 5466 mihi,
677 5411 734 5454 ut
762 5398 892 5468 quid
918 5398 1085 5465 enim,
1118 5399 1163 5453 si
1222 5394 1337 5450 uera
1373 5401 1484 5468 tum
1506 5394 1742 5468 demum
1784 5395 1875 5451 illa
1921 5401 2079 5468 erant

488 5465 823 5537 exemplaria
876 5485 995 5540 quae
1038 5472 1264 5542 primum
1300 5466 1692 5542 praeferebant,
1721 5476 1884 5542 atque
1940 5465 2078 5542 adeo

487 5544 681 5614 falsata
713 5544 798 5614 illa
839 5537 996 5597 erant
1036 5537 1156 5609 qua:
1188 5537 1439 5614 ferebant
1467 5537 2082 5614 novissimus,ipse_llie-

488 5608 750 5685 ronymus
773 5612 828 5668 in
853 5608 1124 5684 proposita
1153 5613 1405 5683 pericope
1428 5609 1588 5685 h_abet
1610 5608 1959 5685 nouissimus?
1984 5623 2082 5685 cur

489 5678 824 5756 interpolata
851 5678 1180 5756 exemplaria
1226 5678 1478 5756 prmlert?
1501 5688 1554 5735 et
1595 5682 1727 5735 veris
1758 5679 2081 5756 anteponit?

498 5751 767 5812 Veteribus
808 5764 989 5811 autem
1014 5751 1084 5811 ἐἰ
1122 5751 1683 5825 δετῖρεὶιιιιιειιιιιιμιθ
1712 5767 1771 5808 se
1813 5766 1900 5807 res
1940 5751 2083 5825 bene

490 5828 675 5893 habet,
705 5836 760 5883 et
782 5836 1009 5897 utraque
1031 5820 1422 5897 exponi—leuia
1445 5820 1709 5897 meretur,
1733 5838 1961 5895 quarum
2000 5820 2081 5877 al-

490 5900 686 5976 terasi
730 5914 759 5954 a
790 5895 1060 5971 corruptis
1102 5895 1383 5957 codicibus
1425 5895 1848 5968 exprimeretur,
1874 5910 1974 5953 cur
2019 5907 2081 5952 se

2197 4755 2368 4823 calor,
2394 4762 2484 4807 aut
2514 4751 2710 4816 altare,
2735 4757 2827 4803 aut
2852 4747 2942 4803 illa
2977 4749 3294 4815 toreularia,
3326 4760 3556 4820 quorum
3590 4756 3644 4803 et
3675 4756 3792 4806 tres

2196 4845 2397 4907 Psaltni
2419 4844 2576 4899 titulo
2609 4847 3021 4913 praenotantur:
3048 4848 3274 4896 octavus
3303 4848 3358 4895 et
3388 4840 3787 4910 octogesimus,

2182 5034 2245 5091 S.
2274 5032 2435 5087 Pater
2463 5025 2541 5080 illi
2565 5021 2906 5092 explicanda:
2932 5019 3104 5076 fusius
3130 5020 3463 5076 diil'nnderet
3490 5034 3594 5075 non
3619 5034 3790 5090 opor-

2176 5106 2349 5161 tebat.
2406 5099 2540 5153 Vide
2586 5096 2837 5149 Sabater.
2868 5123 2938 5134 -
2966 5092 3121 5148 Nunc
3172 5093 3433 5164 legimus,
3475 5092 3790 5151 Pharismos

2177 5176 2247 5235 de
2278 5175 2517 5234 seniore,
2550 5169 2668 5237 sive
2695 5167 2870 5237 primo
2898 5179 3219 5237 responsum
3255 5164 3492 5237 dedisse.
3527 5164 3670 5237 Sunt
3694 5182 3796 5221 au-

2178 5258 2289 5305 tem
2338 5261 2405 5302 ex
2451 5235 2708 5307 Auliquis
2751 5238 2838 5308 qui
2893 5236 2961 5293 de
3006 5236 3230 5308 juniore
3282 5236 3513 5306 legerint
3547 5236 3788 5292 dictum.

2179 5321 2238 5378 S.
2281 5316 2520 5374 Hilarius
2549 5313 2602 5365 in
2639 5307 2782 5364 hunc
2822 5309 2998 5364 locum
3038 5326 3050 5362 :
3087 5308 3274 5363 Dicunt
3316 5307 3788 5380 roluntatijuuio-

2183 5407 2292 5446 rem
2335 5386 2585 5444 obedisse.
2623 5380 2830 5450 Nempe
2871 5382 3084 5453 vulgata
3130 5380 3291 5434 lectio
3347 5391 3459 5433 tum
3528 5380 3796 5453 tetnppris

2185 5471 2307 5519 erat
2333 5456 2679 5523 novissimus:
2702 5468 2825 5523 qua:
2868 5462 2925 5508 et
2958 5450 3010 5506 in
3042 5458 3388 5521 pervetusto,
3420 5466 3578 5523 quem
3605 5450 3801 5523 subin-

2187 5536 2255 5590 de
2284 5534 2587 5589 laudamus.
2616 5521 2919 5580 Vcronensi
2949 5523 3365 5595 Evangeliornnt
3387 5522 3575 5575 codice
3601 5521 3791 5577 tim-at.

2185 5604 2384 5661 Nescio
2408 5598 2528 5671 quis
2559 5595 2687 5671 huic
2720 5606 3211 5671 tamengenisonus
3244 5595 3393 5648 locus
3415 5602 3696 5671 t_a:_nq_na_m
3728 5608 3799 5648 ex

2189 5663 2520 5744 llierony'mo
2550 5669 2787 5744 refertur
2815 5665 2867 5720 in
2899 5663 3102 5721 Catena
3137 5670 3317 5744 _Aur_e_a
3346 5665 3434 5744 ιιιιί
3474 5665 3598 5717 iecit
3628 5664 3796 5744 Eras-

2197 5763 2286 5803 mo
2331 5733 2511 5800 de'nuo
2551 5734 2939 5807 SUSpicioncm,
2970 5751 3094 5791 cum
3146 5736 3329 5807 inibis
3371 5733 3799 5807 Commentariis

2189 5834 2297 5873 non
2346 5812 2676 5874 inveniatur,
2708 5806 2850 5879 quod
2898 5808 3103 5879 iuerint
3131 5824 3161 5861 a
3205 5806 3799 5879 fastidiosoqtmpiam

2187 5888 2319 5948 olim
2365 5879 2657 5946 decuriati.
2693 5876 2994 5941 Praistabat
3034 5877 3198 5937 tidem
3239 5877 3465 5937 Catenae
3491 5876 3796 5951 denegare.
