4004 6332
188 343 275 399 ibi
615 337 1289 395 ’COMMENTARIORUM
1331 337 1395 394 IN
1438 335 1891 395 EVANGELIUI
1934 336 2442 415 MATTﬂﬂLLlB.
2488 340 2578 399 ΙΙΙ.
2619 342 2774 400 CAP.
2822 342 2963 399 XXI.

3353 343 3457 402 158

184 468 233 512 et
274 457 634 527 octogesimus
661 456 871 513 tertius.
894 453 984 509 ‘Et
1025 456 1303 527 ludiﬁcabit
1347 456 1531 510 turrim
1560 472 1577 509 :
1604 454 1748 510 haud
1776 456 1830 517 Α
1854 454 1962 527 det,
1994 467 2044 512 et
2070 460 2274 514 unum
2290 472 2440 514 suam
2467 458 2659 515 latebit
2692 456 2813 515 aliis
2845 461 3093 533 agricolis
3122 460 3216 534 qui
3242 463 3459 519 reddent

185 551 386 607 dubium
416 551 541 622 quin
571 550 863 620 templum,
884 548 952 605 de
973 564 1080 617 quo
1101 549 1306 604 dicitur
1322 564 1422 613 per
1437 548 1746 606 Michasam:

183 643 246 699 Et
273 644 519 725 tu,rturris
539 641 811 708 nebulosa,
834 642 947 711 ﬁlia
977 641 1109 698 Sion
1127 640 1318 714 (Mida.
1361 655 1440 710 tv,
1464 642 1545 713 8).
1578 640 1644 698 Et
1672 642 1753 697 lo-

182 741 302 796 cavit
339 755 452 795 sant
491 737 765 811 agricolis,
788 752 924 809 quos
952 736 1083 793 alibi
1120 737 1295 792 vineas
1325 736 1617 806 operarios
1657 752 1754 807 sp-

181 834 381 907 pellavit
412 852 424 888 :
463 833 555 904 qui
592 832 852 888 conducti
898 830 1116 887 fuerant
1158 831 1290 885 hora
1336 830 1531 900 prima,
1564 830 1749 896 tertia,

180 940 338 996 sexta,
369 942 511 985 nona
534 936 592 984 et
620 927 909 983 undecima
935 924 1152 999 (Matth.
1180 926 1262 997 ι).
1290 924 1356 979 Et
1387 940 1600 998 peregre
1630 940 1753 996 pro-

182 1028 322 1097 fectus
342 1032 413 1078 est
440 1039 459 1075 :
480 1030 584 1090 est,
622 1034 731 1076 non
769 1020 870 1076 loci
920 1020 1253 1083 mutatione;
1284 1032 1407 1073 nam
1434 1018 1580 1074 Deus
1607 1017 1753 1073 unde

179 1120 352 1177 abesse
383 1126 583 1188 potest,
607 1132 717 1188 quo
759 1116 1102 1185 complentur
1130 1113 1348 1170 omnia?
1391 1123 1446 1169 et
1494 1113 1585 1184 qui
1623 1111 1754 1168 dicit

180 1227 265 1284 per
289 1210 577 1267 Joremiam
606 1229 619 1263 :
667 1207 779 1281 Ego
810 1207 954 1262 Deus
992 1208 1424 1281 appropinquans
1451 1203 1511 1261 'et
1551 1220 1653 1260 non
1689 1206 1753 1260 de

178 1307 459 1380 longinquo,
487 1305 617 1359 dicit
643 1303 900 1359 Dominus
934 1300 1151 1374 (Jerem.
1184 1314 1338 1367 nm,
1365 1300 1482 1373 23).
1508 1300 1614 1357 Sed
1644 1299 1756 1356 abi-

177 1414 229 1456 re
260 1400 465 1455 videtur
512 1412 543 1451 a
574 1398 733 1453 vinea
770 1406 829 1451 ut
865 1392 1195 1451 vinitoribus
1227 1394 1456 1450 liberum
1490 1395 1753 1466 operandi

176 1492 436 1549 arbitrium
468 1489 843 1561 derelinquat.

236 1582 401 1657 (Vera.
416 1583 488 1638 54
506 1582 695 1653 seqq.)
713 1579 846 1637 Cum
858 1591 1033 1636 autem
1044 1589 1248 1653 tempus
1278 1584 1542 1653 fructuum
1554 1595 1750 1653 appro-

177 1679 467 1749 pinquasset,
485 1677 628 1731 misit
658 1692 831 1731 servos
845 1691 970 1731 suos
990 1675 1060 1730 ad
1076 1674 1358 1747 agricolas,
1373 1684 1430 1730 ut
1458 1677 1751 1750 acciperent

178 1770 352 1839 {metus
379 1770 514 1841 ejus.
540 1765 613 1822 Et
638 1768 885 1840 agricola:
905 1769 1241 1840 apprehensis
1260 1770 1568 1843 servisejus,
1586 1768 1750 1824 alium

1857 552 1905 606 ei
1946 550 2170 622 fructum
2197 552 2515 625 temporibus
2552 556 2680 611 suis.
2726 554 3027 628 lnterrogat
3057 568 3155 614 eos
3193 555 3460 616 Dominus

1856 660 1965 702 non
2008 647 2152 718 quod
2184 648 2401 719 ignoret
2429 649 2555 721 quid
2587 649 2906 720 responsuri
2944 649 3075 717 sint,
3101 650 3200 707 sed
3241 660 3302 708 ut
3330 665 3457 724 pro-

1857 740 1970 809 pria
2002 741 2358 811 responsione
2380 739 2731 797 Mnentur.
2752 741 2957 797 Locata
2979 752 3065 799 est
3084 752 3268 800 autem
3293 742 3453 802 nobis

1855 834 2034 899 vinea,
2063 839 2118 890 et
2149 833 2322 889 locata
2344 846 2411 888 ea
2442 834 2778 899 conditione,
2802 840 2859 890 ut
2888 834 3183 891 reddamus
3209 832 3443 894 Domino

1857 925 2088 981 fructum
2146 926 2481 996 temporibus
2529 927 2680 994 suis,
2734 934 2792 983 et
2833 928 3073 985 sciamus
3123 942 3454 1002 unoquoque

1858 1026 2107 1085 tempore
2136 1017 2262 1087 quid
2292 1025 2543 1087 oporteat
2574 1032 2676 1075 nos
2706 1020 2791 1075 vel
2820 1019 2988 1089 loqui,
3019 1020 3104 1076 vel
3138 1020 3342 1078 lacere.

1928 1106 2110 1183 (Vcrs.
2140 1108 2259 1182 42.)
2283 1106 2426 1165 Dicit
2464 1109 2573 1166 illis
2598 1111 2756 1168 Iesus
2785 1129 2804 1168 :
2836 1110 3142 1186 Numquam
3171 1114 3373 1187 legistis
3397 1115 3452 1172 in

1859 1203 2146 1277 Scripturis
2177 1220 2196 1259 :
2227 1203 2480 1277 Lapidem
2511 1220 2661 1273 quem
2689 1204 3095 1278 reprobaverunt
3113 1206 3453 1278 aediﬁcantes,

1855 1298 1939 1353 hic
1972 1298 2139 1369 factus
2175 1306 2249 1352 est
2276 1298 2331 1352 in
2360 1306 2515 1370 caput
2532 1298 2732 1370 anguli.
2758 1298 2915 1371 173
2940 1300 2981 1352 A
3008 1299 3235 1355 Domino
3253 1303 3453 1368 factum

1855 1402 1930 1449 est
1961 1394 2116 1461 illud,
2140 1400 2292 1447 etest
2325 1392 2560 1448 mirabile
2602 1394 2658 1449 in
2699 1394 2867 1449 oculis
2910 1397 3104 1450 nostris
3130 1395 3247 1467 (Ps.
3276 1410 3443 1466 cxvn,

1853 1485 1945 1548 23.
1996 1482 2109 1557 εδ).
2161 1480 2339 1541 Variis
2385 1485 2660 1555 parabolis
2717 1485 3060 1557 diversisque
3108 1491 3453 1548 sermonibus

1856 1594 1945 1637 res
1967 1580 2173 1635 eaedem
2193 1586 2582 1635 contexuntur.
2607 1579 2758 1649 Quos
2779 1580 2924 1636 enim
2946 1592 3109 1652 supra
3142 1582 3446 1653 operarios,

1853 1682 1908 1729 et
1939 1673 2221 1741 vinitores,
2248 1684 2301 1728 et
2323 1669 2591 1743 agricolas
2614 1673 2938 1745 appellarat,
2975 1686 3119 1730 nunc
3150 1673 3452 1732 aediﬁcato-

1854 1784 1964 1839 res,
1998 1769 2051 1825 id
2083 1778 2192 1837 est,
2223 1770 2603 1827 cmmentarios
2629 1780 2809 1827 vocat.
2836 1770 2991 1828 Unde
3042 1772 3173 1828 dicit
3218 1772 3452 1845 Aposto-

176 1859 461 1926 reciderunt,
514 1859 692 1914 alium
737 1860 1076 1926 occiderunt,
1122 1858 1289 1914 alium
1326 1874 1442 1915 rero
1489 1861 1751 1931 Iopidare—
1770 1854 1830 1919 ’Β
1857 1864 1965 1919 lus:
1988 1861 2087 1918 Dei
2102 1866 2447 1936 agricultura,
2468 1865 2564 1920 Dei
2584 1864 2870 1934 ludiﬁcatio
2894 1866 3016 1921 estis
3046 1864 3093 1937 (l
3125 1864 3247 1922 Cor.
3270 1866 3446 1941 ιιι,9).

176 1963 296 2008 runt.
319 1951 519 2008 lterum
544 1952 686 2008 misit
720 1953 854 2008 alios
876 1966 1049 2008 servos
1076 1952 1253 2024 plures
1282 1953 1562 2020 prioribus,
1596 1954 1752 2027 172

177 2056 218 2101 et
230 2049 445 2116 fecerunt
472 2047 585 2101 illis
613 2046 872 2103 similiter.
891 2046 1120 2103 Dederat
1143 2046 1224 2103 eis
1236 2046 1491 2116 Legem,"
1505 2056 1560 2102 et
1581 2048 1633 2102 in
1650 2046 1754 2102 hac

176 2156 257 2197 eos
279 2141 430 2196 vinea
454 2142 676 2212 operari
705 2140 967 2212 iusserat,
1002 2150 1057 2194 ut
1092 2138 1323 2196 fructum
1350 2138 1509 2213 Legis
1536 2142 1589 2196 in
1612 2154 1750 2212 ope-

177 2233 310 2289 ribus
334 2233 686 2290 exhiberem.
712 2234 910 2290 Postea
942 2234 1093 2291 misit
1115 2234 1181 2291 ad
1211 2249 1309 2290 eos
1361 2249 1451 2291 ser
1466 2248 1579 2305 ros,
1613 2246 1752 2306 quos

176 2327 245 2383 illi
280 2326 657 2400 apprehensos
697 2328 786 2385 vel
816 2329 1164 2396 ceciderunt,
1199 2336 1259 2384 ut
1295 2329 1621 2396 Jeremiam;
1662 2329 1749 2387 vel

175 2420 483 2486 occidemnt,
520 2430 586 2477 ut
622 2422 848 2488 Isaiam;
881 2422 965 2477 vel
1012 2421 1411 2493 lapidaverunt,
1446 2431 1505 2479 ut
1532 2422 1747 2479 Nahoth

176 2512 250 2581 (Ill
289 2511 407 2585 Reg.
440 2516 601 2584 χχι),
650 2525 705 2569 et
753 2513 1106 2580 Zachariam,
1139 2528 1302 2583 quem
1350 2514 1749 2572 interfecerunt

176 2609 295 2665 inter
337 2612 602 2682 templum
652 2617 707 2667 et
752 2611 924 2666 altare
967 2610 1033 2680 (ll
1087 2609 1214 2666 Par.
1248 2611 1423 2681 χειν).
1477 2608 1748 2682 Legamus

177 2701 434 2771 epistolam
479 2700 640 2759 Pauli
690 2702 759 2758 ad
806 2702 1066 2758 liaebreos
1115 2700 1308 2775 (Hebr.
1343 2702 1524 2775 at);ct
1569 2717 1635 2759 ex
1682 2716 1745 2759 ea

174 2791 197 2831 δ
222 2794 521 2864 plenissime
555 2795 833 2852 discemus
854 2796 943 2867 qui
975 2808 1269 2852 servorum
1299 2796 1519 2853 Domini
1544 2802 1744 2867 quanta

174 2888 386 2957 perpessi
416 2889 559 2945 sint.

232 2980 397 3054 (Vers.
427 2981 525 3049 31,
558 2982 680 3053 38.)
712 2982 1008 3038 Novissime
1029 2995 1202 3040 autem
1252 2986 1391 3039 misit
1436 2986 1505 3039 ad
1543 3002 1627 3041 eos
1674 2986 1742 3057 ﬁ-

177 3073 281 3128 lium
304 3088 471 3140 suum,
508 3074 733 3130 dicens:
766 3074 1095 3131 Verebantur
1128 3076 1300 3148 [ilium
1347 3094 1539 3134 meum.
1587 3078 1747 3150 Agri-

177 3166 281 3221 colat
296 3178 462 3223 autem
496 3169 737 3224 ridentes
766 3169 960 3239 ﬁlium,
993 3170 1239 3225 dixerunt
1267 3171 1409 3225 intra
1429 3186 1484 3226 se
1513 3170 1639 3226 :hic
1669 3177 1745 3225 est

176 3258 336 3325 turres;
357 3263 549 3327 vertite,
582 3261 884 3316 occidamus
906 3277 1043 3329 eum,
1070 3272 1122 3319 et
1141 3261 1440 3318 habebimus
1467 3265 1744 3320 hiet-edita-

176 3362 258 3407 tem
293 3358 415 3428 ejus.
442 3354 502 3411 in
549 3368 618 3410 eo
647 3356 796 3427 quod
845 3368 1009 3425 supra
1044 3356 1273 3428 legimus
1312 3357 1554 3413 :lternm
1600 3360 1741 3414 misit

174 3450 282 3505 alios
300 3466 465 3507 seruos
490 3451 674 3525 plures
702 3452 963 3521 prioribus
983 3498 997 3523 ,
1022 3461 1071 3507 et
1099 3453 1327 3523 fecerunt
1354 3455 1456 3509 illis
1479 3452 1740 3524 similiter,

175 3546 451 3614 patientiam
481 3546 737 3603 ostendit
761 3545 1188 3618 patrisfamilias,
1221 3549 1363 3620 quod
1406 3549 1742 3620 frequentius

176 3639 378 3713 miserit,
412 3652 470 3697 ut
501 3641 685 3698 malos
711 3642 939 3698 colonos
967 3640 1034 3697 ad
1059 3643 1438 3714 paenitentiam
1474 3658 1743 3716 provoca-

173 3741 276 3787 ret:
303 3733 373 3789 illi
402 3745 598 3790 autem
629 3732 1131 3792 thesaurizaverunt
1157 3736 1261 3792 sibi
1292 3736 1427 3792 iram
1452 3737 1505 3792 in
1532 3737 1621 3794 die
1645 3737 1741 3793 irae

176 3822 324 3896 (Rom.
350 3826 431 3900 ιι).
458 3828 639 3884 Porro
663 3828 806 3900 quod
833 3829 1081 3903 jungitur
1107 3847 1122 3888 :
1153 3828 1482 3887 Verebantur
1515 3842 1536 3869 ο
1571 3831 1741 3901 ﬁlium

173 3932 333 3985 meum,
357 3935 464 3977 non
498 3920 577 3977 de
604 3918 913 3991 ignorantia
955 3924 1127 3978 venit.
1151 3921 1291 3991 Quid
1333 3924 1478 3980 enim
1531 3926 1741 3981 nesciat

173 4011 566 4078 paterfamilias,
596 4012 688 4083 qui
739 4012 841 4069 hoc
869 4012 987 4069 loco
1018 4011 1161 4070 Dens
1191 4014 1353 4072 Pater
1382 4014 1740 4087 intelligitur?

171 4101 257 4158 Sed
281 4118 490 4178 semper
520 4106 806 4179 ambigere
832 4105 1036 4162 dicitur
1066 4106 1232 4177 Deus,
1264 4118 1319 4164 ut
1344 4110 1517 4166 libera
1547 4109 1739 4167 volun-

172 4202 239 4252 tas
274 4197 470 4256 homini
499 4207 843 4257 reservetur.
877 4199 1282 4272 lntcrrogemus
1304 4201 1493 4258 Arium
1536 4213 1588 4259 et
1625 4201 1737 4258 Ett-

172 4293 400 4350 nomium.
430 4294 581 4353 Ecce
599 4305 759 4368 pater
787 4293 989 4353 dicitur
1014 4298 1288 4368 ignorare,
1314 4306 1369 4354 et
1408 4286 1736 4356 sententiam

173 4390 430 4457 temperat,
459 4397 518 4446 et
565 4397 829 4461 quantum
880 4387 935 4443 in
977 4387 1135 4443 vobis
1180 4397 1286 4454 est,
1315 4390 1581 4461 probatur
1613 4402 1738 4450 esse

172 4480 415 4537 mentitus.
447 4480 729 4554 Quidquid
758 4496 859 4553 pro
884 4481 1048 4538 Patre
1080 4482 1483 4553 responderint,
1514 4483 1617 4540 hoc
1650 4486 1735 4541 in-

171 4568 387 4642 telligant
410 4588 511 4645 pro
532 4572 694 4641 Filio,
726 4572 819 4645 qui
846 4588 906 4630 se
928 4572 1057 4629 dicit
1089 4572 1342 4645 ignorare
1382 4590 1730 4633 consumma-

171 4661 306 4718 tionis
333 4664 501 4721 diem.

228 4750 392 4828 (Vers.
423 4759 545 4830 39.)
583 4757 653 4813 Et
697 4760 1073 4831 apprehensum
1112 4777 1257 4828 eum,
1296 4766 1558 4836 ejecerunt
1589 4774 1738 4821 extra

170 4851 364 4919 tineam,
390 4864 438 4910 et
484 4854 807 4910 occiderunt.
854 4856 918 4911 Et
956 4855 1255 4927 Apostolus
1301 4858 1555 4930 loquitur,
1591 4862 1736 4931 quod

172 4954 297 5001 extra
328 4960 536 5020 portam
566 4951 728 5007 Jesus
746 4951 1043 5008 cruciﬁxus
1071 4953 1144 5008 sit
1167 4953 1326 5021 (Heb.
1361 4956 1503 5028 xm).
1534 4957 1735 5014 Possu-

170 5052 271 5094 mus
292 5048 342 5098 et
365 5043 527 5101 aliter
553 5043 893 5114 intelligere;
926 5044 1071 5115 quod
1116 5045 1324 5117 ejectus
1348 5048 1421 5104 sit
1451 5057 1606 5107 extra
1645 5051 1732 5107 vi-

172 5143 322 5200 neam,
349 5146 398 5192 et
428 5137 502 5193 ibi
539 5138 754 5194 occisus
784 5146 884 5194 :ut
910 5138 1337 5210 suscipientibus
1363 5156 1423 5197 se
1455 5143 1729 5213 gentibus,

171 5223 271 5281 aliis
304 5229 460 5286 vinea
486 5229 787 5287 locaretur.

228 5318 391 5393 (νει-ε.
420 5322 515 5391 40,
538 5324 657 5399 41.)
689 5323 816 5381 Cum
856 5343 977 5399 ergo
1023 5328 1223 5382 venerit
1256 5327 1510 5385 Dominus
1552 5331 1732 5397 vincte,

169 5409 273 5477 quid
296 5417 449 5485 faciet
476 5419 726 5493 agricolis
754 5417 905 5475 illis?
925 5420 1087 5474 Aiunt
1106 5420 1187 5476 illi
1213 5436 1230 5473 :
1255 5419 1431 5476 Malos
1458 5422 1594 5477 mule
1612 5441 1731 5497 per-

232 5527 493 5610 '__A_uctor
536 5535 700 5607 hujus
739 5537 1096 5608 expositionis
1144 5535 1524 5605 Adamantius,
1575 5539 1730 5610 cujus

170 5604 426 5694 prpliztijolri
450 5604 934 5694 contextpiparcit
962 5620 1213 5665 notarum
1246 5604 1517 5694 brevitas-.4
1629 5681 1640 5692 .

170 5742 193 5815 ί
228 5674 253 5714 ι’
273 5674 433 5800 ξάιίίι
477 5695 617 5737 unus
655 5674 800 5752 Pall,
833 5681 947 5754 quis
988 5697 1256 5737 servorum
1298 5680 1515 5736 Domini
1560 5681 1729 5739 exitus

188 5762 284 5803 ueri
309 5788 323 5802 .

235 5829 255 5858 ε
284 5816 556 5880 interserit
581 5820 790 5883 Victor.
812 5820 902 5883 hic
932 5828 1085 5883 forte.

236 5886 257 5927 δ
278 5889 529 5967 Corrupte
558 5897 760 5954 lectum
788 5904 875 5953 est
899 5886 1235 5965 Martiattsco,
1261 5892 1534 5966 habentes,
1566 5910 1730 5969 quam

1856 1955 1919 2010 lii
1953 1972 2086 2027 ergo
2113 1958 2445 2014 crementarii
2474 1957 2749 2028 quomodo
2781 1967 2835 2014 et
2864 1956 3124 2015 vinitores
3173 1959 3449 2032 accipiunt

1853 2050 2092 2119 vineam,
2126 2052 2205 2106 sic
2246 2062 2578 2123 acceperunt
2616 2050 2877 2123 lapidem,
2910 2066 3069 2124 quem
3103 2052 3185 2107 vel
3232 2052 3285 2108 in
3317 2051 3446 2109 lun-

1853 2142 2125 2200 damentis
2147 2154 2367 2216 ponant,
2403 2146 2561 2216 juxta
2594 2146 2952 2203 architectum
2978 2144 3208 2203 Paulum
3227 2146 3448 2221 (Ibid);

1854 2236 1940 2292 vel
1973 2237 2025 2291 in
2064 2238 2295 2309 angulo,
2339 2249 2396 2294 ut
2436 2239 2574 2295 duos
2620 2240 2879 2312 parietes,
2928 2238 2980 2296 id
3020 2251 3123 2308 est,
3182 2241 3447 2314 populum

1854 2337 2141 2399 utrumque
2190 2332 2467 2387 consociet
2491 2330 2713 2406 (Ephes.
2747 2332 2829 2406 ιι),
2866 2332 2957 2405 qui
2999 2333 3324 2405 reprobatus
3374 2334 3443 2392 ab

1852 2425 1953 2489 eis,
1984 2421 2155 2477 lactus
2198 2432 2282 2478 est
2325 2423 2379 2478 in
2418 2432 2580 2493 caput
2615 2425 2818 2496 anguli.
2866 2423 2929 2480 Et
2974 2423 3077 2479 hoc
3127 2439 3157 2480 a
3203 2422 3437 2481 Domino

1852 2513 2051 2571 laetum
2080 2520 2182 2580 est,
2210 2529 2319 2571 non
2349 2514 2599 2571 humanis
2630 2515 2858 2583 viribus,
2888 2515 2982 2572 sed
3031 2516 3123 2572 Dei
3178 2516 3444 2588 potentia.

1853 2608 1931 2664 De
1953 2609 2054 2663 hoc
2084 2608 2264 2679 lapide
2291 2607 2547 2679 adjutoril
2582 2606 2776 2663 Petrus
2804 2621 3022 2678 quoque
3050 2606 3290 2679 loquitur
3312 2622 3446 2665 con-

1853 2702 2083 2758 ﬁdenter
2112 2718 2124 2756 :
2156 2701 2264 2757 Iste
2301 2700 2439 2772 lapis
2468 2702 2558 2774 qui
2592 2701 2901 2773 reprobatus
2940 2709 3019 2756 est
3043 2716 3075 2755 a
3102 2702 3248 2755 vobis
3276 2702 3449 2773 ludiﬁ-

1851 2797 2102 2861 cantibus,
2126 2794 2211 2849 hic
2237 2796 2404 2866 factus
2434 2803 2507 2849 est
2535 2796 2588 2848 in
2630 2804 2785 2866 caput
2810 2794 2991 2868 anguli
3013 2791 3057 2865 (Ι
3092 2791 3236 2847 Petr.
3268 2807 3328 2861 ιι,
3360 2792 3439 2865 7).

1852 2888 1920 2943 Et
1962 2885 2126 2944 Isaias
2161 2904 2174 2941 :
2222 2886 2374 2953 Ecce,
2400 2888 2498 2954 ait,
2531 2887 2811 2941 immittam
2842 2887 2897 2941 in
2941 2886 3281 2958 fundamenta
3311 2884 3444 2942 Sion

1850 2982 2070 3054 lapidem
2094 2982 2332 3045 electum,
2362 2982 2666 3053 pretiosum,
2692 2981 2995 3053 angularem
3026 2997 3046 3036 :
3067 2991 3114 3036 et
3156 2981 3246 3053 qui
3276 2980 3444 3036 credi-

1848 3074 1979 3129 derit
2000 3075 2055 3129 in
2077 3089 2217 3141 eum,
2240 3088 2344 3127 non
2370 3073 2713 3144 confundetur
2739 3070 2893 3143 (Isai.
2919 3088 2976 3139 ιι,
3011 3072 3123 3141 16).

1920 3167 2098 3239 (Vers.
2130 3168 2251 3240 45.)
2282 3164 2412 3223 Ideo
2445 3167 2563 3222 dico
2589 3166 2763 3236 vobis,
2796 3167 2922 3238 quia
2950 3169 3221 3238 auferetur
3243 3183 3276 3221 a
3304 3165 3444 3222 vobis

1771 3240 1818 3311 C
1849 3278 2061 3335 regnum
2098 3263 2225 3327 Dei,
2271 3275 2320 3317 et
2362 3263 2573 3318 dabitur
2613 3265 2756 3335 genti
2798 3264 3010 3334 facienti
3055 3260 3256 3334 fructus
3303 3268 3438 3337 ejus.

1845 3357 2147 3429 Aliquoties
2167 3358 2299 3422 dixi.
2323 3372 2546 3430 regnum
2578 3356 2675 3414 Dei
2701 3357 3010 3431 Scripturas
3039 3369 3252 3415 sanctas
3276 3358 3442 3416 intel-

1846 3453 1958 3526 ligi,
1992 3469 2125 3523 quas
2155 3453 2415 3510 Dominus
2438 3452 2660 3510 abstulit
2689 3468 2718 3509 a
2742 3453 2967 3525 indu-is,
2998 3464 3052 3511 ct
3078 3454 3234 3511 nobis
3268 3454 3441 3513 tradi-
3478 3503 3482 3506 .

1846 3544 1951 3610 dit,
2002 3553 2058 3600 ut
2095 3541 2354 3601 faciamus
2385 3544 2592 3601 fructus
2624 3561 2831 3603 earum.
2867 3546 2969 3602 Ista
3003 3556 3088 3602 est
3124 3547 3281 3604 vinea
3321 3562 3442 3620 qntn

1846 3638 2077 3695 traditur
2103 3637 2359 3710 agricolis
2398 3646 2455 3696 et
2497 3638 2821 3696 vinitoribus
2841 3685 2856 3710 ,
2890 3640 2942 3695 iu
2974 3656 3079 3713 qua
3107 3636 3198 3713 qui
3230 3638 3442 3714 operati

1845 3746 1949 3786 non
1981 3729 2215 3800 fuerint,
2248 3746 2445 3787 nomen
2470 3740 2677 3787 tantum
2710 3728 2974 3789 habentes
3006 3732 3435 3804 Scripturarum,

1843 3824 2049 3883 fructus
2076 3827 2252 3883 vincte
2280 3827 2541 3898 perdituri
2572 3840 2717 3884 sunt.

1916 3922 2097 3995 (Vcrs.
2125 3921 2242 3994 44.)
2276 3922 2340 3978 Et
2382 3924 2474 3997 qui
2521 3924 2760 3979 ceciderit
2800 3938 2954 3994 super
2990 3921 3217 3996 lapidem
3248 3924 3437 3992 istum,

1842 4014 2233 4089 confringetur:
2261 4032 2416 4086 super
2444 4033 2593 4085 quem
2620 4033 2736 4071 vero
2765 4015 3024 4082 ceciderit,
3049 4024 3275 4071 conteret
3302 4034 3437 4073 eunt.

1841 4111 2003 4167 Aliud
2036 4123 2117 4169 esr
2150 4108 2425 4168 ollettdere
2459 4111 2737 4168 Christum
2772 4127 2868 4183 per
2896 4110 3035 4165 mala
3066 4124 3264 4182 opera,
3293 4108 3439 4168 aliud

1841 4219 2063 4278 negare.
2085 4204 2189 4275 Qui
2229 4215 2483 4276 peccator
2511 4213 2624 4272 est,
2662 4213 2718 4261 et
2750 4216 2926 4260 tamen
2959 4205 3010 4261 in
3038 4203 3189 4262 illum
3239 4204 3437 4277 credit,

1841 4300 1985 4357 cadit
2008 4299 2223 4372 quidem
2249 4313 2413 4370 super
2436 4298 2693 4371 lapidem,
2718 4309 2772 4355 et
2795 4298 3181 4371 confringitur,
3210 4300 3303 4356 sed
3330 4314 3437 4356 non

1841 4394 2063 4452 omnino
2079 4392 2411 4451 conteritur:
2435 4402 2747 4450 reservatur
2769 4392 2916 4449 enim
2940 4407 3037 4464 per
3062 4386 3435 4464 paenitentiam

1839 4489 1905 4545 ad
1934 4484 2185 4545 salutem.
2206 4484 2381 4560 Super
2406 4499 2569 4558 quem
2599 4500 2730 4543 vero
2759 4486 2856 4545 ille
2883 4485 3166 4556 ceciderit,
3194 4485 3299 4543 hoc
3329 4494 3432 4555 est,

1841 4585 1925 4641 cui
1956 4584 2092 4657 lapis
2126 4587 2244 4656 ipse
2278 4583 2499 4640 irruerit
2519 4626 2535 4653 ,
2576 4591 2631 4639 et
2662 4584 2752 4655 qui
2782 4579 3058 4639 Christum
3088 4582 3305 4654 penitus
3342 4596 3438 4638 ne-

1843 4679 2051 4752 gaverit
2074 4724 2089 4750 ,
2143 4678 2227 4734 sin
2252 4684 2501 4734 conteret
2528 4692 2683 4744 eum,
2713 4687 2769 4732 ut
2804 4690 2906 4732 nec
2938 4684 3075 4732 testa
3101 4674 3319 4748 quidem
3352 4689 3440 4731 re-

1845 4784 2080 4842 maneat,
2112 4772 2165 4827 in
2194 4786 2298 4844 qua
2329 4768 2614 4827 hauriatur
2642 4785 2799 4842 aqua:
2832 4769 3109 4842 pusillum.

1914 4865 2096 4936 (Vers.
2123 4864 2215 4932 45,
2242 4862 2359 4936 46.)
2414 4863 2482 4917 Et
2513 4880 2629 4918 cum
2657 4863 2924 4917 audissent
2973 4862 3234 4936 principes
3268 4879 3444 4919 sacer-

1842 4959 2022 5015 dotum
2062 4968 2110 5015 et
2146 4958 2406 5014 Pharisaei
2434 4959 2712 5034 parabolas
2736 4960 2869 5035 ejus,
2904 4968 3250 5030 cognoverunt
3281 4957 3442 5032 174

1837 5050 1974 5122 quod
2001 5050 2065 5106 de
2089 5051 2216 5124 ipsis
2242 5050 2455 5107 diceret.
2489 5048 2558 5106 Et
2588 5062 2873 5122 quazreutes
2899 5067 3015 5106 eum
3039 5062 3227 5121 tenere,
3255 5051 3441 5106 timue-

1835 5154 1957 5202 runt
1984 5144 2200 5201 turbas:
2235 5147 2482 5217 quoniam
2519 5146 2647 5200 sicut
2673 5144 2980 5219 prophetam
3012 5162 3130 5201 eum
3159 5145 3435 5201 habebant.

1836 5239 2092 5309 Quamvis
2123 5239 2257 5294 duro
2287 5239 2455 5294 corde
2488 5245 2703 5305 essent,
2744 5248 2798 5294 et
2826 5247 3055 5310 propter
3082 5235 3433 5294 incredulita-

1839 5341 1977 5401 tem,
2017 5342 2075 5389 et
2118 5331 2455 5402 impietatem
2493 5332 2546 5387 in
2575 5330 2770 5387 Filium
2801 5330 2897 5388 Dei
2926 5330 2952 5369 ἀ
2980 5331 3223 5401 hebetes,
3258 5340 3436 5387 tamen

1836 5435 2054 5497 apertas
2087 5424 2495 5497 propositiones
2516 5467 2533 5494 ,
2566 5439 2771 5497 negare
2800 5439 2908 5480 non
2950 5433 3240 5495 poterant:
3274 5434 3329 5479 et
3356 5425 3440 5478 in-

1836 5555 2029 5596 vocem
2064 5539 2241 5595 iuutili
2290 5553 2454 5595 sensu
2485 5537 2550 5593 ad
2580 5547 2788 5609 apertas
2827 5535 3212 5610 propositiones
3233 5535 3439 5610 retere-

1836 5612 1950 5669 hat.
1991 5612 2100 5667 Nos
2135 5611 2385 5667 codicum
2438 5607 2625 5666 Palat.
2663 5624 2765 5669 one
2812 5607 3148 5664 restituimus
3194 5607 3438 5664 hebetes:

1834 5683 2007 5740 Judaei
2034 5682 2240 5753 scilicet
2283 5689 2509 5753 propter
2529 5678 2965 5753 incredulitatem
2993 5687 3155 5749 atque
3184 5678 3439 5749 impieta-

1836 5765 1946 5813 tem
1974 5752 2151 5819 obtusi
2180 5763 2234 5810 et
2252 5752 2605 5822 vecordes.ln
2634 5768 2743 5807 uno
2767 5752 2930 5809 etiam
2954 5765 3057 5808 ms.
3080 5754 3436 5822 responsiones

1836 5842 1939 5899 pro
1968 5825 2346 5900 propositiones
2376 5820 2711 5882 invenimus.
