4004 6332
499 316 605 377 I59

1773 322 1832 380 S.
1879 322 2151 382 EUSEBII
2187 322 2571 381 HIERONYMI

3700 324 3814 382 160

503 435 825 508 telligebant
849 446 1038 494 contra
1060 454 1120 494 se
1139 453 1327 496 omnes
1349 440 1567 496 Domini
1589 441 1890 497 sententias
1913 438 2095 512 dirigi.
2126 440 2180 503 Α
2205 443 2434 498 occisio:
2467 452 2515 497 et
2548 457 2649 512 per
2679 455 2957 497 servorum
2989 450 3212 510 mortes,
3238 448 3590 513 contemptus
3618 450 3817 496 03ten-

503 529 665 589 Unde
687 532 947 590 volebant
965 533 1183 605 quidem
1206 549 1330 590 eum
1362 535 1692 599 interﬁcere,
1721 535 1816 591 sed
1842 536 2102 591 timebant

504 624 721 680 turbas:
746 625 870 694 quia
895 626 1039 681 sicut
1061 626 1381 697 prepbetam
1406 642 1529 681 eum
1555 627 1847 683 habebant.
1872 628 2102 698 Semper

501 717 660 773 turba
688 716 910 772 mobilis
938 726 1045 786 est,
1080 732 1181 773 nec
1229 717 1281 772 in
1315 720 1589 791 proposita
1624 720 1898 776 voluntate
1930 720 2103 791 persi-

502 816 690 864 stens:
721 819 885 876 atque
916 808 970 863 in
1003 823 1211 863 morem
1242 808 1528 877 ﬂuctuum,
1554 820 1581 849 ι
1601 810 1943 867 diversorum
1973 827 2104 868 ven-

505 910 686 957 torum
707 901 914 972 impetu
938 901 1043 957 huc
1061 901 1298 974 illucque
1321 903 1579 960 trahitur.
1595 904 1765 973 Quem
1789 921 1929 960 nunc
1952 906 2101 975 quasi

502 995 825 1068 prophetam
889 1005 1224 1051 venerantur
1267 1006 1320 1054 et
1366 997 1556 1054 colunt
1602 1007 1850 1069 :-postea
1910 1008 2103 1055 contra

503 1102 629 1144 cum
679 1090 965 1144 clamant:
1023 1087 1323 1163 Cruciﬁge,
1383 1090 1629 1165 cruci/iga
1685 1093 1840 1148 talem
1891 1090 2099 1164 (Joan.

506 1197 622 1248 ιιι,
656 1182 736 1254 6).

577 1274 733 1346 (Cap.
754 1273 924 1331 XXII.
939 1274 1178 1331 —-Vers.
1212 1278 1265 1342 1,
1288 1275 1373 1350 2.)
1392 1276 1461 1332 Et
1479 1277 1957 1351 respondenslesus
1973 1279 2103 1334 dixit

504 1366 694 1422 iterum
722 1368 776 1421 in
810 1368 1070 1433 parabolis
1098 1369 1193 1433 eis,
1227 1368 1444 1424 dicens:
1477 1369 1663 1425 Simile
1702 1374 1895 1443 factum
1921 1381 1994 1426 est
2024 1389 2106 1427 re-

505 1476 666 1532 gnum
693 1461 935 1514 malorum
968 1460 1164 1515 homini
1192 1462 1323 1533 regi,
1356 1463 1444 1533 qui
1470 1463 1588 1533 fecit
1614 1465 1819 1537 nuptias
1850 1464 1961 1535 ﬁlio
1986 1480 2101 1519 suo.

504 1552 769 1609 Pharisaei
815 1554 1187 1624 intelligentes
1210 1556 1277 1610 de
1317 1571 1377 1609 se
1406 1555 1515 1611 dici
1558 1557 1867 1626 parabolas,
1899 1574 2108 1628 (μιαινο-

505 1644 641 1704 baut
687 1662 810 1701 eum
864 1656 1054 1703 tenere
1091 1658 1146 1703 et
1177 1648 1452 1706 occidere.
1496 1650 1645 1705 Hanc
1688 1665 1879 1706 eorum
1922 1653 2106 1708 sciens

510 1738 772 1795 Dominus
801 1740 1131 1798 voluntatem
1155 1783 1169 1807 ,
1202 1742 1559 1799 nihilominus
1602 1744 1848 1816 increpat
1877 1747 2101 1801 srevien-

508 1843 616 1899 tes,
650 1849 751 1889 nec
791 1834 983 1891 timore
1012 1844 1320 1905 superatur,
1348 1852 1455 1906 quo
1488 1839 1665 1892 minus
1694 1849 1882 1909 arguat
1910 1854 2103 1907 pecea-
2134 1830 2182 1891 Β

509 1935 677 1983 tores.
711 1926 738 1966 δ
773 1927 888 1983 Rex
937 1928 1037 1983 iste
1078 1930 1168 1999 qui
1219 1928 1356 1984 fecit
1399 1932 1616 2002 nuptias
1658 1930 1769 1986 lllio
1798 1948 1934 1998 suo.
1968 1933 2106 1988 Dens

507 2025 857 2090 omnipotens
883 2031 986 2077 est.
1010 2022 1169 2079 Fat-it
1194 2035 1376 2079 autem
1407 2026 1623 2094 nuptias
1663 2025 1893 2081 Domino
1918 2036 2107 2081 nostro

506 2113 634 2171 Jesn
665 2111 887 2171 Christo
916 2124 972 2170 et
1002 2114 1287 2180 Ecclesite,
1320 2132 1442 2188 qua:
1466 2126 1575 2172 tam
1606 2132 1672 2173 ex
1693 2116 1916 2185 Jndzeis,
1946 2134 2106 2189 quam

509 2222 580 2266 ex
606 2207 885 2279 gentibus,
913 2216 1240 2278 congregata
1275 2217 1379 2264 est.

522 2354 525 2361 ,
583 2299 767 2372 (Vers.
796 2300 877 2372 5.)
906 2299 972 2354 Et
997 2299 1136 2354 misit
1160 2317 1363 2356 seruum
1392 2317 1539 2356 suum
1567 2318 1747 2357 vocare
1772 2303 2014 2359 invitatos
2042 2304 2110 2358 ad

510 2394 741 2466 nuptias,
758 2392 1059 2448 etnolcbant
1078 2394 1271 2450 venire.
1290 2394 1443 2449 Hand
1463 2394 1685 2450 dubium
1712 2398 1842 2467 quin
1864 2397 2106 2467 Moysen,

510 2501 605 2558 per
639 2501 798 2555 quem
836 2486 1035 2555 Legem
1082 2486 1326 2541 invitatis
1366 2486 1536 2542 dedit.
1568 2488 1625 2544 Si
1661 2498 1842 2543 autem
1873 2500 1894 2525 ο
1922 2505 2110 2545 servos

508 2578 823 2650 legerimus,
872 2588 931 2633 ut
981 2578 1237 2650 pleraque
1268 2578 1473 2635 habent
1500 2581 1856 2651 exemplaria,
1888 2582 1953 2636 ad
1987 2598 2111 2652 pro-

510 2674 706 2745 phetas
731 2674 1081 2730 referendum
1109 2688 1191 2731 est
1217 2717 1232 2743 ,
1262 2674 1407 2748 quod
1433 2674 1646 2732 invitati
1677 2691 1774 2748 per
1802 2691 1897 2731 eos
1921 2678 2110 2732 venire

513 2770 967 2839 contempserint.

585 2862 767 2929 (Vers.
785 2863 840 2921 4.
972 2860 1169 2916 lterum
1189 2863 1328 2917 misit
1349 2862 1481 2917 alios
1504 2879 1695 2925 servos,
1720 2862 1923 2917 dicens:
1944 2861 2113 2918 Dicite

508 2955 784 3012 invitatis:
816 2952 950 3009 Ecce
977 2955 1255 3027 prandium
1290 2971 1459 3008 meum
1489 2956 1709 3025 paravi:
1750 2958 1885 3010 tauri
1914 2957 2033 3017 mei,
2067 2966 2113 3010 et

514 3048 687 3103 altilia
716 3050 887 3101 occisa
913 3056 1060 3109 sunt,
1083 3058 1131 3100 et
1159 3048 1334 3101 omnia
1362 3057 1579 3119 parata:
1606 3048 1769 3102 venite
1790 3047 1858 3101 ad
1884 3049 2107 3120 nuptias.

514 3140 609 3197 Illi
637 3150 805 3195 autem
836 3140 1195 3213 neglexerunt.
1217 3140 1367 3196 Servi
1391 3142 1481 3212 qui
1513 3140 1753 3196 secundo
1783 3142 1934 3196 missi
1965 3150 2110 3209 sunt,

2205 534 2350 590 ditur
2381 535 2708 605 nuptiarum.

2276 629 2454 698 (Vers.
2485 629 2566 697 7.)
2599 627 2714 683 Rea:
2741 638 2914 683 autem
2956 645 3071 685 cum
3104 630 3367 697 audisset,
3398 630 3567 683 iratus
3594 637 3693 683 est.
3730 628 3819 684 De

2203 734 2312 790 quo
2339 721 2542 774 dictum
2590 735 2752 790 supra
2786 721 2995 776 luerat:
3027 720 3214 777 Simile
3256 721 3450 793 factum
3481 731 3553 774 est
3586 735 3819 791 regnum

2203 809 2446 865 caelorum
2471 810 2673 864 homini
2701 812 2830 882 regi,
2858 811 3078 882 quando
3107 810 3370 866 invitabat
3395 812 3461 865 ad
3488 812 3734 881 nuptias,
3760 818 3823 865 et

2204 903 2398 974 agebat
2424 918 2589 971 opera
2617 905 2921 959 clementia:
2943 946 2958 971 ,
2987 903 3229 959 hominis
3266 919 3462 959 nomen
3494 906 3820 975 appositum

2205 1004 2311 1065 est,
2339 1013 2481 1052 nunc
2503 997 2717 1066 quando
2739 998 2805 1051 ad
2836 997 3095 1053 ultionem
3129 997 3298 1064 venit,
3330 1000 3491 1052 homo
3516 998 3742 1065 siletur,
3762 1006 3826 1053 et

2206 1105 2298 1145 res
2335 1099 2540 1144 tantum
2577 1089 2797 1145 dicitur.

2279 1182 2343 1237 Et
2374 1184 2545 1238 missis
2573 1182 2876 1239 exercitibus
2903 1185 3045 1250 suis,
3079 1184 3305 1255 perdidit
3338 1184 3634 1239 homicidas
3664 1184 3821 1256 illos,

2205 1286 2252 1331 et
2283 1278 2535 1332 civitatem
2563 1276 2779 1333 illorum
2811 1278 3099 1332 succendit.
3129 1280 3438 1344 Exercitus,
3470 1294 3565 1334 seu
3600 1281 3826 1334 ultores

2206 1368 2450 1439 angelos,
2474 1369 2541 1425 de
2564 1371 2758 1439 quibus
2780 1372 2831 1423 in
2867 1371 3103 1425 Psalmis
3131 1371 3421 1427 scribitur:
3449 1369 3824 1426 Itttntissiones

2206 1479 2298 1535 per
2334 1465 2546 1535 angelos
2586 1467 2830 1533 pessimos
2860 1463 2970 1538 [AL
3007 1464 3189 1538 malos]
3231 1466 3409 1533 (Psal.
3443 1482 3658 1531 Lxxvu,
3693 1466 3821 1538 49);

2206 1571 2301 1611 seu
2335 1557 2610 1612 Romanos
2634 1566 2657 1595 ε
2691 1556 3085 1624 intelligamus,
3102 1559 3203 1614 sub
3228 1558 3368 1614 duce
3393 1558 3741 1629 Vespasiano
3768 1571 3829 1614 et

2206 1650 2371 1718 Tito,
2405 1652 2495 1720 qui
2526 1652 2721 1707 occisis
2768 1651 2971 1707 ludzeaa
3022 1652 3266 1722 populis,
3309 1654 3826 1723 praevaricatricem

2208 1743 2586 1799 succenderiut
2617 1744 2920 1801 civitatem.

2281 1836 2461 1906 (Vers.
2486 1838 2519 1892 8
2541 1838 2722 1908 seqq.)
2747 1836 2891 1890 Tunc
2912 1839 2985 1891 ait
3005 1837 3163 1892 servis
3190 1839 3331 1892 suis:
3360 1838 3571 1908 Nuptice
3592 1836 3819 1908 quidem

2209 1940 2405 2001 parata:
2432 1937 2549 1982 sunt
2573 1946 2592 1995 ;
2613 1929 2703 1983 sed
2729 1929 2815 1999 qui
2852 1929 3053 1983 inuitati
3096 1940 3241 1984 erant
3272 1946 3375 1984 non
3408 1931 3617 2001 fuerunt
3645 1929 3825 1999 digni.

2210 2020 2293 2075 Ite
2319 2037 2441 2093 ergo
2469 2022 2537 2075 ad
2566 2024 2733 2075 exitus
2772 2022 2999 2087 viarum,
3036 2032 3081 2076 et
3109 2039 3461 2093 quoscumque
3490 2023 3826 2090 inveneritis,

2209 2127 2382 2171 vocate
2419 2117 2488 2170 ad
2532 2118 2759 2186 nuptias.
2805 2115 2875 2170 Et
2904 2118 3095 2190 egressi
3126 2117 3255 2171 servi
3300 2120 3414 2191 ejus
3441 2117 3495 2171 in
3526 2120 3661 2183 vias,
3700 2133 3834 2169 con-

2211 2219 2550 2282 gregaverant
2581 2225 2755 2263 onmes
2783 2225 2911 2277 quos
2939 2210 3263 2278 invenerunt,
3287 2209 3453 2262 malos
3478 2216 3523 2260 et
3554 2209 3749 2272 bonos,
3774 2217 3830 2261 et

2211 2301 2437 2369 impleta!
2464 2310 2582 2355 sunt
2608 2300 2805 2369 nuptiis
2830 2299 3291 2355 discumbentium.
3315 2299 3615 2355 Gentilium
3643 2314 3832 2369 popu-

2213 2395 2295 2449 lus
2326 2411 2433 2450 non
2461 2406 2578 2451 erat
2611 2398 2660 2449 in
2694 2396 2817 2456 viis,
2848 2395 2943 2450 sed
2976 2395 3028 2449 itt
3065 2395 3302 2450 exitibus
3331 2395 3563 2449 viarum.
3597 2391 3830 2460 Qnmri-

2215 2497 2302 2543 tur
2353 2497 2536 2542 autem
2577 2486 2851 2557 quomodo
2897 2486 2950 2541 in
3002 2486 3085 2541 his
3137 2487 3228 2557 qui
3281 2485 3415 2540 loris
3459 2495 3615 2540 erant
3668 2486 3834 2539 inter

2212 2583 2405 2650 malos,
2431 2591 2490 2638 et
2511 2582 2637 2636 boni
2666 2582 2831 2651 aliqui
2854 2582 2968 2636 sint
2987 2581 3225 2650 reperti?
3255 2580 3408 2635 nunc
3434 2580 3615 2635 locum
3650 2577 3671 2616 ί
3711 2580 3837 2648 ple—

2213 2676 2334 2730 nius
2363 2684 2558 2729 tractat
2599 2674 2891 2741 Apostolus
2924 2673 2990 2727 ad
3025 2672 3302 2728 Romanos
3341 2671 3449 2745 [ΑΙ.
3483 2670 3703 2726 additur
3736 2671 3833 2725 dio

2211 2768 2365 2842 cens]
2394 2767 2569 2839 (Rom.
2596 2784 2656 2831 ιι,
2689 2766 2798 2839 is):
2823 2766 2969 2838 quod
2992 2778 3185 2835 gentes
3209 2765 3532 2821 naturaliter
3555 2762 3834 2818 lacientes

2211 2876 2275 2917 ea
2296 2876 2417 2932 quae
2444 2861 2580 2931 legis
2611 2870 2759 2921 sunt,
2779 2859 3151 2914 eondemnent
3171 2857 3411 2925 Judazos,
3435 2856 3524 2927 qui
3554 2856 3835 2925 scriptam

2213 2954 2388 3025 legem
2425 2968 2534 3008 non
2582 2951 2828 3007 iecerint.
2857 2951 3009 3004 Inter
3040 2951 3187 3019 ipsos
3217 2964 3437 3019 quoque
3454 2946 3710 3002 ethnicos
3743 2955 3837 3001 est

2212 3046 2500 3103 diversitas
2536 3046 2745 3101 inﬁnita
2772 3061 2788 3110 ;
2819 3059 2942 3099 cum
2969 3045 3207 3099 sciamus
3227 3044 3363 3096 alios
3390 3056 3514 3096 esse
3546 3040 3837 3109 proclives

2213 3141 2282 3198 ad
2316 3142 2443 3196 vitia
2464 3150 2518 3196 et
2550 3141 2707 3213 176
2738 3148 2956 3194 ruentes
2986 3137 3053 3191 ad
3085 3136 3260 3191 mala:
3290 3136 3426 3190 alios
3457 3133 3526 3189 ob
3553 3134 3837 3189 honesta-

516 3235 713 3291 melius
735 3244 819 3290 est
842 3242 899 3289 ut
938 3233 1635 3305 propheltninlelliganlttr,
1662 3250 1822 3305 quam
1847 3234 2109 3305 apostoli:
2139 3213 2187 3278 (ἶ
2218 3246 2327 3293 tem
2357 3251 2570 3292 morum
2604 3234 2894 3289 virtutibus
2923 3231 3158 3287 deditos.

524 3327 598 3384 ita
625 3336 803 3382 tamen
836 3328 880 3381 si
904 3342 1090 3397 supra,
1120 3342 1318 3392 servus,
1341 3328 1576 3397 scriptus
1599 3326 1781 3382 fuerit.
1814 3326 1908 3383 Sin
1933 3336 2111 3381 autem

515 3435 721 3484 servos,
762 3418 962 3474 ibidem
994 3418 1175 3488 legas,
1218 3420 1304 3474 hic
1344 3419 1567 3478 secundi
1611 3419 1785 3486 servi,
1815 3416 1842 3455 ά
1881 3419 2113 3489 apostoli

515 3511 851 3583 intelligendi
898 3521 1046 3566 sunt.
1084 3511 1375 3565 Prandium
1424 3523 1707 3580 paratum.
1747 3520 1804 3567 et
1850 3513 2021 3576 tauri,
2064 3520 2118 3567 et

514 3606 688 3663 altilia
720 3607 921 3673 occisa,
948 3605 1036 3662 vel
1068 3620 1163 3673 per
1190 3604 1566 3677 metaphoram
1602 3608 1760 3681 175
1790 3621 1923 3675 opes
1952 3607 2118 3678 regite

520 3698 938 3762 describuntur,
983 3709 1047 3753 ut
1075 3713 1141 3754 ex
1173 3698 1485 3754 carnalibus
1537 3699 1908 3768 intelligantur
1955 3699 2117 3765 spiri-

522 3791 726 3857 tnalia;
767 3791 851 3846 vel
889 3799 1039 3845 certe
1079 3789 1392 3859 dogmatum
1424 3790 1760 3862 magnitudo,
1790 3799 1846 3845 ct
1872 3790 2117 3845 doctrina

522 3882 617 3938 Dei
649 3883 766 3953 lege
797 3883 1110 3949 plenissima
1135 3882 1326 3936 sentiri
1356 3891 1557 3952 potest.

599 3975 782 4046 (Vers.
815 3974 896 4044 6.)
938 3973 1005 4029 Et
1033 3974 1299 4038 abierunt,
1332 3974 1467 4030 alius
1492 3977 1545 4029 in
1573 3976 1747 4032 villam
1779 3993 1954 4042 suam,
1987 3977 2122 4030 alius

524 4084 645 4124 vero
683 4068 753 4121 ad
795 4069 1193 4139 negotiationem
1233 4084 1400 4122 suam.
1438 4066 1643 4137 Reliqui
1683 4083 1803 4122 vero
1850 4078 2121 4122 tenuerunt

527 4177 699 4216 sertos
724 4165 867 4234 ejus,
900 4170 949 4215 et
977 4159 1300 4215 contumeliis
1328 4160 1541 4227 a/fectos
1562 4202 1577 4226 ,
1627 4160 1941 4216 occiderunt.
1975 4161 2124 4216 Inter

529 4268 659 4319 eos,
706 4255 796 4323 qtti
832 4269 938 4309 non
980 4254 1247 4324 recipiunt
1279 4253 1560 4324 Evangelii
1602 4255 1881 4310 veritatem
1910 4296 1923 4315 ,
1958 4256 2121 4308 multa

529 4349 819 4405 diversitas
847 4358 955 4404 est.
982 4349 1202 4406 Minoris
1229 4351 1376 4406 enim
1404 4351 1649 4406 criminis
1688 4360 1812 4405 sunt
1843 4351 1935 4421 qui
1965 4365 2128 4404 oceu-

533 4442 641 4512 pati
670 4441 790 4496 aliis
818 4442 982 4496 rebus
1015 4442 1208 4495 venire
1234 4441 1783 4511 noluerunt,bisqui,
1810 4452 2127 4510 contempto

534 4533 816 4589 invitantis
842 4533 1059 4601 all‘ectu,
1091 4543 1367 4589 verterunt
1412 4532 1800 4588 humanitatem
1853 4533 1905 4587 in
1932 4532 2128 4588 crude-

2290 3329 2472 3402 (Vers.
2509 3327 2597 3393 il,
2638 3326 2749 3390 12.)
2789 3324 3009 3380 Intravit
3052 3333 3223 3378 autem
3247 3339 3367 3388 rex,
3401 3330 3453 3376 ut
3480 3321 3683 3375 rideret
3717 3321 3842 3376 dis-

2220 3421 2548 3477 cumbentes:
2595 3429 2641 3474 et
2681 3419 2809 3473 uidit
2844 3419 2916 3472 ibi
2946 3419 3203 3472 hominem
3246 3433 3350 3469 non
3392 3414 3630 3470 vestitum
3674 3423 3844 3467 veste

2222 3515 2469 3586 nuptiali,
2504 3524 2549 3567 et
2579 3513 2653 3566 ait
2681 3510 2765 3566 illi
2789 3528 2807 3565 :
2839 3511 3036 3579 Amice,
3069 3508 3325 3579 quomodo
3351 3507 3451 3561 huc
3481 3506 3685 3560 intrasti
3721 3521 3840 3558 non

2224 3606 2416 3660 habens
2440 3615 2629 3659 vestem
2660 3602 2991 3676 nuptialem?
3019 3602 3081 3655 At
3104 3599 3196 3655 ille
3221 3600 3495 3654 obmutuit.
3522 3597 3585 3652 lli
3612 3596 3710 3667 qui
3750 3597 3845 3650 in-

2223 3700 2377 3755 vitati
2416 3699 2625 3755 fuerant
2663 3697 2729 3751 ad
2773 3697 3011 3764 nuptias,
3048 3695 3116 3750 de
3157 3694 3381 3763 sepibus
3407 3701 3460 3748 et
3493 3690 3749 3760 angulis,
3785 3698 3849 3744 et

2226 3790 2442 3863 plateis,
2474 3800 2531 3846 et
2558 3788 2793 3845 diversis
2816 3788 2972 3853 locis,
3015 3801 3226 3842 ccenam
3262 3786 3409 3854 regis
3438 3784 3842 3853 impleverant.

2229 3885 2336 3941 Sed
2369 3897 2559 3953 postea
2591 3898 2712 3938 cum
2742 3884 2988 3937 venisset
3018 3896 3136 3944 rex,
3160 3889 3218 3934 ut
3249 3879 3458 3935 videret
3484 3875 3851 3932 discumben-

2228 3989 2310 4033 tes
2341 3978 2394 4033 in
2419 3977 2669 4033 convivio
2691 3989 2790 4028 suo
2820 3973 2947 4042 (hoc
2969 3972 3143 4036 est,in
3169 3986 3266 4026 sua
3293 3970 3445 4038 quasi
3475 3969 3577 4023 ﬁde
3610 3969 3851 4034 requie-

2226 4080 2481 4131 scentes;
2510 4077 2565 4121 nt
2597 4070 2647 4122 in
2673 4067 2759 4120 die
2784 4066 2973 4136 jutlicii
2999 4065 3219 4118 visitare
3239 4065 3525 4125 convivas,
3552 4067 3607 4114 et
3632 4059 3852 4113 discer-

2227 4171 2381 4218 neret
2425 4162 2615 4214 merita
2644 4158 3056 4227 singulorum),
3109 4157 3317 4210 invenit
3358 4169 3527 4208 unum
3554 4153 3646 4224 qui
3683 4165 3853 4209 veste

2229 4257 2446 4312 indutus
2490 4269 2594 4308 non
2628 4265 2740 4308 erat
2790 4251 3037 4322 nuptiali.
3067 4249 3218 4306 Unus
3267 4251 3406 4316 iSle,
3448 4258 3473 4294 8
3504 4261 3701 4300 omnes
3750 4248 3851 4315 qui

2230 4351 2421 4406 sociati
2452 4359 2579 4403 sunt
2610 4347 2816 4402 malitia
2851 4346 3248 4416 intelliguntur.
3291 4342 3471 4398 Vesus
3501 4349 3684 4395 autem
3748 4357 3858 4395 nu-

2234 4441 2435 4513 ptialis,
2453 4449 2721 4511 prtecepta
2744 4449 2869 4494 sunt
2893 4437 3130 4502 Domini,
3149 4448 3205 4493 et
3228 4451 3395 4507 opera
3414 4449 3533 4503 qua:
3550 4432 3859 4502 complen-

2236 4544 2322 4590 tur
2350 4550 2416 4590 ex
2456 4536 2571 4603 lege
2603 4544 2656 4588 et
2692 4532 2992 4601 Evangelio
3012 4575 3026 4600 ,
3063 4530 3299 4600 novique
3327 4526 3564 4581 hominis
3592 4522 3721 4578 ethc
3751 4536 3858 4579 unt

532 4628 740 4684 litatem
764 4672 776 4693 ,
805 4639 855 4683 et
886 4640 1065 4683 lentos
1087 4643 1273 4684 servos
1306 4629 1452 4699 regis
1472 4669 1486 4693 ,
1515 4628 1601 4683 vel
1631 4627 1972 4683 contumeliis
1995 4629 2128 4682 all‘e-
2159 4606 2208 4667 D
2236 4629 2641 4684 vestimentum.
2668 4625 2724 4681 Si
2756 4624 2877 4695 quis
2902 4626 3061 4696 igitur
3088 4625 3139 4679 in
3169 4635 3415 4693 tempore
3431 4619 3624 4690 judicii
3657 4621 3859 4674 inven-

528 4729 743 4788 cernat,
760 4721 845 4776 vel
870 4720 1206 4776 occiderunt.
1233 4721 1289 4776 In
1318 4721 1417 4775 hac
1444 4719 1699 4790 parabola
1732 4720 1918 4791 sponsi
1937 4721 2129 4776 siletur

606 5002 631 5029 ι
658 4990 860 5047 Vocem
906 4990 1101 5062 impetu
1141 5003 1274 5044 mss.
1307 4987 1482 5042 nostri
1512 4985 1809 5062 sufﬁciunt.
1842 4985 2017 5041 Antea
2050 4986 2123 5041 le-

530 5065 761 5136 gebatttr
788 5057 1205 5136 diuersorumque
1229 5070 1499 5136 uentorum
1521 5060 1621 5136 huc
1646 5057 1890 5125 illucque.

606 5134 633 5173 ιι
665 5134 958 5205 Origenes,
1002 5128 1301 5205 Aji'uirnm,
1354 5130 1561 5205 inquit,
1599 5128 1755 5205 homo
1799 5145 1890 5182 res:
1937 5130 2129 5205 tropice

538 5206 679 5261 Deus
713 5201 987 5260 et'Christi
1017 5202 1174 5258 Pater
1200 5219 1305 5257 esse
1349 5202 1570 5263 dicitur,
1603 5202 1803 5267 uuptim
1829 5210 2001 5254 autem
2037 5201 2131 5267 ﬁlii

531 5279 693 5348 regis,
715 5275 947 5332 Ecclesia
971 5274 1171 5348 Christi
1193 5288 1397 5348 sponsa:
1410 5287 1602 5342 sponso
1632 5272 1792 5348 ipsius
1819 5269 2021 5348 Christo
2051 5289 2129 5324 re-

536 5343 771 5413 stitutio;
799 5349 932 5401 servi
961 5364 1077 5402 vero
1104 5346 1172 5399 ad
1199 5343 1457 5399 vocandas
1502 5359 1585 5396 eos
1630 5343 1796 5406 missi,
1830 5344 1917 5408 qui
1942 5344 2009 5395 ad
2042 5360 2138 5396 nu-

535 5420 673 5493 ptias
717 5420 923 5493 fuerant
962 5418 1189 5493 invitati,
1227 5417 1265 5468 ii
1294 5425 1412 5493 sunt
1439 5414 1712 5493 propheta:
1740 5414 1998 5493 vaticiniis
2029 5417 2135 5467 suis

539 5485 648 5558 eos,
677 5485 767 5563 qui
794 5506 823 5546 e
858 5490 1052 5563 populo
1091 5498 1213 5542 sunt
1249 5487 1319 5541 ad
1346 5486 1579 5541 laetitiam
1612 5485 1906 5557 tempestive
1932 5500 2141 5537 conrer-

539 5571 848 5619 tentes.elc.

616 5607 850 5702 i'it’tinié
882 5633 952 5686 ita
994 5630 1212 5700 quidem
1251 5628 1481 5702 nlurinm
1517 5642 1743 5702 numero
1774 5642 1942 5702 servos
1970 5625 2139 5681 Vero-

544 5706 736 5772 nensis
765 5699 1108 5772 Evangelior.
1142 5702 1312 5755 codex
1344 5699 1764 5772 antiquissimus
1794 5699 2034 5772 praefert.

622 5770 653 5811 ἀ
678 5772 851 5830 Secus
882 5768 1144 5843 (frigenes
1168 5772 1357 5839 sensit,
1376 5768 1527 5825 Missi
1554 5772 1685 5827 servi
1711 5769 1885 5837 alteri,
1914 5770 2051 5825 alius
2072 5778 2147 5825 est

541 5846 947 5917 prophetarum
976 5855 1152 5900 cintus.

2236 4730 2323 4777 tus
2354 4718 2518 4775 fuerit
2544 4719 2645 4773 sub
2679 4718 2899 4772 nomine
2919 4716 3232 4772 Christiano
3262 4731 3368 4771 non
3401 4713 3604 4769 habere
3625 4721 3854 4768 vestem

2306 4995 2329 5023 ε
2365 4983 2561 5039 lterum
2595 4999 2661 5038 ex
2691 4982 2917 5053 Origine
2946 5002 2955 5038 :
2991 4982 3083 5039 Ira
3112 4984 3248 5056 regis
3286 5001 3343 5039 ea
3381 4983 3721 5049 intelligitur,
3757 5001 3863 5039 cu-

2230 5059 2315 5127 ius
2354 5057 2417 5111 de
2452 5057 2655 5109 Iudaeis
2702 5056 2911 5122 loquens
2941 5099 2955 5120 ,
3006 5056 3288 5127 Apostolus
3336 5056 3648 5127 mentionem
3696 5056 3861 5126 facit,

2235 5129 2491 5184 Pervenit
2538 5136 2713 5181 autem
2763 5129 2838 5180 ira
2893 5126 3057 5196 super
3103 5128 3224 5180 illos
3258 5142 3430 5195 usque
3460 5126 3737 5196 inilinetu.
3776 5130 3863 5184 Ad

2236 5201 2347 5255 ha’c
2370 5199 2560 5253 bellum
2586 5198 2833 5252 adversus
2850 5197 3067 5252 Iudicas
3086 5198 3413 5264 movendam,
3438 5206 3483 5250 et
3502 5195 3861 5268 Jcrosolymi.

2237 5282 2415 5327 tonum
2458 5270 2712 5324 excidium
2752 5268 3036 5342 populique
3080 5279 3195 5340 post
3236 5270 3430 5323 Christi
3462 5268 3739 5322 aduentum
3778 5274 3865 5327 his

2237 5343 2402 5397 verbis
2430 5342 2833 5411 pratnuntiatur.

2319 5412 2336 5451 ί
2389 5412 2748 5467 continenter
2806 5414 3114 5467 A-lamantii
3163 5411 3408 5479 vestigiis
3455 5411 3722 5484 insistit,
3764 5415 3867 5484 qui

2244 5494 2293 5539 et
2327 5483 2429 5539 hoc
2482 5486 2658 5553 ipsum
2713 5485 2913 5555 allegat
2966 5484 3115 5539 Pau'i
3163 5485 3231 5539 ad
3286 5484 3563 5538 Romanos
3600 5483 3869 5539 testimo-

2247 5571 2419 5609 lllllm.

2321 5636 2346 5673 8
2370 5627 2634 5694 Origenes
2656 5644 2668 5679 :
2694 5625 2867 5680 Unum
2898 5636 3212 5679 autemveste
3239 5627 3460 5694 nuptiali
3485 5641 3583 5677 uou
3608 5626 3867 5682 indutum

2251 5698 2399 5761 vidit,
2423 5699 2516 5752 sub
2545 5697 2693 5750 unico
2716 5714 2920 5764 genere.
2940 5698 3017 5751 vel
3039 5700 3207 5766 specie
3234 5702 3492 5751 universo.
3521 5699 3869 5764 compreheno

2251 5770 2401 5831 dens,
2428 5771 2516 5837 qui
2544 5770 2826 5837 nequitiam
2855 5771 2953 5823 sibi
2979 5781 3098 5824 ante
3126 5767 3284 5840 ﬁdem
3310 5768 3747 5824 adluercscentem
3777 5785 3869 5824 re-

2254 5839 2537 5910 tinuerunt,
2560 5856 2776 5907 eamque
2800 5841 3007 5895 minime
3035 5850 3309 5895 exuerunt.
