4004 6332
150 332 228 387 161

586 320 1242 383 COMMENTARIOHUM
1282 319 1347 377 ΙΝ
1392 318 1843 378 lLVANGELlUM
1886 318 2223 378 MATTHIEI
2264 318 2397 376 LIB.
2440 318 2530 377 Ill.
2573 318 2728 378 CAP.
2770 320 2942 379 XXII.

3306 320 3409 377 ΜΞ

144 444 436 515 nuptialem,
462 443 559 499 ltoc
588 451 705 507 est,
731 449 935 495 vestem
968 436 1379 509 supercmlestis
1409 434 1520 509 [AL
1554 434 1709 491 cmle-
1736 448 1787 508 Α
1814 435 2099 504 discipulos
2119 450 2241 488 suos
2266 448 2384 488 cum
2410 432 2747 501 Herodianis,
2769 434 3019 487 dicentes.
3048 428 3238 501 Nuper
3266 441 3288 469 ε
3313 429 3417 485 sub

145 536 256 609 stis]
289 534 541 598 hominis;
578 533 676 588 sed
710 544 916 585 vestem
956 530 1251 601 pollutam,
1282 526 1336 583 id
1362 537 1478 593 est,
1511 528 1719 581 veteris

142 628 350 684 hominis
375 626 628 687 exuvias,
653 623 743 679 bic
768 622 955 679 statim
977 622 1297 693 corripitur,
1322 629 1377 676 et
1406 620 1608 675 dicitur
1632 619 1711 674 ei:

142 720 325 783 Amice,
368 718 624 789 quomodo
651 715 752 770 huc
790 714 1048 770 intrasti?
1077 714 1331 768 Amicum
1362 724 1542 776 vocat,
1570 710 1715 783 quod

142 814 375 870 invitatus
410 812 479 866 ad
517 809 738 880 nuptias
775 816 895 864 est:
945 804 1123 876 arguit
1159 803 1540 875 impudentiae,
1571 801 1716 872 quod

142 917 271 964 veste
302 903 521 960 sordida
561 902 859 958 munditias
905 899 1164 970 polluerit
1203 898 1498 966 nuptiales.
1537 895 1720 951 Atille

143 1001 381 1056 obmutuit.
412 997 468 1052 In
504 1008 754 1066 tempore
782 993 930 1050 enim
965 992 1058 1047 illo
1086 1008 1194 1045 non
1222 990 1332 1046 erit
1362 989 1516 1044 locus
1546 998 1570 1025 ἰ
1601 1002 1718 1057 βω·

142 1093 377 1158 nitentiae,
402 1105 504 1146 nec
534 1087 770 1160 negandi
799 1085 1058 1154 facultas,
1085 1100 1207 1139 cum
1236 1097 1430 1138 omnes
1454 1080 1635 1152 angeli
1663 1088 1719 1135 et

142 1187 348 1245 mundus
371 1184 494 1257 ipse
516 1185 677 1239 testis
698 1184 770 1237 sit
800 1190 1177 1249 peccatorum.

203 1276 370 1351 (νει-δ.
391 1276 509 1343 15.)
532 1274 682 1330 Tunc
702 1273 837 1327 dixit
859 1289 950 1327 rex
975 1271 1258 1325 ministris:
1282 1268 1483 1339 Ligatis
1504 1266 1719 1339 pedibus

144 1381 183 1428 et
215 1368 433 1424 manibus
476 1371 629 1440 ejus,
674 1365 858 1420 mittite
899 1380 1013 1417 eum
1054 1364 1107 1416 in
1139 1361 1373 1416 tenebras
1403 1360 1721 1425 exteriores;

146 1464 203 1519 ibi
225 1462 310 1517 erit
334 1462 489 1532 ﬂetus
520 1469 568 1513 et
598 1459 793 1513 stridor
820 1456 1074 1510 dentium.
1107 1454 1297 1509 Manus
1324 1454 1515 1524 ligatas
1544 1460 1600 1507 et
1629 1466 1723 1521 pe-

144 1557 242 1624 des,
267 1554 561 1623 ﬂetumque
584 1552 890 1617 oculorum,
921 1557 980 1604 et
1007 1547 1301 1602 stridorem
1341 1546 1611 1610 dentium,
1640 1544 1722 1599 vel

146 1649 199 1703 ad
216 1645 671 1716 comprobandum
698 1639 1124 1698 resurrectionis
1144 1638 1386 1709 intelligo
1409 1639 1716 1693 veritatem.

146 1740 225 1796 Vel
257 1748 396 1794 certe
434 1738 566 1793 ideo
598 1738 836 1808 ligantur
876 1749 1070 1787 manus
1109 1742 1164 1787 et
1196 1732 1399 1799 pedes,
1436 1739 1493 1784 ttt
1519 1728 1547 1768 δ
1580 1730 1722 1784 rnale

1815 528 2032 584 Caesare
2054 531 2301 598 Augusto
2323 526 2508 584 .lttdaea
2531 526 2777 597 subjecta
2805 526 3095 594 Romanis,
3121 524 3340 597 quando
3364 523 3417 580 in

1817 628 1937 675 toto
1966 621 2101 676 orbe
2123 628 2211 677 est
2238 620 2510 676 celebrata
2539 619 2859 688 descriptio,
2895 618 3250 689 stipendiaria
3277 618 3419 672 facta

1816 715 2016 782 fuerat,
2048 722 2107 772 et
2129 725 2249 770 erat
2279 714 2335 769 in
2369 713 2573 783 populo
2620 726 2814 784 magna
2843 711 3042 767 seditio
3062 753 3077 776 ,
3110 709 3421 766 dicentibus

1819 808 1941 864 aliis
1967 823 2067 877 pro
2092 809 2386 864 securitate
2409 818 2464 864 et
2493 807 2701 879 quiete,
2732 822 2838 878 qua
2868 805 3100 880 [Rhabb.
3133 804 3282 878 quia]
3315 803 3423 859 Ho-

1819 903 1965 957 mani
2011 916 2110 972 pro
2151 902 2410 957 omnibus
2440 900 2760 969 militarent,
2799 900 3004 956 debere
3051 900 3254 956 tributa
3299 913 3425 969 per-

1822 995 1957 1050 solvi
1982 1012 1997 1050 :
2021 994 2315 1051 Pltarisaris
2355 1010 2487 1049 vero
2510 1035 2525 1056 ,
2557 994 2649 1064 qui
2677 993 2781 1049 sibi
2814 991 3226 1064 applaudebant
3251 992 3320 1048 de
3343 991 3431 1061 ju-

1821 1086 1993 1154 stitia,
2026 1087 2337 1142 econtrario
2375 1083 2402 1122 ἀ
2432 1085 2767 1152 dicentibus,
2794 1100 2903 1140 non
2944 1085 3146 1141 debere
3166 1084 3429 1156 populum

1824 1178 1919 1235 Dei
1950 1177 2061 1250 (qui
2085 1177 2329 1234 decimas
2352 1176 2616 1243 solveret,
2646 1184 2703 1232 et
2728 1174 3002 1247 primitiva
3033 1175 3214 1244 daret,
3240 1184 3297 1232 et
3321 1192 3429 1232 cat-

1822 1278 1941 1325 tera
1971 1286 2094 1340 qua:
2127 1269 2182 1323 in
2214 1268 2357 1339 Lege
2385 1268 2591 1338 scripta
2621 1275 2772 1333 sunt,
2805 1265 3035 1339 faceret)
3060 1267 3310 1322 Immanis
3336 1268 3418 1324 le-

1822 1364 1981 1435 gibus
2009 1362 2314 1434 subjacere.
2360 1362 2545 1418 Caesar
2580 1361 2857 1433 Augustus
2886 1360 3160 1417 Herodem
3195 1364 3220 1393 °
3250 1362 3423 1418 lilium

1826 1456 2132 1526 Antipatris
2152 1456 2519 1526 alienigenam
2542 1464 2596 1511 et
2619 1454 2985 1525 proselytum,
3016 1470 3197 1525 regem
3221 1455 3427 1512 ludatis

1824 1552 2215 1617 constituerat,
2246 1549 2339 1619 qni
2380 1547 2601 1603 tributis
2645 1554 2941 1618 praeesset,
2973 1557 3032 1603 et
3060 1547 3309 1603 Romano
3337 1564 3432 1619 pa-

1826 1652 1971 1698 reret
1996 1641 2249 1711 imperio.
2277 1640 2500 1695 Mittunt
2522 1640 2684 1711 igitur
2711 1639 3288 1710 Pltaristeidiscipulos
3304 1656 3433 1698 suos

1828 1751 1951 1792 cum
1987 1734 2332 1800 llerodianis,
2364 1733 2416 1789 id
2447 1743 2551 1801 est,
2585 1733 2852 1788 militibus
2882 1731 3135 1797 Herodis,
3167 1748 3266 1790 seu
3291 1749 3431 1803 quos

148 1834 359 1905 operari,
381 1844 431 1885 et
455 1844 688 1886 currere
708 1827 973 1883 desistant
993 1825 1060 1880 ad
1088 1823 1475 1880 etl‘undendum
1506 1823 1727 1893 sangui—
1756 1842 1806 1903 Β
1832 1827 2125 1882 illndentes
2170 1825 2429 1881 Pharisa'i
2483 1823 2502 1862 τ
2544 1825 2669 1895 quia
2702 1823 2964 1879 Romanis
3012 1824 3217 1880 tributa
3248 1824 3431 1881 solve-

156 1943 277 1982 netu.
299 1925 352 1979 lo
373 1924 504 1979 ﬂetu
534 1936 760 1995 quoque
787 1921 1094 1986 oculorum,
1117 1928 1173 1974 et
1198 1917 1437 1973 stridore
1459 1915 1726 1983 dentium,

150 2035 229 2091 per
255 2016 630 2089 metaphoram
677 2014 1051 2069 membrorum
1083 2007 1487 2081 corporalium,
1522 2008 1731 2077 magni-

153 2111 261 2167 tudo
283 2110 587 2166 ostenditur
618 2113 1037 2162 tormentorum.

208 2205 367 2273 (νει-ς.
405 2200 523 2273 14.)
584 2198 743 2255 Multi
776 2208 948 2253 autem
994 2206 1113 2251 sunt
1151 2195 1319 2250 vocati
1351 2235 1367 2261 ,
1409 2193 1564 2264 pauci
1610 2209 1727 2248 vero

152 2298 294 2353 electi.
316 2297 518 2352 Omnes
569 2294 863 2365 parabolas
908 2291 1055 2346 brevi
1085 2289 1355 2345 sententia
1391 2288 1545 2361 177
1578 2304 1727 2344 com-

152 2390 430 2462 prehendit:
460 2390 615 2460 quod
638 2398 695 2443 et
725 2388 778 2441 in
800 2401 970 2455 opere
987 2385 1181 2452 viuere,
1197 2392 1254 2440 et
1281 2382 1336 2437 in
1361 2384 1726 2439 :BdiliCatinne

157 2482 349 2549 domus,
376 2483 514 2538 etin
553 2479 812 2536 convivio
835 2478 1090 2549 nuptiali,
1125 2493 1232 2532 non
1274 2475 1450 2543 initia,
1475 2476 1571 2531 sed
1604 2475 1729 2532 linis

159 2588 416 2647 quaeratur.

216 2667 375 2742 (Vers.
428 2665 554 2739 15.)
623 2664 1066 2726 Tuncabeuntes
1106 2660 1409 2725 Phariswi,
1458 2661 1732 2716 consilium

160 2762 382 2831 inierunt,
413 2772 466 2817 ut
515 2768 768 2831 caperent
789 2774 905 2814 eum
948 2758 1003 2812 in
1031 2772 1281 2812 sermone.
1333 2754 1403 2809 Et
1433 2757 1643 2811 mittunt
1689 2757 1735 2811 ei

199 2931 243 3004 ο·
260 2922 494 3004 Quinque
515 2932 662 2975 mss.
679 2911 1017 2987 impudentia:
1036 2912 1261 2978 habent,
1285 2928 1384 2985 pro
1405 2913 1732 2985 pwniletttiw.

167 2995 248 3104 sui
264 2993 631 3135 ﬂgitium.
661 3059 749 3135 ait
765 3056 1250 3135 Adamanti_os_,“uti
1270 3055 1531 3123 decuerat,
1556 3060 1738 3111 ambu-

171 3129 454 3207 larit,neque
482 3149 551 3189 ea
580 3146 694 3201 quin
715 3132 953 3185 decuerat
983 3131 1104 3201 egit.
1128 3129 1225 3184 llic
1247 3142 1359 3183 tres
1384 3142 1739 3184 mss.currere

172 3208 393 3261 desinant.

231 3289 249 3300 .
272 3277 507 3300 m-.:,s-...
551 3272 668 3300 0......
694 3271 879 3300 ..Λ-διει-
908 3271 1168 3300 n-:.m.um
1194 3289 1206 3300 .
1247 3270 1583 3300 οηρκὲιι.ιη-;-
1614 3280 1709 3300 ιη...
1768 3236 1813 3300 C

230 3289 250 3318 ε
272 3277 511 3335 Totidem
550 3272 669 3328 fere
694 3271 882 3327 verbis
908 3271 1207 3342 Origenes:
1241 3270 1583 3342 Sospitatoris
1612 3280 1741 3324 tent-

177 3351 383 3421 poribus,
432 3363 556 3401 cnm
601 3342 847 3421 tributum
895 3342 1143 3421 Romanis
1184 3343 1579 3421 pettderehjussi
1624 3354 1745 3397 sunt

177 3411 455 3487 ludatipde
502 3433 571 3473 eo
608 3416 746 3469 inter
791 3432 875 3487 eos
922 3411 1280 3487 disputatum,
1309 3411 1747 3487 deliberatumque

176 3502 233 3548 est
254 3484 409 3547 utrum
429 3496 788 3544 consecratam
816 3484 925 3539 Deo
949 3484 1400 3557 gentent,qttteqne
1429 3484 1588 3555 ipsius
1619 3493 1748 3540 esset

179 3565 346 3634 portio,
371 3563 627 3617 tributum
657 3556 1191 3634 principibussolvere
1230 3571 1626 3634 consentaneum
1656 3561 1745 3621 sit,

179 3626 233 3687 an
264 3626 346 3708 pro
387 3634 630 3688 libertate
656 3626 855 3708 certare
876 3668 894 3692 ,
938 3629 983 3708 si
1009 3632 1167 3708 pitam
1195 3643 1294 3708 pro
1320 3626 1530 3708 arbitrio
1561 3628 1749 3708 ducere

179 3697 468 3762 m'liceat.
516 3715 570 3758 et
600 3700 849 3754 tributum
890 3699 1103 3752 minime
1140 3697 1383 3765 pendere.
1420 3697 1612 3751 Notum
1643 3699 1752 3753 sci—

182 3776 314 3842 licot,
356 3787 473 3847 post
512 3772 794 3847 Archelai
832 3771 992 3847 unius
1037 3786 1104 3824 ex
1153 3767 1441 3847 tetrarchis
1472 3770 1747 3847 exsilium,

181 3840 425 3903 reductam
453 3847 510 3900 in
549 3840 845 3914 pravincia:
881 3841 1440 3914 fortnattt,_Syrimqne
1472 3840 1641 3896 l'nisse
1670 3850 1752 3895 at-

184 3920 404 3973 tributam
424 3911 710 3973 .lndamm:
734 3924 894 3978 atque
908 3914 1106 3968 exinde
1128 3911 1322 3966 factam
1342 3914 1750 3967 celeberrimam

184 3989 579 4060 descriptionem
601 3983 812 4060 Quirini
841 3983 1092 4060 praesidis
1119 3984 1289 4060 Syria-
1318 3984 1409 4060 qui
1439 3981 1751 4060 Juda-orum

186 4054 442 4116 facultates
483 4059 726 4114 censuit.
766 4054 922 4110 Tunc
949 4056 1159 4120 aliquos
1192 4054 1488 4110 rebellasse
1511 4098 1525 4122 ,
1565 4057 1754 4123 princi-

187 4144 370 4202 pueqtte
398 4132 598 4187 .Indatn
629 4128 914 4202 quemdam
947 4125 1271 4202 Oaulani‘ten
1306 4124 1607 4202 (Origenes
1650 4125 1757 4202 Ga-

189 4196 353 4273 lilteim
374 4206 522 4265 dicit,
540 4196 695 4273 cujus
710 4199 765 4252 in
784 4196 1133 4273 apostolorum
1148 4196 1290 4251 Actis
1307 4199 1613 4273 mentionem
1633 4199 1758 4273 facit

188 4272 360 4346 Lucas)
386 4268 765 4345 plurimosque
796 4268 863 4346 ad
901 4270 1325 4346 delecttonem‘a
1361 4268 1618 4346 Humanis
1651 4269 1757 4323 itu-

189 4338 400 4413 putisse,
434 4354 640 4400 auctor
677 4338 761 4395 est
806 4338 1077 4411 Josephus
1114 4339 1211 4394 lib.
1252 4340 1546 4411 Antiquitt.
1593 4356 1758 4409 svnt,

188 4428 289 4472 αι).
318 4431 354 4472 Ι.

243 4430 413 4543 £3ili-es
439 4485 673 4542 Palatini
693 4482 1116 4538 mss.econtrario
1137 4482 1414 4537 nitentibus
1436 4498 1539 4537 non
1557 4481 1758 4553 debere,

193 4565 308 4624 etc.,
336 4562 420 4625 qui
446 4567 506 4614 et
536 4556 703 4623 paulo
748 4565 869 4626 post
900 4558 1148 4625 verbum,
1191 4556 1400 4626 faceret,
1438 4556 1763 4625 praetermit-

196 4634 316 4685 lunt.
343 4632 430 4686 Sic
466 4628 686 4684 thabb.

255 4710 279 4739 ⁶
301 4701 497 4756 Eodem
539 4698 893 4767 prosequitur
921 4706 1085 4766 atque
1114 4696 1379 4767 Origenes
1414 4698 1583 4769 gradu
1610 4715 1623 4750 :
1667 4696 1770 4769 Qui

197 4779 301 4825 tunc
342 4778 562 4841 proterat
611 4769 872 4825 tetrarcha
903 4769 1180 4840 (Herodes
1203 4768 1463 4838 Antipts.
1507 4784 1669 4837 quem
1701 4768 1772 4824 de

196 4840 391 4901 nomine
437 4852 601 4898 vocat
654 4842 1058 4912 Hieronymus,
1111 4841 1277 4911 ﬁlium
1330 4840 1661 4912 Antipatris:
1718 4843 1769 4896 itt

198 4914 300 4968 aliis
344 4916 499 4969 libris
530 4911 841 4985 Antipatri)
884 4911 1080 4984 papula
1133 4912 1442 4979 persuadere
1462 4911 1771 4979 'conabatur,

251 4988 413 5041 menti
449 5001 630 5040 rerum
658 4985 820 5039 statui
864 5000 971 5038 sese
1000 4992 1059 5037 ut
1085 4986 1521 5048 accommodaret,
1553 5000 1647 5039 nec
1687 5000 1780 5037 vo-

221 5059 459 5129 untarinm
489 5067 675 5111 contra
699 5056 1007 5129 potentiores
1038 5054 1227 5109 bellum
1277 5058 1583 5128 susciperet,
1612 5063 1659 5109 et
1694 5072 1778 5113 ve-

202 5128 386 5199 ctigalia
408 5129 647 5199 solveret.

267 5196 284 5238 ῖ
323 5198 395 5254 Ita
433 5212 490 5255 et
532 5198 799 5268 Origenes
840 5196 1163 5266 colligebat:
1208 5196 1323 5251 Viri
1373 5198 1563 5268 quippe
1608 5197 1777 5252 simile

207 5280 288 5332 est,
331 5272 412 5340 qui
440 5270 687 5324 tributum
713 5267 906 5325 Caesari
931 5269 984 5322 in
1018 5268 1208 5339 popqu
1238 5268 1390 5340 pendi
1425 5267 1631 5337 vir'lltnt,
1664 5268 1770 5323 He-

209 5341 431 5412 roditmos
472 5341 557 5412 ab-
584 5342 659 5395 eis
708 5340 870 5412 fuisse
905 5342 1211 5412 appellatos,
1245 5340 1334 5411 qui
1366 5340 1419 5392 id
1450 5356 1775 5407 nequaquam

212 5410 476 5479 faciendum
517 5406 627 5467 esse
664 5406 817 5466 statui
833 5406 986 5482 bant;
1003 5411 1106 5478 Qui
1134 5406 1304 5465 autem
1332 5406 1584 5465 libertatis
1606 5413 1774 5482 specie

213 5481 351 5556 ducti,
379 5488 670 5556 quo‘mimts
696 5483 915 5556 uectigal
937 5480 1128 5556 _Ctesari
1155 5484 1513 5556 pensitaretur,
1544 5484 1582 5535 ii
1610 5480 1774 5554 fuisse

212 5553 255 5606 si
288 5552 425 5609 entur
475 5553 751 5614 Pharistei.
802 5552 909 5608 elc.
932 5552 1039 5608 Sed
1069 5552 1167 5608 nec
1217 5557 1361 5625 prior
1393 5552 1710 5625 Htermtymi
1740 5570 1769 5608 a

213 5627 565 5696 veroabludit
599 5626 870 5682 sententia
898 5667 910 5686 ,
946 5625 1284 5680 Herodianos
1332 5624 1501 5681 fuisse
1532 5624 1774 5696 appella-

218 5701 293 5749 tos
316 5695 532 5752 Herodis
554 5699 772 5762 milites,
790 5700 909 5752 sive
938 5699 1268 5752 domesticos
1295 5696 1413 5765 ejus
1444 5698 1773 5752 tributorum

222 5780 516 5835 coactores,
588 5770 842 5824 homines
897 5767 1146 5840 vectigali
1199 5783 1299 5839 per
1346 5772 1453 5823 vim
1507 5769 1776 5840 exigendo

225 5847 480 5910 promptos
532 5850 692 5913 atque
748 5839 1096 5910 expetitos:
1153 5856 1477 5911 quamquam
1534 5839 1776 5900 notatum

1831 1923 1980 1989 bant,
2020 1920 2359 1976 Ilerodianos
2387 1919 2675 1985 vocabant,
2708 1928 2765 1973 et
2796 1934 2903 1974 non
2933 1918 3118 1974 divino
3142 1918 3312 1973 cultui
3337 1918 3437 1974 de-

1830 2013 1995 2070 ditos.
2026 2012 2256 2082 Quidam
2283 2011 2601 2068 Latinorum
2635 2010 2866 2067 ridicule
2897 2010 3242 2067 Herodianus
3275 2012 3435 2085 178

1834 2118 2071 2180 putant,
2145 2109 2238 2178 qui
2291 2106 2563 2162 Herodem
2609 2105 2891 2162 Christum
2930 2121 3057 2163 esse
3102 2106 3439 2176 credebant,

1834 2200 2021 2273 Bquod
2058 2214 2326 2267 nusquam
2358 2199 2585 2254 omnino
2611 2198 2866 2270 legimus.

1904 2294 2085 2366 (Vers.
2121 2292 2240 2359 16.)
2264 2290 2541 2365 Magister,
2569 2292 2764 2346 scimus
2791 2291 2913 2361 quia
2934 2308 3092 2348 uerax
3120 2308 3195 2358 es,
3225 2301 3272 2347 et
3300 2291 3437 2347 viam

1831 2384 1927 2440 Dei
1959 2386 2015 2440 in
2054 2385 2269 2440 veritate
2304 2383 2462 2438 doces
2494 2399 2513 2438 :
2541 2392 2589 2437 et
2631 2399 2735 2438 non
2762 2392 2835 2439 est
2867 2383 2961 2438 tibi
2989 2400 3115 2439 cura
3147 2384 3211 2441 de
3236 2384 3437 2457 aliquo.

1834 2478 1958 2535 Non
1988 2479 2127 2533 enim
2149 2477 2364 2549 respicis
2384 2492 2660 2548 personam
2684 2477 2950 2530 hominum
2977 2492 2996 2531 :
3021 2475 3118 2530 Dic
3140 2493 3264 2549 ergo
3293 2476 3439 2533 nobis

1832 2571 1960 2643 quid
1987 2569 2078 2624 tibi
2113 2570 2312 2623 videtur
2343 2584 2362 2623 :
2389 2565 2531 2624 Licet
2558 2584 2770 2623 censum
2791 2567 2911 2623 dari
2947 2567 3174 2635 thsari,
3203 2586 3271 2623 an
3298 2572 3441 2625 non?

1835 2663 2044 2719 Blanda
2076 2659 2104 2699 ιι
2147 2670 2202 2717 et
2230 2659 2576 2716 fraudulenta
2609 2660 2998 2730 interrogatio,
3030 2660 3160 2716 illuc
3185 2667 3443 2729 provocat

1837 2755 2263 2830 respondentem
2291 2797 2307 2823 ,
2346 2763 2406 2810 ut
2438 2755 2613 2825 magis
2645 2755 2817 2811 Deum
2853 2769 3013 2825 quam
3051 2754 3327 2811 Caesarem
3374 2754 3441 2811 ti-

1844 2915 2042 2973 Huetio
2072 2913 2305 2970 Herodis
2329 2913 2547 2986 quidem
2597 2911 2772 2986 Magni
2803 2912 3159 2982 temporibus,
3199 2916 3288 2986 qui
3328 2918 3443 2985 pri.

1844 3005 1965 3042 mus
1994 2984 2528 3058 pentlendis‘cmsari
2556 2984 2776 3058 tributis
2806 3000 3025 3058 operam
3056 2984 3307 3052 contulit,
3332 2984 3439 3045 7mi-

1848 3056 2104 3128 lites,‘qni
2137 3074 2235 3129 per
2256 3056 2365 3111 vim
2400 3056 2490 3111 illa
2513 3057 2819 3129 exigi-rent,
2843 3056 3138 3125 exstitisse,
3171 3073 3277 3113 non
3310 3059 3439 3116 item

1846 3129 1996 3187 hirco
2020 3127 2250 3186 Hel-udis
2274 3129 2491 3199 Antipze
2515 3168 2530 3190 ,
2563 3127 2719 3199 cujus
2754 3129 3008 3196 potestati
3044 3132 3356 3195 neutiquam
3388 3132 3442 3189 id

1847 3206 2202 3273 permissum,
2232 3200 2325 3254 sed
2358 3198 2421 3253 ut"
2447 3198 2699 3270 precibus
2735 3209 2971 3266 tantum,
3002 3200 3354 3271 auctoritate,
3383 3215 3440 3260 et

1846 3273 2081 3329 oonsilio
2118 3280 2460 3341 procuraret.

1919 3354 1944 3393 s
1983 3339 2373 3415 Hieronymum
2414 3339 2670 3415 suggillat
2699 3340 2788 3415 hic
2826 3342 3068 3412 Scaliger
3096 3344 3148 3398 itt
3182 3344 3446 3402 Eusebia-

1849 3416 1933 3472 nis
1981 3413 2568 3471 animadversionibus.
2607 3413 2790 3478 Quod,
2818 3423 2880 3469 ut
2913 3418 3015 3478 ait,
3052 3431 3155 3469 non
3188 3415 3361 3473 Latini
3387 3418 3443 3471 id

1849 3488 2191 3561 prodiderunt
2225 3530 2239 3554 ,
2293 3488 2493 3561 sedem
2544 3486 2795 3561 ueteribus
2838 3483 3031 3561 (uitreis
3080 3485 3446 3561 Epiphanius,

1849 3554 2061 3614 Crwcus
2092 3567 2138 3612 et
2169 3573 2279 3629 ipse
2306 3557 2527 3629 scriptor
2556 3554 2611 3608 id
2640 3555 2834 3611 retulit.
2864 3556 3097 3614 Temere
3123 3554 3405 3615 enimvero
3431 3554 3447 3626 ξ

1852 3630 2170 3686 Latinorum
2198 3628 2341 3684 enim
2368 3628 2537 3702 multo
2558 3638 2915 3702 vetusttorum
2947 3630 3276 3702 Epiphanio.
3304 3634 3448 3702 quod

1853 3703 2160 3757 rectissime
2199 3711 2383 3755 monet
2408 3700 2465 3755 S.
2505 3700 2684 3768 l'ater,
2709 3698 2952 3768 opinatio
2984 3704 3100 3756 lnrc
3139 3701 3263 3757 fuit.
3293 3698 3446 3758 [Lati-

1855 3790 1955 3829 nus
1999 3776 2183 3840 utique
2228 3770 2461 3838 scriptor
2506 3769 3053 3837 Tertulliaous,sive
3097 3784 3288 3829 auctor
3312 3776 3451 3831 alte-

1854 3844 1969 3899 rius
2000 3848 2167 3916 partis
2192 3844 2311 3916 libri
2344 3848 2412 3916 tle
2442 3840 2753 3916 Prtrsctjpt.
2776 3842 2990 3916 advers.
3016 3843 3294 3914 lia-relic,
3324 3861 3447 3916 cap.

1854 3917 1957 3971 45:
1995 3914 2366 3976 Prtetermitto,
2400 3913 2594 3977 inquit,
2628 3912 2945 3968 Phariueos.
2966 3953 3005 3967 ..
3035 3930 3157 3969 cum
3184 3912 3452 3971 bisetiam

1860 3986 2231 4051 Herodianos,
2289 3985 2376 4055 qui
2418 3982 2681 4038 Christum
2722 3982 2987 4045 Herodem
3024 4002 3135 4041 esse
3186 3988 3449 4042 dixerunt.

1857 4059 2104 4126 Itemque
2139 4057 2369 4112 Latinos
2409 4055 2679 4110 Pliilaster
2728 4056 3025 4128 [trivit-usis
3051 4098 3081 4128 ,_
3112 4061 3201 4128 qtti
3245 4058 3453 4125 aliquot.

1859 4129 2249 4200 Hterttnymntn
2270 4140 2458 4200 annos
2488 4129 2794 4200 praecessit,
2826 4126 3030 4200 lla-res.
3058 4126 3151 4197 28,
3180 4131 3249 4185 de
3277 4131 3452 4186 Hero-

1859 4197 2208 4267 diana-Qui,
2232 4199 2326 4262 ait.
2355 4197 2613 4270 Herodem
2633 4215 2800 4270 regem
2821 4197 3126 4253 Juda’orum
3153 4218 3450 4270 percussum

1861 4272 1926 4326 ab
1951 4272 2157 4343 angtlo,
2180 4273 2349 4344 ipsum
2374 4279 2428 4323 ut
2451 4267 2711 4344 Christum
2739 4279 3003 4344 sperantes
3024 4267 3346 4344 exspectant.
3374 4275 3456 4330 Ex
3486 4306 3509 4326 .

1864 4341 2057 4414 quibus
2072 4341 2218 4415 (ntid
2233 4356 2443 4411 quoth
2455 4341 2632 4417 obiter
2641 4341 2713 4417 de
2726 4342 2952 4417 ridicula
2964 4343 3220 4412 opinione
3232 4345 3454 4417 addam)

1863 4411 2048 4471 videas
2082 4411 2342 4486 auctores
2362 4411 2470 4486 _qui
2498 4412 2568 4467 de
2598 4413 2686 4486 illa
2731 4411 3102 4486 scripserunt,
3133 4416 3269 4471 alios
3295 4411 3459 4486 atque

1863 4486 2005 4558 alios
2022 4484 2267 4558 Herodes
2276 4484 2375 4540 sibi
2399 4483 2735 4558 persuasisse
2751 4486 2819 4539 ab
2846 4483 3172 4558 llerodianis
3196 4503 3297 4558 pro
3322 4483 3462 4545 Hes-

1870 4556 1948 4613 sia
1969 4557 2205 4632 habitos.
2226 4555 2356 4611 Nam
2378 4554 2523 4632 quod
2549 4554 2913 4632 Hieronymus
2934 4556 3004 4632 de
3031 4554 3238 4632 Herode
3262 4564 3459 4632 Antipa

1794 4630 1846 4691 ι)
1873 4638 2054 4697 natat,
2090 4628 2365 4701 Philaster
2390 4627 2460 4701 de
2498 4625 2733 4697 Agrippa
2760 4625 3079 4701 'Aristltbuli
3128 4629 3241 4684 lilio
3270 4625 3464 4701 sentit,

1872 4696 2265 4767 cnjus’nteotio
2304 4707 2391 4754 est
2428 4696 2761 4768 ActorJu,
2788 4699 2880 4755 ἓξ.
2913 4699 3247 4769 Epiphanius
3277 4696 3461 4759 autem

1872 4787 1902 4847 ρ
1923 4772 2208 4847 Scaligero
2240 4768 2514 4847 laudatus.
2543 4779 2600 4824 et
2636 4769 2822 4826 Niceta
2850 4770 2943 4847 lib.
2964 4768 2990 4827 7t
3012 4772 3310 4847 Tltesauti,
3340 4791 3463 4847 cap.

1873 4843 1964 4909 54,
1996 4843 2065 4898 de
2086 4839 2313 4898 Herode
2349 4839 2574 4906 Magno,
2611 4857 2772 4912 quem
2804 4845 2885 4896 sui
2914 4858 3012 4912 pro
3048 4844 3265 4901 Christo
3296 4839 3467 4903 habe-

1876 4927 2021 4974 rent,
2054 4913 2237 4968 verius
2270 4915 2717 4983 interpretantur.
2754 4912 2975 4968 Interim
3006 4916 3113 4969 alio
3139 4918 3357 4973 nomine
3384 4919 3471 4975 in-

1877 4983 2120 5041 simulati
2142 5000 2303 5055 posse
2323 4983 2710 5055 Hteronymnm
2733 4986 2958 5040 lluetius
2979 5000 3153 5053 retur,
3179 4991 3321 5054 quod
3343 5006 3467 5046 cum

1881 5058 1967 5110 ltic
1997 5057 2175 5119 dicat,
2218 5055 2445 5110 ridicule
2476 5056 2773 5109 existimari
2816 5071 2847 5110 a
2895 5058 3218 5124 quibusdam
3248 5059 3468 5116 Latino-

1882 5144 2035 5195 rum,
2067 5127 2402 5183 Herodianus
2432 5141 2553 5181 esse
2573 5166 2589 5194 ,
2624 5142 2713 5196 qut
2742 5127 3016 5183 Herodem
3042 5129 3319 5185 Cltristnm
3347 5147 3476 5189 esse

1879 5200 2199 5263 censebant,
2242 5199 2356 5268 ipse
2387 5209 2565 5252 tamen
2597 5197 2650 5268 in
2685 5198 2913 5265 Dialttgo
2940 5210 3125 5254 contra
3160 5201 3471 5258 Luciferia-

1879 5285 2082 5345 nosset
2101 5270 2242 5345 ibat,
2266 5267 2848 5345 HerodianiHet-odem
2874 5287 3044 5340 regem
3083 5288 3352 5345 suscepere
3375 5291 3471 5345 pro

1877 5339 2103 5397 Christo.
2138 5340 2334 5396 Verum
2379 5356 2485 5413 non
2534 5340 2612 5396 sic
2660 5342 2752 5398 ille
2792 5339 3250 5413 quemadmodum
3282 5339 3470 5403 Abric.

1874 5415 2046 5484 episc.
2097 5414 2297 5477 refert,
2344 5412 2447 5468 sub
2475 5415 2769 5484 asserentis
2814 5429 3045 5482 persona
3093 5416 3345 5483 scripsit;
3377 5418 3475 5473 sed

1875 5483 2028 5554 quasi
2062 5484 2200 5557 mide
2229 5496 2565 5557 compactam
2583 5483 2817 5557 fabulam
2849 5484 3117 5557 rhetorica
3147 5488 3315 5557 ligura
3331 5505 3472 5557 prie-

1879 5557 2107 5619 teriens,
2128 5554 2536 5636 Taceo.ni_oquit,
2551 5555 2999 5636 quodHerodiani
3017 5555 3282 5636 erodem
3302 5554 3476 5633 rcgem

1878 5643 2145 5700 suscepere
2185 5642 2281 5700 pro
2309 5624 2533 5682 Christo.
2565 5624 2815 5700 'ltenique
2843 5628 2985 5682 addo
3016 5631 3068 5681 in
3096 5631 3306 5685 nostris
3339 5624 3476 5688 mss.

1881 5698 2303 5766 crederent,vlegi
2334 5712 2434 5768 pro
2463 5698 2755 5768 credebant.

1954 5767 2246 5842 hﬂRursum
2282 5768 2547 5840 Origenes
2574 5786 2588 5822 :
2620 5767 2900 5842 Ejusmodi
2929 5768 3085 5825 laude
3114 5770 3479 5842 dehortantur,

1884 5859 1948 5899 ne
1976 5840 2397 5898 Herodianorutu
2424 5856 2698 5911 personant
2730 5841 2996 5913 respiciat,
3026 5851 3118 5900 aut
3148 5840 3478 5905 Cmariano-l
