4004 6332
509 319 611 385 165

1747 319 1807 379 Β.
1846 314 2116 379 ευεεθη
2152 312 2530 375 HIERONYMI

3706 322 3817 382 ιθι

506 446 673 507 meat,
702 442 757 493 et
778 434 924 492 dicat
951 449 1058 491 non
1086 434 1288 492 debere
1315 434 1514 491 tributa
1537 432 1697 503 solvi,
1720 443 1781 489 ut
1801 434 1983 491 statim
2011 448 2106 489 uu-
2129 428 2182 493 Δ
2210 438 2320 487 tum
2347 448 2360 485 :
2388 442 2682 503 sequentes
2706 433 2874 505 (juxta
2906 434 3039 491 Acta
3066 437 3465 509 apostolorum)
3485 438 3669 495 omnia
3713 438 3822 494 dc-

504 530 723 587 dientes
750 526 1068 595 lierodiaui,
1099 526 1385 589 seditionis
1415 535 1609 584 contra
1644 525 1923 583 Romanos
1953 525 2103 596 priu-

507 624 691 694 eipem
719 631 744 660 ³
776 631 1020 679 teneant.

575 716 762 788 (Vera.
778 716 895 787 18.)
915 717 1135 789 Cognita
1159 722 1332 775 autem
1356 713 1510 772 Iesus
1535 714 1764 785 nequitia
1789 714 2108 783 eorum,ait:

508 808 653 877 Quid
674 825 755 865 me
775 809 1007 875 tentatis,
1024 809 1352 881 hypocrita?
1376 807 1557 863 Prima
1586 807 1759 864 virtus
1781 816 1867 863 est
1885 821 2110 875 respou-

505 902 723 968 dentis,
756 902 1216 972 interrogandum
1246 914 1485 958 mentem
1511 916 1848 974 cognoscere
1868 941 1884 968 ,
1915 909 1969 956 ct
2003 915 2109 954 non

505 997 815 1065 discipulos
841 1038 855 1061 ,
904 996 1001 1052 sed
1034 1004 1331 1055 tentatores
1360 1011 1582 1051 vocare.
1633 994 1925 1067 Hypocrita
1975 1006 2112 1063 ergo

508 1089 817 1161 appellatur
845 1130 860 1158 ,
897 1090 987 1161 qui
1028 1089 1173 1145 aliud
1204 1097 1290 1145 est
1313 1131 1328 1157 ,
1359 1099 1415 1145 et
1453 1088 1602 1145 aliud
1630 1090 1868 1157 simulat,
1913 1086 1968 1143 id
2001 1093 2109 1154 est,

506 1183 656 1241 aliud
681 1199 849 1255 opere
875 1184 1008 1255 agit,
1042 1193 1099 1240 et
1128 1183 1279 1239 aliud
1309 1197 1445 1239 voce
1476 1183 1786 1255 praetendit.

581 1276 768 1350 (Vera.
807 1276 926 1349 ill.)
962 1276 1233 1333 Ostendite
1260 1277 1389 1332 mihi
1410 1278 1672 1333 uumisma
1697 1292 1902 1332 census.
1934 1274 2000 1329 At
2036 1274 2114 1329 illi

510 1373 811 1427 obtulerunt
841 1372 890 1428 ei
920 1372 1216 1428 denarium.
1248 1371 1530 1443 Sapientia
1570 1385 1799 1442 semper
1836 1369 2116 1440 sapienter

510 1463 641 1535 agit,
674 1474 735 1521 ut
757 1465 870 1523 suis
894 1464 1243 1536 potissimum
1273 1473 1577 1521 tentatores
1604 1462 1964 1520 sermonibus
1986 1477 2118 1516 cnn-

506 1555 774 1614 futeutnr.
809 1557 1104 1624 Ostendite,
1137 1558 1351 1629 inquit,
1382 1555 1513 1611 mihi
1543 1556 1847 1625 denarium,
1876 1555 1978 1609 hoc
2006 1564 2114 1620 est,

511 1667 693 1725 genus
728 1653 969 1721 nummi,
1000 1652 1147 1722 quod
1176 1666 1274 1723 pro
1312 1651 1502 1708 decem
1548 1650 1785 1706 nummis
1815 1648 2120 1720 imputaba-

514 1753 629 1817 tur,
663 1745 973 1802 etbabebat
1004 1745 1298 1813 imaginem
1329 1743 1582 1799 Caesaris.

2209 524 2481 594 negabant
2507 523 2645 597 (Act.
2680 524 2775 597 tv).
2806 525 2926 583 Istae
2953 536 3080 584 sunt
3109 529 3231 584 duae
3260 528 3286 567 ἀ
3310 528 3504 585 domus
3526 571 3541 599 ,
3568 530 3638 587 de
3689 531 3823 603 qui-

2208 616 2311 674 bus
2335 616 2500 674 lsaias
2532 617 2870 676 manifestius
2894 620 3073 686 docet.
3099 620 3245 697 quod
3270 621 3565 679 oll'ensurae
3607 622 3727 680 sint
3764 623 3821 678 in

2208 708 2441 781 lapidem
2466 711 2710 767 seandali
2739 710 2898 787 (Isai.
2926 714 3069 784 vttt).

2282 803 2466 876 (Vera.
2499 804 2572 858 24
2601 806 2784 878 seqq.)
2825 806 2893 861 Et
2912 808 3515 881 interregarerunteum,
3545 809 3826 865 dicentes:

2214 897 2487 970 Magister,
2518 897 2726 971 Moyses
2754 901 2887 956 dixit
2912 919 2929 957 :
2959 901 3022 959 Si
3050 905 3167 975 quis
3198 912 3435 959 mortuus
3465 904 3623 974 fuerit
3654 904 3829 981 180

2213 1007 2314 1047 non
2341 992 2531 1048 habens
2560 991 2749 1063 ﬁlium,
2775 1003 2828 1050 ut
2854 996 3010 1051 ducat
3033 1000 3197 1068 frater
3232 1000 3346 1069 ejus
3386 1014 3599 1053 uxorem
3644 997 3828 1065 illius,

2214 1095 2263 1140 et
2284 1086 2491 1141 suscitet
2521 1103 2690 1140 semen
2724 1088 2875 1156 fratri
2898 1104 3013 1144 suo.
3051 1087 3215 1145 Erant
3251 1100 3423 1145 autem
3450 1089 3590 1162 apud
3620 1107 3720 1145 nos
3743 1107 3830 1145 se—

2215 1191 2352 1252 ptem
2382 1184 2607 1253 fratres:
2634 1191 2681 1236 et
2698 1183 2918 1252 primus,
2943 1200 3106 1239 uxore
3124 1185 3301 1253 ducta,
3332 1184 3606 1258 defunctus
3650 1195 3754 1251 est,
3781 1192 3832 1240 et

2216 1290 2319 1329 non
2366 1275 2559 1329 habens
2594 1292 2787 1341 semen,
2830 1277 3036 1348 reliquit
3081 1294 3294 1333 uxorem
3339 1296 3487 1334 suam
3514 1280 3674 1347 fratri
3699 1294 3826 1334 suo.

2219 1368 2475 1426 Similiter
2492 1370 2750 1426 secundus
2777 1381 2827 1425 et
2841 1372 3019 1426 tertius
3041 1372 3281 1443 usquead
3302 1374 3596 1445 septimum.
3615 1371 3670 1428 Ν
3675 1373 3826 1430 ovis—

2217 1462 2345 1517 sime
2372 1473 2541 1517 autem
2569 1464 2797 1518 omnium
2819 1473 2867 1518 et
2899 1465 3085 1518 mulier
3103 1465 3346 1538 defuncta
3377 1473 3472 1521 est.
3497 1464 3601 1536 Qul
3630 1480 3831 1522 resur-

2220 1554 2520 1611 rectionem
2549 1571 2837 1628 corporutn
2881 1573 2986 1612 non
3008 1556 3329 1625 credebant,
3369 1570 3426 1614 et
3450 1558 3692 1613 animam
3729 1573 3827 1630 pu-

2227 1648 2415 1704 tabant
2438 1648 2663 1705 interire
2690 1664 2813 1705 cum
2839 1651 3186 1721 corporibus,
3220 1659 3372 1707 recte
3391 1651 3704 1708 istiusmodi
3737 1651 3836 1711 llu-

2218 1748 2354 1809 gunt
2412 1739 2667 1805 fabulam,
2710 1756 2832 1811 quze
2872 1740 3221 1803 deliramenti
3263 1753 3455 1815 arguat
3522 1758 3654 1811 eos,
3736 1744 3838 1816 qui

580 1840 766 1914 (Vera.
789 1838 913 1909 ‘20.)
947 1837 1298 1913 1792Etait
1326 1838 1434 1893 illis
1459 1836 1614 1893 Jesus
1638 1835 1837 1910 :Cujus
1854 1845 1930 1891 est
1950 1837 2124 1908 imago
2153 1825 2199 1888 Β
2230 1834 2690 1889 resurrectionem
2717 1844 2968 1890 asseraut
2999 1843 3362 1891 mortuorum.
3412 1834 3603 1893 Potest
3635 1843 3836 1891 autem

518 1932 628 1990 hac
654 1978 669 2003 ,
717 1944 765 1988 et
799 1934 1215 2006 superscriptio?
1239 1931 1344 1999 Qui
1393 1937 1589 2001 putant
1635 1929 2114 2001 interrogationem

511 2026 823 2087 Salvatoris
850 2026 1216 2099 ignorantiam
1239 2041 1386 2089 esse,
1416 2032 1602 2081 etnon
1625 2023 2115 2095 dispensationem,

512 2120 734 2177 discant
759 2135 826 2175 ex
858 2119 1118 2190 praesenti
1147 2118 1301 2187 loco,
1326 2118 1472 2190 quod
1504 2117 1690 2189 utique
1716 2116 1952 2187 potuerit
1978 2116 2121 2171 scire

512 2211 674 2270 Jesus
700 2213 856 2283 cujus
890 2213 1070 2282 imago
1110 2222 1261 2268 esset
1289 2212 1343 2265 in
1378 2225 1633 2278 nummo;
1665 2209 1762 2265 sed
1794 2209 2116 2280 interrogat,

519 2313 580 2361 ut
602 2304 669 2359 ad
696 2318 1009 2360 sermonem
1039 2317 1229 2360 eorum
1254 2309 1634 2372 competenter
1659 2299 2010 2372 respondeat.

580 2398 768 2473 (Vers.
810 2397 930 2470 21.)
982 2396 1172 2452 Dicunt
1212 2400 1258 2452 ei
1303 2412 1321 2452 :
1366 2395 1609 2453 Cesaris.
1650 2395 1795 2449 Tunc
1836 2396 1909 2449 ait
1955 2392 2063 2447 illis
2102 2406 2123 2447 :

516 2494 749 2553 Reddite
792 2510 918 2567 ergo
947 2509 1060 2565 quae
1088 2502 1209 2547 sunt
1230 2489 1456 2548 Ctesaris
1497 2490 1726 2557 Caesari;
1778 2498 1825 2544 et
1854 2503 1969 2559 qua:
2002 2496 2122 2542 sunt

515 2584 613 2643 Dei
661 2587 792 2644 Deo.
822 2587 1101 2643 Ctesarem
1132 2602 1240 2641 non
1266 2594 1522 2657 putemus
1550 2583 1874 2656 Augustum,
1907 2581 2002 2637 sed
2024 2579 2121 2634 Tio

512 2680 730 2737 bet-ium
778 2678 1074 2751 signiﬁcari
1119 2676 1432 2749 privignum
1486 2677 1603 2747 ejus
1637 2719 1651 2745 ,
1693 2675 1786 2746 qui
1837 2675 1892 2729 in
1942 2674 2123 2729 locum

514 2773 788 2829 successit
815 2771 844 2810 ι’
865 2772 1067 2843 ipsius,
1098 2771 1205 2826 sub
1225 2786 1335 2841 quo
1359 2783 1556 2839 passus
1573 2775 1660 2824 est
1685 2766 1962 2823 Dominus.
1986 2765 2121 2821 0m-

2221 1925 2365 1994 lleri,
2416 1936 2475 1982 ut
2519 1943 2647 1984 vere
2676 1928 2728 1984 in
2757 1938 2920 2000 gente
2945 1944 3136 1985 eorum
3185 1928 3478 2001 aliquando
3528 1929 3634 1985 ltoc
3684 1930 3833 1985 acci-

2221 2019 2381 2077 derit.

2296 2112 2476 2186 (Vers.
2500 2115 2617 2188 28.)
2663 2114 2727 2171 In
2749 2117 3126 2183 resurrectione
3152 2133 3275 2193 ergo
3306 2116 3458 2190 cujus
3510 2116 3609 2173 erit
3648 2115 3718 2173 de
3750 2132 3836 2173 se-

2223 2217 2359 2279 ptem
2387 2212 2565 2265 uxor?
2594 2209 2784 2265 Omnes
2825 2211 2958 2265 enim
3002 2209 3294 2265 habuerunt
3324 2225 3456 2263 eam.
3502 2208 3840 2283 Turpitudi-

2221 2318 2346 2358 nem
2376 2302 2573 2359 labulte
2603 2314 2915 2375 apponunt,
2966 2312 3026 2360 ut
3068 2303 3492 2360 resurrectionis
3537 2303 3838 2379 denegem

2223 2393 2536 2450 veritatem.

2297 2488 2481 2558 (Vers.
2512 2488 2634 2560 9.9.)
2678 2490 3011 2561 Respondens
3033 2497 3205 2546 autem
3233 2492 3415 2558 Iesus,
3437 2489 3511 2544 ait
3542 2488 3654 2545 illis
3687 2505 3707 2546 :
3731 2488 3843 2544 Er-

2224 2582 2377 2653 ratis,
2413 2584 2697 2639 nescientes
2727 2583 3054 2657 Scripturas,
3088 2604 3248 2658 neque
3270 2587 3511 2645 virtutem
3543 2584 3664 2641 Dei.
3696 2584 3842 2643 Pro-

2222 2686 2412 2748 pterea
2464 2687 2692 2743 errant,
2744 2678 2869 2748 quia
2908 2678 3221 2749 Scripturas
3269 2677 3522 2735 nesciunt
3551 2696 3565 2732 :
3592 2686 3651 2735 et
3696 2680 3836 2754 quia

2219 2766 2527 2841 Scripturas
2559 2771 2828 2840 ignorant,
2859 2781 3263 2841 consequenter
3285 2771 3841 2828 nrsciuntvirtutem

512 2879 615 2922 nes
645 2877 828 2920 autem
858 2879 1016 2936 reges
1050 2862 1282 2919 Romani
1311 2877 1342 2919 a
1377 2859 1553 2931 primo
1581 2858 1714 2915 Caio
1739 2856 1960 2915 Cmsare
1983 2901 1997 2926 ,
2031 2858 2120 2927 qui
2226 2859 2344 2925 Dei,
2378 2861 2480 2918 hoc
2509 2872 2614 2931 est,
2645 2862 2948 2931 Christum,
2977 2863 3179 2935 quiest
3211 2862 3307 2921 Dei
3354 2863 3555 2932 virtus,
3610 2870 3670 2920 et
3735 2863 3844 2921 Dei

514 2959 807 3032 imperium
853 2959 1193 3030 arripuerat,
1240 2956 1489 3013 Carsares
1534 2952 1799 3025 appellati
1838 2961 1969 3010 sunt
2006 2949 2113 3024 [Αἰ.

2232 2954 2484 3023 sapientia
2512 2954 2558 3027 (Ι
2588 2952 2707 3009 εον.
2736 2956 2796 3027 ι).

517 3049 913 3124 appellantur].
942 3050 1115 3109 Porro
1143 3048 1291 3121 quod
1320 3049 1399 3104 ait
1427 3064 1444 3103 :
1477 3046 1702 3103 Reddite
1725 3061 1838 3117 qua
1858 3053 1978 3101 sunt
2015 3044 2120 3100 (ἐω-
2298 3045 2481 3117 (Vere.
2512 3048 2632 3117 30.)
2670 3046 2738 3102 In
2799 3048 3170 3104 resurrectione
3215 3049 3353 3105 enim
3397 3065 3563 3120 neque
3606 3050 3838 3125 nubent,

513 3147 647 3204 saris
676 3146 874 3202 Cwsari
900 3188 914 3212 ,
948 3144 1002 3201 id
1033 3155 1150 3213 est,
1208 3158 1492 3199 nummum
1528 3142 1831 3209 tributum,
1871 3152 1927 3196 et
1954 3155 2118 3215 pecu-
2163 3213 2195 3215 _
2244 3150 2269 3178 θ
2297 3157 2455 3212 neque
2500 3141 2795 3209 nubentur;
2829 3143 2920 3198 sed
2969 3153 3086 3197 sunt
3108 3143 3240 3197 sicut
3263 3144 3434 3215 angeli
3458 3143 3555 3197 Dei
3592 3144 3647 3198 in
3679 3145 3842 3207 calo.

513 3244 657 3300 niam
689 3260 703 3298 :
731 3252 780 3298 et
808 3256 924 3314 qua:
950 3249 1067 3296 sunt
1125 3237 1223 3294 Dei
1268 3237 1400 3304 Deo,
1446 3237 1687 3294 decimas
1732 3213 2023 3308 primitias.
2067 3246 2121 3292 et
2150 3213 2198 3277 ο
2230 3230 2417 3286 Latina
2443 3234 2779 3291 consuetudo
2808 3232 3008 3290 Grteco
3040 3232 3282 3291 idiomati
3334 3213 3445 3290 non
3486 3234 3838 3305 respondet.

512 3336 839 3402 oblationes,
862 3349 927 3391 ac
950 3332 1199 3390 victimas
1241 3333 1544 3391 sentiamus
1570 3348 1582 3384 ε
1605 3328 1880 3402 quomodo
1918 3340 1975 3385 et
2003 3329 2121 3399 ipse
2228 3321 2453 3379 Nubere
2477 3324 2623 3380 enim
2650 3326 2870 3396 proprie
2898 3326 3154 3382 dicuntur
3180 3325 3453 3393 mulieres,
3484 3337 3537 3382 et
3558 3328 3664 3383 viri
3695 3344 3844 3387 uso.

513 3427 751 3485 reddidit
799 3427 1000 3483 trilntta
1058 3441 1157 3497 pro
1199 3440 1260 3481 se
1291 3433 1349 3479 et
1398 3424 1559 3479 Petro
1610 3420 1830 3488 (Matth.
1863 3422 2032 3490 xvn);
2066 3428 2123 3474 ct
2229 3430 2320 3471 res
2350 3416 2579 3484 ducere;
2608 3418 2701 3472 sed
2726 3432 2826 3473 nos
2853 3419 3180 3492 simpliciter
3197 3419 3406 3476 dictum
3435 3419 3839 3495 intelligamus,

515 3521 631 3578 Deo
650 3520 886 3578 reddidit
908 3536 1031 3594 quae
1060 3521 1153 3577 Dei
1181 3528 1330 3589 sunt,
1344 3518 1524 3576 Patris
1550 3517 1761 3575 iaciens
1780 3516 2119 3575 voluntatem

515 3612 924 3781 (ἤιξε-ἕνῇ.)
967 3705 1034 3761 Et
1055 3707 1346 3771 audientes,
1368 3704 1545 3759 mirati
1572 3714 1715 3759 sunt.
1746 3703 1855 3773 Qui
1894 3704 2124 3761 credere

522 3800 828 3857 debuerant
850 3800 916 3855 ad
958 3809 1159 3855 tantam
1184 3798 1531 3871 sapientiam,
1566 3797 1745 3853 mirati
1768 3808 1897 3854 sunt
1927 3809 1948 3836 ο
1978 3797 2122 3870 quod

522 3893 792 3955 calliditas
815 3908 1004 3951 eorum
1038 3892 1332 3950 insidiandi
1357 3906 1463 3948 non
1492 3892 1792 3949 invenisset
1844 3893 2046 3951 locmn.

590 3993 661 4049 Et
688 3992 871 4048 relicto
892 4008 975 4058 eo,
1002 3992 1265 4047 abierunt.
1294 3990 1679 4048 lnﬁdelitatem
1706 4007 1826 4048 cum
1856 3992 2123 4049 miraculo

518 4088 727 4159 pariter
756 4095 1127 4157 reportantes.

590 4180 775 4249 (Vers.
797 4179 916 4254 23.)
938 4178 1005 4237 In
1027 4180 1119 4238 illo
1139 4181 1227 4237 die
1251 4191 1572 4238 accesserunt
1588 4181 1658 4239 ad
1676 4198 1791 4238 eum
1811 4181 2115 4251 Sadduccei,

478 4318 497 4337 ,
518 4276 607 4346 qui
627 4274 810 4331 dicunt
821 4291 927 4330 non
948 4291 1059 4330 esse
1069 4277 1515 4331 resurrectionem.
1543 4275 1673 4330 Duae
1704 4274 1942 4333 hterescs
1961 4282 2123 4331 erant

517 4368 575 4426 in
604 4368 809 4425 Judacls
841 4385 856 4422 :
893 4366 1446 4437 una‘Pltarisaeorum,
1476 4368 1647 4426 altera
1670 4367 2115 4426 Sadducaeorum.

2229 3509 2370 3581 quod
2404 3509 2614 3569 nubere
2638 3510 2708 3568 de
2739 3511 2891 3579 viris,
2922 3521 2977 3573 et
3015 3513 3142 3573 nubi
3172 3512 3240 3573 de
3263 3512 3534 3573 uxoribus
3559 3513 3840 3584 scriptum

2226 3603 2320 3659 sit.
2351 3601 2409 3660 Si
2440 3602 2495 3658 in
2523 3604 2926 3661 resurrectione
2950 3620 3061 3661 non
3090 3605 3317 3675 nubent,
3350 3620 3527 3678 neque
3551 3604 3840 3665 nubentes

2232 3706 2520 3768 resurgent
2558 3712 2687 3768 ergo
2737 3712 2989 3767 corpora,
3030 3695 3195 3771 fquae
3245 3710 3473 3769 possunt
3509 3700 3722 3759 nubere
3782 3710 3842 3763 et

2231 3789 2381 3844 nubi.
2406 3787 2580 3847 Nemo
2602 3789 2799 3861 quippe
2845 3787 2978 3845 dicit
3004 3788 3072 3845 de
3101 3788 3283 3860 lapide
3310 3798 3364 3849 et
3391 3790 3609 3857 arbore,
3659 3797 3717 3847 et
3747 3792 3840 3859 his

2229 3881 2415 3949 rebus,
2450 3896 2571 3953 quae
2600 3896 2706 3937 non
2731 3881 2931 3938 habent
2949 3882 3199 3938 membra
3221 3882 3502 3953 genitalia,
3534 3883 3680 3953 quod
3714 3900 3835 3941 non

2230 3975 2456 4039 nubant,
2492 3990 2669 4047 neque
2700 3975 3001 4044 nubantur;
3050 3976 3145 4031 sed
3174 3975 3242 4033 de
3278 3974 3363 4031 bis
3399 3991 3520 4049 quae
3547 3989 3673 4032 cum
3702 3991 3838 4049 pos-

2230 4078 2356 4125 sunt
2376 4068 2603 4137 nubere,
2638 4078 2818 4127 tamen
2849 4069 2951 4124 alia
2982 4068 3196 4126 ratione
3228 4083 3334 4125 non
3383 4069 3611 4126 nubunt.
3660 4068 3830 4141 Quod

2221 4181 2404 4228 autem
2454 4169 2684 4227 infertur
2711 4188 2724 4224 :
2756 4170 2865 4225 Sed
2889 4179 3010 4224 sunt
3058 4170 3193 4229 sicut
3230 4169 3406 4241 angeli
3450 4167 3546 4224 Dei
3573 4170 3628 4223 in
3657 4168 3822 4226 celo.

2221 4265 2519 4338 spiritualis
2548 4264 2949 4338 repromittitur
2979 4263 3350 4321 conversatio.

2293 4360 2477 4433 (Vers.
2513 4361 2574 4416 51
2629 4359 2811 4432 seqq.)
2851 4359 2929 4414 De
2958 4360 3334 4414 resurrectione
3372 4369 3543 4414 autem
3593 4370 3834 4417 mortua»-

522 4461 785 4519 Pltarismi
826 4461 1176 4517 traditionum
1234 4471 1288 4517 et
1334 4432 1805 4529 Observationum,
1865 4475 2001 4531 quas
2040 4459 2116 4517 illi
2143 4432 2200 4495 D
2223 4432 2337 4512 rum
2366 4472 2469 4513 non
2488 4457 2685 4531 legistis
2712 4457 2850 4528 quod
2872 4457 3065 4512 dictum
3086 4466 3162 4512 est
3181 4473 3215 4511 a
3245 4456 3375 4525 Deo,
3413 4458 3614 4513 dicente
3633 4456 3781 4513 vobis
3808 4474 3830 4515 :

460 4594 491 4619 κ
520 4553 860 4633 δευτερώσιις
902 4561 1119 4619 vocant,
1145 4552 1410 4623 justitiam
1449 4553 1837 4623 praeferebant;
1873 4554 2016 4609 unde
2060 4561 2119 4609 et

520 4646 1033 4703 divisivocabantur
1060 4661 1089 4699 a
1122 4645 1344 4721 populo.
1369 4643 1878 4714 Sadducmlautem,
1910 4647 2001 4718 qui
2034 4648 2114 4703 in-

514 4748 886 4812 terpretantur
900 4738 1057 4810 justi,
1091 4746 1149 4796 et
1170 4738 1272 4811 ipsi
1300 4737 1654 4795 vindicabant
1679 4726 1785 4796 sibi
1820 4741 1968 4811 quod
1996 4756 2110 4801 non

516 4846 672 4895 erant
691 4851 706 4889 :
730 4834 1011 4907 prioribus
1030 4843 1087 4891 et
1106 4833 1357 4903 corporis
1370 4833 1635 4890 etaaiiaa:
1655 4835 2111 4893 resurrectionem

514 4926 887 4996 credentibus,
932 4924 1462 4997 conﬂtentibusque,
1503 4934 1561 4983 et
1600 4927 1846 5000 angelos,
1876 4937 1932 4986 et
1953 4930 2115 5002 spiri-

513 5084 632 5124 rum
658 5083 676 5123 :
698 5078 759 5123 ut
778 5071 937 5142 juxta
967 5066 1353 5142 Pharisworum
1378 5068 1682 5142 sententiain
1712 5069 1957 5142 tributum
1998 5071 2111 5127 Ca:-

514 5142 621 5196 sari
643 5157 746 5195 non
770 5138 881 5195 esse
905 5139 1208 5196 solvendum
1234 5142 1529 5213 affirnums,
1551 5138 1871 5213 Herodiunis
1898 5142 1961 5196 ab
1983 5143 2110 5207 ipsis

515 5214 824 5268 traderetur.
856 5213 924 5268 Et
953 5215 1111 5285 paulo
1137 5210 1416 5282 superius:
1450 5210 1537 5266 Ita
1568 5212 1872 5285 impediente
1894 5228 1976 5285 eo,
2007 5228 2110 5285 quo

514 5288 688 5338 minus
736 5301 918 5339 census
974 5283 1167 5340 (Σαπατὲ
1205 5285 1449 5354 daretur:
1492 5298 1605 5335 eum
1630 5283 1777 5354 quasi
1808 5284 2110 5353 defectionis

516 5366 780 5430 auctorem
824 5366 977 5430 atque
1004 5358 1349 5430 ,intpulsorcnt
1396 5351 1651 5408 Romanis
1691 5351 1938 5410 tradituri
1976 5355 2110 5427 fuis-

516 5436 628 5484 sent
655 5426 968 5483 Herodiani.

588 5509 617 5537 ι
668 5499 785 5554 Duo
832 5500 1057 5555 Palatini
1113 5513 1249 5554 mss.
1278 5539 1297 5566 ,

516 5570 606 5626 alii
666 5571 848 5627 minus
895 5572 1031 5628 bene
1055 5611 1069 5638 ,
1117 5578 1299 5624 contra

516 5652 698 5705 neunt,
718 5654 828 5698 etc.

587 5713 616 5754 δ
655 5713 877 5785 Rectius
903 5713 1008 5769 duo
1026 5728 1057 5767 e
1078 5711 1281 5769 nostris
1306 5728 1441 5775 mss.
1496 5713 1720 5785 habent,
1744 5714 1799 5768 in
1822 5713 1992 5773 locum
2035 5715 2111 5768 vi-

518 5784 635 5842 trici
661 5784 758 5854 sub
774 5801 900 5854 quo,
924 5793 1032 5839 etc.

591 5865 613 5896 ε
650 5852 913 5927 liticines
938 5856 1035 5929 ait,
1063 5853 1289 5914 Nullam
1308 5857 1406 5914 sibi
1431 5855 1700 5930 prabitant
1721 5857 1802 5915 illi
1822 5856 2109 5914 insidiandi

1427 5497 1645 5566 incipem
1696 5513 1810 5551 eum
1856 5506 2110 5567 teneant;

1394 5584 1639 5627 omanum
1683 5569 1982 5647 principem
2030 5580 2109 5625 te—

2226 4551 2342 4623 Ego
2382 4569 2495 4607 sunt
2530 4551 2670 4607 Deus
2728 4550 3010 4618 Abraham,
3040 4562 3087 4607 et
3119 4550 3257 4607 Deus
3285 4551 3461 4620 Isaac,
3480 4562 3529 4609 et
3560 4550 3830 4607 DeusJa-

2221 4646 2316 4703 cob
2345 4662 2364 4701 :
2386 4644 2509 4701 Non
2534 4656 2606 4703 est
2635 4644 2777 4706 Deus
2800 4655 3143 4714 mortuorum,
3171 4645 3261 4701 sed
3292 4645 3591 4703 t'iuentium.
3626 4642 3694 4699 Et
3718 4659 3826 4699 au-

2221 4742 2421 4799 dientes
2448 4740 2613 4797 turbce
2650 4737 2973 4795 mirabantur
3018 4740 3088 4794 de
3114 4740 3354 4795 doctrina
3381 4741 3516 4811 ejus.
3547 4738 3628 4795 Ad
3660 4753 3823 4795 com-

2222 4836 2557 4909 probandam
2606 4833 3040 4891 resurrectionis
3089 4834 3449 4901 veritatem,8
3479 4832 3647 4888 multo
3698 4832 3826 4890 aliis

2223 4928 2687 4989 manifestioribus
2744 4928 2904 5004 18],
2950 4927 3218 5001 exemplis
3243 4928 3322 4986 uti
3350 4925 3541 5000 potuit,
3568 4941 3602 4986 e
3620 4926 3826 5000 quibus

2215 5069 2532 5126 occasionem
2576 5067 2839 5123 demirati.

2289 5138 2315 5177 ιι
2356 5137 2560 5195 Confer
2582 5139 2644 5196 S.
2679 5140 2968 5196 Ductorem
3019 5138 3074 5197 in
3129 5133 3549 5197 Commentariis
3580 5133 3633 5191 in
3664 5133 3824 5191 hunc

2215 5211 2591 5277 Isaitelncum,
2616 5213 2744 5268 etin
2782 5213 2954 5280 Epist.
2986 5210 3054 5266 ad
3081 5209 3283 5267 Titum.
3316 5205 3623 5280 Epistulam
3645 5222 3823 5280 _quo-

2254 5299 2320 5340 ne
2358 5282 2445 5355 ad,
2484 5283 2756 5355 Algasiam
2811 5277 3017 5353 Quzest.
3054 5282 3139 5349 lO,
3165 5292 3220 5338 et
3268 5277 3549 5349 Dialogum
3595 5277 3823 5337 advers.

2214 5299 2320 5411 aue
2358 5299 2425 5339 aa
2484 5299 2756 5355 Algasmm
2811 5299 2873 5353 ut

2260 5354 2610 5420 ucilerianos,
2637 5371 2787 5411 num.
2817 5355 2873 5411 8.

2292 5437 2314 5465 ε
2354 5426 2462 5482 Pro
2484 5419 2645 5495 neque
2666 5430 2940 5493 nubentur,
2973 5426 3025 5483 in
3047 5421 3355 5482 Veronensi
3381 5419 3817 5495 Evangeliorutn

2214 5493 2585 5555 vetustissimo
2640 5499 2959 5568 exemplari,
3003 5497 3173 5569 magis
3217 5496 3282 5569 ad
3330 5493 3510 5553 Latini
3542 5494 3820 5551 sermonis

2217 5572 2610 5650 proprietatem
2638 5580 2747 5650 est,
2774 5567 2934 5641 neque
2984 5567 3171 5625 uxores
3198 5567 3410 5650 ducent.
3606 5634 3619 5647 .

2215 5641 2245 5767 ὲ
2289 5641 2310 5679 ί
2353 5642 2489 5701 Tres
2516 5642 2749 5705 Palatini
2787 5658 2952 5713 mss.,
2995 5656 3214 5715 corpora
3242 5641 3451 5713 quicum
3476 5641 3678 5711 possint
3710 5652 3817 5693 nu-

2247 5724 2478 5767 quem.

2247 5728 2351 5772 ere.
2371 5724 2478 5772 etc.

2287 5758 2826 5863 StlE‘a'demDrigenis
2854 5785 3050 5863 nedum
3076 5782 3384 5863 responsio,
3407 5779 3502 5837 sed
3536 5780 3652 5863 fere
3680 5788 3814 5863 sunt

2214 5856 2375 5915 verba
2408 5874 2421 5913 :
2454 5857 2531 5913 Ad
2555 5857 2610 5912 id
2633 5850 2802 5913 autem
2832 5859 3077 5928 dicemus,
3108 5850 3224 5912 cu'm
3256 5850 3575 5927 depromptis
3618 5868 3644 5908 ε
3674 5850 3817 5907 Pro-
