4004 6332
232 304 325 376 165
671 254 1435 374 counsnrimonuuia
1477 298 1928 373 nuncnum:
1968 300 2309 373 MATTHEI
2351 316 2477 373 LIB.
2524 315 2614 373 tv.
2658 315 2813 375 car.
2860 304 3021 377 xxii.

3397 308 3504 383 too

227 442 297 490 est
315 431 441 488 illud
468 448 481 485 ε
517 430 913 489 Suscitabuntur
934 431 1142 500 mortui,
1168 441 1215 487 et
1242 439 1508 504 resurgant
1534 430 1621 498 qui
1645 431 1701 485 in
1721 446 1804 486 se-
1825 432 1883 497 Α
1977 432 2159 505 (Vers.
2184 434 2256 489 54
2286 433 2469 507 seqq.)
2511 436 2670 509 182
2702 434 2961 492 Pharisaei
2989 435 3018 476 ι)
3048 444 3220 492 autem
3236 439 3506 495 audientes

225 526 399 598 pulcris
432 535 547 580 sunt
583 522 740 598 (Isai.
776 542 923 593 xxvt,
971 524 1086 598 19).
1116 525 1183 581 Et
1211 525 1264 580 in
1316 524 1422 581 alio
1446 523 1609 579 loco:
1646 521 1803 579 Multi

225 619 564 673 dormientium
600 619 667 673 de
688 627 837 685 (erue
856 618 1068 691 pulvere
1096 626 1409 690 consurgent
1437 632 1455 672 :
1489 616 1583 671 alii
1628 616 1683 671 in
1712 616 1762 670 vi
1772 644 1792 657 -

226 721 336 779 tam,
366 708 524 764 etalii
578 713 633 766 in
682 710 1018 784 opprobrium
1058 721 1104 767 et
1149 711 1501 781 confusione»:
1554 718 1801 765 retentant

224 800 369 872 (Dan.
397 817 492 867 xu,
521 802 602 874 2).
625 802 1128 876 Qumrituritaque,
1162 803 1293 876 quid
1315 803 1418 859 sibi
1446 804 1677 860 voluerit
1698 804 1801 860 Do-

222 896 384 951 minus
412 894 516 952 hoe
549 896 817 968 prazl'erre
846 897 1238 964 testimonium,
1269 894 1415 967 quod
1440 896 1654 951 videtur
1684 910 1801 950 ain—

222 990 444 1062 biguum,
466 991 557 1048 vel
576 1006 689 1047 non
710 994 846 1047 satis
866 992 933 1048 ad
951 990 1375 1049 resurrectionis
1398 989 1681 1060 pertinens
1706 1003 1803 1044 ve-

220 1086 419 1143 ritatem
451 1102 464 1137 :
491 1083 608 1159 Ego
634 1102 750 1141 sunt
781 1084 919 1141 Deus
949 1085 1233 1153 Abraham,
1266 1096 1311 1139 et
1350 1082 1491 1139 Deus
1534 1080 1713 1147 Isaac,
1756 1090 1803 1137 et

219 1177 342 1233 Deus
375 1176 574 1245 Iacob;
596 1188 653 1236 et
673 1180 852 1251 quasi,
883 1178 989 1236 ltoc
1019 1181 1256 1251 prolato,
1297 1177 1617 1250 probaverit
1657 1174 1801 1247 quod

217 1271 439 1340 volebat,
497 1273 683 1328 statim
708 1273 957 1329 intulerit
983 1292 993 1328 :
1025 1273 1149 1327 Non
1170 1282 1244 1328 est
1273 1269 1417 1327 Deus
1452 1279 1796 1338 mortuorum,

218 1366 296 1423 sed
308 1365 602 1421 virentium.
629 1365 802 1431 Cujus
815 1367 895 1423 rei
916 1366 1091 1422 turbze
1118 1379 1336 1438 quoque
1361 1365 1799 1428 circumstantes,

217 1459 516 1530 mysterium
548 1468 975 1530 cognoscentes,
1002 1459 1285 1515 admirata:
1311 1467 1443 1513 sunt
1463 1456 1531 1513 de
1553 1456 1801 1512 doctrina

217 1559 238 1589 ⁸
262 1560 311 1606 et
328 1551 612 1622 responsis
642 1552 815 1607 illius.
845 1550 1020 1621 Supra
1047 1552 1284 1607 diximus
1312 1549 1668 1618 Saddtrcmos,
1703 1562 1802 1604 nec

213 1647 467 1720 angelum,
494 1663 599 1704 nec
627 1649 907 1719 Spiritum,
950 1662 1052 1705 nec
1098 1646 1556 1704 resurrectionem
1607 1658 1803 1713 corpo-

213 1740 319 1797 rum
338 1739 688 1807 conﬁtentes,
716 1740 1021 1797 animarum
1053 1755 1269 1811 quoque
1298 1739 1580 1795 interitum
1602 1735 1802 1808 praedi-

1906 525 2043 599 quod
2068 526 2327 582 silentium
2355 528 2679 600 imposuisset
2712 528 3043 599 Sadducwis,
3072 541 3421 587 convenerunt
3448 535 3502 586 in

1910 635 2105 676 unum:
2159 630 2207 676 et
2250 620 2587 694 interrogavit
2626 638 2747 677 eum
2784 640 2918 678 unus
2946 640 3012 679 ea:
3038 625 3113 679 eis
3144 624 3270 697 legis
3301 626 3505 693 doctor,

1906 719 2108 768 tentant
2132 727 2290 768 eum:
2322 712 2601 786 Magister,
2636 716 2776 789 quod
2804 724 2878 771 est
2909 716 3217 771 mandatum
3257 733 3507 789 magnum

1905 804 1958 858 in
1986 803 2142 877 lege?
2178 804 2262 859 Ait
2285 805 2367 860 illi
2395 803 2548 861 Iesus
2577 822 2595 861 :
2622 803 2823 880 Diliges
2852 806 3137 863 Dominum
3163 806 3330 863 Deum
3360 817 3506 863 tuum

1905 912 1968 951 ea:
1990 905 2095 951 toto
2124 896 2280 952 corde
2306 906 2416 965 tuo,
2449 908 2496 952 et
2525 899 2888 955 intotaanima
2907 911 3020 969 tua,
3051 910 3101 956 et
3129 902 3183 955 in
3210 909 3317 956 tota
3342 908 3509 954 mente

1905 998 1996 1044 tua
2022 1006 2039 1044 :
2071 989 2169 1045 hoc
2192 1002 2266 1047 est
2294 992 2575 1046 maximum
2624 1003 2671 1048 et
2691 994 2914 1066 primum
2938 994 3262 1049 mandatum.
3305 994 3509 1049 Secun-

1905 1084 2029 1139 dum
2056 1096 2229 1140 autem
2258 1083 2429 1140 simile
2455 1096 2529 1141 est
2560 1087 2680 1141 huic
2711 1104 2723 1140 :
2767 1084 2965 1160 Diliges
3015 1089 3313 1159 proximum
3359 1098 3506 1143 tuum

1902 1177 2033 1231 sicut
2074 1182 2312 1250 teipsum.
2354 1175 2424 1233 In
2462 1178 2542 1234 Itis
2587 1178 2789 1235 duobus
2832 1182 3092 1236 mandatis
3139 1182 3377 1237 uniuersa
3424 1182 3509 1237 (ea;

1905 1267 2088 1338 pendet
2106 1278 2151 1322 et
2179 1268 2462 1341 prophetat.
2494 1268 2649 1338 Quod
2678 1270 2746 1327 de
2777 1270 2989 1327 Herode
3017 1282 3074 1328 et
3106 1272 3299 1330 Pontio
3327 1272 3500 1330 Pilato

1906 1360 2157 1432 legimus,
2188 1361 2241 1416 in
2273 1361 2484 1417 Domini
2506 1379 2638 1419 nece
2666 1377 2760 1419 eos
2783 1362 2977 1420 fecisse
2998 1365 3366 1431 concordiam,
3397 1364 3501 1421 hoc

1903 1454 2066 1511 etiam
2097 1471 2238 1511 nunc
2260 1455 2327 1512 de
2346 1457 2635 1513 Pinaristeis
2666 1459 2942 1514 cernimus
2974 1466 3029 1514 et
3047 1458 3379 1528 Saddueteis,
3408 1461 3499 1531 qui

1900 1549 2116 1606 interse
2143 1550 2401 1606 contrarii
2429 1560 2576 1619 sunt,
2600 1549 2695 1607 sed
2729 1551 2794 1606 ad
2827 1552 3144 1607 tentandum
3171 1551 3358 1608 Jesum
3383 1552 3497 1620 pari

1904 1652 2087 1699 mente
2107 1643 2474 1699 consentiunt.
2514 1643 2764 1715 Quiergo
2782 1643 3088 1715 jam'supt‘a
3108 1644 3162 1699 in
3186 1646 3500 1701 ostensione

1904 1733 2113 1791 denarii
2133 1732 2346 1790 fuerunt
2367 1736 2650 1799 confutati,
2674 1746 2728 1792 et
2755 1737 2998 1791 adversae
3015 1737 3183 1805 partis
3206 1736 3497 1793 factionem

215 1846 365 1888 casse.
398 1831 463 1886 Hi
483 1834 733 1905 quinque
760 1841 970 1888 tantum
998 1832 1168 1887 libros
1213 1831 1412 1904 Moysis
1443 1828 1795 1900 recipiebant,
1830 1833 1878 1896 Β
1907 1829 2150 1885 viderant
2176 1830 2478 1897 subrutam,
2506 1828 2807 1886 debuerant
2835 1842 2857 1869 ι·
2889 1830 3139 1901 exemplo
3170 1831 3403 1896 moneri,
3437 1848 3503 1886 tte

213 1922 586 1995 prophetarum
616 1924 872 1982 vaticinia
902 1933 1241 1996 reSpuentes.
1269 1924 1504 1979 Stultum
1529 1936 1659 1993 ergo
1685 1929 1805 1977 erat

213 2016 320 2072 inde
340 2016 587 2086 proferre
616 2018 947 2084 tes1imonia,
988 2018 1143 2088 cujus
1184 2017 1560 2075 auctoritatem
1591 2031 1701 2070 non
1723 2029 1803 2070 se-

213 2111 514 2180 quebantur.
547 2112 725 2169 Porro
754 2114 820 2169 ad
843 2114 1202 2170 aeternitatem
1242 2115 1543 2168 animarum
1574 2111 1806 2182 proban-

213 2205 317 2261 dam
362 2206 429 2263 de
484 2206 682 2278 Moyse
742 2207 897 2278 ponit
955 2209 1263 2278 exemplum
1297 2223 1310 2261 :
1341 2203 1458 2279 Ego
1507 2221 1624 2260 sunt
1666 2202 1801 2259 Deus

213 2297 471 2367 Abraham,
499 2308 551 2355 et
586 2297 729 2355 Dens
752 2297 929 2368 Isaac,
957 2308 1006 2355 et
1037 2298 1177 2354 Deus
1194 2296 1358 2353 Iacob
1389 2296 1586 2369 (Exod.
1609 2312 1692 2366 ιιι,
1722 2297 1800 2367 6).

214 2395 479 2463 statimque
507 2394 720 2451 infert:
751 2393 875 2450 Non
920 2404 994 2451 est
1033 2404 1359 2450 mortuorum
1385 2392 1548 2461 Deus,
1603 2393 1692 2449 sed
1728 2394 1804 2447 oi-

212 2488 415 2542 ttentium
439 2505 461 2555 ;
492 2498 556 2543 ιιι
581 2503 704 2543 eum
732 2487 1042 2559 probaverit
1078 2488 1289 2543 animas
1330 2501 1651 2558 permanere
1681 2494 1807 2557 post

212 2594 417 2637 mortem
443 2580 463 2653 (
490 2597 680 2653 neque
731 2582 875 2637 enim
924 2591 1135 2651 poterat
1182 2581 1319 2645 fieri,
1353 2590 1408 2635 ut
1435 2594 1626 2635 eorum
1658 2589 1806 2633 esset

213 2673 364 2743 Deus,
402 2675 492 2746 qui
537 2690 889 2747 nequaquam
929 2673 1358 2745 subsisterent),
1394 2681 1803 2744 consequenter

214 2767 647 2825 introduceretur
693 2775 752 2824 et
797 2782 1090 2839 corporum
1132 2765 1488 2831 resurrectio,
1519 2780 1641 2836 qua:
1676 2779 1797 2819 cum

212 2860 472 2919 animabus
500 2863 653 2919 bona
678 2862 889 2918 malave
916 2869 1224 2932 gesserunt.
1275 2859 1432 2915 Hunc
1474 2858 1655 2914 locum
1692 2858 1798 2926 ple-

214 2954 318 3008 nius
345 2956 394 3012 in
419 2964 676 3011 extrema
705 2965 861 3025 parte
903 2955 1092 3023 prima:
1120 2950 1377 3024 Epistolas
1403 2950 1471 3007 ad
1494 2950 1806 3009 Corinthios

214 3043 390 3103 Paulus
410 3048 706 3120 apostolus
731 3047 1048 3119 exsequitur
1076 3043 1119 3117 (ι
1144 3044 1268 3101 Cor.
1295 3044 1413 3115 xv).

1906 1920 2046 1976 ultra
2076 1920 2399 1977 molirentur
2430 1922 2652 1977 insidias
2684 1940 2695 1976 :
2742 1921 2837 1979 sed
2865 1922 3243 1978 malevolentia
3278 1936 3333 1979 et
3365 1924 3502 1978 livor

1903 2014 2071 2070 nutrit
2090 2012 2501 2085 impudentiam.
2544 2014 2849 2086 interrogat
2875 2030 3015 2072 unus
3040 2030 3109 2070 ex
3142 2015 3278 2087 legis
3310 2016 3501 2072 docto-

1906 2107 2057 2165 ribus
2080 2149 2097 2177 ,
2147 2124 2254 2163 non
2285 2107 2429 2165 seire
2455 2108 2797 2176 desiderans,
2834 2110 2931 2165 sed
2964 2119 3205 2177 tentans,
3234 2127 3301 2166 an
3332 2111 3505 2167 inter-

1905 2212 2124 2273 rogatus
2155 2212 2343 2259 nosset
2370 2203 2513 2274 quod
2541 2203 2980 2275 interrogabatur
3006 2247 3019 2270 ,
3063 2204 3208 2275 quod
3237 2206 3310 2260 sit
3333 2209 3507 2275 majus

1909 2296 2221 2351 mandatum
2249 2315 2260 2351 :
2303 2314 2410 2352 non
2438 2296 2507 2352 de
2538 2297 2809 2354 mandatis
2841 2299 3206 2370 interrogans,
3243 2298 3507 2369 sedquod

1906 2392 1976 2447 sit
2000 2390 2231 2462 primum
2272 2405 2637 2462 magnumque
2663 2391 3015 2459 mandatum;
3073 2403 3133 2448 ut
3177 2407 3300 2448 cum
3326 2393 3504 2449 omnia

1907 2498 2029 2553 qua:
2082 2482 2225 2538 Deus
2273 2483 2614 2540 mandaverit
2664 2501 2859 2556 magna
2905 2487 3052 2541 sint:
3100 2486 3360 2557 quidquid
3411 2487 3507 2543 ille

1908 2576 2276 2648 responderit,
2308 2579 2651 2635 occasionem
2686 2580 2885 2637 hibeat
2913 2582 3321 2649 calumniandi,
3354 2581 3502 2637 aliud

1906 2684 2157 2728 asserens
2186 2686 2439 2743 magnum
2471 2687 2595 2728 esse
2638 2673 2706 2728 de
2727 2674 2989 2743 pluribus.
3032 2674 3374 2746 Quicumque
3401 2675 3503 2746 igi-

1908 2773 1995 2818 tur
2023 2763 2172 2819 novit
2202 2772 2257 2818 et
2281 2764 2579 2837 interrogat
2608 2781 2713 2821 non
2737 2775 2866 2821 voto
2901 2766 3171 2836 discendi,
3197 2767 3295 2823 sed
3325 2766 3506 2823 studio

1906 2856 2315 2928 cognoscendi,
2365 2874 2434 2912 an
2469 2860 2679 2914 noverit
2722 2859 2816 2917 ille
2865 2862 2956 2932 qui
3007 2876 3371 2933 responsurus
3399 2870 3505 2925 est,

1908 2952 1963 3008 in
1995 2950 2410 3008 similitudinem
2440 2951 2840 3009 Pharisaeorum
2870 2969 2979 3009 non
3005 2954 3160 3026 quasi
3183 2954 3508 3027 discipulus,

1910 3042 2005 3100 sed
2032 3042 2188 3115 quasi
2210 3053 2450 3100 tentatur
2474 3045 2711 3102 accedit.

217 3208 358 3282 pltetis
385 3211 645 3267 sexcentis
666 3210 977 3266 testimoniis
1001 3210 1218 3280 probare
1237 3207 1401 3282 possit
1422 3207 1687 3282 Servatur.
1710 3207 1799 3282 fu:
1826 3206 1871 3270 C
1905 3208 1994 3279 qui
2021 3222 2165 3275 sum,
2200 3207 2251 3263 id
2276 3207 2411 3264 mihi
2442 3224 2640 3282 nomen
2664 3219 2783 3280 est,
2819 3211 3005 3265 Iterum
3035 3226 3145 3268 esse
3177 3210 3345 3267 Deum
3380 3227 3507 3278 pro-

215 3279 361 3336 turam
385 3286 544 3337 vitam
576 3284 801 3338 hominis
830 3279 1057 3352 induere,
1090 3283 1144 3337 id
1172 3279 1377 3335 minime
1403 3280 1634 3352 fecisse.“
1660 3279 1801 3351 quod

216 3354 385 3409 scilicet
412 3372 579 3410 unam
609 3354 808 3425 Moysis
844 3351 1169 3423 Scripturam
1210 3353 1564 3425 admitterent
1586 3351 1800 3408 Saddu-

217 3425 360 3491 ctei,a
385 3442 483 3495 qua
511 3423 743 3481 deducta
772 3425 1188 3491 ratiocinatione,
1211 3423 1512 3495 convincere
1549 3424 1690 3491 ipsos
1706 3439 1793 3475 vo-

217 3495 296 3549 luit
310 3494 406 3551 :sic
418 3508 600 3552 autent
614 3499 718 3551 illa
734 3513 789 3552 se
806 3498 996 3552 habere
1016 3498 1249 3552 videtur:
1276 3497 1415 3550 Deus
1444 3494 1581 3549 dixit
1605 3495 1798 3565 Moysi,

216 3565 313 3637 Ego
339 3585 453 3624 sum
490 3571 640 3625 Deus
667 3569 963 3637 Abt-altam,
990 3577 1043 3623 et
1074 3568 1219 3622 Deus
1246 3567 1418 3631 lsaac,
1453 3574 1507 3621 et
1535 3565 1679 3622 Deus
1711 3565 1804 3622 Ja-

216 3640 322 3711 cob,
348 3657 459 3694 cum
502 3642 782 3711 oraculum
824 3641 924 3711 ipsi
967 3641 1020 3693 in
1048 3640 1175 3693 rubo
1215 3638 1483 3692 reddidit:
1525 3650 1615 3690 aut
1641 3637 1804 3711 igitur

217 3706 359 3776 Deus,
388 3728 573 3767 eorum
600 3710 748 3766 Deus
778 3706 870 3779 est,
904 3712 991 3784 qui
1009 3721 1167 3784 _sunt,
1207 3720 1302 3784 aut
1343 3706 1680 3784 eor_um_qui'
1700 3724 1802 3763 non

217 3791 336 3850 sunt,
360 3784 649 3840 absurdum
682 3792 759 3839 est
779 3780 971 3851 autem,
997 3782 1191 3849 Deum,
1213 3782 1303 3854 qui
1320 3780 1462 3837 dixit
1482 3796 1501 3836 :
1525 3781 1635 3851 Ego
1656 3795 1800 3846 sum,

1910 3282 2175 3345 nuntiare,
2194 3281 2286 3351 qui
2322 3281 2618 3354 neutiquam
2657 3292 2777 3337 sunt
2797 3298 2819 3339 :
2843 3284 2981 3354 quod
3002 3285 3045 3339 si
3066 3283 3197 3337 illud
3228 3284 3511 3341 absurdum

1909 3361 2005 3414 est,
2042 3368 2224 3426 eorum
2252 3355 2503 3426 profecto
2524 3352 2665 3426 Deus
2686 3364 2783 3422 est,
2817 3352 2905 3423 qui
2948 3363 3087 3426 sunt,
3131 3365 3178 3409 et
3206 3356 3295 3426 qui
3322 3356 3512 3423 vivunt,

1909 3435 1954 3477 et
1983 3424 2073 3495 qui
2119 3425 2367 3490 existunt,
2414 3424 2606 3496 quique
2651 3425 2955 3492 beneﬁcium
2995 3444 3025 3480 α
3051 3424 3162 3481 Deo
3193 3424 3246 3480 in
3272 3443 3325 3481 se
3349 3426 3513 3480 colla-

1911 3503 2019 3568 tum
2044 3504 2430 3564 agnoscunt...
2468 3495 2651 3550 Vivum
2669 3513 2812 3567 ergo,
2842 3496 3033 3561 Deum,
3062 3500 3164 3568 ipsi
3185 3514 3347 3567 usque
3362 3496 3516 3552 bene-

1912 3565 2091 3637 ﬁcium
2129 3576 2467 3637 agnoscentes
2507 3565 2793 3632 Abraham,
2822 3579 2871 3627 et
2896 3565 3149 3636 Isaac,“
3176 3565 3365 3634 Iatob,
3392 3577 3503 3627 etc.

1982 3646 2008 3715 ξι
2040 3636 2273 3715 Palatio.
2308 3654 2468 3715 mss,
2484 3639 2550 3715 de
2574 3640 3194 3715 doctriua‘respousionis
3223 3640 3390 3715 illius.

2044 3681 2273 3719 ..υ-..μη
2308 3681 2436 3694 ....,.,.
2487 3681 2547 3693 ..ν
2575 3681 3194 3723 ηνυ..-.,..ηνν,...ν....
3225 3681 3390 3696 ......υ.

1980 3706 2011 3747 δ
2040 3707 2208 3783 l_tdetn
2238 3724 2396 3783 mss,
2427 3681 2683 3767 Dharistei
2711 3712 2889 3767 audito
2922 3713 3059 3783 quod
3086 3713 3369 3778 silentium,
3400 3721 3509 3768 etc.

1991 3790 2013 3819 ο
2045 3780 2103 3835 in
2130 3796 2242 3836 uno
2265 3779 2641 3851 Cisterciensi,
2668 3785 2906 3854 exemplo
2933 3779 3151 3852 moveri,
3176 3801 3270 3852 ne,
3292 3792 3403 3839 etc.

218 3913 3493 3939 Mm

1173 4028 1664 4143 LIBER
1754 4027 2185 4159 QUﬂR
2211 4031 2545 4145 TUS.

278 4339 447 4409 (γεγε.
471 4342 537 4397 il
567 4340 752 4413 seqq.)
778 4340 936 4415 183
956 4339 1290 4416 Congregatis
1312 4350 1482 4395 autem
1501 4336 1807 4407 Pharisreis,
1836 4336 1892 4399 D
1918 4335 2320 4407 lnterrogemus
2352 4351 2485 4410 ergo
2524 4305 2629 4395 eos
2657 4337 2805 4395 docti
2828 4355 2858 4394 a
2886 4340 3119 4397 Dosnino
3145 4361 3157 4397 :
3211 4346 3257 4399 si
3283 4344 3512 4418 simplex

220 4428 533 4505 interrogavit
562 4449 649 4488 eos
676 4430 831 4487 Iesus
857 4475 872 4499 ,
904 4433 1079 4488 dicens
1103 4449 1121 4486 :
1172 4431 1311 4501 Quid
1340 4432 1479 4487 vobis
1519 4431 1721 4487 videtur
1744 4431 1808 4485 de

222 4519 426 4591 Christo,
457 4530 609 4597 cujus
639 4526 782 4595 ﬁlius
814 4527 930 4582 est?
977 4526 1167 4582 Dicunt
1187 4527 1231 4581 ei
1256 4543 1274 4580 :
1304 4525 1490 4581 David.
1543 4526 1630 4581 Ait
1658 4526 1763 4580 illis
1786 4541 1806 4581 :

225 4615 470 4684 Quomodo
501 4638 628 4694 ergo
662 4620 834 4675 David
865 4622 918 4676 in
946 4620 1148 4694 Spiritu
1176 4630 1323 4675 vocat
1354 4636 1473 4675 eum
1503 4619 1804 4686 Dominum,

221 4710 415 4770 dicens:
459 4712 609 4771 Dixit
640 4712 898 4772 Dominus
925 4714 1145 4780 Domino
1176 4732 1287 4771 meo
1313 4759 1328 4783 ,
1364 4715 1502 4771 Sede
1539 4734 1569 4767 a
1611 4715 1807 4769 dextris

205 4807 365 4874 .ttteis,
410 4810 583 4865 donec
630 4827 822 4883 ponam
870 4811 1107 4866 inimicos
1134 4820 1253 4866 tuos
1296 4811 1582 4866 scabellnm
1616 4810 1806 4883 pedum

222 4902 448 4955 tuorum?
478 4901 542 4957 Si
568 4918 689 4974 ergo
714 4902 883 4958 David
912 4912 1059 4959 vocat
1082 4919 1201 4959 eum
1217 4902 1519 4967 Dominum,
1548 4902 1808 4968 quomodo

228 4990 350 5059 ﬁlius
375 4998 487 5070 ejus
515 4996 628 5052 est?
654 4996 756 5066 Qui
784 4997 851 5053 ad
884 4996 1404 5055 tentandnmJesum
1434 4998 1650 5053 fuerant
1679 5011 1810 5052 con-

226 5090 450 5157 gressu,
528 5100 587 5146 et
635 5091 923 5148 veritatem
977 5092 1319 5148 fraudulenta
1380 5090 1808 5163 interrogatione

227 5183 251 5213 ι
272 5192 457 5251 capere
492 5184 805 5241 nitebantur
831 5226 846 5252 ,
870 5187 1215 5242 occasionem
1242 5186 1596 5257 pmbuerunt
1619 5183 1811 5239 conin-

227 5272 429 5330 tationis
448 5290 582 5333 sum.
624 5279 1142 5351 Interroganturque
1164 5279 1279 5354 [AL
1312 5279 1710 5351 lntcrrngatur]
1738 5280 1807 5335 de

225 5361 427 5423 Christo
451 5371 609 5441 cujus
642 5371 785 5427 ﬁlius
816 5374 908 5429 sit.
946 5374 1306 5445 Interrogatio
1336 5373 1465 5430 Iesu
1497 5374 1653 5429 nobis
1676 5389 1804 5444 pro-

223 5453 323 5513 licit
344 5476 512 5533 usque
534 5464 708 5520 hodie
724 5476 916 5522 contra
940 5465 1188 5523 dudm.
1217 5467 1287 5523 Et
1312 5467 1367 5522 hi
1391 5468 1533 5524 enim
1552 5468 1641 5539 qui
1669 5482 1805 5523 con-

227 5548 434 5610 ﬁtentur
461 5554 734 5612 Christum
767 5573 890 5615 esse
928 5570 1243 5625 venturum,
1266 5559 1551 5615 hominem
1591 5558 1805 5631 simpli-

228 5657 333 5702 cem
372 5658 425 5704 et
462 5660 710 5708 sanctum
743 5653 917 5711 virum
952 5663 1207 5712 asserunt
1255 5654 1325 5711 de
1361 5669 1567 5726 genere
1608 5653 1803 5711 David.

294 5843 315 5872 ³
340 5836 511 5900 Penes
534 5841 861 5913 Victoriam,
888 5861 1099 5920 carpere
1128 5846 1445 5913 nitebantur,
1478 5855 1594 5901 etc.

1915 4430 2081 4486 homo
2108 4440 2227 4498 est,
2274 4438 2329 4486 et
2359 4429 2501 4487 ﬁlius
2535 4440 2745 4487 tantum
2770 4432 2949 4489 David
2975 4452 2989 4489 τ
3038 4438 3314 4507 quomodo
3346 4441 3514 4498 David

1913 4533 2072 4579 vocet
2098 4537 2223 4579 eum
2248 4522 2538 4580 Dominum
2590 4539 2793 4581 suum:
2857 4543 2964 4583 non
3016 4532 3229 4586 erroris
3277 4533 3511 4603 incerto,

1915 4632 2016 4673 nec
2045 4618 2263 4687 propria
2290 4618 2565 4686 voluntate
2601 4636 2614 4673 :
2644 4618 2740 4676 sed
2776 4621 2828 4677 in
2860 4622 2981 4695 [Αι.
3014 4632 3144 4679 tacet
3176 4624 3268 4697 in]
3308 4627 3512 4699 Spiritu

1912 4720 2124 4766 sancto.
2168 4709 2561 4766 Testimonium
2592 4722 2773 4768 autem
2803 4713 2947 4784 quod
3002 4717 3185 4784 posuit
3218 4762 3234 4786 ,
3275 4716 3345 4774 de
3385 4734 3516 4777 cen-

1912 4803 2110 4861 tesimo
2144 4817 2286 4863 nono
2331 4801 2550 4859 Psalmo
2592 4814 2867 4875 sumptum
2894 4814 3006 4863 est.
3051 4807 3314 4866 Dominus
3350 4811 3518 4883 igitur

1916 4895 2087 4951 David
2115 4903 2343 4951 vocatur
2362 4936 2377 4963 ,
2428 4911 2535 4951 non
2567 4897 2872 4953 secundum
2917 4898 2969 4954 id
2995 4901 3140 4970 quod
3171 4901 3239 4958 de
3264 4917 3332 4957 eo
3358 4913 3517 4962 natus

1915 5000 1997 5047 est
2021 5033 2037 5059 ,
2081 4990 2178 5047 sed
2202 4992 2356 5061 juxta
2389 4990 2440 5046 id
2469 4990 2612 5063 quod
2644 5003 2803 5053 natus
2842 5007 2907 5051 ex
2937 4992 3098 5051 Patre
3130 5012 3350 5070 semper
3390 4998 3513 5067 fuit,

1914 5085 2254 5156 praeveniens
2280 5085 2460 5155 ipsum
2487 5085 2665 5142 carnis
2696 5100 2809 5142 sua:
2834 5087 3077 5147 Patrem.
3118 5090 3293 5149 Judzei
3324 5091 3392 5148 ad
3418 5095 3515 5150 de—

1915 5180 2205 5237 liniendam
2260 5180 2706 5251 interrogationis
2750 5182 3037 5239 veritatem
3092 5183 3286 5240 frivola
3338 5186 3511 5245 unita

1914 5278 2270 5348 contingunt,
2319 5274 2670 5330 vernaculum
2700 5274 2935 5333 Abrahae
2964 5290 3297 5349 asserentes,
3356 5281 3512 5352 cujus

1915 5371 2077 5429 fuerit
2106 5370 2249 5426 [ilius
2278 5369 2572 5424 Damascus
2598 5369 2851 5425 Eliezer:
2893 5380 2950 5427 et
2976 5387 3045 5427 ex
3076 5371 3252 5442 ipsius
3282 5389 3513 5444 persona

1916 5464 2176 5534 scriptum
2208 5462 2476 5535 psalmum
2504 5502 2519 5528 ,
2572 5460 2719 5531 quod
2746 5470 2875 5532 post
2920 5463 3124 5518 caedem
3153 5466 3398 5537 quinque
3422 5483 3513 5523 reo

1913 5572 2039 5630 gum
2059 5600 2074 5622 ,
2129 5554 2393 5611 Dominus
2420 5553 2566 5610 Deus
2591 5552 2824 5609 Domino
2876 5569 2977 5609 suo
3007 5554 3207 5612 dixerit
3233 5558 3467 5615 Abrahae
3490 5578 3510 5617 ι

1920 5651 2053 5709 Sede
2083 5649 2151 5707 ad
2171 5650 2434 5706 dexteram
2462 5663 2629 5704 nteant
2655 5688 2670 5715 ,
2720 5648 2885 5705 donec
2904 5664 3102 5722 ponam
3128 5650 3367 5711 inimicos
3398 5662 3515 5711 tuos
