4004 6332
466 289 567 348 167

1725 285 1784 340 S.
1828 281 2096 340 EUSEBII
2139 280 2523 339 lllhBUNYMl

3662 280 3766 337 168

458 402 745 459 scabellum
762 404 948 473 pedum
972 411 1175 457 tuorum
1197 402 1412 472 (Cenes.
1440 400 1572 471 xxv).
1599 401 2064 471 Qunsinterroge-
2089 416 2147 478 Α
2169 401 2232 454 ab
2263 399 2577 455 hominibus.
2603 398 2940 471 Quicumque
2970 397 3132 470 igitur
3161 399 3235 453 ita
3278 395 3406 453 facit
3452 397 3767 466 quodlibet,

466 514 587 554 mus
613 519 624 553 :
655 500 940 567 Quomodo
969 496 1577 554 DeusdixeritAbraha:
1606 510 1667 549 ea
1685 510 1804 563 qua:
1830 509 2068 562 sequun-

462 601 554 647 tur
584 609 597 648 :
631 590 822 647 Tecum
846 592 1157 665 principium
1180 591 1235 644 in
1263 591 1347 645 die
1374 590 1573 644 virtutis
1604 599 1705 642 tua:
1738 589 1789 642 in
1819 590 2069 656 splendo-

463 686 609 739 ribus
635 694 954 751 sanctorum,
981 701 1044 739 ea:
1072 693 1218 738 utero
1229 695 1347 737 ante
1364 682 1668 754 Luciferum
1686 682 1838 754 genui
1863 692 1909 735 te
1932 698 1950 747 ;
1977 690 2065 735 ct:

464 775 673 831 Jurauit
701 775 977 841 Dominus,
996 784 1043 830 et
1068 792 1172 829 non
1194 774 1457 847 pmnitebit
1480 790 1595 828 eum
1614 791 1633 839 ;
1654 784 1709 827 tu
1737 789 1791 827 es
1822 772 2069 827 sacerdos

467 869 524 923 in
552 878 803 925 internum
827 910 844 936 ,
906 866 1066 941 184
1090 869 1374 922 secundum
1420 869 1653 921 ordinem
1687 866 1737 921 Μ
1746 864 2025 921 elchisedec
2047 867 2072 919 .9

468 961 536 1017 Et
585 960 917 1032 respondere
959 975 1221 1032 cogamus
1248 1004 1263 1029 ,
1315 961 1590 1032 quomodo
1622 961 1891 1015 Abraham
1942 964 2071 1014 ante

467 1054 769 1113 Luciferum
799 1053 1013 1125 genitus
1048 1052 1158 1121 sit;
1187 1063 1244 1109 et
1270 1054 1529 1110 sacerdos
1555 1051 1720 1107 fuerit
1758 1051 2069 1107 secundum

467 1149 713 1204 ordinem
744 1146 1108 1203 Melchisedec
1134 1164 1146 1201 :
1186 1162 1285 1218 pro
1313 1162 1424 1219 quo
1455 1144 1824 1201 Melcliisedec
1853 1143 2070 1199 obtule-

467 1243 540 1297 rit
575 1257 768 1312 panem
810 1252 867 1297 et
907 1241 1092 1296 vinum
1120 1282 1135 1307 ,
1184 1251 1238 1296 et
1274 1255 1306 1295 a
1333 1255 1441 1309 quo
1466 1239 1707 1295 decimas
1753 1236 1949 1308 praedae
1979 1251 2067 1291 ac-

468 1341 693 1409 ceperit.

542 1431 726 1501 (Vers.
746 1429 867 1503 46.)
890 1428 954 1484 Et
972 1444 1119 1484 nemo
1136 1436 1335 1502 poterat
1349 1426 1394 1480 ei
1413 1425 1725 1497 respondere
1738 1423 1942 1479 verbum
1958 1440 1976 1478 :
1990 1439 2073 1477 ne-

467 1542 566 1596 que
582 1542 738 1579 ausus
760 1523 1141 1593 fuitquisqnam
1160 1520 1330 1577 exilla
1354 1521 1440 1576 die
1462 1536 1578 1575 eam
1601 1519 1826 1591 amplius
1848 1520 2073 1573 interro-

465 1634 608 1690 gare.
663 1615 923 1672 Pharisaei
974 1626 1029 1671 et
1056 1614 1344 1673 Sadducasi
1384 1623 1692 1685 quaerentes
1721 1612 2070 1667 occasionem

465 1710 776 1773 calumniae.
802 1718 857 1764 et
883 1708 1109 1764 verbum
1141 1709 1359 1779 aliquod
1391 1707 1659 1772 invenire,
1693 1707 1834 1777 quod
1860 1715 2071 1776 pateret

2174 503 2231 545 ut
2282 493 2526 546 videatur
2574 493 2643 548 ab
2694 490 3038 556 hominibus,
3102 490 3296 545 Scriba
3343 498 3400 546 et
3458 488 3769 547 Pharisaeus

2172 596 2275 642 CSl.

2244 682 2263 753 (
2286 682 2440 738 Vers.
2472 680 2561 755 6.)
2603 680 2837 737 Dilatant
2867 682 3001 738 enim
3029 680 3355 753 phylacteria
3403 696 3528 745 sua,
3573 685 3624 734 et
3655 695 3773 733 ma-

2170 775 2421 849 gniﬁcam
2469 774 2723 843 ﬁmbrias.
2756 775 2948 829 Amant
2976 783 3151 829 autent
3190 774 3388 846 primos
3420 775 3677 829 recubitus
3717 776 3773 828 in

2172 868 2325 922 cernis
2345 909 2359 933 ,
2390 876 2439 921 et
2463 884 2659 936 primas
2688 868 2963 923 cathedras
2990 869 3043 921 in
3066 869 3347 942 sgnagogis
3364 910 3380 935 ,
3407 877 3455 923 et
3483 868 3772 922 salutatio-

2172 980 2260 1017 nes
2291 964 2344 1017 in
2381 962 2498 1034 foro
2519 1006 2533 1031 ,
2565 971 2614 1018 et
2644 966 2818 1018 vocati
2848 962 2913 1017 ab
2937 961 3235 1017 hominibus
3261 960 3451 1017 Rabbi.
3484 961 3578 1016 Ἴτε
3609 962 3775 1019 nobis

2172 1056 2423 1123 miseris,
2465 1056 2532 1111 ad
2589 1071 2726 1127 quos
2779 1055 3178 1111 Pharismorum
3226 1055 3354 1111 vitia
3407 1056 3773 1112 transierunt.

2172 1148 2438 1204 Dominus
2468 1163 2593 1204 cum
2624 1147 2870 1204 dedisset
2898 1147 3150 1203 mandata
3181 1148 3341 1220 Legis
3367 1163 3463 1219 per
3494 1148 3719 1222 Moysen
3755 1191 3771 1218 ,

2173 1241 2238 1296 ad
2300 1250 2608 1297 extremum
2659 1240 2891 1297 intulit:
2924 1239 3136 1313 Ligabis
3182 1258 3243 1296 ea
3270 1242 3326 1295 in
3353 1258 3511 1295 manu
3561 1252 3681 1306 tua,
3727 1254 3777 1297 et

2172 1330 2370 1402 erant}!
2399 1334 2611 1388 immota
2635 1343 2755 1388 ante
2784 1333 2963 1389 oculos
2995 1342 3114 1388 tuos
3144 1332 3338 1406 (Deut.
3362 1349 3447 1402 γι,
3477 1333 3565 1405 8).
3598 1334 3662 1390 Et
3686 1345 3779 1390 est

2173 1440 2369 1481 sensus
2402 1445 2415 1479 :
2459 1428 2735 1498 Praecepta
2768 1442 2887 1483 mea
2913 1426 3024 1481 sint
3058 1427 3110 1481 in
3142 1442 3305 1481 manu
3339 1439 3424 1480 tua
3447 1467 3464 1495 ,
3517 1437 3573 1480 ut
3602 1442 3776 1496 opere

2174 1518 2591 1584 compleantur:
2623 1518 2733 1574 sint
2758 1526 2887 1574 ante
2910 1519 3101 1574 oculos
3132 1526 3289 1587 tuos,
3309 1528 3369 1573 ut
3398 1518 3487 1574 die
3517 1533 3580 1574 ac
3608 1529 3779 1575 nocte

2175 1609 2458 1665 meditaris
2485 1610 2539 1665 in
2568 1610 2669 1665 eis.
2698 1611 2812 1666 lloc
2841 1611 3105 1665 Pharisaei
3135 1611 3276 1667 male
3299 1612 3729 1682 interpretantes
3757 1653 3773 1678 ,

2176 1702 2492 1758 scribebant
2540 1702 2593 1759 in
2629 1714 2652 1741 ε
2687 1703 3075 1759 membranulis
3119 1703 3442 1775 llecalogum
3475 1703 3680 1775 Moysi,
3718 1703 3777 1758 id

471 1800 709 1868 insidiis,
735 1800 858 1870 quia
889 1799 943 1854 in
976 1800 1323 1856 sermonibus
1338 1797 1604 1856 col-tutati
1627 1808 1771 1866 sunt,
1802 1798 1942 1854 ultra
1962 1814 2069 1854 non
2101 1802 2148 1862 B
2175 1807 2259 1852 est
2287 1797 2477 1852 decem
2502 1797 2667 1853 verba
2694 1797 2885 1869 Legis,
2914 1796 3307 1868 complicantes
3328 1811 3390 1851 ea
3409 1837 3425 1862 ,
3454 1806 3511 1853 et
3538 1797 3778 1868 ligztntes

472 1897 853 1968 interrogant,
910 1894 1005 1950 sed
1038 1895 1385 1961 apertissime
1416 1893 1877 1963 comprehensum
1906 1933 1922 1959 ,
1959 1893 2066 1947 Ro-

470 2005 649 2046 mana:
678 1988 899 2045 tradunt
924 1988 1202 2059 potestati.
1242 1987 1324 2042 Ex
1350 2002 1457 2058 quo
1482 1986 1832 2058 intelligimus
1857 2000 2068 2041 venena

469 2084 688 2140 invidia:
718 2099 880 2154 posse
923 2082 1151 2155 quidem
1196 2082 1488 2155 superari,
1535 2080 1632 2136 sed
1683 2080 1908 2137 difﬁcile
1934 2094 2069 2135 con-

471 2179 774 2250 quiescere.

547 2252 904 2342 (Cap.XXlIl.
924 2299 996 2310 —
1014 2267 1174 2323 Vers.
1191 2268 1217 2322 1
1247 2264 1431 2338 seqq.)
1445 2264 1594 2320 Tunc
1605 2264 1759 2320 Iesus
1782 2265 1983 2320 locutus
1995 2272 2069 2318 est

471 2365 540 2421 ad
568 2365 743 2419 turbas
762 2373 811 2419 et
831 2364 899 2419 ad
915 2363 1200 2435 discipulos
1230 2378 1373 2429 suos,
1424 2362 1601 2415 dicens
1627 2377 1647 2415 :
1696 2361 1867 2433 Super
1896 2359 2071 2414 cathe-

472 2459 622 2512 dram
647 2455 817 2528 Moysi
847 2457 1090 2511 sederunt
1120 2454 1321 2512 Scriba:
1350 2462 1396 2509 et
1425 2453 1686 2508 Pharisaei
1710 2470 1728 2507 :
1751 2452 1927 2507 omnia
1947 2469 2069 2523 ergo

471 2565 807 2623 qutecumque
818 2550 1042 2604 dixerint
1068 2549 1230 2613 vobis,
1262 2551 1461 2602 seruate
1484 2554 1531 2600 et
1552 2546 1715 2615 facite
1738 2562 1757 2600 :
1782 2545 2069 2599 secundum

471 2663 628 2717 opera
656 2660 771 2701 vero
799 2660 976 2700 eorum
1006 2642 1164 2698 nolite
1206 2644 1401 2713 facere.
1449 2639 1643 2695 Dicunt
1673 2641 1815 2695 enim
1840 2679 1857 2707 ,
1891 2647 1939 2691 et
1966 2654 2069 2692 non

471 2742 694 2811 faciunt.
734 2736 876 2805 Quid
910 2735 1270 2803 mansuetius,
1289 2732 1418 2805 quid
1439 2732 1726 2802 benignius
1752 2729 1780 2769 δ
1807 2730 2070 2785 Domino?

469 2831 732 2888 Tentatur
759 2847 791 2884 a
818 2827 1135 2897 Pharisaeis,
1166 2826 1580 2897 confringuntur
1610 2822 1822 2879 insidiae
1854 2838 2068 2889 eorum,

471 2934 529 2982 et
553 2924 851 2981 secundum
882 2923 1228 2978 Psalmistam
1252 2938 1267 2975 ι
1302 2919 1524 2989 Sagitta:
1551 2920 1891 2989 parvulorum
1918 2921 2071 2989 facta:

472 3028 591 3074 sunt
620 3019 789 3090 plaga:
825 3031 1003 3071 eorum
1033 3014 1050 3086 (
1078 3011 1227 3068 Psal.
1255 3028 1388 3068 ant
1411 3052 1428 3079 ,
1477 3012 1554 3082 8)
1580 3054 1595 3080 ,
1628 3021 1685 3068 et
1714 3010 2072 3067 nihilominus

470 3119 692 3179 propter
737 3106 1027 3163 sacerdotii
1057 3113 1113 3159 et
1151 3104 1386 3160 nominis
1414 3102 1743 3174 dignitatem
1774 3144 1789 3169 ,
1823 3103 2071 3157 hortatur

2172 1891 2225 1944 in
2282 1889 2495 1955 fronte,
2542 1898 2597 1945 et
2626 1890 2778 1961 quasi
2824 1906 3086 1946 coronam
3117 1890 3310 1960 capitis
3362 1889 3653 1955 iacientes,
3712 1900 3779 1946 ut

2170 1999 2390 2055 semper
2418 1993 2544 2039 ante
2563 1985 2755 2039 oculos
2784 1993 3174 2039 moverentur:
3210 1983 3355 2056 quod
3393 1999 3564 2055 usque
3607 1983 3777 2039 hodie

2171 2075 2321 2145 Indi,
2354 2076 2375 2116 ί
2410 2077 2624 2146 Persae,
2655 2088 2711 2134 et
2733 2078 3020 2151 Babylonii
3042 2077 3255 2134 faciunt
3289 2097 3301 2133 :
3332 2088 3389 2134 et
3415 2078 3505 2149 qui
3536 2078 3639 2132 hoc
3664 2076 3775 2132 ba-

2173 2172 2385 2238 bucrit,
2416 2173 2572 2243 quasi
2600 2172 2891 2244 religiosus
2917 2173 2970 2228 in
3004 2174 3219 2244 populis
3241 2173 3536 2243 iudicatur.
3579 2174 3778 2230 Jusse-

2175 2275 2259 2320 rat
2304 2281 2524 2336 quoque
2553 2266 2702 2322 aliud
2747 2266 2962 2340 Moyses
2987 2266 3189 2340 (Nam.
3221 2267 3324 2340 xv)
3356 2275 3413 2322 ut
3456 2267 3510 2323 in
3538 2278 3778 2338 quatuor

2171 2361 2385 2433 angulis
2410 2361 2701 2432 palliorum
2728 2361 3110 2435 hyacinthinas
3136 2361 3376 2418 ﬁmbrias
3403 2362 3669 2427 iacerent,
3698 2361 3776 2416 ad

2174 2453 2387 2509 lsraelis
2410 2454 2667 2524 populum
2692 2454 3124 2529 dignoscendum
3142 2494 3155 2519 ,
3181 2462 3239 2509 ut
3264 2454 3539 2524 quomodo
3566 2454 3621 2508 in
3646 2469 3778 2508 cor-

2173 2546 2395 2617 poribus
2446 2546 2792 2602 circumcisio
2838 2548 3051 2619 signutn
3077 2546 3318 2603 Judaicte
3346 2548 3523 2617 gentis
3562 2547 3726 2601 daret
3756 2588 3777 2615 ,

2173 2639 2245 2694 ita
2272 2649 2327 2695 et
2355 2640 2521 2695 vestis
2551 2639 2780 2695 haberet
2810 2640 3043 2711 aliquam
3070 2640 3456 2696 differentiam.
3485 2640 3774 2709 Supersti-

2174 2734 2311 2788 tiosi.
2332 2733 2575 2805 magistri
2604 2742 2892 2803 captantes
2918 2748 3111 2789 auram
3133 2735 3488 2805 popularem,
3512 2744 3675 2805 atque
3697 2750 3775 2790 ex

2174 2824 2508 2880 mulierculis
2548 2833 2828 2881 sectantes
2860 2826 3009 2881 lucra
3029 2868 3044 2894 ,
3079 2825 3350 2883 faciebant
3380 2826 3614 2897 grandes
3642 2827 3774 2882 lim-

2175 2917 2352 2983 brias,
2384 2928 2437 2973 et
2465 2918 2811 2974 acutissimas
2840 2919 2892 2974 in
2917 2920 2997 2974 eis
3024 2920 3211 2989 spinas
3237 2919 3503 2991 ligabant,
3537 2930 3592 2974 ut
3621 2921 3777 2977 vide-

2174 3008 2301 3063 licet
2332 3009 2675 3064 ambulantes
2698 3016 2756 3065 et
2782 3010 3038 3067 sedentes
3065 3010 3340 3067 interdum
3375 3021 3775 3083 pungerentur,

2176 3111 2229 3155 et
2278 3100 2433 3171 quasi
2465 3102 2566 3155 hac
2616 3100 2989 3158 admonitione
3036 3103 3446 3159 retraherentur
3486 3103 3554 3157 ad
3586 3103 3778 3161 ofﬁcia

473 3200 701 3273 populos
726 3197 1156 3269 utsubjiciantur
1172 3196 1274 3265 eis,
1302 3212 1407 3251 non
1430 3211 1620 3266 opera,
1649 3194 1744 3251 sed
1759 3193 2064 3249 doctrinam
2095 3187 2139 3250 C
2174 3192 2477 3259 Domini,et
2502 3193 2803 3250 ministeria
2831 3195 3112 3250 servitutis
3142 3195 3282 3266 ejus.
3298 3195 3431 3263 Quia
3464 3210 3596 3266 ergo
3617 3194 3778 3252 dixe-

471 3294 899 3351 Considerantes.
957 3292 1112 3361 Quod
1156 3300 1336 3348 autem
1392 3292 1513 3346 ait:
1551 3291 1723 3360 Super
1767 3288 2069 3343 cathedram

470 3385 647 3459 Moysi
676 3385 917 3441 sederunt
946 3384 1145 3440 Scriba:
1172 3393 1219 3438 et
1253 3382 1514 3438 Pharistzi
1565 3400 1579 3438 :
1620 3397 1719 3452 per
1748 3380 2067 3436 cathedram

473 3482 779 3538 doctrinam
802 3480 959 3552 Legis
978 3478 1240 3534 ostendit.
1274 3479 1419 3549 Ergo
1444 3489 1500 3533 et
1536 3476 1671 3533 illud
1701 3475 1845 3547 quod
1870 3474 2068 3530 dicitur

472 3577 526 3634 in
548 3576 799 3633 Psalmo:
850 3572 915 3628 In
954 3573 1202 3627 cathedra
1228 3571 1531 3645 pestilentia:
1561 3589 1664 3626 non
1708 3571 1838 3625 sedit
1876 3565 2064 3643 (Psal.

473 3685 514 3737 ι,
544 3670 622 3740 1).
650 3670 745 3725 Et:
776 3666 1062 3725 Cathedras
1093 3666 1419 3721 vendentium
1440 3662 1703 3720 columbas
1729 3665 1907 3718 evertit
1938 3663 2068 3735 (Su-

475 3784 571 3837 pra
599 3779 725 3833 xxr;
759 3762 901 3818 Mar.
927 3762 1008 3833 ιι)
1034 3760 1339 3817 doctrinam
1367 3759 1626 3815 debemus
1646 3759 1915 3827 accipere.

546 3859 729 3931 (νει-ε.
759 3855 845 3929 4.)
883 3856 1115 3928 Alligant
1146 3864 1318 3909 autem
1350 3870 1506 3909 onera
1535 3854 1714 3925 gravia
1734 3864 1781 3907 et
1822 3855 2069 3923 importa-

472 3952 618 4019 bilia,
649 3962 696 4006 et
722 3952 992 4025 imponunt
1015 3951 1067 4003 in
1087 3946 1327 4002 humeros
1355 3946 1659 4014 hominum;
1709 3946 1873 4019 digito
1900 3956 2068 4000 autem

472 4048 774 4119 suo.nolunt
796 4062 855 4101 ea
868 4058 1085 4099 movere.
1104 4042 1216 4097 Hoc
1238 4039 1572 4112 generaliter
1594 4039 1659 4093 ad
1669 4053 1858 4094 versus
1876 4053 2067 4094 omnes

475 4140 784 4212 magistros,
812 4138 899 4208 qui
921 4147 943 4174 ο
966 4135 1151 4207 gravia
1170 4134 1384 4203 jubent,
1410 4141 1462 4188 et
1482 4133 1691 4187 minora
1716 4148 1823 4187 non
1840 4130 2063 4186 faciunt.

474 4231 780 4289 Notandum
811 4238 992 4284 autem
1022 4227 1182 4300 185
1214 4225 1357 4296 quod
1397 4232 1453 4280 et
1478 4224 1715 4292 humeri,
1758 4235 1813 4278 et
1840 4222 2065 4295 digitus,

474 4335 530 4380 et
560 4338 748 4390 onera,
780 4331 836 4377 et
860 4321 1097 4387 vincula,
1130 4319 1325 4391 quibus
1348 4318 1639 4388 alligantur
1665 4331 1858 4386 onera,
1907 4317 2070 4388 spiri-

475 4417 694 4475 tualiter
721 4414 1069 4486 intelligenda
1096 4421 1241 4469 sunt.

546 4510 743 4584 (Vers.
770 4506 862 4579 5.)
904 4506 1093 4562 Omnia
1126 4522 1283 4579 Opera
1310 4520 1405 4560 sua
1433 4504 1663 4577 faciunt,
1715 4511 1775 4557 ut
1801 4502 2073 4557 videantur

550 4680 577 4709 α
608 4668 850 4734 Rhabb.,
883 4667 972 4739 qui
1004 4664 1366 4739 Melchisedec.

550 4741 578 4781 ι’
607 4741 829 4797 Variam
856 4734 1040 4795 secum
1064 4737 1296 4794 invicem
1330 4734 1499 4791 nostri
1528 4750 1658 4790 mss.
1696 4735 1751 4790 ln
1776 4734 1920 4803 aliis,
1951 4735 2079 4805 quid

480 4813 747 4884 benignius
770 4813 796 4866 Ρ
825 4809 1049 4865 Domino
1075 4818 1269 4863 tentato
1297 4826 1329 4862 a
1360 4806 1647 4861 Pharisa'is
1675 4847 1688 4871 ,
1721 4817 1851 4872 etc.,
1874 4807 1930 4861 in
1959 4808 2078 4861 aliis

479 4884 762 4949 Dominus,
794 4891 1039 4948 tentatur,
1075 4888 1181 4936 etc.

558 4967 581 4996 ο
615 4948 873 5009 Fortasse
903 4952 1084 5008 verius
1114 4949 1289 5006 nostri
1313 4965 1468 5012 mss.,
1509 4949 1595 5021 qui
1625 4948 1846 5021 grandia
1870 4949 2075 5020 jubent.

554 5025 580 5064 ι¹
614 5026 878 5081 Hebrteus
920 5024 1085 5080 habet
1111 5031 1295 5085 nam:
1324 5064 1339 5084 ο
1384 5018 1673 5089 frontalia,
1703 5018 2074 5092 Septuaginta.

478 5117 644 5163 vero,
669 5101 734 5150 ad
760 5112 993 5168 quorum
1027 5097 1115 5149 hic
1138 5112 1198 5168 se
1224 5097 1282 5150 S.
1309 5093 1473 5148 Pater
1502 5092 1771 5168 rationem
1790 5090 2074 5168 efformat,

481 5162 748 5231 ἀσαλέυτὰ
770 5162 792 5233 ξ
819 5168 963 5238 quod
1012 5176 1128 5230 est,
1178 5167 1434 5219 immota:
1464 5173 1654 5218 contra
1684 5162 1877 5238 Latina
1905 5166 2075 5218 inter-

481 5245 719 5313 pretatio
742 5281 782 5313 ε-
812 5234 857 5313 el
886 5237 1228 5313 mouebantur
1254 5237 1397 5304 quod
1428 5238 1657 5303 ipsemet
1695 5234 1917 5289 Hieron.
1936 5250 2073 5313 _vet_‘o

482 5306 616 5372 terit
643 5330 707 5370 ex
741 5310 990 5367 Hebraici
1019 5309 1168 5363 verbi
1193 5317 1324 5371 “Et:
1353 5315 1687 5378 PrOprietate
1709 5348 1727 5378 ν,
1758 5320 1863 5371 qua
1905 5306 2072 5377 signi-

482 5388 611 5442 llcat
635 5385 688 5438 in
724 5384 1029 5439 incedendo
1058 5395 1258 5449 corpus
1278 5421 1293 5444 ,
1324 5389 1418 5432 aut
1443 5378 1646 5447 aliquid
1669 5377 1814 5449 aliud
1843 5378 2074 5447 agitare,

479 5466 537 5515 et
562 5471 778 5513 movere
812 5470 827 5510 :
854 5469 961 5521 quo
992 5448 1169 5507 sensu
1188 5452 1240 5504 in
1266 5450 1511 5521 subnexa
1556 5448 1904 5521 expositione
1932 5449 2072 5503 Pha-

478 5531 769 5586 risaeorum
813 5518 1065 5579 frontalia
1112 5521 1400 5577 describit.
1449 5518 1653 5576 Confer
1698 5520 1837 5576 adeo
1883 5522 2078 5577 subse-

478 5611 737 5674 quentem
770 5599 1209 5674 annotationent.

554 5683 578 5709 ο
611 5673 783 5726 Antea
815 5680 932 5725 erat
958 5710 973 5731 ,
999 5664 1332 5722 membranis.
1362 5663 1461 5718 His
1490 5677 1654 5733 porro
1680 5664 1894 5734 gemina
1922 5672 2071 5730 sunt,

477 5761 601 5813 quae
636 5746 799 5795 habet
833 5743 890 5793 S.
922 5739 1167 5813 l‘alttrgadg
1201 5734 1504 5813 Ezechielis
1535 5750 1667 5813 cap:
1695 5751 1858 5813 xxiv:
1889 5737 2072 5789 Aiunt.

478 5805 688 5873 Βριγνωί
716 5812 977 5884 hucusque
999 5809 1315 5881 Babylonios
1338 5807 1614 5879 magistros
1638 5805 1790 5879 Legis
1819 5818 2074 5880 praecepta

2172 3297 2254 3341 rat
2284 3287 2549 3343 Dominus
2575 3304 2588 3339 :
2624 3287 2815 3342 Omnia
2844 3304 3005 3359 apera
3025 3305 3123 3343 sua
3151 3289 3382 3359 faciunt,
3408 3299 3463 3343 ut
3489 3287 3779 3343 uideantur

2181 3380 2341 3453 186
2359 3382 2422 3433 ab
2469 3379 2809 3447 hominibus;
2869 3382 3012 3452 quod
3067 3382 3391 3453 generaliter
3439 3392 3776 3450 accusarat,

2172 3495 2316 3534 nunc
2357 3494 2454 3550 per
2492 3487 2675 3550 partes
2707 3480 2926 3536 dividit.
2957 3491 2981 3528 ε
3012 3480 3299 3536 Pictatiola
3348 3480 3440 3536 illa
3471 3480 3733 3551 Decalogi
3756 3524 3772 3547 ,

2169 3580 2503 3652 phylacteria
2548 3581 2856 3637 vocabant:
2896 3581 3042 3652 quod
3090 3584 3420 3653 quicumque
3480 3581 3779 3637 habuisset

2170 3696 2257 3749 ea,
2287 3679 2440 3751 quasi
2463 3678 2533 3734 ob
2558 3679 2863 3735 custodiam
2885 3691 2941 3737 et
2963 3683 3355 3737 monimentum
3381 3680 3464 3736 sui
3498 3680 3732 3736 haberet
3759 3700 3773 3734 :

2172 3798 2283 3837 non
2321 3782 2750 3853 intelligentibus
2789 3783 3079 3840 Pharismis
3128 3784 3273 3856 quod
3328 3784 3445 3840 haec
3491 3784 3543 3839 in
3595 3784 3775 3840 corde

2173 3884 2438 3955 portanda
2460 3883 2600 3951 sint,
2635 3898 2743 3940 non
2777 3888 2831 3938 in
2857 3900 3089 3956 corpore
3117 3900 3132 3941 :
3156 3884 3394 3956 alioquin
3422 3894 3478 3941 et
3505 3884 3775 3953 armaria,

2170 3995 2227 4043 et
2255 4001 2396 4041 arca:
2423 3985 2625 4041 habent
2648 3986 2848 4053 libros,
2882 3996 2939 4042 et
2975 3986 3221 4043 notitiam
3251 3987 3349 4042 Dei
3399 4004 3505 4042 non
3542 3988 3770 4042 habent.

2173 4091 2285 4146 lloc
2308 4090 2448 4160 apud
2481 4106 2581 4146 nos
2610 4090 3002 4160 supersutioszc
3024 4090 3394 4157 mulierculae,
3426 4089 3482 4144 in
3508 4086 3538 4127 ιι
3571 4106 3773 4158 parvu-

2172 4194 2240 4248 lis
2274 4193 2603 4264 Evangeliis,
2638 4202 2693 4249 et
2739 4194 2791 4248 in
2822 4194 3004 4249 crucis
3037 4193 3213 4264 ligno,
3246 4203 3300 4248 ct
3334 4192 3641 4248 istiusmodi
3676 4210 3772 4249 re-

2172 4296 2271 4350 bus
2328 4296 2491 4367 (quie
2516 4294 2718 4351 habent
2743 4294 2962 4365 quidem
2987 4295 3158 4350 zelum
3188 4294 3315 4364 Dei,
3349 4294 3444 4351 sed
3472 4312 3578 4350 non
3612 4295 3776 4365 juxta

2173 4398 2482 4469 scientiam)
2516 4398 2704 4469 (Rom.
2742 4399 2802 4469 Χ)
2826 4413 2997 4469 usque
3029 4396 3190 4453 hodie
3218 4396 3501 4462 factitant,
3531 4398 3768 4453 culicem

2174 4505 2479 4575 liqnautes,
2539 4512 2595 4559 et
2640 4501 2912 4559 camelum
2968 4498 3501 4574 glutientesUnfra,
3534 4500 3775 4569 eodem).

2102 4670 2158 4731 D
2181 4674 2459 4720 servantes.
2508 4663 2828 4737 Dccalogum
2865 4664 3115 4737 scriptum
3144 4663 3196 4716 in
3247 4660 3638 4737 membranulis,
3670 4663 3779 4716 cir-

2180 4737 2425 4790 cumdare
2448 4737 2609 4805 capiti
2636 4734 2763 4802 suo,
2795 4746 2845 4791 et
2876 4734 2985 4790 ha'c
3015 4751 3153 4802 esse,
3197 4748 3315 4805 qua:
3353 4734 3606 4806 jubentur
3651 4746 3779 4790 ante

2183 4808 2388 4875 oculos,
2422 4819 2467 4862 et
2498 4809 2552 4861 in
2584 4808 2757 4881 fronte
2783 4808 3034 4881 pendere,
3076 4817 3130 4859 ut
3177 4821 3376 4881 semper
3419 4806 3628 4881 uideant
3656 4822 3803 4875 quia.

2182 4887 2441 4950 prterepta
2468 4876 2607 4933 sunt.
2634 4876 2853 4945 Vernin,
2880 4889 2939 4934 ut
2956 4880 3024 4933 ad
3047 4893 3167 4932 eum
3193 4876 3776 4950 locumohservamus,

2185 4947 2274 5005 hic
2316 4965 2527 5018 quoque
2570 4952 2843 5005 latendum
2874 4961 2988 5017 est,
3032 4951 3184 5018 siqua
3214 4947 3476 5003 Rabbinis
3507 4963 3595 5003 res
3640 4962 3776 5003 suas

2180 5022 2530 5076 narrantibus
2548 5020 2682 5076 ﬁdes
2699 5029 2805 5085 est,
2821 5031 2873 5075 et
2898 5020 3082 5092 siquid
3108 5020 3370 5092 hodierna
3389 5034 3605 5092 quoque
3627 5019 3776 5087 apud

2184 5107 2279 5146 eos
2326 5093 2667 5147 consuetudo
2722 5090 3112 5163 probal,'non
3166 5090 3517 5163 Decalogumi
3549 5090 3727 5163 Moysi
3755 5135 3771 5157 ,

2182 5164 2329 5233 quod
2382 5162 2763 5235 Hieronymus
2795 5163 2988 5228 tradit,
3040 5162 3439 5235 sedgquosdam
3489 5162 3779 5235 dumtaxat

2184 5232 2480 5305 Scripturu-
2507 5232 2709 5302 textus,
2737 5234 2876 5290 duos
2903 5251 3098 5304 nenqze
3123 5232 3327 5295 Exodi,
3353 5233 3604 5305 duosque
3631 5232 3779 5289 Deu—

2184 5303 2474 5361 temiiomii
2501 5307 2819 5362 describere
2845 5303 3041 5361 solitos
3084 5308 3137 5361 in
3172 5303 3601 5370 membranulis,
3633 5321 3777 5374 quas

2181 5377 2372 5445 fronti,
2406 5381 2554 5434 vittis
2586 5380 2862 5447 utrimque
2883 5372 3293 5445 dil‘lluentihus,
3324 5376 3627 5447 alligarent.

2258 5450 2275 5488 ί
2308 5449 2517 5506 Nomen
2548 5448 2729 5505 Persa:
2760 5446 2930 5503 nostri
2962 5465 3093 5507 mss.
3126 5451 3399 5519 ignorant.
3427 5446 3521 5504 Sic
3548 5446 3772 5505 Rhabb.

2253 5532 2276 5568 Β
2300 5523 2355 5577 ld
2388 5530 2499 5585 est.
2534 5538 2718 5590 parvas
2749 5520 3059 5586 schedulas,
3084 5521 3227 5591 quod
3258 5530 3325 5591 et
3345 5519 3586 5574 Victorio
3613 5528 3778 5575 nota-

2180 5601 2289 5647 tum
2316 5635 2333 5658 ,
2364 5609 2393 5648 a
2418 5592 2609 5649 Gra'co
2654 5595 2964 5659 πυκτὸπιον,
3022 5591 3165 5661 quod
3196 5600 3281 5645 est
3309 5590 3511 5647 libellus
3536 5632 3552 5654 ,
3608 5608 3773 5662 parva

2182 5664 2369 5719 tabella
2383 5707 2398 5729 ,
2429 5665 2620 5732 bisque
2637 5667 2853 5719 similia.
2884 5663 3051 5719 Paulo
3066 5671 3190 5735 post
3211 5678 3309 5735 pro
3325 5677 3456 5717 voce
3483 5664 3775 5718 monimen-

2182 5744 2319 5792 tum.
2354 5738 2556 5791 rectius
2589 5737 2819 5792 fortasse
2854 5738 3050 5801 legeris
3075 5778 3089 5801 ,
3122 5736 3513 5790 munimentum.

2254 5805 2280 5844 ¹¹
2305 5806 2505 5877 Rabb.,
2534 5808 2587 5862 in
2614 5807 2874 5878 parabolis
2899 5805 3189 5879 Evangelii.
