4004 6332
241 340 324 408 ibi?

236 455 492 521 Istiusmodi
535 464 656 513 erat
703 453 916 511 ﬁmbria
962 468 1125 525 parva
1171 460 1229 510 et
1273 452 1454 510 brevis
1480 467 1547 509 ex
1571 461 1595 490 α
1626 428 1771 524 Lege
1798 451 1852 514 Α

234 558 650 628 pracepla,quam
677 556 734 603 et
763 546 963 603 mulier
989 546 1080 602 illa
1103 561 1227 617 quae
1257 539 1524 617 sanguine
1545 544 1769 613 ﬂuebat,

234 645 380 717 tetigit
415 644 463 700 in
508 642 671 713 pallio
694 642 907 697 Domini
944 641 1159 712 (Supra
1187 656 1266 707 ιι,
1297 639 1429 696 Luc.
1473 639 1595 713 vni)
1630 657 1645 697 :
1675 640 1771 695 sed

230 753 322 797 non
359 745 432 792 est
450 742 774 805 compuncta
815 734 1213 804 superstitiosis
1240 731 1270 771 ι)
1302 733 1551 789 sentibus
1579 732 1771 788 Phari-

230 842 457 892 saorum;
508 826 789 898 magisque
813 834 996 881 sanata
1038 826 1106 881 ad
1136 835 1337 881 tactum
1365 825 1501 896 ejus.
1530 825 1774 897 Cumque

229 918 461 991 superﬂue
472 917 1047 990 dilatentphylacteria
1065 960 1080 985 ,
1108 927 1164 973 et
1187 932 1412 988 magnas
1437 917 1632 972 iaciant
1655 918 1775 972 tim-

228 1015 373 1079 brias,
400 1012 619 1084 gloriam
666 1020 954 1082 captantes
986 1012 1055 1066 ab
1082 1012 1430 1079 hominibus,
1473 1020 1776 1081 arguuntur

226 1108 274 1165 in
295 1104 491 1177 reliquis
508 1145 525 1173 ,
552 1121 653 1160 cur
685 1114 940 1177 quierant
965 1105 1170 1175 primus
1195 1105 1477 1161 accubitus
1500 1106 1555 1160 in
1579 1106 1771 1174 omnis,

225 1208 272 1257 et
294 1199 469 1269 primas
492 1199 784 1255 cathedras
808 1201 861 1255 in
893 1200 1212 1272 synagogis;
1246 1210 1302 1255 et
1341 1201 1394 1255 in
1429 1200 1643 1271 publico
1674 1216 1773 1270 gu-

226 1292 314 1349 lam
340 1302 600 1348 sectentur
625 1302 680 1347 et
707 1293 934 1360 gloriam
953 1309 975 1349 :
994 1305 1045 1349 et
1073 1302 1339 1349 vocentur
1364 1293 1433 1349 ah
1464 1294 1777 1350 hominibus

223 1383 392 1450 Rabbi,
414 1383 554 1461 quod
578 1384 777 1441 Latino
802 1399 1057 1441 sermone
1081 1386 1327 1457 magister
1356 1385 1572 1442 dicitur.
1612 1388 1773 1442 Deni-

224 1490 306 1547 que
327 1475 559 1545 sequitur
590 1489 608 1531 :

278 1565 442 1640 (Vers.
463 1567 498 1624 8
517 1566 665 1641 seq.)
691 1567 798 1624 Vos
816 1577 991 1624 autem
1015 1567 1178 1623 nolite
1197 1569 1375 1625 vocari
1400 1569 1569 1626 Rabbi
1587 1586 1606 1626 :
1629 1569 1777 1627 Unus

222 1668 281 1714 est
320 1660 441 1714 enim
482 1661 726 1732 magister
765 1672 969 1716 vester:
994 1670 1016 1700 ο
1050 1677 1225 1716 omnes
1255 1670 1429 1717 autem
1468 1678 1556 1718 vos
1586 1667 1777 1734 fratres

220 1752 335 1805 estis.
382 1749 447 1804 Et
484 1760 688 1817 patrem
726 1751 886 1806 nolite
924 1768 1107 1807 vocare
1151 1752 1292 1807 vobis
1337 1769 1495 1822 super
1536 1763 1729 1809 terram
1757 1772 1778 1811 :

226 1839 347 1897 Unus
368 1851 441 1896 est
470 1843 607 1898 enim
633 1840 798 1898 Pater
823 1853 986 1898 vester
1008 1885 1024 1912 ,
1054 1845 1144 1916 qui
1181 1845 1236 1898 in
1267 1845 1408 1900 caelis
1428 1856 1522 1902 est.
1553 1847 1666 1901 Nec
1694 1864 1782 1903 νο·
1807 1840 1859 1903 Β

222 1936 375 1990 ceruini
398 1936 632 2009 magistri
662 1952 683 1991 :
711 1937 835 2008 quia
869 1938 1113 2010 magister
1149 1946 1312 1993 vester
1344 1956 1483 1994 unus
1500 1949 1604 2009 est,
1638 1938 1785 1995 Chri-

222 2038 327 2081 stus.
348 2028 445 2094 Qui
467 2031 644 2100 major
664 2038 740 2084 est
768 2038 995 2084 vestrum
1017 2071 1031 2093 ,
1083 2029 1179 2085 erit
1205 2031 1443 2086 minister
1471 2042 1655 2087 vester.
1683 2032 1785 2100 Qui

221 2129 363 2174 autem
381 2135 432 2173 se
451 2120 757 2174 multaverit
780 2164 795 2188 ,
830 2119 1194 2177 humiliabitur
1219 2167 1233 2193 ,
1267 2132 1315 2177 et
1343 2124 1431 2194 qui
1460 2140 1514 2178 se
1542 2124 1787 2180 humilia-

223 2213 343 2282 verit,
371 2212 707 2268 esaltabitur.
740 2213 854 2271 Nec
879 2215 1142 2287 magister
1161 2259 1176 2281 ,
1208 2234 1310 2273 nec
1332 2228 1493 2289 pater
1510 2221 1790 2276 vocandus

224 2317 291 2364 est
313 2307 445 2364 alius
466 2350 483 2375 ,
514 2309 623 2364 nisi
670 2309 816 2366 Deus
841 2311 1007 2368 Pater
1033 2322 1087 2369 et
1119 2313 1379 2370 Dominus
1411 2326 1599 2373 noster
1627 2317 1790 2373 Jesus

224 2399 457 2457 Christus.
488 2401 655 2458 Pater
676 2442 691 2469 ,
725 2404 848 2474 quia
875 2419 943 2459 ex
975 2404 1096 2474 ipso
1124 2416 1248 2461 sunt
1277 2407 1485 2461 omnia.
1510 2408 1788 2479 Magister,

223 2492 326 2563 quia
360 2509 450 2565 per
478 2494 662 2564 ipsum
705 2497 925 2553 omnia:
957 2497 1042 2551 vel
1074 2499 1331 2567 quoniam
1376 2514 1477 2569 per
1508 2502 1791 2569 dispensa-

227 2584 398 2642 tionem
422 2588 611 2643 carnis
640 2589 760 2659 ejus
785 2630 801 2655 ,
837 2589 994 2661 185
1020 2604 1212 2646 omnes
1234 2594 1573 2648 reconciliati
1603 2610 1794 2651 sumus

227 2675 340 2735 Deo.
381 2681 665 2749 Quaeritur
710 2695 881 2751 quare
921 2683 1210 2738 adversum
1264 2684 1368 2739 hoc
1415 2696 1748 2757 praeceptum
1776 2731 1793 2759 ,

226 2768 472 2828 doctorem
493 2773 744 2842 gentium
774 2774 1073 2844 Apostolus
1103 2788 1164 2831 se
1192 2790 1315 2831 esse
1344 2775 1545 2833 dixerit
1575 2778 1791 2850 (llCor.

226 2875 276 2928 v;
325 2859 517 2919 Coloss.
553 2864 657 2935 s);
712 2872 808 2920 aut
877 2865 1154 2936 quomodo
1224 2868 1448 2939 vulgato
1503 2885 1794 2943 sermone,

228 2954 431 3010 maxime
473 2955 530 3011 in
566 2954 859 3011 Palaestina
896 2965 953 3012 et
978 2956 1200 3031 Egypti
1246 2961 1598 3017 monasteriis
1625 2979 1685 3018 se
1715 2963 1800 3019 in-

228 3043 380 3101 vicem
407 3045 606 3101 Patres
633 3049 870 3103 vocent?
897 3047 1053 3117 Quod
1082 3051 1162 3104 sic
1183 3050 1459 3107 solvitur:
1488 3053 1650 3109 Aliud
1676 3071 1800 3113 esse

228 3145 392 3191 natura
428 3150 650 3207 patrem
700 3140 786 3194 vel
833 3140 1154 3212 magistrum
1184 3182 1200 3208 ,
1240 3142 1387 3198 aliud
1423 3144 1796 3217 indulgentia.

228 3227 319 3286 Nos
342 3231 386 3287 si
409 3230 701 3289 hominem
735 3244 946 3304 patrem
976 3249 1237 3292 vocamus
1259 3279 1275 3304 ,
1332 3237 1600 3295 honorem
1646 3243 1793 3298 aetati
1821 3219 1869 3283 (ἶ

227 3319 495 3379 deferimus
517 3364 538 3393 ,
589 3338 699 3380 non
729 3333 1009 3381 auctorem
1042 3336 1247 3383 nostra:
1275 3330 1617 3388 ostendimus
1647 3332 1796 3390 vitae.

227 3416 457 3491 Magister
480 3435 708 3491 quoque
739 3421 939 3478 dicitur
969 3438 1040 3479 ex
1068 3426 1353 3481 consortio
1376 3427 1494 3482 veri
1526 3428 1799 3499 magistri.

228 3509 286 3567 Et
305 3528 365 3569 ne
388 3513 607 3570 inﬁnita
630 3515 892 3587 replicem
921 3559 935 3585 ,
970 3518 1250 3588 quomodo
1272 3534 1414 3576 unus
1433 3536 1530 3592 per
1551 3532 1800 3579 naturam

231 3601 351 3659 Deus
376 3613 429 3661 et
458 3621 612 3661 unus
642 3605 817 3661 Filius
841 3649 856 3673 ,
885 3623 994 3663 non
1022 3609 1341 3680 prmjudicat
1369 3614 1584 3669 caeteris
1608 3631 1679 3671 ne
1706 3631 1805 3687 per

229 3693 550 3767 adoptionem
589 3697 664 3752 dii
696 3695 825 3770 [ΑΙ.
855 3699 973 3773 dei]
1004 3711 1304 3767 vocentur,
1353 3711 1409 3758 et
1460 3704 1557 3760 lilii
1590 3724 1606 3761 :
1639 3707 1712 3762 ita
1750 3716 1806 3763 et

232 3799 346 3841 unus
368 3796 418 3842 et
444 3798 608 3858 pater
636 3797 691 3843 et
720 3790 985 3860 magister
1006 3832 1023 3860 ,
1066 3807 1177 3848 non
1207 3794 1531 3865 praeiudicat
1556 3797 1717 3868 aliis,
1747 3808 1807 3855 ut

231 3876 428 3935 abusive
446 3879 807 3952 appellentur
838 3892 1021 3952 patres
1051 3894 1107 3940 et
1137 3885 1408 3957 magistri.

287 3969 477 4042 (γει-ς.
512 3973 614 4041 15,
645 3973 735 4029 14.
761 3973 781 4045 )
820 3972 915 4029 Var
934 3985 1108 4030 autem
1134 3977 1274 4032 vobis
1296 4018 1314 4046 ,
1348 3978 1551 4037 Scribat
1574 3991 1624 4036 et
1663 3980 1808 4037 Pha—

230 4058 351 4115 risci
378 4062 672 4137 hypocrita
694 4105 711 4131 ,
740 4064 866 4134 quia
886 4066 1127 4121 clauditis
1170 4084 1385 4140 regnum
1414 4071 1668 4127 calorum
1690 4081 1810 4129 ante

232 4154 454 4212 homines.
486 4156 604 4213 Vos
632 4156 764 4231 [AL
790 4159 933 4233 ipsi]
959 4162 1097 4215 enim
1125 4179 1232 4218 non
1256 4164 1491 4233 intratis,
1520 4183 1614 4222 nec
1643 4169 1810 4225 intro-

230 4260 385 4305 suum
410 4252 592 4307 sinitis
618 4252 836 4308 intrare.
878 4252 969 4309 Va:
991 4256 1136 4312 vobis
1160 4298 1175 4323 ,
1231 4257 1432 4313 Scribte
1454 4268 1504 4314 et
1546 4259 1812 4318 Pharisaei

234 4341 529 4414 hypocriten,
564 4347 695 4416 quia
748 4348 1015 4404 comeditis
1044 4350 1227 4405 domus
1262 4351 1533 4408 viduarum
1555 4395 1573 4422 ,
1620 4356 1815 4410 oratio-

233 4453 310 4490 nes
358 4439 540 4511 longas
594 4448 803 4494 orantes
828 4480 845 4508 ,
894 4451 1106 4512 propter
1152 4441 1251 4497 hoc
1282 4443 1504 4515 amplius
1550 4447 1813 4517 accipietis

231 4529 492 4600 judicium.
532 4531 817 4587 Habentes
848 4533 1060 4590 Scribae
1088 4545 1144 4590 et
1189 4535 1447 4592 Pharismi
1477 4536 1636 4608 Legis
1682 4540 1814 4595 Pro-

644 330 1299 395 conusuramonuu
1339 332 1406 391 IN
1444 314 1903 415 EVANGELIUM
1943 327 2285 391 turrium
2321 331 2454 391 LIB.
2498 332 2590 391 tv.
2629 332 2787 393 CAP.
2827 328 3017 393 χχιιι..

1878 450 2061 508 omnis
2084 451 2343 524 magister
2363 452 2459 524 qui
2486 450 2826 511 scandalizat
2850 445 3008 512 malis
3026 448 3286 529 operibus
3304 459 3473 519 disci-

1878 545 2037 617 pulos
2062 561 2191 603 suos
2217 588 2232 612 ,
2267 545 2473 603 claudit
2503 557 2630 605 ante
2661 563 2757 604 eos
2780 560 3003 619 regnum
3028 552 3320 611 cmlorum.

1950 642 2157 713 (Vers.
2193 640 2326 714 15.)
2364 641 2458 698 Va:
2492 644 2671 711 vobis,
2718 641 2915 700 Scriba?
2941 656 2986 700 et
3019 642 3279 703 Pharistei
3304 648 3472 723 hypo~

1877 736 2054 803 critic,
2083 737 2204 808 quia
2231 736 2461 790 circuitis
2484 753 2624 792 mare
2651 744 2699 791 et
2725 738 2929 792 aridam
2953 780 2969 807 ,
3002 749 3059 794 ut
3080 740 3284 810 faciatis
3303 759 3471 798 unum

1876 827 2193 899 proselytum
2222 842 2241 881 :
2274 837 2319 881 et
2367 842 2482 881 cum
2514 830 2668 899 fuerit
2711 831 2880 900 factus
2908 871 2923 897 ,
2955 831 3128 903 facitis
3154 847 3271 888 eum
3298 834 3473 904 ﬁlium

1877 918 2125 992 gehenme
2164 917 2327 992 duplo
2372 935 2524 987 quam
2553 937 2660 976 vos.
2707 920 2822 976 Non
2853 937 2920 977 co
2960 923 3140 978 studio
3186 939 3475 983 servamus

1878 1011 2103 1082 qumsita
2130 1053 2147 1078 ,
2180 1026 2291 1081 quo
2321 1013 2642 1082 quaerimus.
2676 1013 2883 1070 Scriba:
2907 1024 2963 1071 et
2988 1015 3249 1073 Pharisaei
3278 1023 3469 1076 'totum

1879 1103 2174 1159 lustrantes
2204 1103 2395 1159 orbem
2420 1145 2434 1169 ,
2466 1112 2693 1175 propter
2716 1106 3140 1177 negotiationes,
3162 1110 3248 1166 vel
3276 1110 3468 1168 diver-

1879 1211 1935 1252 sa
1988 1196 2139 1252 lucra
2170 1194 2195 1234 δ
2227 1207 2337 1252 tam
2389 1213 2417 1252 a
2466 1197 2755 1267 discipulis
2809 1201 3118 1270 captanda,
3176 1218 3339 1274 quam
3373 1219 3472 1272 per

1878 1286 2167 1359 imaginem
2200 1287 2506 1343 sanctitatis
2530 1331 2545 1353 ,
2598 1289 2841 1346 studium
2884 1289 3011 1364 [ΑΙ.
3053 1293 3269 1367 studii]
3299 1295 3471 1352 habe-

1884 1379 2011 1435 bant
2038 1380 2107 1435 de
2133 1380 2384 1452 gentibus
2416 1380 2599 1438 facere
2631 1383 2967 1454 proselytum
2994 1428 3010 1457 ,
3040 1385 3094 1441 id
3134 1397 3221 1443 est
3245 1430 3262 1457 ,
3305 1388 3472 1447 adve-

1882 1488 2004 1528 nam
2033 1518 2048 1543 ,
2106 1482 2162 1528 et
2217 1473 2662 1529 incircumcisum
2697 1475 2930 1531 miscere
2961 1478 3169 1549 populo
3216 1480 3331 1535 llei.
3363 1479 3471 1538 Sed

1880 1563 1969 1633 qui
2002 1571 2128 1617 ante
2152 1603 2168 1625 ,
2202 1562 2331 1617 dum
2365 1572 2514 1619 esset
2543 1562 2795 1620 ethnicus
2819 1606 2835 1631 ,
2868 1566 3193 1635 simpliciter
3228 1570 3469 1638 errabat,

1881 1665 1931 1708 et
1962 1662 2081 1709 erat
2107 1655 2276 1709 semel
2314 1653 2457 1709 illius
2495 1654 2764 1726 gehennm
2787 1699 2803 1724 ,
2858 1656 3051 1713 videns
3098 1660 3258 1732 186
3299 1663 3473 1733 magi-

1883 1753 2119 1800 strorum
2161 1745 2290 1801 vitia
2317 1791 2332 1816 ,
2372 1755 2427 1801 et
2458 1746 2771 1817 intelligens
2813 1746 3099 1805 destruere
3135 1766 3231 1805 eos
3262 1767 3432 1822 opere
3458 1796 3474 1821 ,
3532 1752 3539 1755 ’

1887 1836 2028 1905 quod
2055 1838 2239 1893 verbis
2261 1838 2553 1905 docebant,
2578 1842 2878 1896 revertitur
2902 1842 2968 1896 ad
2990 1842 3253 1898 vomitum
3284 1859 3474 1901 suum:

1887 1940 1942 1986 et
1971 1931 2193 2001 gentilis
2220 1930 2424 1999 factus,
2456 1933 2611 2004 quasi
2636 1934 3057 2004 prtevaricator,
3094 1949 3253 2004 paena
3280 1936 3479 2007 majori

1889 2025 2082 2096 dignus
2104 2027 2226 2081 erit.
2252 2024 2425 2081 Filius
2453 2035 2635 2081 autem
2666 2035 2892 2082 vocatur
2918 2027 3187 2097 gehennae
3204 2069 3218 2094 ,
3249 2042 3481 2100 quomo-

1872 2120 1959 2175 .do
2001 2117 2171 2173 lilius‘
2193 2117 2517 2187 perditionis
2542 2160 2558 2185 ,
2609 2128 2664 2174 et
2697 2118 2838 2175 illius
2869 2120 3032 2189 hujus
3066 2121 3272 2176 stt-culi.
3304 2120 3487 2179 Unus-

1891 2213 2120 2282 quisque
2164 2213 2311 2267 enitn
2352 2213 2506 2285 cujus
2549 2227 2713 2283 opera
2756 2212 2902 2283 agit,
2954 2213 3076 2285 ejus
3114 2214 3262 2271 ﬁlius
3294 2218 3483 2288 appel-

1893 2307 2055 2363 latur.

1966 2399 1986 2472 (
2013 2399 2167 2455 Vers.
2203 2401 2269 2456 16
2301 2415 2417 2471 seq.
2446 2399 2467 2472 )
2500 2399 2594 2455 Vae
2616 2402 2756 2456 vobis
2782 2447 2797 2473 ,
2823 2401 2976 2457 duces
2997 2403 3120 2458 cteci
3144 2448 3160 2472 ,
3190 2404 3314 2477 quia
3343 2404 3484 2461 dici-

1895 2494 1959 2547 tis
1982 2507 2001 2547 :
2028 2493 2334 2564 quicumque
2354 2494 2615 2566 juraverit
2644 2511 2739 2565 per
2766 2493 3014 2559 templum
3046 2536 3061 2559 ,
3086 2495 3221 2549 nihil
3244 2506 3320 2551 est
3346 2512 3366 2552 :
3394 2499 3491 2569 qui

1895 2596 2064 2642 autrm
2102 2588 2355 2660 juraverit
2405 2574 2459 2640 in
2495 2603 2626 2641 auro
2650 2588 2864 2659 templi,
2898 2587 3098 2641 debitor
3124 2596 3220 2642 est.
3252 2587 3419 2644 Stulti
3440 2601 3491 2646 et

1896 2682 2019 2735 cruci
2043 2722 2056 2744 ,
2087 2681 2215 2752 quid
2243 2680 2377 2734 enim
2404 2682 2573 2752 majus
2595 2689 2669 2735 est
2688 2725 2702 2748 ,
2744 2696 2960 2746 aurum,
2989 2696 3057 2734 an
3085 2681 3334 2753 templum.
3350 2683 3490 2753 quod

1897 2775 2188 2844 sanctiﬁcat
2216 2775 2446 2828 aurum?
2474 2772 2543 2829 Et
2569 2775 2880 2846 quicumque
2897 2775 3159 2845 juraverit
3203 2779 3257 2829 in
3289 2776 3449 2830 altari
3472 2818 3490 2845 ,

1900 2869 2032 2922 nihil
2061 2877 2136 2921 est
2167 2887 2179 2922 :
2208 2867 2517 2938 quicumque
2554 2877 2724 2921 autem
2738 2867 2998 2940 juraverit
3040 2867 3093 2922 in
3121 2868 3260 2922 dono
3285 2910 3300 2937 ,
3348 2871 3491 2940 quod

1901 2971 1975 3015 est
2007 2977 2160 3034 super
2186 2959 2320 3015 illud
2345 3002 2360 3024 ,
2392 2959 2561 3014 debet.
2594 2956 2730 3015 Cteci
2753 3001 2770 3026 ,
2816 2960 2942 3028 quid
2980 2959 3115 3014 enim
3159 2961 3329 3029 majus
3373 2970 3492 3030 est,

1902 3056 2095 3108 donum
2124 3096 2140 3120 ,
2173 3071 2240 3108 an
2270 3054 2436 3108 altare
2465 3052 2604 3123 quod
2638 3052 2931 3122 sanctiﬁcat
2959 3053 3196 3110 donum?
3242 3054 3343 3120 Qui
3371 3071 3496 3128 ergo

1902 3148 2044 3212 iurat
2064 3146 2118 3200 in
2139 3144 2292 3198 altari
2318 3184 2333 3208 ,
2353 3146 2502 3215 jurat
2529 3144 2584 3196 in
2618 3158 2677 3196 eo
2705 3184 2719 3207 ,
2751 3151 2801 3196 et
2838 3143 2891 3196 in
2932 3142 3171 3197 omnibus
3200 3160 3315 3213 quia
3340 3162 3497 3217 super

1903 3240 2038 3294 illud
2076 3246 2220 3293 sunt.
2255 3235 2322 3290 Et
2369 3236 2676 3307 quicumque
2701 3236 2967 3308 juraverit
3003 3236 3059 3289 in
3088 3233 3314 3315 templo,
3344 3238 3501 3311 jura:

1903 3335 1956 3389 in
1980 3334 2104 3395 illo,
2137 3341 2185 3386 et
2215 3331 2270 3384 in
2291 3345 2350 3384 eo
2391 3329 2477 3398 qui
2510 3328 2711 3382 habitat
2756 3329 2809 3383 in
2843 3328 2979 3400 ipso.
3011 3326 3083 3382 Et
3124 3329 3216 3400 qui
3249 3334 3401 3403 jurat
3442 3330 3499 3386 in

1905 3426 2061 3489 calo,
2084 3428 2238 3499 jurat
2268 3424 2321 3478 in
2369 3421 2556 3477 throno
2596 3421 2730 3488 Dei,
2780 3429 2830 3477 et
2872 3422 2928 3476 in
2963 3437 3024 3476 eo
3060 3423 3152 3495 qui
3178 3424 3317 3479 sedet
3344 3441 3500 3497 super

1905 3535 2041 3577 eum.
2073 3517 2249 3586 Supra
2274 3556 2289 3581 ,
2323 3522 2385 3570 ut
2415 3514 2570 3570 nobis
2608 3515 2785 3568 visum
2816 3523 2936 3579 est,
2979 3514 3334 3585 exposuimus
3364 3516 3497 3588 quid

1905 3611 2238 3683 signiﬁcaret
2266 3605 2489 3662 traditio
2520 3604 2921 3660 Pharisaeorum
2949 3645 2965 3670 ,
2997 3604 3302 3663 dicentium
3337 3623 3353 3660 :
3385 3605 3496 3661 Do-

1908 3717 2033 3757 num
2058 3698 2418 3769 quodcumque
2443 3704 2519 3751 est
2545 3713 2611 3751 ea:
2636 3711 2716 3749 me
2734 3734 2751 3760 ,
2797 3695 2893 3749 tibi
2921 3694 3154 3765 proderit
3182 3712 3201 3751 :
3230 3711 3376 3753 nunc
3401 3697 3505 3756 du-

1909 3797 2035 3866 plex
2064 3835 2080 3861 ,
2131 3799 2190 3849 et
2233 3790 2298 3845 ad
2331 3805 2492 3846 unam
2544 3788 2794 3843 avaritia:
2822 3788 3172 3844 occasionem
3226 3789 3454 3845 trahens
3480 3834 3499 3860 ,

1911 3886 2312 3943 Pharisaeorum
2364 3881 2588 3938 traditio
2618 3880 3052 3947 condemnatur,
3109 3888 3168 3935 ut
3197 3890 3502 3952 arguantur

1908 3989 2104 4035 cuncta
2134 3992 2234 4048 pro
2281 3977 2434 4031 lucro
2468 3974 2651 4031 facere
2676 4017 2692 4043 ,
2750 3981 2809 4028 et
2855 3988 2961 4028 non
3004 3987 3102 4043 pro
3150 3971 3348 4030 timore
3376 3975 3499 4031 Dei.

1909 4073 2060 4130 Sicut
2083 4069 2229 4125 enim
2253 4069 2309 4123 in
2332 4066 2686 4140 phylacteriis
2709 4074 2763 4121 et
2793 4064 3024 4120 fimbriis
3044 4063 3289 4122 dilatatis
3309 4066 3499 4136 Opinio

1912 4164 2217 4222 sanctitatis
2262 4162 2517 4231 captabat
2565 4160 2839 4231 gloriam,
2891 4167 2951 4213 et
2996 4172 3095 4229 per
3142 4157 3497 4216 occasionem

1911 4259 2103 4335 gloriae
2130 4254 2411 4328 quaerebat
2450 4254 2598 4307 lucra
2631 4266 2647 4304 :
2679 4251 2758 4305 sic
2797 4249 2903 4302 alia
2933 4248 3244 4304 traditionis
3278 4250 3505 4307 inventa

1913 4349 2139 4421 stropha
2163 4391 2180 4416 ,
2222 4344 2514 4417 impietatis
2554 4341 2731 4413 arguit
2766 4348 3157 4410 praeceptores.
3189 4338 3247 4397 Si
3275 4341 3401 4411 quis
3445 4341 3505 4398 in

1914 4444 2263 4503 contentione
2285 4480 2302 4507 ,
2335 4454 2431 4495 seu
2460 4439 2513 4493 in
2542 4438 2728 4507 aliquo
2753 4436 2963 4505 iurgio,
2997 4434 3083 4490 vel
3106 4435 3158 4489 in
3184 4450 3367 4492 causae
3387 4452 3506 4493 am-

1918 4542 2103 4610 biguo,
2134 4536 2378 4607 jurasset
2406 4534 2460 4589 in
2492 4530 2720 4601 templo,
2753 4538 2804 4583 et
2837 4539 3021 4599 postea
3049 4520 3509 4589 convictus'esset

235 4620 619 4695 phetarumque
642 4624 894 4679 notitiam
917 4666 934 4693 ,
963 4626 1143 4682 sciunt
1163 4625 1442 4684 Christum
1463 4604 1585 4686 esse
1613 4630 1813 4687 Filium
1838 4604 1895 4667 ι)
1925 4604 2187 4687 uictui-cii
2215 4673 2229 4694 ,
2286 4643 2391 4681 non
2422 4626 2709 4679 tenebatur
2737 4621 2982 4678 criminis
3022 4635 3149 4676 reus
3176 4618 3291 4693 [ΑΙ.
3325 4621 3510 4696 ejus].

236 4711 318 4768 Dei
344 4731 358 4769 :
390 4731 498 4771 non
524 4717 784 4787 ignorant
812 4726 1000 4773 natum
1030 4733 1155 4775 esse
1182 4719 1251 4775 de
1284 4719 1529 4793 Virgine;
1554 4724 1649 4779 sed
1685 4725 1811 4779 dum

236 4808 453 4875 praedam
496 4809 573 4865 de
601 4808 852 4880 subjecta
890 4810 994 4866 sibi
1045 4811 1206 4880 plebe
1235 4823 1537 4886 appetunt,
1575 4831 1681 4872 nec
1712 4818 1815 4888 ipsi

236 4897 497 4979 introeunt
529 4917 700 4973 regna
740 4902 1006 4959 canorum
1032 4945 1049 4971 ,
1101 4920 1201 4960 nec
1246 4920 1344 4961 eos
1383 4908 1476 4977 qui
1526 4917 1816 4979 poterant,

237 4991 427 5050 intrare
476 4998 827 5065 permittunt.
856 4997 972 5052 Hoc
999 5005 1086 5053 est
1111 4999 1257 5068 quod
1287 5000 1342 5054 in
1384 5000 1526 5057 Osee
1556 5004 1821 5074 propheta

236 5084 398 5153 arguit
423 5102 437 5138 :
471 5087 874 5142 Absconderunt
905 5086 1218 5145 Sacerdotes
1242 5091 1382 5145 viam
1407 5137 1422 5161 ,
1451 5093 1820 5165 interfecerunt

238 5171 476 5231 Sicimam
505 5178 528 5248 (
556 5176 692 5233 Osee
713 5194 793 5246 vi,
826 5179 917 5242 9).
953 5180 1020 5235 Et
1054 5196 1280 5237 rursum
1310 5199 1325 5236 :
1357 5182 1669 5243 Sacerdotes
1719 5204 1825 5244 non

240 5265 513 5339 distarent,
569 5270 674 5345 ubil
699 5283 776 5328 est
827 5271 1085 5330 Dominus
1136 5275 1312 5348 (Osee
1356 5278 1487 5350 tv)?
1516 5279 1615 5335 Vel
1672 5292 1822 5347 certe

241 5403 473 5528 “Jama
516 5420 554 5462 e
596 5407 802 5462 nostris
865 5423 1034 5478 mss.,
1068 5425 1132 5466 ea:
1190 5409 1345 5484 Legis
1410 5424 1686 5485 prazceplo.
1739 5417 1830 5475 Sic

307 5541 584 5629 “Vitiosa
630 5547 831 5618 legerat
880 5549 1259 5629 Martianaeus,
1319 5554 1571 5611 sensibus.
1639 5558 1834 5629 Liquet

244 5629 401 5690 vero,
424 5617 658 5690 sentibus
685 5617 1059 5689 reponendum
1082 5641 1148 5678 ex
1174 5639 1304 5679 mss.
1330 5637 1384 5679 et
1410 5639 1672 5682 contextu
1701 5617 1835 5690 [ubi

246 5687 583 5774 acutissimas.
619 5687 796 5774 spinas
857 5692 1072 5760 ﬁmbriis
1130 5694 1534 5753 Pharisaeorum
1589 5687 1839 5774 alligatas

250 5758 409 5825 luisse
437 5759 610 5814 tradit
638 5760 697 5817 S.
724 5758 905 5817 Pater.

321 5837 341 5868 ε
373 5828 558 5893 Nostri
586 5847 718 5895 mss.
750 5835 911 5889 verba
934 5875 950 5896 .
983 5851 1158 5891 omnes
1176 5845 1352 5892 autem
1376 5854 1466 5895 vos
1487 5841 1669 5913 fratres
1697 5846 1840 5911 estis,

785 5927 1063 5993 Ριτκοι..
1114 5928 1349 5995 XXVI.

1921 4728 2016 4782 Sin
2047 4735 2226 4778 autem
2253 4724 2493 4787 jurasset
2514 4719 2567 4773 in
2601 4732 2737 4772 auro
2763 4724 2820 4771 et
2840 4714 3067 4786 pecunia
3090 4756 3108 4780 ,
3137 4730 3259 4785 quas
3289 4716 3345 4771 in
3363 4725 3508 4772 tem-

1923 4821 2014 4893 plo
2040 4815 2418 4874 sacerdotibus
2445 4810 2777 4867 offerebatur
2800 4851 2815 4875 ,
2846 4808 3029 4863 statim
3060 4807 3115 4863 id
3142 4807 3196 4863 in
3219 4822 3330 4880 quo
3356 4808 3512 4880 jura-

1923 4919 2097 4975 verat,
2128 4907 2425 4979 cogebatur
2451 4902 2754 4959 exsolvere.
2780 4901 3019 4955 Rursum
3053 4916 3068 4955 ε
3100 4897 3156 4955 Si
3188 4901 3311 4969 quis
3329 4900 3511 4971 juras-

1926 5016 2009 5061 set
2038 5004 2091 5058 in
2123 5002 2280 5057 altari
2307 5040 2323 5067 ,
2354 4995 2575 5069 perjurii
2602 5010 2759 5052 reum
2786 5008 2947 5049 nemo
2976 4992 3197 5049 tenebat
3224 4991 3350 5065 [ΑΙ.
3384 4993 3513 5049 reti-

1928 5092 2131 5165 nebat]
2166 5109 2181 5148 :
2212 5092 2298 5147 sin
2330 5099 2510 5145 autem
2535 5085 2945 5159 perjurassetin
2975 5084 3148 5153 dono,
3166 5084 3252 5140 vel
3276 5084 3330 5139 in
3359 5084 3518 5139 obla-

1929 5186 2166 5246 tionibus
2186 5227 2202 5252 ,
2235 5183 2341 5238 hoc
2367 5190 2455 5237 est
2476 5221 2492 5248 ,
2538 5178 2593 5234 in
2617 5176 2812 5232 hostiis
2840 5217 2853 5241 ,
2885 5175 2939 5229 in
2969 5175 3239 5241 victimis,
3271 5184 3329 5229 et
3357 5174 3412 5229 in
3441 5173 3519 5230 si-

1928 5283 2057 5340 mila
2096 5287 2154 5336 et
2184 5276 2400 5333 caeteris
2423 5317 2438 5341 ,
2468 5289 2587 5344 qua:
2613 5270 2923 5327 offeruntur
2954 5268 3066 5324 Deo
3093 5280 3265 5337 super
3301 5265 3521 5337 altare,

1938 5418 2208 5489 ignorant.
2242 5409 2299 5466 In
2337 5408 2531 5489 Graeco
2570 5403 2975 5489 quoque.ip_sog
2995 5398 3527 5489 desunttincujus

1943 5470 2049 5542 lino
2081 5484 2322 5539 alterove
2348 5480 2571 5554 antiquo
2589 5470 2908 5554 exemplari
2939 5470 3209 5554 adiutem
3240 5471 3524 5541 sequentis

1940 5573 2131 5615 versus
2162 5563 2283 5625 post
2306 5543 2494 5614 verba,
2522 5549 2577 5625 in
2599 5544 2861 5625 coeli-sect.
2888 5543 3234 5625 adjiciuntur:

2014 5610 2341 5682 llvilic'torius
2377 5625 2453 5675 ait
2476 5610 2500 5673 ἐ
2529 5618 2665 5674 Tres
2697 5610 2993 5670 Florentini
3020 5611 3184 5684 codd.
3210 5610 3283 5684 ita
3312 5610 3523 5684 legunt,

1944 5701 2020 5756 rel
2048 5700 2246 5752 diversa
2274 5694 2470 5764 lucraa
2495 5686 2765 5764 discipulis
2794 5682 3235 5764 captandaquasi
3276 5682 3532 5764 perima-

1945 5754 2135 5845 ginem_
2168 5763 2481 5845 sanctitatis.
2528 5754 2639 5815 Nos
2695 5754 2825 5817 nihil
2876 5754 3206 5811 mutavimus
3234 5767 3249 5808 :
3277 5754 3535 5829 'utraqttq

1949 5834 2093 5900 Enim
2122 5838 2283 5894 lectio
2313 5834 2474 5887 bona.
3067 5917 3113 5993 6
