4004 6332
467 288 575 355 171

1718 289 1782 352 8.
1822 289 2102 357 ευδεθιι
2134 290 2515 365 HIERQNYMI

3666 290 3776 355 ιη

470 406 588 461 haec
640 401 1047 461 studiosissime
1090 402 1484 474 repetebantur
1525 401 1647 481 [Αἰ.
1680 406 2067 481 repetebant].
2097 413 2149 477 Α
2177 407 2436 480 hypocrisi
2463 417 2511 469 et
2540 408 2832 479 iniquitate.
2882 408 3037 476 Quod
3065 409 3121 467 in
3150 409 3321 467 calice
3369 415 3428 473 et
3476 405 3772 481 paropside

469 496 663 569 Arguit
686 512 821 571 ergo
842 512 937 553 eos
965 496 1227 552 Dominus
1250 540 1264 565 ,
1298 508 1356 555 et
1378 497 1627 559 stultitia:
1652 508 1709 559 et
1748 498 2067 563 fraudulen-

470 591 559 649 tia:
583 638 599 664 ,
629 591 779 661 quod
803 593 976 649 multo
1003 592 1180 663 maius
1221 593 1295 649 sit
1340 593 1603 665 templum
1638 609 1799 665 quam
1832 611 2022 659 aurum
2049 639 2064 666 ,

469 685 613 761 quod
643 686 1018 743 sanctificatur
1040 701 1071 740 a
1098 686 1305 758 templo
1327 730 1341 755 ,
1371 694 1427 741 et
1455 687 1630 745 altare
1653 703 1817 759 quam
1846 688 2062 760 hostia,

467 796 590 852 quae
639 780 796 861 187
839 776 1252 835 sanctificantur
1293 779 1362 833 ab
1408 779 1587 835 altari.
1637 779 1836 839 Totum
1883 790 2065 843 autem

464 873 772 941 faciebant,
812 889 918 931 non
946 874 1017 929 ob
1044 871 1141 928 Dei
1172 872 1423 929 timorem
1449 912 1466 940 ,
1513 872 1612 929 sed
1639 873 1711 931 ob
1742 872 2065 937 divitiarum

466 967 850 1041 cupiditatem.

534 1058 712 1138 (Vera.
745 1053 863 1129 25.)
916 1055 1005 1113 γω
1022 1056 1180 1124 vobis,
1213 1055 1415 1113 Scriba:
1441 1066 1489 1114 et
1519 1056 1783 1119 Pharisaei
1808 1059 2064 1133 hypocri.

461 1160 547 1223 tte,
579 1151 703 1223 quia
730 1148 998 1204 decimatis
1053 1150 1312 1207 ment/tam
1350 1159 1398 1209 et
1426 1150 1676 1213 anethum
1704 1162 1750 1213 et
1776 1154 2059 1226 cyminum,

459 1256 509 1301 et
534 1245 815 1318 reliquistis
834 1260 950 1315 qua:
964 1246 1203 1316 grauiora
1226 1255 1343 1303 sunt
1359 1244 1533 1320 Legis,
1551 1249 1837 1322 judicium,
1878 1258 1929 1305 et
1958 1249 2060 1307 mi-

459 1336 822 1404 sericordiam,
848 1345 895 1395 et
921 1335 1097 1405 ﬁdem.
1131 1336 1258 1399 uwc
1281 1338 1509 1408 oportuit
1539 1341 1731 1413 facere,
1760 1347 1807 1397 et
1829 1339 1924 1397 illa
1956 1356 2062 1396 non

459 1433 712 1491 amittere.
766 1431 936 1491 Multa
960 1428 1014 1487 in
1042 1430 1187 1505 Lege
1231 1439 1503 1505 prmeepta
1548 1440 1695 1503 sunt,
1734 1448 1856 1502 qua:
1902 1441 2060 1507 typos

457 1523 758 1595 praeferunt
803 1522 1138 1583 futurorum.
1174 1522 1300 1583 Alia
1331 1539 1464 1580 vero
1489 1534 1679 1597 aperta
1706 1534 1834 1585 sunt
1854 1534 1881 1564 ι
1903 1525 2059 1596 juxta

456 1616 825 1684 Psalmistam,
850 1617 1117 1675 dicentem
1146 1634 1160 1673 :
1191 1616 1504 1675 Mandatum
1560 1618 1769 1681 Domini
1797 1620 2054 1687 lucidum,

450 1711 758 1769 illuminans
806 1712 983 1771 oculos
1008 1710 1180 1785 (Psal.
1210 1728 1366 1780 xvut,
1392 1713 1474 1784 9),
1500 1729 1620 1783 qua:
1649 1713 1832 1773 statim
1884 1730 2055 1786 opera

2175 500 2601 565 demonstraret,
2628 517 2695 556 eo
2720 500 2866 572 quod
2895 501 3030 560 foris
3062 502 3161 561 loti
3182 511 3391 569 essent,
3413 511 3469 559 et
3507 498 3769 561 intrinse-

2170 609 2267 651 cus
2296 596 2519 662 sordidi,
2550 597 2654 653 hoc
2700 612 2845 653 nunc
2884 613 2982 669 per
3024 598 3335 668 exemplum
3385 595 3767 667 sepulcrorum

2170 688 2445 756 replicat:
2483 688 2629 760 quod
2678 688 2954 759 quomodo
2995 691 3248 762 sepulcra
3300 688 3611 745 forinsecus
3665 685 3765 745 lita

2170 789 2299 837 sunt
2327 779 2497 848 calce,
2531 790 2587 838 et
2612 788 2806 839 ornata
2834 784 3199 838 marmoribus
3222 793 3277 839 et
3297 797 3433 841 auro
3459 779 3768 839 coloribus-

2169 890 2276 945 que
2303 875 2581 943 distiucta,
2642 877 2788 937 intus
2815 886 2997 933 autem
3033 878 3191 948 plena
3217 889 3351 937 sunt
3379 877 3598 935 ossibus
3619 889 3768 933 mer-

2169 975 2384 1029 tuorum
2420 985 2433 1023 :
2467 968 2545 1025 sic
2575 979 2629 1029 et
2657 970 2899 1041 perversi
2947 971 3217 1040 magistri,
3272 970 3365 1040 qui
3394 968 3501 1029 alia
3531 969 3761 1036 docent,

2166 1073 2221 1119 et
2243 1064 2349 1120 alia
2394 1062 2621 1134 faciunt,
2673 1064 2996 1123 munditiam
3040 1065 3229 1123 habitu
3253 1064 3449 1131 vestis,
3480 1073 3536 1120 et
3554 1062 3762 1120 verbo-

2166 1156 3014 1217 rumhumilitatedemonstrant
3044 1176 3057 1214 :
3087 1159 3233 1213 intus
3259 1169 3441 1213 autem
3463 1156 3612 1226 pleni
3633 1162 3766 1213 sunt

2164 1249 2313 1304 omni
2341 1248 2622 1320 spurcitia,
2656 1259 2711 1307 et
2733 1249 3254 1324 libidine..Denique
3278 1248 3625 1306 manifestius
3659 1247 3767 1307 hoc

2164 1339 2341 1410 ipsum
2373 1341 2652 1412 exprimit,
2679 1342 2921 1399 inferens
2950 1360 2963 1400 :
2992 1344 3085 1399 Sic
3111 1354 3158 1398 et
3178 1359 3264 1399 vos
3304 1360 3338 1396 a
3383 1343 3512 1411 [oris
3547 1341 3767 1413 quidem

2162 1433 2354 1502 paratis
2382 1434 2673 1489 hominibus
2691 1435 2826 1507 justi
2856 1452 2876 1489 :
2901 1436 3037 1489 intus
3069 1444 3242 1490 autem
3279 1435 3422 1506 pleni
3443 1435 3564 1495 estis
3593 1434 3766 1505 hypo-

2160 1526 2284 1581 crisi
2303 1536 2352 1581 et
2377 1528 2667 1599 iniquitate.

2235 1616 2513 1689 (Vers.29
2568 1617 2753 1691 seqq.)
2804 1619 2892 1674 Va:
2941 1619 3105 1687 vobis,
3158 1619 3359 1679 Scriba:
3400 1630 3447 1677 et
3497 1617 3766 1679 Plurimi

2161 1707 2463 1787 hppocritte,
2519 1712 2643 1777 quia
2687 1710 2960 1779 cedi/icatis
2990 1710 3238 1783 sepulcra
3284 1710 3681 1782 prophetarum,
3710 1718 3761 1765 et

453 1804 786 1865 desiderant.
846 1804 1014 1869 Verbi
1065 1803 1241 1877 gratia
1271 1820 1285 1859 :
1335 1803 1455 1865 Non
1509 1802 1849 1865 adulterahis
1887 1822 1902 1861 :
1942 1821 2051 1863 non
2082 1814 2130 1874 Β
2161 1801 2357 1859 ornatis
2380 1811 2710 1861 monumenta
2730 1806 3023 1874 justorum,
3053 1814 3102 1859 et
3124 1804 3297 1858 dicitis
3327 1819 3345 1856 :
3375 1806 3436 1859 Si
3478 1803 3761 1873 fuissemus

449 1896 661 1955 furtum
714 1896 883 1959 facies
915 1912 929 1950 :
957 1913 1067 1957 non
1110 1898 1487 1957 testimonium
1517 1897 1712 1957 falsum
1736 1898 1908 1962 dices,
1941 1906 2051 1955 etc.

2162 1891 2215 1945 in
2234 1891 2413 1949 diebus
2436 1902 2645 1962 patrum
2672 1903 2989 1955 nostrorum,
3010 1912 3111 1951 non
3138 1896 3411 1965 fuissemus
3433 1895 3561 1951 socii
3579 1909 3757 1949 eorum

447 1987 710 2049 PhariSCei
736 1997 940 2057 autem,
964 1989 1092 2063 quia
1117 1999 1457 2061 praeceperat
1483 1988 1749 2051 Dominus
1779 1990 1878 2061 (ut
1909 1990 2053 2047 inte.-
2157 1985 2212 2039 in
2237 1987 2489 2056 sanguine
2511 1984 2898 2057 prophetarum.
2929 1984 3117 2057 Itaque
3161 1988 3456 2045 testimonio
3507 1986 3631 2043 estis
3660 2002 3754 2047 tto-

446 2085 552 2139 rim
580 2083 893 2143 intellectus
918 2084 1178 2158 mysticos
1203 2082 1580 2154 dimittamus)
1606 2092 1831 2154 prapter
1860 2083 2053 2141 alimo—
2157 2076 2464 2150 bismetipsis
2488 2094 2507 2132 :
2527 2078 2647 2148 quia
2677 2078 2776 2148 ﬁlii
2809 2080 2932 2134 estis
2955 2094 3138 2133 eorum
3172 2080 3264 2150 qui
3291 2078 3576 2148 prophetas
3619 2078 3758 2133 occi-

446 2177 595 2233 niam
624 2176 976 2241 sacerdotum
1024 2187 1079 2233 et
1115 2177 1456 2247 Levitarum,
1489 2192 1717 2248 quorum
1766 2191 1891 2246 pars
1932 2186 2055 2232 erat
2155 2170 2359 2225 derunt.
2386 2168 2822 2229 Prudentissimo
2847 2171 3163 2242 syllogismo
3206 2171 3456 2241 cearguit
3485 2185 3582 2229 005
3609 2169 3755 2227 ﬁlios

442 2267 731 2337 Dominus,
759 2269 1006 2325 omnium
1029 2285 1210 2325 rerum
1240 2268 1424 2325 offerri
1453 2269 1507 2323 in
1532 2269 1738 2339 templo
1767 2268 2007 2323 decimas
2032 2286 2046 2335 ;

442 2360 550 2421 hoc
601 2378 774 2421 unum
800 2361 1077 2425 habebant
1116 2362 1306 2429 studii,
1341 2370 1400 2418 ut
1439 2376 1561 2432 quas
1602 2362 1759 2430 iussa
1797 2360 2045 2429 fuerant,

441 2466 922 2529 comportarentur
955 2471 970 2510 :
1001 2464 1205 2515 caetera
1231 2470 1354 2529 qua:
1404 2462 1565 2515 erant
1594 2454 1824 2526 majora,
1862 2463 2046 2511 utrum

441 2548 566 2619 quis
592 2548 822 2618 faceret,
850 2563 919 2609 an
948 2563 1079 2613 non,
1114 2546 1690 2620 parvipendebant.Et
1716 2561 1783 2604 es
1808 2547 1911 2609 hoc
1943 2547 2048 2602 ila-

439 2658 546 2715 que
563 2644 799 2715 capitulo
820 2642 1001 2715 arguit
1020 2659 1116 2701 eos
1141 2644 1404 2708 avaritia,
1434 2642 1579 2715 quod
1606 2640 1853 2701 studiose
1879 2642 2045 2696 etiam

440 2735 632 2793 vilium
663 2738 876 2793 olerum
906 2735 1150 2793 decimas
1197 2736 1435 2806 exigant,
1466 2744 1521 2790 et
1545 2733 1812 2805 judicium
1841 2734 1894 2789 in
1933 2732 2047 2790 dis-

439 2830 757 2900 ceptatione
790 2828 1170 2900 negotiorum,
1200 2827 1813 2897 misericordiamquein
1843 2841 2044 2900 patipa-

437 2938 549 2991 res,
572 2923 808 2996 pupillos
832 2931 890 2977 et
918 2922 1131 2987 viduas,
1174 2930 1230 2977 et
1260 2920 1421 2979 fidem
1450 2922 1503 2977 in
1534 2920 1727 2990 Deum,
1760 2934 1882 2992 qua:
1925 2934 2043 2974 ma-

438 3032 543 3088 gna
575 3025 724 3082 sunt,
767 3016 1211 3085 praetermittunt.

517 3107 701 3182 (Vers.
731 3106 851 3180 24.)
895 3107 1063 3163 Duces
1103 3107 1245 3175 caci,
1292 3106 1586 3164 excolantes
1612 3107 1846 3175 culicem,
1871 3123 2039 3164 came-

2155 2278 2277 2319 esse
2310 2262 2731 2329 homicidarum,
2784 2263 2914 2319 dum
2962 2264 3062 2334 ipsi
3116 2262 3372 2333 opinione
3402 2264 3670 2318 bonitatis
3696 2274 3756 2321 et

2150 2357 2343 2427 gloria:
2369 2357 2423 2411 in
2456 2357 2706 2430 populos,
2732 2359 2980 2429 sepulcra
3017 2358 3291 2415 aedificant
3336 2357 3748 2429 prophetarum.

2150 2462 2290 2518 quos
2348 2448 2588 2519 majores
2631 2464 2820 2505 eorum
2878 2449 3295 2517 interfecerunt,
3338 2459 3394 2507 et
3440 2448 3753 2506 dicunt:Si

2148 2539 2446 2601 fuissemus
2478 2552 2726 2613 tempore
2750 2543 2863 2614 illo,
2892 2559 3001 2603 non
3024 2542 3347 2603 fecissemus
3397 2559 3462 2599 ea
3516 2558 3639 2614 qua:
3668 2541 3752 2598 fe-

2146 2645 2340 2697 cerunt
2393 2646 2580 2711 patres
2627 2638 2823 2695 nostri.
2859 2638 2970 2695 lloc
2998 2647 3180 2693 autem
3222 2637 3439 2697 etiamsi
3488 2651 3748 2693 sermone

2146 2747 2255 2789 non
2286 2732 2496 2801 dicant,
2542 2748 2710 2806 opere
2740 2733 3059 2803 loquuntur,
3088 2747 3155 2791 ex
3186 2747 3254 2787 eo
3276 2732 3419 2801 quod
3451 2730 3748 2787 ambitiose

2148 2834 2205 2880 et
2237 2826 2529 2897 magnifice
2556 2824 2827 2882 aedificent
2858 2826 3152 2889 memorias
3182 2825 3513 2892 occisorum,
3544 2838 3682 2895 quos
3713 2839 3745 2887 a

2143 2920 2394 2990 patribus
2417 2920 2529 2975 suis
2558 2935 2686 2977 esse
2710 2921 2986 2990 jugulatos
3015 2938 3121 2977 non
3155 2930 3375 2992 negant.

2213 3011 2285 3068 Et
2310 3029 2398 3068 vos
2427 3013 2637 3081 implete
2657 3029 2960 3069 mensuram
3006 3023 3212 3084 patrum
3236 3023 3541 3069 vestrorum.
3592 3012 3741 3069 Pro-

2141 3106 2276 3165 bato
2305 3108 2685 3179 superioribus
2709 3107 2891 3173 dictis,
2920 3108 3067 3178 quod
3098 3107 3194 3163 filii
3218 3116 3407 3164 essent
3438 3106 3745 3163 homicida-

440 3200 553 3259 lum
574 3210 750 3257 autem
779 3199 1077 3275 glutientes.
1105 3200 1384 3257 Camelum
1409 3210 1538 3271 puto
1566 3215 1713 3271 esse,
1740 3199 2039 3257 secundum
2070 3197 2119 3260 C
2146 3217 2293 3268 rum,
2321 3210 2377 3257 et
2403 3216 2591 3259 eorum
2621 3201 2713 3271 qui
2743 3201 3037 3272 prophetas
3066 3200 3423 3269 occidissent,
3445 3216 3587 3256 nunc
3600 3216 3746 3256 con-

437 3308 662 3357 sensum
694 3295 982 3365 prmsentis
1020 3294 1149 3361 loci,
1200 3300 1256 3349 et
1281 3292 1706 3363 magnitudinem
1740 3300 2041 3363 praecepto-

437 3403 585 3454 rum,
610 3385 897 3461 judicium,
924 3395 980 3443 et
1007 3384 1462 3450 misericordiam,
1488 3392 1545 3443 et
1567 3384 1749 3440 Iidem.
1800 3382 2041 3440 Culicem

439 3493 624 3545 autem
656 3482 898 3547 decimas
928 3481 1200 3547 mentum,
1225 3480 1440 3547 anethi,
1468 3480 1691 3552 cymini,
1720 3489 1775 3536 et
1802 3481 2042 3549 reliquo-

436 3590 563 3639 rum
584 3576 773 3635 vilium
790 3576 1020 3635 olerum.
1048 3576 1177 3631 llaec
1205 3583 1399 3631 contra
1426 3586 1756 3645 prmceptum
1781 3575 1896 3643 Dei,
1920 3587 2043 3644 quas

437 3683 637 3738 magna
677 3676 827 3735 sunt,
860 3668 1194 3725 devoramus
1219 3677 1384 3736 atque
1415 3666 1767 3736 negligimus,
1821 3674 1880 3721 et
1922 3666 2045 3735 Opi-

439 3761 662 3819 nionem
691 3758 971 3831 religionis
1001 3760 1058 3817 iu
1085 3758 1288 3829 parvis,
1320 3773 1443 3829 qua:
1468 3758 1677 3813 lucrum
1708 3756 1929 3824 habent,
1962 3756 2043 3817 di-

443 3851 726 3925 ligentiam
757 3838 1219 3913 demonstremus.

512 3944 697 4018 (ἵει-ε.
725 3943 818 4011 25,
841 3943 961 4014 26.)
1010 3942 1099 3998 Vte
1136 3941 1299 4011 vobis,
1340 3940 1543 3998 Scriba:
1563 3949 1613 3996 et
1643 3939 1906 3996 PImrismi
1953 3939 2044 4011 Ity-

441 4038 680 4108 pocritce,
704 4037 831 4107 quia
849 4036 1113 4095 mundatis
1139 4034 1278 4106 quod
1308 4034 1502 4104 deforis
1529 4041 1602 4095 est
1643 4031 1822 4087 colicis
1849 4042 1895 4087 et
1922 4050 2044 4103 par-

440 4131 642 4200 opsidis
664 4170 681 4197 ,
726 4131 866 4187 intus
892 4138 1063 4185 autem
1092 4128 1231 4199 pleni
1253 4131 1373 4185 estis
1397 4129 1587 4199 rapina
1611 4138 1659 4183 et
1687 4127 2038 4185 inmunditia.

440 4219 713 4279 Phariam
740 4236 895 4286 cwce,
925 4221 1118 4275 munda
1149 4222 1294 4289 prius
1322 4222 1459 4291 quod
1483 4220 1624 4275 intus
1660 4230 1737 4279 est
1776 4219 1953 4274 calicis
1994 4228 2041 4273 rt

436 4315 753 4386 parapsidis,
775 4324 830 4369 ut
856 4315 949 4383 ﬁat
970 4322 1016 4369 et
1040 4315 1095 4367 id
1127 4315 1265 4385 quod
1299 4316 1495 4386 deforis
1518 4323 1593 4371 est
1616 4304 1895 4373 mundum.
1949 4314 2041 4368 Dio

440 4407 621 4467 versis
676 4406 901 4473 verbis,
968 4406 1165 4461 eodem
1225 4422 1414 4475 sensu,
1469 4424 1577 4477 quo
1634 4423 1821 4477 supra,
1867 4408 2044 4477 arguit

434 4497 748 4561 Pharisaeos
785 4497 1155 4555 simulationis
1181 4509 1346 4569 atque
1374 4500 1666 4568 mendacii,
1718 4500 1863 4571 quod
1892 4500 2036 4555 aliud

2148 3293 2320 3353 cludit
2347 3294 2497 3364 quod
2524 3295 2790 3361 voluerat,
2819 3303 2875 3351 et
2904 3294 3061 3365 quasi
3087 3303 3388 3350 extremam
3438 3295 3747 3366 syllogismi

2149 3396 2358 3455 partem
2391 3387 2566 3457 ponit.
2594 3387 2661 3442 Et
2689 3401 2787 3442 vos
2810 3386 3030 3457 implete
3060 3404 3371 3445 mensuram
3400 3396 3617 3459 patrum
3650 3404 3748 3444 ve-

2147 3489 2411 3537 strorum.
2472 3481 2633 3557 189
2679 3479 2836 3546 Quod
2889 3480 2997 3537 illis
3030 3481 3201 3537 defuit
3227 3527 3242 3552 ,
3279 3497 3381 3538 vos
3417 3482 3745 3551 adimplete.

2146 3571 2231 3626 Illi
2259 3572 2656 3633 interfecerunt
2678 3589 2870 3630 servos
2903 3592 2917 3629 :
2949 3590 3046 3631 vos
3076 3576 3370 3630 Dominum
3410 3574 3743 3645 crucifigite.

2146 3663 2229 3723 Illi
2257 3667 2554 3736 prophetas
2581 3682 2593 3721 :
2626 3680 2725 3723 vos
2753 3681 2878 3723 eum
2906 3666 2999 3737 qui
3034 3681 3066 3723 a
3097 3666 3382 3738 prophetis
3411 3667 3745 3737 praedicatus

2146 3768 2251 3819 est.

2222 3851 2405 3922 (Vers.
2424 3851 2540 3923 55.)
2580 3852 2881 3923 Serpentes,
2909 3853 3019 3926 [AL
3044 3854 3264 3912 additur
3290 3856 3360 3928 et]
3385 3856 3651 3927 genimina
3673 3856 3748 3909 ri-

2146 3960 2412 4016 perarum,
2457 3947 2716 4015 quomodo
2748 3949 2957 4019 fugietis
2984 3965 3016 4003 a
3035 3951 3243 4020 judicio
3288 3950 3584 4021 gehennae?
3626 3948 3745 4011 Hoc

2147 4036 2406 4107 ipsumet
2428 4037 2667 4097 Joannes
2696 4040 2940 4110 Baptista
2990 4040 3204 4097 dixerat
3232 4041 3402 4115 (Luc.
3438 4041 3549 4111 ιιι).
3584 4040 3748 4096 Sicut

2146 4143 2279 4201 ergo
2309 4130 2379 4187 de
2408 4131 2614 4201 viperis
2638 4143 2940 4189 nascuntur
2962 4135 3165 4204 viperae
3189 4150 3202 4187 :
3228 4133 3308 4189 sic
3346 4133 3419 4189 de
3444 4132 3746 4190 homicidia

2147 4223 2414 4294 patribus,
2442 4241 2561 4292 vos,
2585 4225 2779 4295 inquit,
2814 4227 2925 4282 uati
2949 4228 3081 4283 estis
3107 4227 3417 4283 homicidia.

2219 4318 2401 4391 (Vers.
2456 4318 2544 4375 54.
2574 4318 2593 4390 )
2637 4318 2768 4374 Ideo
2796 4337 2913 4377 ecce
2928 4339 3019 4393 ego
3049 4322 3194 4376 mitto
3215 4322 3285 4375 atl
3313 4339 3406 4377 vos
3429 4322 3741 4393 prophetas,

2147 4420 2194 4466 et
2221 4414 2493 4483 sapientes,
2542 4423 2588 4469 et
2631 4416 2848 4480 scribas,
2878 4426 2925 4470 et
2954 4432 3018 4469 ea;
3046 4418 3154 4470 illis
3181 4418 3425 4473 occidetis
3453 4425 3500 4470 et
3526 4434 3636 4470 cru;
3655 4420 3745 4486 iﬁ-

2147 4506 2299 4577 gctis,
2318 4514 2364 4557 et
2393 4521 2459 4560 ea:
2498 4506 2572 4561 eis
2593 4508 2921 4581 ﬂagellabitis
2943 4511 2996 4562 in
3018 4512 3293 4583 synagogis
3317 4514 3518 4577 castris,
3544 4520 3591 4565 et
3625 4529 3741 4581 per"

439 4588 469 4629 δ
499 4598 776 4651 ostentent
826 4590 1137 4647 hominibus
1168 4590 1321 4659 loris,
1353 4592 1500 4648 aliud
1525 4593 1671 4648 domi
1696 4603 1879 4661 agant.
1912 4592 2033 4647 Non
2060 4589 2114 4649 Ι)
2141 4599 2422 4667 sequemini
2465 4600 2528 4655 de
2570 4602 2773 4656 civitate
2800 4604 2853 4655 in
2883 4604 3159 4659 civitatem.
3225 4604 3342 4660 lloc
3388 4604 3532 4675 quod
3573 4616 3742 4661 antea

435 4681 652 4751 quodin
691 4682 861 4739 calice
885 4690 941 4737 et
961 4682 1256 4753 paropside
1283 4699 1469 4738 eorum
1502 4686 1815 4755 superstitio
1851 4700 2035 4741 ruera-

434 4780 627 4840 retur;
657 4773 754 4835 sed
790 4774 951 4845 188
978 4773 1123 4843 quod
1152 4772 1284 4828 foris
1315 4774 1629 4837 hominibus
1682 4779 2039 4839 ostenderent

433 4864 806 4935 sanctitatem,
842 4866 897 4925 iu
927 4865 1139 4934 habitu,
1166 4866 1221 4922 in
1241 4882 1513 4936 sermone,
1565 4870 1618 4925 in
1663 4872 2036 4942 phylacteriis,

434 4954 493 5011 in
516 4956 770 5023 fimbriis,
799 4957 854 5015 in
884 4958 1197 5015 orationum
1227 4959 1582 5030 longitudine,
1615 4971 1671 5018 et
1696 4968 1909 5023 caeteris
1938 4968 2039 5025 hu-

421 5046 689 5120 iusmodi,
713 5049 1043 5109 intrinsecus
1067 5064 1250 5110 autem
1280 5064 1468 5111 essent
1497 5056 1754 5113 vitiorum
1776 5061 2035 5119 sordibus

426 5140 600 5209 pleni.

499 5234 684 5306 (Vere.
715 5235 806 5303 27,
831 5235 951 5307 28.)
990 5236 1084 5293 γω
1110 5237 1270 5305 vobis,
1302 5238 1502 5296 Scriba:
1525 5251 1571 5295 et
1598 5240 1856 5301 Pharisaei
1873 5243 2033 5318 hypo-

423 5326 589 5395 critaz,
628 5330 752 5400 quia
772 5331 966 5385 similes
984 5332 1105 5386 estis
1127 5332 1383 5403 sepulcris
1405 5334 1678 5405 dealbatis,
1700 5355 1814 5410 qua:
1840 5357 1871 5393 a
1902 5343 2032 5413 foris

419 5432 605 5489 parent
621 5421 915 5478 hominibus
942 5424 1200 5495 speciosa,
1229 5425 1369 5481 intus
1406 5443 1525 5483 vero
1572 5429 1726 5499 plena
1761 5442 1881 5495 sunt
1908 5436 2033 5491 ossi-

418 5511 513 5567 bus
550 5525 893 5585 mortuorum,
926 5525 976 5573 et
1012 5518 1152 5577 omni
1188 5520 1461 5590 spurcitia.
1496 5521 1587 5578 Sic
1632 5532 1681 5577 et
1720 5539 1805 5580 vos
1838 5543 1871 5580 a
1900 5528 2030 5598 foris

418 5606 628 5677 quidem
654 5610 847 5679 paratis
878 5608 1171 5665 hominibus
1186 5613 1323 5685 justi
1349 5614 1523 5669 :intus
1544 5624 1714 5671 autem
1742 5619 1884 5690 pleni
1904 5621 2027 5677 estis

485 5722 514 5791 ξ
554 5716 837 5791 interserit
861 5720 1104 5791 Rbabb.,
1127 5732 1177 5778 et
1206 5723 1505 5787 illuminant
1559 5728 1761 5789 oculos.

481 5784 513 5827 ¹¹
552 5788 726 5851 Antea
748 5800 891 5863 erat,
918 5793 1066 5852 aliud
1086 5784 1401 5855 'ostendant.

2145 4689 2478 4764 dixeramus,
2503 4690 2723 4766 Implete
2754 4712 3049 4751 mensuram
3092 4707 3299 4767 patrum
3340 4708 3644 4767 vestrorum,
3671 4701 3743 4756 ad

2144 4799 2433 4855 personam
2487 4787 2703 4843 Domini
2749 4789 3046 4858 pertinere,
3100 4806 3167 4845 eo
3205 4790 3350 4861 quod
3400 4791 3745 4849 occidendus

2142 4884 2293 4937 esset
2320 4878 2387 4934 ab
2415 4878 2517 4945 eis,
2543 4889 2724 4949 potest
2752 4891 2806 4935 et
2838 4882 2905 4937 ad
2939 4882 3241 4953 discipulos
3268 4885 3388 4955 ejus
3417 4884 3637 4953 referri,
3671 4887 3744 4943 tle

2144 4969 2345 5039 quibus
2374 4986 2517 5027 nunc
2543 4971 2680 5027 dicit
2714 4990 2726 5023 :
2752 4971 2892 5028 Ecce
2907 4990 2997 5045 ego
3027 4976 3177 5029 mitto
3212 4977 3282 5030 ad
3311 4993 3398 5033 vos
3430 4975 3739 5050 prophetas,

2143 5073 2189 5116 et
2215 5065 2493 5135 sapientes,
2523 5073 2567 5119 et
2597 5067 2817 5133 scribas,
2851 5077 2901 5121 et
2925 5083 2990 5121 ea:
3014 5067 3123 5121 illis
3150 5070 3425 5136 occidetis,
3451 5079 3502 5124 et
3529 5072 3743 5140 cruciﬁ-

2141 5153 2292 5225 getis,
2316 5164 2362 5209 et
2390 5153 2722 5226 ﬂagellabitis
2761 5158 2816 5210 in
2859 5160 3137 5229 synagogis
3176 5162 3372 5227 vestris,
3397 5172 3445 5215 et
3470 5177 3744 5232 perseque-

2141 5248 2271 5302 ntini
2313 5248 2376 5302 de
2397 5250 2605 5303 civitate
2630 5251 2976 5315 incivitatem,
3010 5266 3069 5308 ut
3110 5255 3380 5325 impleatis
3419 5270 3739 5313 mensuram

2141 5349 2355 5409 patrum
2384 5350 2713 5398 vestrorum.
2750 5343 3035 5415 Simulque
3064 5347 3291 5403 observa
3308 5348 3464 5419 juxta
3493 5350 3739 5425 Aposto-

2138 5432 2252 5489 lum
2297 5434 2625 5491 scribentem
2676 5437 2742 5491 ad
2793 5438 3110 5494 Corinthios
3139 5440 3205 5511 (Ι
3238 5441 3362 5497 Cor.
3408 5457 3479 5495 vn
3506 5445 3549 5513 ),
3583 5446 3737 5500 varia

2139 5541 2261 5584 esse
2283 5526 2426 5584 dona
2452 5528 2845 5599 discipulorum
2862 5528 3064 5587 Christi
3087 5548 3101 5599 ;
3131 5534 3270 5588 alios
3292 5536 3617 5606 prophetas,
3641 5540 3737 5610 qui

2135 5632 2365 5678 ventura
2392 5631 2413 5660 ο
2445 5621 2783 5692 praedicant;
2837 5624 2974 5680 alios
3003 5626 3299 5697 sapientes,
3352 5630 3444 5699 qui
3477 5630 3736 5691 noverint

2193 5748 2215 5775 ο
2258 5736 2355 5790 Hic
2376 5752 2590 5817 quoque
2618 5746 2738 5817 erat
2780 5738 2961 5797 minus
2988 5753 3137 5817 recte
3185 5752 3363 5811 antea,
3416 5746 3725 5817 prcedicent,

2130 5822 2229 5879 pro
2255 5809 2565 5880 praedicant,
2596 5809 2742 5882 quod
2797 5828 2930 5869 mss.
2987 5814 3321 5873 substituunt
3351 5809 3363 5873 ἐ
3400 5809 3456 5873 tit
3486 5829 3542 5876 et
3571 5809 3731 5877 nove;
