4004 6332
467 326 575 386 175

1711 318 1774 379 S.
1813 318 2087 379 EUSEBII
2122 318 2506 379 HIERONYM]

3661 314 3765 375 ΠΟ

472 458 584 501 non
611 457 741 499 saxa
765 450 822 498 et
849 434 1080 497 aedilicia
1105 436 1362 505 civitatis,
1392 437 1490 494 sed
1520 432 1860 492 habitatores
1887 443 2070 503 vocat,
2099 438 2151 500 Α
2177 444 2262 491 tus
2289 438 2384 502 tui,
2415 446 2463 491 et
2501 426 2963 494 consummationis
2988 436 3169 493 seculi
3198 432 3313 491 ἵει
3336 432 3657 506 respondens
3673 429 3767 487 Je-

473 552 638 607 quam
668 535 873 607 plangit
915 534 1087 606 patris
1138 533 1354 599 affectu,
1389 530 1532 587 sicut
1550 540 1605 585 et
1628 530 1683 585 in
1714 530 1822 585 alio
1851 530 1973 585 loco
1995 530 2076 584 le-

473 630 676 701 gimus,
720 627 869 699 quod
918 627 1116 682 videns
1161 641 1281 682 eam
1329 624 1545 680 ﬂeverit
1590 622 1763 693 (Luc.
1806 621 1959 693 xix).
2015 622 2074 679 In

469 738 540 779 eo
598 732 778 776 autem
835 720 978 791 quod
1034 720 1165 775 dicit
1207 737 1223 773 :
1273 717 1490 785 Quoties
1554 717 1697 771 volui
1761 731 2076 788 congregare

476 816 618 887 filios
649 825 788 880 tuos,
840 829 1032 870 omnes
1071 822 1219 869 retro
1248 811 1541 883 prophetas
1565 826 1596 866 a
1640 824 1701 865 se
1727 809 1923 864 missos
1951 823 2074 864 esse

473 920 723 967 testatur.
748 908 975 966 Gallina:
1004 921 1222 978 quoque
1258 904 1665 960 similitudinem
1690 899 2074 972 congregantis

474 1004 581 1059 sub
626 1004 740 1059 alas
771 1002 951 1072 pullos
978 1014 1129 1067 suos,
1184 1000 1236 1055 in
1271 999 1487 1055 cantico
1518 992 1923 1052 Deuteronomii
1945 992 2071 1063 legi-

477 1110 600 1151 mus
631 1113 646 1151 :
678 1094 827 1150 Sicut
854 1093 1031 1163 aquila
1057 1092 1284 1163 protegit
1305 1090 1487 1144 nidum
1507 1096 1745 1156 suum,et
1782 1101 1940 1158 super
1958 1085 2076 1158 pul-

474 1190 554 1244 los
581 1204 701 1243 suos
728 1195 755 1224 ·
786 1185 1119 1252 desideravit,
1152 1183 1453 1253 expandens
1480 1184 1600 1237 alas
1627 1198 1749 1237 suas
1785 1179 2008 1252 suscepit
2027 1186 2075 1233 et

475 1280 594 1336 tulit
618 1296 775 1350 super
798 1294 996 1350 pennas
1021 1293 1145 1331 suas
1168 1276 1350 1347 (Deut.
1383 1291 1554 1339 xxxtt,
1584 1275 1695 1344 ll).

554 1372 712 1444 192
739 1369 926 1443 (Vers.
947 1369 1066 1438 58.)
1094 1367 1232 1423 Ecce
1268 1369 1589 1437 relinquetur
1617 1366 1755 1420 vobis
1780 1366 1965 1419 domus
1991 1381 2078 1418 ve-

475 1475 585 1521 stra
615 1466 838 1520 deserta.
886 1463 1001 1519 lloc
1037 1463 1214 1532 ipsum
1271 1476 1338 1516 ex
1383 1475 1616 1529 persona
1662 1460 1912 1514 Jeremitn
1960 1461 2074 1528 jam

473 1568 603 1615 ante
623 1559 840 1615 dixerat
867 1572 882 1609 :
912 1554 1120 1626 Reliqui
1148 1553 1359 1608 domum
1378 1568 1563 1617 meam,
1602 1552 1778 1606 dimisi
1800 1550 2078 1606 haeredita-

475 1663 575 1708 tem
605 1667 774 1708 meam
794 1667 814 1707 :
845 1651 988 1720 facta
1016 1660 1088 1703 est
1122 1648 1250 1701 mihi
1295 1645 1569 1701 hwreditas
1615 1662 1726 1699 mea
1781 1645 1933 1717 quasi
1962 1660 2077 1716 spe-

474 1747 636 1802 lunca
674 1746 874 1816 ityama:
900 1741 929 1781 ιι
957 1741 1093 1813 (Jer.
1118 1755 1215 1808 xu,
1244 1740 1297 1807 7,
1331 1738 1413 1810 8).
1445 1738 1725 1794 Desertam
1757 1737 2069 1792 Judaeorum

2175 545 2288 595 sus,
2330 528 2468 583 dixit
2491 530 2566 584 eis
2595 546 2615 585 :
2666 529 2847 585 Videte
2874 547 2938 585 ne
2965 529 3083 598 quis
3111 543 3201 582 vos
3234 528 3471 581 seducet.
3513 523 3683 580 Sedet
3713 522 3764 579 in

2175 630 2363 676 monte
2388 620 2608 686 Oliveti,
2641 621 2732 675 ubi
2757 637 2944 676 verum
2974 621 3162 676 lumen
3210 617 3455 674 scientia:
3507 612 3766 671 nascebav

2176 722 2286 777 tur,
2323 725 2377 768 et
2406 714 2670 769 accedunt
2698 712 2765 769 ad
2796 729 2922 769 eum
2951 711 3109 786 193
3128 709 3381 782 dist-ipuli
3404 720 3639 779 secreto,
3672 705 3763 779 qui

2176 807 2438 877 mysteria
2486 817 2542 861 et
2586 805 2895 862 futurorum
2946 806 3337 862 revelationem
3365 819 3525 859 nosse
3580 801 3768 871 cupie-

2176 900 2331 966 bant,
2365 911 2418 954 et
2443 899 2783 970 interrogant
2821 899 2922 953 tria
2957 918 2971 952 :
3000 899 3120 966 Quo
3161 907 3408 967 tempore
3459 896 3763 953 Jerusalem

2176 988 2512 1047 destruenda
2535 989 2606 1043 sit
2638 1006 2654 1055 ;
2685 1005 2792 1061 quo
2844 1000 3107 1044 venturus
3151 988 3441 1055 Christus;
3472 1002 3583 1060 quo
3635 1001 3768 1043 con-

2175 1084 2468 1141 summatio
2496 1083 2683 1139 saeculi
2714 1082 2899 1139 futura
2922 1082 3013 1137 sit.

2248 1179 2431 1251 (Vers.
2458 1179 2540 1250 5.)
2570 1176 2729 1231 Multi
2748 1176 2885 1231 enim
2930 1176 3132 1231 venient
3182 1175 3238 1230 in
3268 1175 3475 1231 nomine
3504 1192 3642 1241 tneo,
3682 1174 3766 1229 di-

2175 1282 2346 1327 centes
2369 1288 2389 1325 :
2415 1271 2527 1345 Ego
2568 1288 2682 1325 sum
2735 1269 2997 1339 Christus,
3025 1281 3071 1323 et
3096 1270 3289 1324 multos
3318 1272 3585 1325 seducent.
3618 1269 3764 1337 Quo-

2176 1383 2298 1423 rum
2323 1382 2458 1421 unus
2484 1374 2569 1421 est
2596 1365 2785 1422 Simon
2825 1363 3223 1432 Samaritanus,
3255 1381 3416 1434 quem
3457 1365 3511 1420 in
3540 1365 3773 1420 Actibus

2175 1461 2555 1531 apostolorum
2586 1461 2841 1530 legimus,
2881 1462 2974 1531 qui
3006 1474 3067 1515 se
3117 1474 3366 1531 magnam
3406 1458 3773 1515 diccbatesse

2181 1555 2273 1611 Dei
2299 1555 2558 1610 virtutem
2605 1553 2747 1625 (Act.
2782 1553 2923 1617 vin),
2954 1554 3069 1607 haec
3096 1568 3316 1624 quoque
3362 1554 3505 1608 inter
3558 1550 3668 1624 [ΑΙ.
3691 1548 3774 1623 et]

2178 1655 2379 1702 caetera
2410 1646 2465 1700 in
2491 1645 2609 1700 suis
2641 1654 2666 1683 ο
2692 1645 3059 1702 voluminibus
3079 1647 3283 1713 scripta
3305 1645 3625 1701 dimittens:
3657 1642 3775 1716 Ego

2175 1756 2291 1794 sum
2319 1756 2489 1795 sermo
2515 1737 2637 1807 Dei,
2667 1756 2761 1810 ego
2784 1756 2897 1793 sum
2921 1740 3207 1809 speciosus,
3232 1757 3329 1813 ego
3355 1741 3774 1811 paracletus,ego

476 1839 725 1901 domum,
757 1836 808 1890 id
840 1843 946 1904 est,
972 1833 1233 1903 templum
1267 1831 1423 1899 illud,
1460 1829 1606 1901 quod
1634 1840 1657 1869 ο
1692 1828 1936 1900 fulgebat
1975 1845 2072 1884 au-
2101 1816 2153 1878 Β
2178 1833 2522 1903 omnipotens,
2551 1848 2646 1906 ego
2670 1832 2845 1886 omnia
2865 1829 2978 1885 Dei.
3011 1831 3119 1887 Sed
3150 1843 3206 1887 et
3225 1830 3467 1887 Joannes
3492 1832 3775 1904 apostolus

474 1932 707 2003 gustius,
760 1928 935 1983 oculis
989 1925 1412 1995 comprobamus
1458 1940 1472 1975 :
1531 1920 1655 1991 quia
1709 1920 2070 1976 habitatorem

474 2022 756 2079 Christum
809 2018 1082 2087 perdidit,
1132 2027 1188 2072 et
1226 2014 1602 2071 haereditatem
1647 2013 1940 2084 praeripere
1979 2028 2075 2083 ge-

473 2117 669 2184 stiens,
696 2112 897 2170 occidit
920 2111 1214 2166 hzeredem.

549 2207 730 2280 (Vera.
747 2205 864 2275 59.)
893 2205 1019 2257 Dico
1044 2204 1177 2258 enim
1189 2202 1362 2257 vobis:
1383 2217 1579 2255 nonme
1597 2199 1829 2254 videbitis
1859 2197 2069 2266 amodo,

474 2301 637 2355 donec
669 2297 857 2351 dicatis
894 2312 913 2350 :
942 2294 1256 2349 Benedictus
1284 2294 1375 2365 qui
1402 2289 1428 2329 ά
1456 2293 1589 2346 venit
1633 2294 1688 2345 in
1715 2292 1925 2345 nomine
1970 2290 2078 2344 Do-

476 2393 624 2448 mini.
661 2390 742 2446 Ad
768 2388 1075 2446 Jerusalem
1106 2387 1368 2457 loquitur,
1392 2394 1448 2439 et
1480 2385 1545 2439 ad
1573 2385 1833 2455 populum
1855 2381 2076 2439 Judaeo-

477 2500 622 2542 rum.
645 2482 984 2539 Versieulum
1017 2488 1196 2535 autem
1231 2479 1417 2541 istum,
1451 2493 1559 2547 quo
1589 2485 1646 2531 et
1672 2475 1883 2547 parvuli
1912 2485 2077 2543 atque

475 2576 740 2632 lactentes
767 2574 824 2629 in
872 2572 1123 2642 ingressu
1168 2569 1474 2625 Jerusalem
1526 2568 1745 2623 Domini
1774 2564 2078 2622 Salvatoris

476 2666 561 2724 usi
595 2676 746 2731 sunt,
776 2664 997 2735 quando
1027 2662 1284 2716 dixerunt
1329 2677 1343 2712 :
1383 2657 1697 2713 Benedictus
1723 2656 1812 2727 qui
1862 2656 1996 2709 venit
2023 2656 2079 2708 in

480 2762 690 2817 nomine
713 2758 946 2825 Domini,
973 2771 1173 2811 osanna
1190 2755 1243 2807 in
1270 2752 1509 2815 excelsis,
1544 2748 1778 2817 sumpsit
1796 2748 1866 2803 de
1892 2755 2081 2802 cente-

480 2853 623 2909 simo
653 2850 866 2906 decimo
913 2848 1149 2916 septimo
1192 2846 1422 2914 psalmo,
1458 2842 1548 2913 qui
1580 2839 1865 2895 manifeste
1889 2840 1958 2895 de
1985 2841 2079 2893 ad-

479 2957 648 3003 ventu
676 2942 886 3000 Domini
923 2940 1158 3008 scriptus
1184 2946 1289 2993 est.
1340 2937 1408 2992 Et
1459 2933 1604 3005 quod
1635 2934 1790 3001 dicit,
1829 2932 1934 2987 hoc
1964 2932 2081 2986 vult

483 3042 712 3111 intelligi
756 3038 912 3093 :Nisi
943 3034 1321 3107 ptenitentiam
1377 3029 1598 3101 egeritis
1653 3026 1808 3101 (Luc.
1853 3028 1995 3096 xttt),
2026 3034 2079 3082 et

483 3133 723 3190 confessi
752 3128 966 3185 fueritis
987 3128 1161 3197 ipsum
1188 3138 1275 3178 me
1301 3136 1448 3186 esse,
1469 3119 1536 3175 de
1560 3118 1963 3190 quoPropheta:
1984 3132 2078 3172 ce-

481 3226 759 3289 cinerunt,
789 3218 986 3275 Filium
1017 3216 1411 3286 omnipotentis
1458 3213 1653 3277 Patris,
1686 3226 1861 3266 meam
1887 3211 2078 3265 faciem
2108 3203 2153 3267 C

482 3332 592 3375 non
621 3314 895 3370 videbitis.
935 3310 1146 3366 Habent
1166 3306 1339 3363 Judaei
1382 3305 1567 3361 datum
1589 3305 1691 3360 sibi
1721 3313 1935 3374 tempus
1962 3317 2079 3374 pte-

482 3408 726 3468 nitentiae
753 3424 767 3461 :
811 3404 1179 3461 conﬁteantur
1208 3398 1552 3455 benedictum
1580 3398 1669 3465 qui
1700 3397 1848 3453 venit
1889 3395 1944 3452 in
1974 3411 2073 3451 no-

483 3506 631 3561 mine
664 3500 904 3565 Domini,
938 3506 994 3553 et
1013 3494 1214 3550 Christi
1234 3506 1332 3548 ora
1358 3491 1723 3561 conspiciant.

559 3596 716 3670 (Cap.
748 3590 940 3649 XXIV.
974 3619 1045 3631 —
1066 3588 1227 3644 Vers.
1260 3588 1313 3652 1.
1345 3584 1430 3655 2.)
1466 3584 1535 3639 Et
1569 3600 1804 3657 egressus
1830 3582 1985 3638 Iesus
2015 3583 2080 3638 de

487 3690 701 3760 templo,
727 3686 857 3741 ibat.
884 3682 952 3738 Et
973 3689 1298 3737 accesserunt
1335 3678 1587 3747 discipuli
1605 3679 1743 3748 ejus,
1766 3686 1818 3730 ut
1842 3678 2081 3731 ostende-

484 3792 599 3839 rent
622 3780 667 3835 ei
691 3776 1069 3848 aediﬁcationes
1124 3770 1321 3840 templi.
1359 3768 1478 3841 Ipse
1522 3778 1692 3823 autem
1742 3770 2082 3837 respondens,

485 3876 618 3931 dixit
643 3872 753 3928 illis
784 3886 803 3925 :
848 3868 1039 3922 Videtis
1064 3866 1175 3921 hac
1193 3864 1403 3919 omnia?
1433 3864 1593 3916 Amen
1617 3863 1731 3915 dico
1756 3862 1896 3917 vobis
1928 3879 1948 3918 :
1977 3879 2081 3917 non

486 3970 808 4039 relinquetur
837 3962 919 4015 Itic
942 3961 1078 4032 lapis
1102 3973 1258 4030 super
1275 3956 1524 4023 lapidem,
1541 3956 1625 4025 qui
1644 3972 1745 4008 non
1759 3955 2080 4011 destruatur.

488 4060 645 4116 Juxta
676 4054 962 4110 historiam
1007 4049 1327 4104 manifestus
1374 4060 1458 4101 (εει
1504 4059 1722 4100 sensus.
1773 4045 2083 4101 Recedente

490 4162 673 4207 autem
705 4148 937 4203 Domino
967 4144 1036 4197 de
1084 4141 1307 4210 templo,
1353 4138 1534 4192 omnia
1569 4137 1704 4208 legis
1747 4136 1999 4202 aedilicia,
2031 4146 2087 4193 et

489 4241 811 4309 compositio
840 4236 1215 4292 mandatorum
1245 4231 1313 4287 ita
1344 4231 1624 4285 destructa
1669 4239 1773 4299 est,
1804 4240 1859 4285 ut
1886 4231 2023 4286 nihil
2054 4248 2083 4285 ει

490 4333 692 4392 Judaeis
721 4333 891 4402 possit
920 4325 1142 4399 impleri
1172 4342 1187 4394 ;
1229 4335 1284 4379 et
1310 4324 1494 4394 capite
1543 4324 1779 4390 sublato,
1831 4325 2081 4380 universa

490 4428 634 4483 inter
656 4439 717 4480 se
747 4422 989 4478 membra
1016 4424 1404 4489 compugnent.

568 4516 751 4591 (Vers.
781 4516 836 4581 ὅ,
865 4512 945 4572 4.)
978 4510 1203 4568 Sedente
1249 4516 1422 4562 autem
1453 4522 1511 4561 eo
1540 4523 1697 4575 super
1726 4517 1950 4562 montem
1973 4509 2085 4564 Uli-

2181 1926 2236 1978 in
2259 1924 2488 1993 epistola
2521 1939 2619 1978 sua
2666 1923 2909 1994 loquitur
2939 1942 2953 1977 :
2981 1924 3213 1978 Audistis
3263 1928 3387 1994 quia
3426 1922 3778 1979 Antichristus

2176 2027 2420 2073 venturus
2448 2026 2544 2083 est,
2567 2035 2702 2071 nunc
2726 2027 2896 2072 autem
2908 2017 3215 2072 Antichristi
3245 2017 3396 2072 multi
3421 2016 3593 2087 sunt(l
3612 2014 3777 2075 Joan.

2179 2127 2237 2174 tt,
2276 2111 2391 2182 18).
2422 2111 2535 2181 Ego
2571 2127 2695 2165 reor
2726 2125 2917 2165 omnes
2966 2109 3377 2170 hteresiarchns.
3415 2110 3780 2165 Antichristos

2178 2216 2320 2269 esse,
2334 2210 2390 2257 et
2415 2203 2515 2256 sub
2536 2203 2753 2258 nomine
2771 2200 2974 2256 Christi
3016 2217 3080 2256 ea
3118 2201 3334 2265 docere,
3364 2217 3483 2273 quae
3507 2201 3781 2256 contraria

2179 2306 2307 2350 sunt
2333 2295 2574 2351 Christo.
2612 2295 2726 2349 Nec
2755 2296 2953 2349 mirum
2978 2293 3023 2348 si
3049 2292 3263 2364 aliquos
3294 2293 3365 2347 ab
3387 2292 3473 2349 bis
3502 2293 3783 2348 videamus

2178 2387 2387 2452 seduci,
2418 2403 2541 2443 cum
2568 2387 2828 2441 Dominus
2853 2386 3049 2441 dixerit
3078 2402 3094 2440 :
3132 2385 3195 2440 Et
3221 2388 3409 2440 multos
3437 2386 3706 2441 seduceut.

2254 2480 2439 2551 (Vers.
2472 2479 2554 2551 6.)
2576 2479 2821 2533 Audituri
2857 2480 2992 2533 enim
3022 2480 3143 2532 estis
3169 2478 3375 2549 prtelia,
3416 2486 3465 2531 et
3508 2479 3784 2544 opiniones

2180 2573 2486 2644 praeliorum
2523 2588 2542 2626 :
2570 2572 2735 2625 videte
2772 2588 2837 2625 ne
2886 2570 3188 2625 turbemini.
3217 2570 3433 2636 Oportet
3490 2573 3626 2625 enim
3670 2570 3788 2627 Ittzc

2182 2665 2297 2732 ﬁeri
2319 2681 2340 2729 ;
2361 2663 2450 2717 sed
2474 2664 2704 2716 nonduin
2725 2671 2799 2716 est
2816 2662 2962 2731 ﬁnis.
2989 2660 3125 2717 Cum
3154 2663 3270 2717 huic
3299 2663 3463 2732 igitur
3485 2663 3603 2717 fieri
3630 2662 3785 2718 vide-

2182 2756 2376 2818 rimus.
2427 2770 2534 2809 non
2591 2764 2844 2824 putemus
2893 2754 3039 2808 diem
3092 2754 3302 2809 instare
3344 2752 3561 2823 iudicii.
3586 2754 3684 2810 sed
3731 2755 3787 2810 in

2184 2856 2398 2917 tempus
2444 2846 2575 2901 illud
2629 2845 2923 2914 reservari,
2949 2845 3109 2916 cujus
3132 2846 3349 2917 signant
3410 2846 3787 2918 perspicucin

2182 2938 2650 3009 consequentibus
2676 2939 2915 3007 ponitur.

2255 3034 2439 3106 (νει-ε.
2468 3032 2612 3105 7,8.)
2643 3032 2936 3103 Consurget
2960 3034 3099 3087 enim
3123 3050 3248 3106 gens
3273 3044 3453 3089 contra
3480 3045 3708 3106 gentem,
3742 3044 3793 3089 et

2182 3144 2398 3203 regnum
2419 3134 2601 3181 contra
2630 3141 2868 3198 regnum,
2897 3136 2945 3180 et
2986 3136 3135 3180 erunt
3174 3127 3484 3196 pestilentiae
3521 3138 3568 3182 et
3594 3128 3792 3196 fames,

2186 3230 2236 3275 et
2260 3226 2587 3273 terrtzmotus
2614 3234 2705 3284 per
2730 3219 2866 3271 loca.
2897 3215 3028 3272 Haec
3057 3226 3229 3273 autem
3254 3218 3429 3271 omnia
3482 3218 3635 3272 initia
3658 3229 3791 3272 sunt

2187 3310 2449 3366 dolorum.
2481 3308 2600 3365 Non
2629 3309 2847 3378 ambigo
2875 3317 2933 3363 et
2955 3312 3071 3363 hare
3113 3308 3333 3378 quidem
3361 3308 3517 3378 juxta
3543 3308 3790 3364 litteram

2187 3404 2365 3458 futura
2395 3415 2517 3471 qua:
2563 3401 2767 3471 scripta
2800 3410 2928 3455 sunt
2957 3416 2971 3454 :
3005 3399 3099 3456 sed
3134 3399 3266 3455 mihi
3298 3401 3512 3456 videtur
3552 3417 3791 3472 regnum

2185 3505 2373 3552 contra
2405 3506 2727 3565 regnum,et
2760 3496 3073 3563 pestilentia
3096 3509 3312 3557 eorum.
3337 3511 3570 3566 quorum
3598 3514 3794 3552 sermo

2186 3587 2361 3655 serpit
2380 3596 2438 3641 ut
2462 3601 2661 3641 cancer
2690 3584 2759 3654 (ll
2783 3584 2918 3639 Tim.
2950 3586 3035 3657 tt),
3064 3596 3120 3641 et
3163 3586 3334 3641 fames
3380 3589 3633 3645 audiendi
3666 3608 3795 3646 ver-

2185 3681 2317 3737 bum
2347 3681 2462 3746 Dei,
2484 3687 2539 3735 et
2561 3680 2860 3735 commotio
2884 3679 3157 3735 universae
3188 3688 3445 3746 terrae,et
3473 3696 3502 3736 a
3527 3699 3656 3738 vera
3679 3682 3795 3740 (ide

2185 3773 2466 3844 separatio
2488 3813 2503 3837 ,
2534 3771 2589 3826 in
2616 3773 2887 3827 hatreticis
2913 3772 3084 3842 magis
3112 3772 3360 3843 intelligi,
3389 3774 3479 3844 qui
3504 3786 3696 3830 contra
3728 3792 3793 3834 se

2186 3869 2417 3925 invicem
2440 3865 3073 3932 dimicantes,Ecclesia3
3090 3865 3372 3921 victoriam
3397 3867 3792 3937 faciunt.Quod

2186 3970 2369 4015 autem
2397 3958 2537 4013 dixit
2564 3975 2578 4013 :
2604 3956 2735 4013 ιιωε
2768 3965 2943 4011 autem
2966 3959 3139 4010 omnia
3175 3956 3334 4011 initia
3375 3969 3492 4013 sunt
3514 3960 3792 4029 dolorum,

2188 4055 2383 4110 melius
2431 4049 2779 4117 transfertur,
2826 4051 3237 4123 parturitionum
3269 4067 3288 4105 :
3316 4061 3373 4106 ut
3402 4052 3554 4122 quasi
3585 4069 3797 4110 conce-

2189 4155 2314 4215 ptus
2343 4144 2562 4215 quidam
2600 4143 2869 4199 adventus
2895 4140 3240 4207 Antichristi,
3275 4158 3381 4197 non
3410 4154 3594 4212 partus
3624 4145 3794 4203 intel-

2191 4240 2413 4308 ligatur.

2269 4329 2453 4400 (Vcrs.
2488 4328 2568 4399 9.)
2591 4328 2741 4383 Tunc
2765 4329 2966 4382 tradent
3001 4345 3086 4382 vo.»
3119 4330 3171 4381 in
3201 4330 3601 4394 tribulationem,
3624 4342 3675 4386 et
3702 4351 3798 4388 oc-

2190 4422 2360 4476 cident
2393 4436 2520 4486 vos;
2549 4429 2599 4474 et
2629 4420 2773 4475 eritis
2793 4420 2914 4474 odio
2958 4421 3192 4475 omnibus
3213 4421 3454 4494 gentibus
3479 4422 3638 4496 194
3659 4442 3794 4498 pra-

2192 4522 2303 4584 pter
2324 4527 2511 4566 nomen
2533 4528 2722 4566 meum.
2740 4512 2843 4566 Per
2866 4513 3146 4581 apostolos
3162 4514 3405 4567 omnium
3437 4518 3790 4575 credentium

487 4611 608 4672 veti.
633 4613 958 4662 accesserunt
1001 4602 1069 4656 ad
1118 4616 1231 4655 eum
1275 4596 1520 4670 discipuli
1549 4607 1764 4664 secreto,
1808 4600 2032 4655 dicentes
2064 4622 2081 4659 .-
2113 4591 2162 4649 Ι)
2191 4618 2425 4676 persona
2480 4602 2746 4674 signatur,
2777 4616 2886 4656 ηοη
2917 4617 3025 4672 quo
3077 4618 3144 4657 eo
3175 4612 3433 4673 tempore
3463 4609 3701 4677 aposlo“
3731 4609 3790 4665 in

492 4702 590 4756 Dic
618 4698 763 4755 nobis
786 4695 1000 4767 quando
1033 4694 1142 4747 lucc
1173 4701 1347 4755 erunt,
1377 4699 1423 4741 et
1464 4689 1603 4759 quod
1632 4689 1837 4760 signum
1892 4694 2082 4748 adven-

558 4913 584 4940 ι
614 4900 781 4957 ﬁdem
814 4912 971 4963 mss.,
1004 4896 1261 4950 desiderat
1288 4909 1305 4957 ;
1334 4893 1548 4947 rectius
1570 4907 1702 4947 vero
1728 4894 1794 4947 ad
1827 4895 2074 4952 Grmeum

484 4982 715 5040 textum,
746 4986 870 5026 cum
898 4970 1025 5023 olim
1072 4966 1325 5040 \ulgatis,
1381 4963 1571 5032 verbo,
1599 4968 1848 5035 suscepit,
1872 4969 2075 5024 addunt

486 5063 572 5101 eos
589 5045 832 5109 ;Gr:nce,
856 5040 1059 5105 εδέξατο
1080 5039 1285 5097 αὐτούς.

559 5103 665 5169 δἸιι
697 5103 1012 5169 γθιιιειὶοιίε
1037 5109 1207 5163 Palat.
1231 5105 1434 5179 codicis
1455 5103 1581 5179 albo
1608 5103 1663 5159 in
1685 5107 1835 5163 calce
1862 5110 2073 5179 paginm

488 5187 593 5243 line
626 5183 925 5239 revocanda
955 5182 1006 5234 in
1041 5189 1246 5233 textum
1272 5176 1395 5247 inter.
1417 5175 1726 5247 subduntut'
1752 5175 2078 5247 glossnioris

484 5258 651 5312 verba
680 5275 692 5309 :
731 5254 820 5308 Est
848 5251 1066 5311 animal,
1094 5248 1233 5315 quod
1255 5245 1430 5301 Greece
1457 5245 1650 5300 dicitur
1670 5245 1875 5318 hyaena,
1892 5250 2078 5307 Latine

482 5330 685 5391 bellua,
708 5328 772 5379 de
796 5340 898 5395 qua
942 5321 1047 5395 Lex
1076 5320 1202 5395 dicit
1233 5333 1252 5371 :
1286 5318 1405 5395 Non
1453 5319 1788 5395 manducabis
1812 5322 2071 5392 hymnum,

481 5414 644 5471 neque
661 5388 1082 5471 quodsimileest
1106 5389 1208 5471 illi,
1238 5389 1481 5471 quoniam
1519 5388 2072 5471 immundum’unimal

480 5460 576 5525 est:
604 5460 951 5538 PligsiOIOgus
979 5463 1099 5538 dicit
1133 5460 1197 5512 de
1219 5460 1560 5538 eo,‘quoniam
1581 5461 1713 5538 duas
1740 5470 2071 5538 intromittit:-

480 5541 589 5605 bet,
621 5531 902 5604 aliquando
941 5533 1079 5605 quod
1104 5531 1376 5605 masculus
1415 5542 1519 5605 est,
1538 5532 1821 5605 aliquando
1850 5536 2067 5603 femina.

478 5598 787 5665 Cui'simi'les
825 5598 1064 5659 wstimati
1085 5614 1203 5656 sunt
1225 5599 1324 5670 filii
1352 5598 1536 5662 Israel,
1561 5604 1810 5671 quoniam
1832 5598 1895 5659 ab
1922 5607 2069 5660 initio

477 5681 684 5750 quidem
711 5679 993 5750 servierunt
1014 5671 1121 5750 Deo
1143 5674 1275 5750 vivo,
1293 5682 1467 5741 postea
1485 5686 1603 5725 vero
1625 5675 1823 5731 deliciis
1844 5686 1893 5729 et
1920 5678 2070 5731 luxu-

470 5745 565 5806 riis
589 5750 773 5813 dediti,
798 5747 941 5801 idola
967 5745 1242 5799 coluerint.

550 5832 572 5862 ς
596 5819 654 5878 ιη
686 5819 852 5875 Palat.
888 5832 1037 5882 mss.,
1063 5815 1199 5891 quod
1229 5823 1347 5869 ante
1377 5813 1605 5887 fulgebat
1634 5827 1934 5891 augustum.

2188 4712 2421 4766 corpore
2444 4693 2752 4767 reperiendi
2785 4694 2915 4749 sint.

2258 4897 2281 4936 τι
2312 4901 2428 4953 Duo
2464 4914 2619 4964 mss.,
2653 4901 2742 4964 qui
2767 4908 3015 4954 venturus
3040 4907 3135 4953 est.

2262 4981 2285 5008 ο
2309 4972 2516 5058 unctor
2535 4969 3346 5058 _ConstitutipnutnaAposto‘lic.
3388 4988 3400 5024 :
3433 4970 3655 5058 οζξαμεν
3682 4980 3790 5058 γᾴρ

2184 5040 2264 5124 ire
2299 5045 2346 5124 οξ
2375 5045 2500 5124 napi
2535 5045 2732 5113 Σίμωνα
2772 5044 2857 5096 καὶ
2896 5040 3123 5124 Rhoetea
3166 5042 3292 5124 eos?
3330 5040 3793 5124 συντάξαιτείβέ.

2187 5114 2300 5167 ϐλία
2326 5114 2403 5168 ἐπ’
2424 5113 2631 5186 ὄνόματι
2657 5120 2906 5186 Χριστοῦ,
2933 5116 3019 5168 καὶ
3046 5120 3146 5168 τῶν
3189 5114 3433 5185 μαθητῶν
3476 5118 3661 5183 αὐτοῦ,
3691 5113 3792 5177 ἑτι.

2183 5186 2480 5261 meme-9.
2505 5185 2823 5261 circinatus,
2850 5191 2958 5238 etc.
2987 5186 3195 5239 Scimus
3224 5187 3380 5248 enim,
3406 5189 3546 5256 quod
3574 5193 3665 5258 qui
3695 5192 3791 5247 Si.

2186 5253 2390 5308 "nionem
2417 5253 2783 5324 Cleobiumque
2802 5264 3083 5320 sectantur,
3117 5265 3389 5310 venenatos
3417 5253 3791 5323 componentes

2185 5325 2340 5378 libros
2372 5324 2465 5378 sub
2489 5324 2679 5377 Christi
2708 5337 2754 5377 et
2782 5324 3151 5393 discipulorum
3185 5330 3297 5395 eius
3323 5332 3533 5381 nomine
3558 5331 3790 5388 circum-

2182 5395 2361 5463 ferttnl
2385 5397 2455 5448 ad
2504 5396 2831 5466 decipiendos
2856 5412 2963 5450 vos.
3010 5397 3266 5449 Memorat
3303 5412 3519 5466 quoque
3558 5403 3795 5465 Auctor.

2174 5466 2243 5547 de
2279 5466 2483 5547 Divinis
2496 5468 2844 5547 “nominibus
2865 5482 2996 5547 cap.
3022 5468 3343 5547 6·ἶ¹ξίμωνρς
3390 5471 3785 5547 ἀνειῤῥητικοῦς

2172 5536 2377 5610 iiquae.
2415 5538 2469 5592 In
2495 5536 2730 5610 Pro-fat.
2755 5535 2983 5610 Arabica
3010 5538 3075 5591 ad
3103 5535 3407 5610 concilium
3448 5535 3782 5603 Niceratum}

2174 5607 2291 5661 Sibi
2329 5618 2518 5684 autem,
2548 5607 2732 5680 perﬁdi
2760 5608 2847 5661 isti
2872 5609 3150 5663 Simonin
3177 5609 3521 5684 Evangelinm
3548 5614 3781 5684 efﬁnxe-

2172 5680 2475 5755 runttqnod
2502 5680 2554 5731 in
2598 5690 2821 5755 quatuor
2845 5690 3011 5733 tomos
3032 5693 3301 5755 secantes,
3333 5682 3523 5736 librum
3546 5680 3791 5755 quatuor

2170 5749 2484 5820 angulorum
2512 5760 2561 5803 et
2577 5749 2851 5805 cardinum
2879 5751 3061 5806 mundi
3079 5753 3436 5822 appellarunt.

3518 5840 3541 5904 λ
3619 5897 3633 5921 .
