4004 6332
268 319 360 379 177

708 316 1364 376 COMMENTARIORUM
1404 317 1472 375 IN
1511 317 1973 378 EVANGELIUM
2011 320 2347 379 MAT'I‘il/El
2386 323 2512 378 UB.
2562 322 2649 379 iV.
2694 324 2848 379 CW.
2892 325 3088 382 XXIV.

3433 332 3538 390 178

330 437 497 511 (Vers.
550 438 639 505 l2,
672 438 786 511 15.)
821 438 886 492 Et
937 439 1183 510 quoniam
1235 438 1519 493 abundabit
1560 438 1833 508 iniquitas,
1862 437 1912 497 Α
1944 446 2242 494 retrorsum
2272 450 2395 496 sunt
2424 457 2440 505 ;
2469 445 2563 495 sed
2595 442 2770 512 magis
2800 456 2989 498 serere
3018 443 3072 497 in
3110 457 3244 513 agro
3274 445 3537 515 spiritua-

265 537 539 608 refrigescet
564 533 795 590 charitas
824 534 1125 589 multorum.
1153 534 1259 602 Qui
1284 544 1459 588 autem
1480 547 1837 605 perseverave-

263 631 324 685 rit
344 630 494 700 usque
521 627 591 682 ad
638 629 817 699 ﬁnem,
843 626 928 683 Itic
951 626 1128 683 salvus
1165 630 1281 682 erit.
1315 627 1433 683 Non
1465 626 1707 682 omnium
1741 641 1839 681 ne-

263 722 400 794 gavit
436 720 638 788 ﬁdem,
692 720 789 777 sed
841 721 1166 775 multorum.
1221 718 1378 774 Multi
1431 719 1576 773 enim
1633 716 1835 783 vocati,

264 817 404 890 pauci
429 831 556 873 vero
581 816 766 872 electi.
794 814 934 871 Nam
979 815 1034 870 iu
1067 814 1335 885 apostolis
1363 823 1420 869 et
1447 812 1723 867 similibus
1743 825 1841 867 eo-

262 925 369 967 rum
406 922 763 979 permansura
796 914 879 961 est
907 905 1168 970 cbaritas,
1199 904 1268 959 de
1294 919 1401 973 qua
1424 902 1689 973 scriptum
1712 912 1835 959 est:

262 1003 434 1073 “Aqui:
448 999 626 1054 multa
640 1017 745 1054 non
763 1007 1001 1067 poterunt
1014 999 1335 1069 exstinguere
1349 993 1836 1065 charitatem(Cant.

260 1109 363 1161 vnt,
391 1091 464 1165 7).
486 1091 561 1148 Ει
589 1091 710 1161 ipse
732 1090 936 1146 Paulus
971 1105 987 1145 :
1020 1089 1147 1156 Quis
1182 1105 1279 1143 nos
1319 1089 1580 1161 separabit
1606 1105 1640 1142 a
1662 1089 1839 1143 chari-

257 1198 346 1242 ωε
381 1183 574 1240 Christi
595 1187 622 1239 .’
642 1184 934 1251 tribulatio,
959 1200 1028 1238 an
1051 1182 1314 1256 angustia,
1337 1199 1405 1236 an
1449 1183 1612 1254 {ames
1653 1181 1835 1255 (Rom.

259 1276 504 1349 vut,55)l
528 1288 586 1333 et
606 1278 838 1348 reliqua.

318 1370 487 1441 (νοτε.
524 1368 640 1441 id.)
666 1369 735 1425 Et
775 1369 1151 1439 prtedicabitur
1178 1370 1275 1424 hac
1307 1367 1650 1439 Evangelium
1689 1365 1841 1437 regni

252 1463 302 1518 ia
319 1460 549 1515 uniuerso
580 1461 723 1527 orbe,
742 1460 797 1514 in
827 1460 1177 1515 testimonium
1202 1459 1441 1513 omnibus
1490 1457 1724 1530 gentibus
1746 1471 1767 1524 ;
1793 1464 1841 1511 et

253 1563 364 1607 tunc
382 1552 545 1607 veniet
574 1553 976 1606 consummatio.
1007 1551 1233 1620 Signum
1279 1548 1550 1605 Domittici
1572 1548 1840 1605 adventus

254 1653 346 1710 est,
368 1643 728 1713 Evangelium
758 1644 811 1698 in
839 1651 955 1699 toto
980 1643 1113 1698 orbe
1142 1642 1459 1714 praedicari,
1491 1649 1552 1695 ut
1573 1641 1753 1695 nullus
1768 1640 1840 1695 sit

251 1735 610 1803 excusabilis;
641 1734 787 1804 quod
818 1745 911 1791 aut
941 1735 1054 1805 jam
1079 1736 1440 1807 completum,
1474 1745 1567 1790 aut
1599 1736 1652 1790 in
1685 1733 1836 1790 brevi

1941 531 2072 585 lium
2116 530 2544 603 Scripturarum,
2569 543 2629 588 ut
2658 533 2868 591 fructus
2898 536 3176 606 capiamus
3199 552 3269 592 ex
3300 552 3389 593 eo.
3421 537 3535 596 Nec

1942 621 2138 676 tollere
2152 623 2378 678 alteram
2403 624 2661 690 tunicam,
2680 641 2842 693 quam
2860 626 3097 692 apostoli
3118 628 3323 684 habere
3355 629 3540 697 prohi-

1941 711 2159 768 bentur.
2183 715 2255 769 De
2286 714 2392 769 hoc
2423 716 2630 782 loco,id
2660 726 2766 778 est.
2785 717 2853 772 de
2879 718 3289 776 abominatione
3319 720 3536 777 desola-

1940 804 2124 871 tionis,
2143 821 2262 876 quae
2300 807 2446 862 dicta
2483 818 2570 863 est
2610 825 2639 862 a
2679 810 2900 866 Daniele
2933 812 3227 880 propheta,
3261 821 3445 869 stante
3475 814 3533 868 in

1944 898 2063 953 loco
2088 910 2298 966 sancto,
2336 902 2503 955 multa
2532 901 2867 975 Porphyrius
2898 906 3061 959 tertio
3102 904 3316 961 decimo
3355 908 3545 976 operis

1943 992 2026 1046 sui
2060 991 2337 1049 volumine
2380 1004 2571 1050 contra
2618 1012 2718 1052 nos
2771 996 3188 1066 blasphemavit,
3225 999 3312 1054 cui
3373 999 3549 1057 Euse-

1941 1084 2064 1141 bius
2093 1085 2451 1143 Caesariensis
2480 1088 2770 1159 episc0pus
2815 1090 2993 1145 tribus
3046 1090 3332 1161 respondit
3387 1093 3545 1149 volu-

1944 1178 2202 1245 minibus,
2229 1179 2445 1234 decimo
2474 1190 2688 1247 octavo,
2719 1181 2933 1237 decimo
2960 1198 3129 1250 nono,
3161 1192 3217 1240 et
3253 1184 3539 1241 vicesimo.

1944 1271 2399 1343 Apollinaris[Al.
2423 1272 2818 1346 Apollinarius]
2842 1289 3060 1345 quoque
3089 1274 3309 1346 scripsit
3342 1276 3544 1346 plenis-

1942 1363 2080 1420 sime
2108 1381 2123 1420 :
2155 1366 2543 1437 superﬁueque
2593 1375 2827 1421 conatus
2875 1376 2961 1421 est
2989 1382 3099 1423 uno
3127 1368 3369 1437 capitulo
3394 1369 3542 1425 velle

1944 1456 2240 1521 disserere,
2260 1458 2328 1512 de
2348 1473 2455 1529 quo
2478 1458 2639 1514 tantis
2660 1473 2913 1513 versuum
2943 1458 3187 1515 millibus
3202 1460 3541 1531 disputatum

1944 1558 2051 1608 est.

2016 1642 2198 1714 (Vcrs.
2249 1640 2363 1716 19.)
2422 1642 2510 1698 ναξ
2553 1652 2727 1698 autem
2768 1646 3158 1716 prwgnantibus
3210 1654 3257 1700 et
3312 1648 3550 1702 nutrien-

1945 1735 2079 1790 tibus
2117 1736 2173 1789 in
2224 1735 2329 1791 illis
2374 1736 2576 1791 diebus.
2627 1736 2723 1793 Vte
2773 1737 2882 1793 illis
2926 1739 3236 1806 animabus,
3271 1755 3390 1810 quae
3436 1756 3547 1798 non

250 1831 506 1886 cernimus
559 1844 688 1884 esse
735 1828 1145 1899 complendum.
1187 1828 1306 1883 Non
1367 1827 1511 1882 enim
1570 1820 1994 1895 putoali-Bin
2069 1825 2365 1897 perlectum
2432 1826 2608 1883 virum
2664 1843 2765 1884 sua
2823 1828 3097 1899 genimina
3150 1831 3546 1902 perduxerunt,

250 1936 393 1992 quam
440 1920 780 1977 remansisse
805 1928 1050 1991 gentem,
1073 1935 1192 1990 qua:
1213 1917 1416 1974 Christi
1458 1934 1657 1974 nomen
1685 1919 1839 1990 igno-

252 2023 345 2071 ret.
376 2014 445 2070 Et
468 2028 807 2085 quamquam
860 2029 969 2069 non
1005 2015 1259 2070 habuerit
1312 2014 1726 2084 praedicatoren,
1753 2023 1838 2069 ta-

252 2121 359 2162 men
379 2122 451 2163 ει
472 2106 681 2164 vicinis
706 2107 1015 2163 nationibus
1026 2107 1346 2178 Opinionem
1367 2106 1494 2164 iidei
1522 2122 1630 2163 non
1660 2113 1841 2179 potest

252 2198 505 2268 ignorare.

309 2290 486 2365 (Vers.
524 2291 646 2363 15.)
668 2289 801 2347 Cum
827 2308 953 2366 ergo
980 2293 1215 2348 videritis
1266 2293 1709 2347 abominationem
1738 2294 1833 2347 de-

248 2383 530 2451 solationis,
546 2399 667 2452 qua:
693 2384 836 2440 dicta
860 2395 939 2439 est
956 2403 987 2439 a
1013 2384 1229 2440 Daniele
1252 2384 1522 2458 propheta,
1541 2394 1762 2439 stantem
1784 2385 1838 2439 in

252 2478 351 2530 loco
379 2478 690 2547 sancto,qui
718 2478 865 2549 legit,
887 2477 1414 2550 intelligat.Quando
1431 2476 1497 2532 ad
1528 2477 1837 2547 intelligen-

252 2570 363 2624 tiam
391 2586 783 2640 provocamur,
827 2572 1120 2644 mysticunt
1152 2581 1491 2627 monstratur
1537 2586 1661 2627 esse
1684 2570 1838 2640 quod

148 2736 153 2741 ί
250 2660 436 2718 dictum
465 2672 578 2719 est.
602 2661 863 2735 Legimus
883 2677 1064 2719 autem
1083 2665 1137 2719 in
1165 2664 1390 2720 Daniele
1418 2663 1522 2719 hoc
1544 2664 1743 2721 modo:
1775 2662 1841 2717 Et

249 2756 297 2809 in
334 2756 553 2810 dimidio
589 2755 930 2812 hebdomadis
979 2758 1245 2828 auferetur
1273 2758 1589 2825 sacriﬁcium
1614 2767 1666 2815 et
1709 2761 1841 2815 liba-

251 2846 397 2913 mina,
424 2856 472 2902 et
498 2847 563 2902 in
589 2848 782 2921 templo
808 2848 1125 2904 obominatio
1151 2848 1532 2905 desolationum
1563 2853 1662 2906 erit
1685 2870 1842 2925 usque

249 2939 311 2992 ad
333 2941 838 2995 consummationem
863 2943 1126 3013 temporis,
1169 2952 1220 2997 et
1259 2946 1638 2999 consummatio
1686 2945 1840 3001 dabi-

253 3040 325 3086 tur
341 3050 490 3103 super
517 3032 889 3089 solitudinem.
944 3033 1019 3089 De
1049 3035 1153 3090 hoc
1194 3045 1250 3091 et
1287 3037 1570 3106 apostolus
1600 3037 1843 3106 loquitur

254 3121 313 3192 (Il
333 3121 516 3181 Thess.
548 3126 615 3196 ιι)
642 3123 820 3197 :quod
869 3124 1033 3181 homo
1062 3125 1367 3195 iniquitatis
1407 3138 1463 3183 et
1486 3129 1840 3186 adversarius

1944 1920 2040 1975 sed
2090 1920 2243 1975 initia
2302 1919 2505 1975 habent
2555 1920 2713 1987 ﬁdei,
2768 1931 2827 1976 ut
2883 1922 3214 1979 enutritione
3273 1923 3555 1994 indigeant

1948 2014 2354 2085 magistrorum.
2419 2014 2535 2070 lloc
2590 2031 2803 2087 quoque
2854 2016 2960 2072 dici
3013 2025 3227 2086 potest,
3282 2020 3425 2088 quod
3491 2021 3550 2075 in

1945 2105 2333 2175 persecutione
2389 2106 2752 2173 Antichristi,
2806 2124 2902 2164 seu
2955 2108 3216 2165 Romana:
3264 2111 3551 2181 captivita-

1946 2197 2048 2261 tis,
2097 2207 2438 2269 praegnantes
2487 2208 2542 2255 et
2597 2201 2935 2269 nutrientes,
2999 2202 3135 2256 ttteri
3198 2212 3254 2258 et
3309 2203 3544 2260 ﬁliorum

1944 2290 2156 2345 sarcina
2206 2294 2564 2362 prtegravati,
2614 2294 2922 2364 expeditam
2968 2295 3146 2365 fugam
3194 2296 3397 2353 habere
3435 2313 3548 2356 non

1942 2381 2236 2452 quiverint.

2014 2473 2199 2547 (Vers.
2229 2475 2350 2544 ‘20.)
2406 2475 2568 2531 Orate
2600 2490 2794 2545 autem,
2828 2489 2883 2532 ut
2932 2496 3034 2533 non
3066 2482 3157 2549 ﬁat
3212 2483 3339 2554 fuga
3372 2490 3546 2536 uestra

1942 2566 2140 2632 hieme,
2184 2569 2264 2623 vel
2318 2569 2550 2624 sabbato.
2585 2569 2640 2626 Si
2666 2572 2736 2626 de
2777 2573 3094 2640 captivitate
3119 2573 3424 2629 JeruSaIem
3458 2590 3552 2630 vo-

1946 2660 2210 2715 luerimus
2238 2661 2512 2730 accipere,
2541 2662 2765 2732 quando
2793 2680 2821 2716 a
2851 2664 2973 2718 Tito
3015 2676 3068 2719 et
3101 2665 3431 2735 Vespasiano
3449 2684 3547 2723 ca-

1946 2763 2034 2822 pta
2059 2762 2166 2819 est,
2219 2769 2378 2809 orare
2405 2754 2630 2822 debent,
2664 2772 2732 2812 ne
2783 2756 2905 2828 fuga
2950 2775 3140 2814 eorum
3198 2758 3412 2828 hieme,
3461 2762 3548 2818 vel

1944 2847 2171 2903 sabbato
2197 2846 2326 2914 ﬁat;
2358 2847 2483 2918 quia
2516 2848 2569 2904 in
2603 2850 2781 2905 altero
2819 2850 3019 2906 duritia
3046 2851 3262 2922 frigoris
3287 2853 3551 2922 prohibet

1944 2940 2010 2994 ad
2042 2941 2367 2996 solitudines
2411 2956 2660 3013 pergere,
2709 2943 2870 3015 196
2898 2952 2954 2997 et
2982 2945 3033 2996 in
3062 2944 3341 2999 montibus
3367 2944 3548 2999 deser-

1945 3038 2122 3103 tisque
2151 3033 2367 3089 latitare
2396 3051 2410 3088 :
2443 3036 2495 3089 in
2529 3037 2839 3103 altero,aut
2869 3037 3233 3108 transgressio
3261 3037 3420 3109 Legis
3440 3046 3545 3102 est,

1943 3126 1990 3181 si
2014 3127 2202 3199 lugere
2228 3129 2517 3194 voluerint,
2551 3143 2638 3184 aut
2684 3146 2829 3185 mors
2850 3130 3161 3193 imminens,
3192 3130 3240 3186 si
3268 3147 3551 3187 remanse-

254 3215 538 3272 elevandus
579 3219 651 3273 sit
703 3228 894 3274 contra
945 3235 1107 3275 omne
1133 3221 1278 3292 quod
1333 3220 1537 3278 dicitur
1593 3225 1759 3294 Deus,
1788 3216 1919 3280 etC
1950 3223 2078 3276 rint.
2106 3220 2161 3278 Si
2191 3232 2372 3276 autem
2398 3222 2465 3278 de
2480 3216 2957 3278 consummatione
2983 3224 3166 3277 mundi
3201 3224 3544 3294 intelligitur,

252 3307 470 3374 colitur;
502 3309 583 3364 ita
609 3318 670 3364 ut
690 3310 888 3365 audeat
915 3323 1063 3367 stare
1089 3311 1143 3366 in
1193 3314 1393 3383 templo
1427 3315 1545 3382 Dei,
1572 3324 1628 3369 et
1656 3325 1847 3370 osten-

255 3400 373 3457 dere
394 3401 421 3441 ι’
444 3404 598 3471 quod
628 3405 747 3472 ipse
775 3407 852 3459 sit
876 3405 1038 3472 Deus,
1067 3406 1226 3471 cujus
1253 3407 1520 3463 adventus
1547 3410 1845 3465 secundum

254 3499 620 3564 operationem
656 3500 873 3555 Satanae
902 3500 1146 3556 destruat
1192 3518 1312 3569 eos,
1344 3514 1399 3558 et
1428 3504 1495 3557 ad
1527 3503 1621 3558 Dei
1653 3505 1847 3559 solitu-

255 3585 417 3642 dinem
446 3591 689 3662 redigat,
708 3593 799 3662 qui
826 3607 887 3647 se
917 3595 1281 3664 susceperint.
1300 3595 1487 3649 Potest
1507 3606 1684 3651 autem
1709 3598 1842 3651 sim-

254 3679 448 3746 pliciter
474 3693 578 3738 aut
629 3683 699 3738 de
748 3686 1092 3741 Antichristo
1141 3687 1336 3757 accipi,
1369 3696 1465 3743 aut
1491 3689 1560 3744 de
1611 3690 1846 3761 imagine

253 3772 496 3841 Cesaris,
523 3792 690 3844 quam
717 3775 924 3831 Pilatus
948 3778 1129 3848 posuit
1159 3779 1212 3833 in
1252 3781 1493 3848 templo;
1522 3786 1616 3837 aut
1641 3783 1707 3837 de
1739 3782 1845 3837 lla-

255 3863 410 3920 driani
454 3871 707 3936 equestri
751 3877 959 3938 statua,
1015 3887 1138 3942 qua:
1172 3872 1224 3926 in
1264 3872 1421 3947 195
1478 3876 1598 3944 ipso
1650 3886 1844 3932 sancto

254 3969 555 4014 sanctorum
598 3959 722 4015 loco
778 3977 947 4031 usque
994 3961 1046 4016 itt
1103 3975 1429 4036 praesentem
1465 3964 1612 4021 diem
1666 3967 1840 4024 stetit.

255 4047 596 4105 Abominatio
615 4067 858 4123 quoque,
879 4053 1178 4109 secundum
1203 4067 1449 4111 veterem
1480 4056 1839 4128 Scripturatu,

259 4139 447 4196 idolum
479 4154 866 4215 nuncupatur;
896 4155 952 4200 et
979 4146 1186 4202 idcirco
1201 4147 1440 4215 additur,
1472 4149 1839 4215 desolationis;

252 4235 385 4302 quod
415 4234 470 4291 in
494 4237 760 4292 desolato
780 4239 985 4309 templo
1015 4249 1179 4307 atque
1204 4239 1484 4297 destructo
1507 4241 1712 4297 idolum
1745 4258 1843 4312 po-

254 4325 401 4381 situm
430 4328 525 4383 sit.
1169 4325 1177 4331 ’

316 4417 475 4489 (Vera
526 4418 595 4474 lli
618 4420 918 4491 seq.)Tunc
944 4422 1035 4492 qui
1064 4423 1116 4476 in
1144 4420 1336 4478 Judwa
1365 4434 1508 4491 sunt,
1540 4427 1746 4498 fugiant
1771 4427 1842 4480 ad

254 4519 477 4577 montes;
508 4519 561 4566 et
582 4517 672 4579 qui
701 4518 756 4565 tn
801 4521 960 4579 tecto,
984 4529 1087 4568 non
1112 4514 1393 4569 descendat
1419 4514 1603 4571 tollere
1632 4518 1839 4589 aliquid

1952 3313 2055 3369 hoc
2085 3315 2357 3385 praecipit,
2396 3324 2457 3369 ut
2506 3332 2611 3369 non
2641 3315 2961 3385 refrigescat
3010 3315 3149 3371 ﬁdes
3179 3331 3364 3372 nostra
3387 3326 3441 3370 et
3488 3315 3545 3370 in

1949 3406 2224 3462 Christum
2268 3408 2529 3473 charitas,
2552 3424 2728 3476 neque
2758 3420 2813 3463 ttt
2838 3410 2996 3465 otiosi
3032 3411 3085 3464 in
3111 3425 3277 3480 opere
3307 3411 3404 3466 Dei
3436 3420 3549 3466 tor-

1948 3514 2173 3569 peamus
2201 3501 2458 3554 virtutum
2480 3502 2733 3556 sabbato.

2020 3591 2203 3663 (Vers.
2226 3591 2425 3663 29..)Et
2458 3594 2558 3647 nisi
2583 3592 2797 3647 breviati
2827 3594 3047 3664 fuissent
3076 3595 3185 3649 dics
3205 3595 3429 3659 illi,non
3454 3597 3551 3667 ﬁe-

1948 3694 2022 3736 ret
2047 3683 2189 3736 salva
2232 3686 2397 3737 omnis
2427 3702 2550 3738 caro
2582 3702 2602 3751 ;
2632 3686 2722 3739 scd
2749 3696 2959 3757 propter
3007 3688 3194 3741 electos
3240 3688 3548 3743 breviabun-

1946 3786 2030 3829 tur
2056 3778 2164 3832 dies
2191 3778 2287 3831 illi.
2322 3778 2679 3833 Abbreviutos
2701 3778 2841 3845 dies,
2876 3796 2982 3834 non
3010 3781 3306 3835 secundum
3349 3782 3551 3836 delira-

1947 3871 2496 3939 tncntaquorumdam
2530 3870 2645 3943 (qui
2684 3882 2870 3939 putant
2905 3881 3213 3940 temporum
3266 3882 3543 3927 momenta

1951 3963 2199 4025 mutari;
2252 3977 2353 4016 nec
2393 3965 2754 4016 recordamur
2804 3964 2949 4015 illius
3003 3963 3190 4031 scripti
3246 3979 3262 4017 :
3312 3963 3549 4017 Ordina-

1946 4052 2084 4106 tione
2112 4062 2203 4107 tua
2258 4062 2520 4122 permanet
2558 4054 2668 4108 dies
2728 4052 2844 4126 (Ps.
2879 4069 3045 4110 cxvtn
3077 4096 3091 4120 ,
3123 4054 3240 4129 9i],
3271 4054 3366 4109 sed
3390 4055 3546 4125 juxta

1946 4153 2249 4213 temporum
2279 4149 2592 4216 qualitatem
2633 4149 2839 4202 sentire
2870 4148 3152 4215 debemus,
3209 4149 3258 4202 id
3303 4157 3408 4213 est,
3448 4147 3549 4204 al)-

1945 4238 2350 4292 breviatosnon
2387 4253 2661 4307 nti-usura,
2707 4239 2801 4292 sed
2858 4254 3125 4302 tttttttesc;
3179 4248 3235 4292 ut
3271 4241 3546 4305 quomodo

1945 4333 1996 4385 itt
2021 4331 2404 4385 benedictione
2450 4330 2651 4407 dicitur
2683 4348 2698 4389 :
2732 4332 3086 4405 Longitndine
3117 4334 3321 4387 dictum
3343 4334 3546 4407 replebo

1945 4440 2059 4477 eum
2086 4422 2207 4496 (Ps.
2241 4424 2370 4494 xc);
2396 4424 2477 4481 sic
2504 4432 2560 4480 et
2592 4406 2735 4480 nunc
2757 4425 3059 4481 abbreviati
3089 4427 3211 4483 dies
3235 4406 3546 4498 intelligan-

1947 4528 2071 4573 tur:
2104 4535 2171 4574 ne
2202 4529 2504 4590 temporum
2548 4535 2723 4585 mora,
2752 4520 2892 4576 fides
2942 4521 3288 4577 concutiatur
3315 4524 3546 4578 creden-

253 4601 311 4655 de
346 4603 502 4658 domo
548 4622 646 4659 sua
669 4622 689 4672 ;
715 4615 765 4660 et
791 4606 884 4677 qui
931 4608 986 4662 in
1018 4623 1166 4679 agro,
1195 4625 1297 4662 non
1332 4620 1616 4665 revertatur
1656 4614 1841 4667 tollere
1869 4601 1913 4662 Ι)
1948 4612 2102 4666 titttn.

257 4694 472 4749 tunicam
493 4714 667 4754 suam.
713 4697 1065 4754 Abominatio
1093 4700 1452 4757 desolationis
1481 4703 1709 4775 intelligi
1744 4720 1841 4776 po-

260 4794 377 4849 test,
403 4799 458 4842 et
486 4806 654 4845 omne
681 4789 878 4861 dogma
913 4807 1230 4861 perversum
1264 4810 1280 4860 ;
1308 4794 1453 4863 quod
1485 4812 1609 4851 cum
1639 4798 1841 4855 videri-

257 4890 366 4931 mus
388 4889 537 4935 stare
558 4882 612 4935 in
637 4880 759 4937 loco
777 4891 993 4949 sancto,
1026 4882 1135 4939 hoc
1163 4893 1272 4951 est,
1303 4885 1356 4940 in
1388 4885 1665 4952 Ecclesia,
1699 4899 1754 4943 et
1781 4906 1842 4946 se

255 4972 537 5030 ostendere
569 4974 762 5041 Deum,
792 4974 1055 5030 debemus
1080 4973 1267 5045 lugere
1288 4976 1356 5030 de
1376 4975 1561 5032 Judaea
1585 4978 1653 5032 ad
1685 4996 1841 5034 mou-

258 5075 351 5133 tes,
379 5066 485 5124 hoc
530 5078 635 5137 est,
663 5068 889 5124 dimissa
941 5068 1228 5125 occidente
1282 5069 1462 5126 littera
1513 5083 1569 5127 et
1614 5073 1838 5130 Judaica

255 5161 531 5229 pravitate,
555 5164 997 5235 appropinquare
1050 5163 1328 5218 montibus
1355 5163 1599 5230 aeternis,
1621 5166 1690 5220 de
1721 5166 1836 5236 qui-

254 5251 349 5309 bus
373 5254 648 5312 illuminat
696 5255 1021 5312 mirabiliter
1053 5256 1196 5311 Deus
1237 5254 1359 5329 (Ps.
1408 5267 1694 5328 exuv);et
1718 5274 1840 5315 esse

257 5342 306 5400 in
333 5355 479 5403 tecto
508 5362 559 5405 et
577 5350 631 5405 iu
662 5348 1029 5420 domate,quo
1059 5364 1165 5405 non
1190 5349 1401 5427 possint
1428 5350 1599 5419 ignita
1632 5352 1836 5408 diaboli

255 5436 418 5505 iacula
447 5442 735 5513 pervenire
766 5459 782 5497 :
815 5457 918 5498 nec
943 5443 1282 5498 descendere
1311 5453 1367 5497 et
1399 5444 1591 5501 tollere
1635 5446 1840 5518 aliquid

258 5528 320 5588 tle
343 5532 510 5591 domo
525 5535 958 5594 conversationis
982 5534 1227 5606 pristinae
1259 5550 1275 5591 :
1308 5552 1410 5593 nec
1449 5553 1696 5607 quaerere
1720 5557 1841 5611 quae

324 5682 351 5710 ⁸
374 5675 625 5752 Plerique
654 5693 814 5747 mss.,
873 5693 1009 5751 aqua
1039 5676 1203 5734 multa
1240 5696 1343 5734 non
1397 5679 1585 5750 poterit
1645 5681 1844 5736 exstin-

263 5759 527 5877 9milliens
546 5821 810 5892 Palatin.,
835 5822 974 5894 quod
1023 5823 1134 5894 ipse
1175 5822 1240 5878 sit
1269 5819 1525 5890 Christus,
1553 5838 1651 5896 pro
1680 5823 1842 5880 Dens.

2016 4701 2194 4774 (Vers.
2225 4703 2341 4773 23.)
2376 4702 2418 4756 7'
2422 4719 2520 4756 unc
2570 4703 2615 4756 si
2643 4705 2759 4771 quis
2811 4705 2952 4759 vobis
3009 4705 3201 4759 dixerit
3250 4721 3413 4761 :ecce
3460 4704 3545 4759 hic

1944 4792 2200 4859 Christus,
2249 4805 2336 4848 aut
2368 4794 2703 4861 illic;nolite
2749 4795 2981 4851 credere.
3012 4797 3162 4851 Multi
3209 4798 3543 4866 captivitatis

1942 4888 2179 4943 Judaicu:
2232 4899 2477 4958 tempore
2507 4890 2782 4958 principes
2836 4891 3122 4954 exsdtere,
3157 4890 3245 4959 qui
3287 4890 3544 4944 Christus

1944 4997 2066 5036 esse
2107 4996 2166 5036 se
2191 4982 2435 5036 dicerent
2466 5001 2479 5037 :
2510 4982 2773 5035 intantum
2828 4994 2879 5034 ιιι
2917 4982 3304 5036 obsidentibus
3342 4982 3544 5035 Roma-

1949 5076 2053 5142 nis,
2086 5085 2193 5128 trcs
2216 5075 2363 5128 intus
2392 5074 2594 5129 fuerint
2623 5075 2913 5129 factiones.
2938 5074 3049 5129 Sed
3085 5076 3280 5129 melius
3311 5074 3379 5129 de
3411 5090 3542 5128 con-

1950 5157 2309 5222 summatione
2333 5168 2521 5221 mundi
2557 5169 2897 5238 intelligitur.

2022 5258 2206 5333 (Vers.
2228 5257 2347 5330 2i.)
2372 5259 2603 5330 Sui-gent
2644 5261 2781 5314 enim
2799 5260 3205 5332 pseudochristi,
3230 5269 3278 5314 et
3318 5262 3544 5328 pseudo-

1954 5351 2236 5424 prophette,
2264 5362 2311 5404 et
2341 5352 2535 5404 dabunt
2559 5352 2709 5421 signa
2739 5368 2927 5421 magna
2950 5361 2997 5405 et
3021 5350 3295 5420 prodigia;
3317 5350 3390 5403 ita
3417 5351 3546 5405 utin

1953 5460 2175 5499 errorem
2204 5442 2541 5507 inducantur,
2588 5444 2630 5497 si
2660 5443 2776 5511 ﬁeri
2813 5452 3000 5514 potest,
3025 5442 3181 5495 etiam
3217 5442 3389 5495 electi.
3411 5441 3549 5495 Ecce

1954 5538 2173 5609 prwdixi
2216 5538 2376 5591 vobis.
2434 5536 2762 5608 Tripliciter,
2796 5547 2856 5591 ut
2899 5545 3025 5590 ante
3069 5536 3181 5605 jam
3215 5536 3349 5602 dixi,
3393 5536 3549 5592 locus

1960 5682 2024 5736 Et
2055 5680 2215 5750 paulo
2238 5687 2380 5750 post,
2411 5678 2480 5731 ad
2494 5678 2826 5735 solitudinem
2866 5676 3087 5749 redigat,
3119 5676 3325 5747 absque
3347 5677 3445 5748 Dei
3462 5678 3550 5747 itt-

1958 5754 2185 5824 terjecto
2213 5750 2499 5807 vocabulo.
3246 5758 3251 5763 '
