3978 6338
429 260 534 320 179

1684 264 1744 321 S.
1786 262 2062 323 EUSEBII
2101 261 2480 321 HIEBONYMI

3627 267 3732 326 I80

432 387 524 442 hic
543 386 898 446 disserendus
919 396 1042 455 est;
1084 397 1177 443 aut
1198 388 1267 444 de
1299 395 1546 459 tempore
1591 385 1897 443 obsidionis
1922 384 2033 440 Ro-
2058 385 2111 447 Α
2136 384 2341 441 dabunt
2363 384 2544 439 lumen
2560 397 2751 449 suum;
2781 391 2838 439 et
2856 389 3055 439 cmtera
3081 390 3231 440 astra
3257 384 3455 441 cadent
3483 384 3554 442 de
3574 384 3732 453 cmlo,

432 492 648 543 ‘manm;
682 491 775 536 aut
817 481 885 537 de
910 482 1375 537 consummatione
1414 477 1603 535 mundi
1633 492 1648 544 ;
1676 488 1769 533 aut
1797 478 1867 533 de
1920 477 2034 532 lue-

429 576 732 629 reticorum
784 581 971 630 contra
1016 572 1319 629 Ecclesiam
1368 586 1569 644 pugna,
1612 576 1667 625 et
1725 568 2029 626 istiusmodi

434 670 798 738 auticliristis,
823 669 913 740 qui
943 669 1044 723 sub
1078 667 1335 737 opinione
1387 665 1537 720 tals:c
1566 660 1811 721 scientiae
1839 675 2031 721 cculra

438 760 715 818 C'.ristum
742 763 1023 819 dimicant.

511 854 691 927 (Vers.
719 856 813 919 25,
846 855 962 929 26.)
994 855 1055 913 Si
1112 873 1235 930 ergo
1260 856 1487 913 dixerint
1516 856 1684 925 vobis,
1712 872 1823 912 ecce
1860 856 1915 911 in
1945 854 2035 909 de-

437 962 573 1008 serto
600 960 697 1019 est,
720 949 881 1006 nolite
911 953 1086 1017 exire;
1131 968 1244 1005 ecce
1268 949 1320 1005 in
1349 950 1717 1025 penetralibus,
1741 950 1901 1004 nolite
1932 966 2038 1002 cre-

440 1046 583 1099 dere.
614 1044 672 1101 Si
699 1046 820 1116 quis
851 1045 1168 1115 promiserit
1196 1044 1354 1100 vobis
1377 1045 1522 1117 quod
1564 1046 1615 1099 in
1641 1045 1860 1099 deserto
1903 1058 2036 1113 gen-

443 1138 617 1193 tilium
640 1146 697 1193 et
728 1132 1176 1209 philosophorum
1200 1137 1453 1208 dogmate
1469 1134 1717 1193 Christus
1746 1144 1994 1190 moretur
2017 1151 2033 1201 ;

438 1242 535 1287 aut
562 1231 617 1286 in
644 1230 1030 1288 brereticorum
1059 1228 1459 1302 penetralibus,
1488 1229 1579 1300 qui
1620 1225 1717 1282 Dei
1772 1224 2037 1295 pollicen-

441 1335 528 1377 tur
557 1334 774 1390 arcana,
823 1322 994 1378 nolite
1026 1324 1204 1388 exire,
1237 1321 1407 1376 nolite
1454 1319 1710 1385 credere;
1743 1314 1864 1373 sive
1887 1317 2036 1390 (quia

440 1430 667 1485 persecu
680 1414 843 1469 tionis
868 1422 923 1469 et
963 1416 1337 1485 angustiarum
1364 1426 1609 1483 tempore
1636 1426 1852 1481 semper
1878 1427 2033 1482 ρδθυο

434 1509 795 1579 dopmphetrc
840 1507 1151 1577 decipiendi
1202 1507 1487 1563 inveniunt
1537 1507 1765 1575 locum)
1819 1507 1864 1559 si
1917 1505 2038 1577 quis

438 1602 542 1657 sub
568 1603 789 1657 nomine
829 1600 1032 1657 Christi
1072 1617 1134 1657 se
1171 1602 1383 1673 jactare
1427 1599 1685 1673 voluerit,
1710 1614 1821 1656 non
1854 1602 2040 1657 statim

440 1695 872 1752 accommodctis
904 1695 1090 1751 fidem.

2133 476 2470 546 virtutesque
2500 476 2763 532 calorum
2804 476 3316 539 commovebuntur.
3345 490 3453 532 non
3499 474 3737 532 diminu-

2136 571 2284 629 tione
2336 570 2557 626 luminis
2612 570 2873 642 (alioquin
2924 566 3162 641 legimus
3192 571 3365 627 solem
3424 569 3734 645 septuplum

2134 662 2445 720 habiturum
2476 663 2702 718 luminis
2728 659 2897 736 [Ibid.
2926 659 3107 736 χειή),
3131 660 3228 719 sed
3248 658 3393 734 quod
3415 662 3483 720 ad
3516 674 3737 732 compa-

2134 757 2403 812 rationem
2428 770 2575 811 verse
2602 755 2739 809 lucis
2779 755 2960 810 omnia
2990 754 3133 810 visui
3178 756 3465 811 tenebrosa
3512 756 3645 810 sint.
3676 750 3736 811 Si

2135 848 2319 921 itaque
2346 846 2448 904 iste
2465 847 2570 916 sol,
2604 847 2693 919 qui
2725 862 2872 903 nunc
2903 860 2998 917 per
3018 856 3193 901 totum
3227 846 3418 903 orbem
3452 846 3659 913 rutilat,
3684 854 3739 903 et

2134 943 2265 999 luna
2298 956 2418 1012 qua:
2446 941 2751 997 secundum
2783 949 2865 996 est
2898 940 3187 1007 luminare,
3216 947 3275 996 et
3323 938 3497 995 stellae
3529 953 3651 1007 quae
3671 938 3738 993 ad

2138 1036 2391 1092 solatium
2443 1038 2625 1090 noctis
2661 1047 2908 1089 accensa:
2960 1042 3111 1101 sunt,
3161 1048 3464 1103 omnesque
3509 1033 3739 1089 virtutes

2140 1128 2306 1203 (quas
2329 1126 2647 1198 angelorum
2679 1126 3053 1182 multitudines
3080 1124 3241 1200 198
3264 1122 3648 1198 intelligimus)
3684 1125 3740 1180 in

2136 1215 2374 1275 adventu
2399 1218 2602 1275 Christi
2635 1219 2689 1274 in
2713 1220 2966 1275 tenebras
3014 1219 3454 1289 reputabuntur:
3491 1217 3741 1273 decutia-

2138 1326 2230 1373 tur
2259 1317 2610 1387 supercilium
2644 1331 2855 1385 eorum,
2884 1315 2979 1387 qui
3027 1330 3087 1370 se
3142 1325 3362 1369 sanetos
3413 1311 3745 1368 arbitrantes

2142 1413 2491 1480 prmseutiam
2510 1408 2733 1479 judieiis
2766 1426 2873 1466 non
2897 1404 3215 1465 formidant.

2217 1503 2400 1575 (Vers.
2433 1503 2549 1573 50.)
2585 1502 2651 1557 Et
2684 1516 2803 1557 tunc
2860 1504 3057 1575 ρ-ινεὸἱῑ
3082 1504 3291 1572 signum
3333 1496 3467 1557 Filii
3520 1501 3747 1556 hominis

2140 1596 2197 1651 in
2219 1596 2366 1651 caelo.
2400 1596 2625 1667 Signum
2660 1597 2769 1660 hic,
2804 1604 2895 1649 aut
2926 1596 3103 1650 crucis
3144 1593 3538 1667 intelligamus,
3568 1602 3630 1649 ut
3660 1594 3746 1647 vi-

2143 1688 2311 1744 deant
2365 1689 2538 1760 (juxta
2607 1686 2926 1743 Zachariam
2980 1684 3169 1758 (Zach.
3215 1686 3316 1756 xu)
3366 1695 3421 1741 et
3474 1682 3747 1742 Joannem

507 1787 688 1858 (Vers.
721 1785 839 1858 27.)
880 1786 1027 1841 Sicut
1076 1787 1212 1840 enim
1248 1787 1426 1858 fulgur
1456 1786 1566 1842 exit
1610 1785 1674 1839 ab
1737 1784 1963 1848 Oriente,
1994 1791 2042 1838 et
2071 1775 2121 1836 B
2146 1779 2328 1854 [Joan.
2360 1778 2497 1854 x1x])
2540 1776 2710 1835 Judaei
2743 1795 2900 1852 quem
2934 1786 3411 1849 compunxerunt;
3448 1786 3550 1834 aut'
3582 1776 3751 1835 vexil-

434 1888 584 1954 paret
612 1896 772 1952 usque
806 1881 860 1932 in
894 1878 1260 1945 Occidentem;
1320 1880 1394 1933 ita
1431 1881 1529 1934 erit
1558 1887 1604 1933 et
1639 1876 1887 1932 adventus
1913 1874 2039 1931 Filii

434 1972 683 2028 hominis.
717 1969 900 2026 Nolite
952 1970 1129 2036 exire,
1177 1970 1348 2025 nolite
1389 1968 1637 2037 credere,
1670 1968 1813 2039 quod
1869 1967 2041 2022 Filius

430 2065 677 2121 hominis
706 2064 790 2119 vel
822 2061 979 2135 197
1003 2062 1057 2117 in
1088 2063 1313 2119 deserto
1349 2063 1596 2132 gentium
1624 2062 1715 2127 sit,
1747 2060 1835 2115 vel
1866 2060 1919 2115 in
1950 2074 2043 2129 pe-

433 2156 739 2214 netralibus
767 2154 1152 2210 luereticorum
1180 2172 1197 2221 ;
1232 2155 1331 2211 sed
1359 2153 1505 2226 quod
1533 2154 1600 2209 ab
1627 2152 1849 2209 Oriente
1870 2168 2042 2222 usque

431 2250 495 2307 in
522 2249 896 2313 Occidentem,
930 2248 1065 2304 iides
1095 2248 1215 2317 ejus
1262 2248 1317 2303 in
1349 2248 1637 2305 catholicis
1660 2247 1918 2304 Ecclesiis
1945 2244 2042 2302 iul-

438 2353 584 2416 geat.
616 2343 728 2397 [loc
770 2358 986 2414 quoque
1032 2343 1346 2407 dicendum,
1371 2342 1517 2414 quod
1564 2343 1834 2399 secundus
1856 2343 2045 2399 Salva-

436 2440 580 2494 toris
607 2437 880 2492 adventus
925 2452 1037 2491 non
1070 2437 1121 2491 in
1182 2437 1485 2492 humilitate
1537 2443 1598 2491 ut
1643 2438 1817 2508 prius,
1846 2437 1942 2492 sed
1988 2434 2041 2491 in

439 2532 613 2604 gloria
637 2530 1097 2588 demonstrandus
1127 2532 1218 2586 sit.
1246 2530 1485 2588 Stultum
1521 2541 1603 2585 cst
1626 2531 1809 2604 itaque
1832 2546 1955 2586 eum
1988 2531 2042 2587 in

440 2638 612 2695 parvo
638 2625 763 2679 loco
786 2624 870 2679 vel
900 2622 1228 2679 abscondito
1258 2638 1529 2695 quaerere,
1550 2623 1643 2693 qui
1672 2624 1836 2677 totius
1859 2623 2043 2677 mundi

436 2715 624 2774 lumen
652 2719 747 2773 sit.

517 2813 699 2885 (Vers.
723 2812 845 2885 28.)
879 2812 1201 2884 Ubicumque
1248 2812 1408 2884 fuerit
1433 2826 1647 2881 corpus,
1677 2808 1807 2863 illuc
1838 2825 2049 2884 congre-

443 2905 706 2981 gabantur
735 2915 779 2960 et
813 2906 1025 2976 aquilis.
1052 2905 1131 2961 De
1159 2904 1414 2974 exemplo
1443 2902 1675 2958 naturali
1700 2902 1845 2973 quod
1867 2903 2049 2973 qttuti~

443 2998 535 3055 die
552 2999 851 3067 cernimus,
874 2996 1078 3053 Christi
1099 2997 1421 3051 instruimur
1445 3004 1815 3052 sacramento.
1841 2996 2048 3066 Aquilae

444 3100 502 3148 et
530 3091 778 3147 vultures
811 3090 975 3147 etiam
1007 3100 1155 3146 trans
1180 3090 1349 3144 maria
1372 3088 1629 3145 dicuntur
1655 3089 1863 3145 sentire
1889 3089 2051 3145 cada-

440 3196 595 3250 vera,
627 3193 683 3241 et
713 3184 779 3239 ad
814 3200 997 3241 escam
1031 3184 1420 3255 hujuscemodi.
1459 3184 1807 3256 congregari.
1834 3183 1893 3241 Si
1919 3199 2049 3255 ergo
2076 3162 2122 3227 Ο

441 3279 848 3336 irrationabiles
863 3278 1114 3333 volucres
1142 3278 1376 3334 naturali
1393 3293 1561 3334 sensu
1584 3279 1745 3333 tantis
1775 3286 2046 3335 terrarum

442 3372 657 3443 Spatiis,
688 3381 743 3426 et
769 3372 939 3426 maris
967 3371 1226 3428 tluctibus
1242 3381 1533 3442 separatte,
1553 3386 1783 3442 parvum
1816 3375 2050 3429 cadaver

444 3465 692 3521 sentiunt
722 3463 810 3517 ubi
832 3463 1015 3532 jaceat
1044 3473 1281 3535 :quanto
1303 3463 1473 3533 magis
1492 3478 1592 3519 nos
1623 3472 1679 3518 et
1705 3462 1885 3518 omnis
1912 3465 2052 3518 mul-

447 3557 630 3614 titudo
662 3556 1003 3612 credentium
1027 3556 1191 3612 debet
1222 3554 1483 3611 festinare
1510 3554 1578 3610 ad
1601 3555 1923 3626 eum,cujus
1947 3556 2052 3612 ful-

446 3668 551 3725 gur
579 3652 690 3707 exit
718 3651 788 3705 ab
818 3650 1062 3717 Oriente,
1096 3660 1150 3707 et
1178 3661 1332 3722 paret
1361 3665 1534 3722 usque
1559 3652 1627 3705 ad
1656 3648 2007 3707 Occidentem
2033 3653 2047 3708 l

445 3744 746 3802 Possumus
772 3752 956 3800 autem
985 3759 1211 3815 corpus,
1254 3743 1307 3798 id
1337 3752 1444 3810 est,
1474 3752 1686 3817 πτῶμα,
1713 3744 1859 3815 quod
1885 3744 2054 3815 signi-

448 3839 702 3897 ﬁcantius
733 3841 928 3896 Latine
968 3838 1171 3894 dicitur
1228 3839 1468 3902 cadaver,
1513 3839 1583 3894 ab
1610 3854 1678 3894 eo
1723 3837 1869 3909 quod
1900 3846 1927 3876 α
1953 3853 2055 3910 per

448 3942 683 3993 mortem
730 3932 926 4003 cadat,
980 3934 1292 4003 passionem
1342 3932 1547 3988 Christi
1598 3933 1927 4004 intelligere,
1984 3933 2053 3989 ad

450 4042 615 4098 quam
646 4041 1046 4097 provocamur;
1082 4033 1142 4080 ut
1191 4024 1521 4096 ubicumque
1550 4024 1605 4079 in
1655 4023 1956 4095 Scripturis
1978 4026 2056 4084 le-

451 4122 620 4193 gitur,
647 4135 1066 4190 congregemur,
1098 4128 1148 4173 et
1174 4133 1272 4189 per
1295 4119 1438 4173 illam
1467 4118 1657 4174 venire
1685 4119 1958 4189 possimus
1988 4121 2053 4176 ad

452 4213 695 4269 Verbum
740 4212 855 4280 Dei,
891 4221 949 4265 ut
1002 4222 1082 4266 eSt
1111 4210 1242 4267 illud
1277 4228 1289 4265 ε
1318 4208 1591 4267 Foderunt
1622 4228 1807 4267 manus
1848 4230 1986 4269 meas
2007 4223 2057 4270 et

455 4306 610 4377 pedes
637 4321 773 4358 meos
800 4303 916 4375 (Ps.
961 4320 1075 4370 xxi,
1116 4306 1227 4376 l7).
1262 4305 1329 4360 Et
1359 4306 1413 4361 in
1457 4305 1597 4361 Isaia
1632 4322 1647 4361 :
1685 4305 1835 4362 Sicut
1859 4308 2056 4362 ovisad

458 4399 721 4455 victimam
748 4397 933 4449 ductus
960 4394 1099 4467 (Isa.
1129 4412 1246 4464 Lm,
1277 4397 1333 4469 7)
1361 4412 1376 4464 ;
1409 4405 1465 4453 et
1493 4406 1689 4453 caetera
1724 4397 1809 4453 his
1833 4398 2051 4455 similia.

456 4494 673 4564 Aquila:
704 4498 883 4545 autem
925 4491 1273 4561 appellantur
1321 4491 1531 4562 sancti,
1562 4492 1759 4563 quibus
1802 4493 2053 4548 innovata

456 4597 542 4644 εει
566 4587 820 4656 juventus
862 4582 1177 4651 utaquilae;
1213 4592 1267 4638 et
1310 4585 1401 4655 qui
1427 4585 1577 4653 juxta
1606 4583 1797 4639 Isaiam
1844 4585 2055 4655 plume-

454 4689 643 4745 scuut,
671 4686 726 4732 et
750 4686 1037 4730 assumunt
1066 4676 1201 4741 alas,
1234 4686 1294 4732 ut
1340 4676 1407 4732 ad
1435 4676 1638 4733 Christi
1657 4679 1896 4734 veniant
1926 4693 2054 4749 pas-

456 4773 667 4829 sionem
701 4767 755 4840 (Ι
760 4771 854 4822 sai.
884 4766 1056 4840 xcvi).

531 4866 715 4939 (Vers.
747 4861 864 4934 29.)
890 4862 1083 4919 Statim
1134 4872 1307 4919 autem
1356 4872 1469 4937 post
1503 4864 1915 4920 tribulationem
1945 4864 2052 4921 die-

460 4976 578 5018 rum
608 4956 821 5013 illornm
849 4956 927 5010 sol
956 4956 1357 5027 pobscnrabitur,
1388 4966 1435 5011 et
1462 4956 1594 5012 luna
1632 4972 1736 5011 non
1787 4957 1929 5010 dabit
1972 4957 2053 5012 lu-

460 5075 577 5113 men
604 5070 775 5117 suum,
801 5062 845 5106 et
895 5051 1058 5107 stella:
1087 5052 1269 5105 cadent
1298 5054 1364 5105 de
1390 5052 1537 5120 caelo,
1567 5061 1613 5105 et
1644 5052 1858 5105 virtutes
1897 5050 2055 5105 coale-

456 5168 575 5208 runt
586 5146 1058 5205 commovebuntur.
1072 5145 1166 5202 Sol
1180 5154 1232 5201 et
1248 5145 1370 5199 luna
1394 5144 1856 5211 obscurabuntur,
1871 5152 1926 5200 et
1943 5159 2048 5199 non

532 5318 558 5347 ιι
597 5308 825 5364 Sanctus
868 5315 1085 5373 quoque
1113 5299 1348 5373 llilarius
1378 5299 1434 5355 in
1465 5299 1611 5354 hunc
1643 5299 1826 5373 locum
1854 5314 1868 5350 :
1895 5297 2036 5354 San-

464 5400 489 5434 c
518 5400 593 5449 us,
627 5379 823 5449 inquit,
860 5370 921 5429 de
952 5370 1125 5428 volatu
1148 5372 1398 5449 spiritalis
1428 5372 1657 5449 corporis
1678 5370 1880 5439 aquilas
1907 5386 2041 5423 nun-

458 5474 481 5507 ι’
536 5442 942 5521 Δ1άυίε,’ᾳιιὸιίιηι
999 5442 1686 5521 congregantibusangelis.
1736 5451 2039 5521 conuentum

460 5512 693 5593 peiurum
728 5512 780 5575 in
810 5521 921 5574 loco
957 5512 1210 5593 passionis
1256 5516 1499 5571 ostendit.
1532 5512 1667 5569 illud
1694 5528 1823 5568 vero
1851 5519 2040 5584 πτῶμα

457 5590 745 5663 {tngenem
775 5603 933 5661 sapit.
966 5590 1121 5654 Vide,
1150 5599 1257 5643 etc.

533 5654 561 5705 ιλ
591 5668 786 5723 Vitiose
813 5654 1158 5719 hiartianreus
1184 5660 1393 5714 caticnli
1438 5657 1568 5726 legit
1594 5673 1608 5723 ;
1642 5665 1696 5712 et
1722 5654 2032 5726 Erasmum,

457 5757 473 5786 ι
494 5742 543 5793 ui
572 5737 787 5805 placuit,
844 5746 1108 5805 teneres...
1152 5730 1409 5798 clariculi,
1440 5725 1690 5805 castigat.
1720 5725 1919 5805 Yeram
1958 5726 2036 5782 le-

454 5796 863 5877 nonem-post
907 5804 1226 5871 Victorium,
1277 5796 1408 5859 mss.
1455 5796 1628 5858 nostri
1675 5796 2028 5866 substituunt,

2146 1875 2254 1929 lum
2277 1876 2519 1930 victoriae
2550 1874 2957 1945 triumphantis.

2216 1966 2285 2020 Et
2313 1978 2433 2021 tunc
2471 1968 2719 2039 plangent
2771 1983 2946 2021 omnes
2989 1965 3154 2021 tribus
3201 1973 3371 2033 terrm,
3422 1973 3469 2020 et
3498 1964 3751 2021 videbunt

2145 2058 2348 2115 Filium
2424 2063 2646 2116 hominis
2711 2061 2996 2116 venientem
3060 2061 3115 2114 in
3174 2060 3391 2116 nubibus
3458 2060 3574 2115 coeli
3633 2078 3756 2115 cum

2144 2155 2332 2208 virtute
2371 2153 2533 2208 multa
2578 2160 2626 2207 et
2669 2153 2960 2222 majestate.
2984 2150 3261 2224 Plangent
3305 2153 3361 2207 bi
3415 2153 3509 2223 qui
3565 2153 3754 2207 muni-

2145 2247 2383 2319 cipatum
2416 2263 2525 2304 non
2557 2247 2799 2304 habuere
2827 2249 2882 2303 in
2930 2246 3090 2305 caelis
3116 2289 3132 2316 ,
3175 2247 3274 2303 sed
3321 2245 3511 2317 scripti
3540 2256 3671 2303 sunt
3696 2246 3753 2302 in

2151 2351 2322 2398 terra.

2220 2433 2407 2507 (Vers.
2431 2429 2549 2505 51.)
2578 2430 2644 2487 Et
2674 2433 2842 2487 mittet
2873 2432 3087 2506 angelos
3112 2438 3231 2487 suos
3267 2449 3383 2486 cum
3409 2432 3530 2487 tuba
3567 2438 3615 2487 et
3638 2448 3758 2488 voce

2146 2546 2336 2603 magna
2358 2545 2379 2596 ,°
2409 2539 2455 2583 et
2483 2530 2865 2601 congregabunt
2916 2528 3105 2581 electos
3136 2528 3248 2600 ejus
3272 2537 3541 2598 aquatuor
3568 2527 3756 2591 ventis,

2148 2641 2181 2678 a
2201 2622 2417 2678 summis
2444 2618 2690 2676 caelorum
2719 2637 2880 2690 usque
2920 2620 2991 2672 ad
3022 2620 3267 2674 terminos
3298 2637 3497 2674 eorum.
3526 2616 3604 2675 De
3655 2617 3762 2675 hac

2149 2718 2275 2773 tuba
2306 2724 2363 2773 et
2391 2715 2691 2787 Apostolus
2722 2714 2963 2784 loquitur
2993 2711 3035 2786 (ἰ
3062 2712 3184 2769 Cor.
3221 2729 3287 2767 xv
3314 2730 3329 2777 ;
3358 2713 3381 2769 Ι
3417 2711 3596 2769 Thess.
3632 2711 3710 2785 tv)
3740 2730 3756 2768 :

2149 2820 2204 2868 et
2230 2812 2281 2866 in
2313 2809 2625 2884 apocalypsi
2654 2803 2883 2864 Joannis
2912 2807 3144 2880 legimus
3177 2806 3359 2881 (Apoc.
3392 2806 3510 2878 vni)
3542 2825 3556 2862 :
3590 2817 3645 2863 et
3703 2806 3761 2863 in

2149 2902 2321 2959 veteri
2348 2902 2701 2958 Tesmmento
2731 2898 2919 2972 (Num.
2957 2900 3040 2971 x),
3070 2899 3212 2955 tubae
3242 2896 3472 2955 ductiles
3497 2916 3563 2955 ex
3596 2915 3757 2967 auro,

2149 3004 2205 3052 et
2224 3012 2331 3053 tere
2352 3004 2689 3066 argentoque
2712 2992 2831 3049 ﬁeri
2857 2992 3277 3064 prmeipiuntur;
3302 3001 3362 3047 ut
3385 2991 3640 3047 sublimia
3660 2974 3761 3046 do-

2151 3089 2445 3145 ctrinarum
2478 3095 2738 3143 resonent
2774 3096 3141 3142 sacramenta.

2224 3182 2410 3253 (Vers.
2438 3180 2530 3249 3‘2,
2558 3178 2675 3253 53.)
2698 3178 2774 3235 Ab
2799 3179 2983 3236 arbore
3005 3190 3180 3236 autem
3202 3176 3289 3251 ﬁci
3320 3179 3500 3234 discite
3528 3182 3760 3254 parabo-

2152 3275 2433 3331 lam:cum
2467 3276 2584 3348 jam
2613 3289 2793 3326 ramus
2836 3274 2947 3339 eius
2976 3271 3116 3327 tener
3138 3273 3313 3344 fuerit,
3344 3284 3393 3327 et
3437 3273 3564 3345 folia
3609 3282 3757 3343 nata,

2149 3368 2291 3422 scitis
2316 3367 2439 3439 quia
2460 3382 2619 3437 prope
2649 3375 2720 3421 est
2748 3373 2923 3420 testas.
2950 3363 3036 3420 Ita
3065 3375 3110 3420 et
3130 3382 3216 3419 vos
3240 3384 3355 3420 cum
3383 3366 3612 3421 videritis
3642 3365 3760 3422 haec

2154 3464 2348 3530 omnia,
2370 3464 2549 3517 scitote
2572 3461 2693 3531 quia
2726 3477 2889 3531 prope
2927 3472 3004 3515 est
3029 3463 3083 3516 in
3107 3463 3308 3537 januis.
3350 3460 3463 3518 Sub
3493 3462 3752 3534 exemplo

2154 3555 2385 3623 arboris,
2399 3552 2587 3609 docuit
2602 3551 3093 3609 consummationis
3117 3552 3754 3622 adventumﬂuomodo,

2152 3646 2349 3717 inquit,
2381 3644 2600 3718 quando
2629 3646 2805 3701 teneri
2830 3642 3030 3700 fuerint
3058 3646 3109 3698 in
3135 3645 3332 3700 arbore
3364 3645 3495 3699 licus
3518 3644 3547 3683 ιι
3576 3647 3757 3716 cauli-

2154 3737 2286 3806 culi,
2330 3746 2385 3794 et
2406 3752 2621 3809 gemma
2669 3735 2910 3806 erumpit
2956 3739 3011 3791 in
3040 3734 3257 3808 ﬂorem,
3283 3745 3580 3808 cortexquc
3626 3738 3759 3795 folia

2154 3830 2412 3900 parturit,
2442 3827 2752 3900 intelligitis
2781 3830 2987 3883 aestatis
3006 3828 3321 3899 adventum,
3354 3841 3408 3884 et
3439 3826 3667 3886 Favonii
3692 3847 3762 3889 ac

2155 3920 2313 3977 Veris
2360 3921 2645 3977 introitum
2677 3934 2691 3973 :
2745 3918 2816 3974 ita
2848 3934 2970 3976 cum
3026 3922 3143 3977 lucc
3174 3922 3354 3977 omnia
3397 3939 3517 3995 quae
3549 3924 3761 3996 scripta

2155 4024 2301 4081 sunt,
2329 4013 2594 4078 videritis,
2627 4011 2797 4067 nolite
2823 4021 3015 4083 putare
3038 4012 3151 4084 jam
3187 4013 3379 4069 adesse
3406 4029 3760 4070 consumma-

2155 4109 2360 4163 tionem
2393 4105 2599 4169 mundi,
2630 4107 2724 4162 sed
2758 4110 2908 4177 (ptasi
2944 4118 2965 4145 ο
2995 4106 3258 4177 prooemia
3287 4119 3342 4165 ct
3387 4125 3760 4180 prtecursorcs

2157 4199 2423 4272 quosdam
2454 4197 2680 4267 venire;
2709 4207 2767 4254 ut
2795 4196 3086 4256 ostendant
3114 4200 3260 4273 quod
3311 4218 3482 4275 prope
3518 4205 3665 4260 sitet
3698 4204 3754 4260 in

2153 4299 2359 4372 januis.

2230 4393 2417 4465 (Vers.
2446 4392 2569 4464 54.)
2614 4393 2779 4448 Amen
2807 4393 2925 4447 dico
2966 4395 3131 4461 vobis,
3175 4396 3301 4466 quia
3342 4412 3446 4451 non
3475 4399 3761 4466 prmeribit

2161 4486 2422 4558 generatio
2450 4484 2585 4553 hwc,
2616 4487 2777 4541 donec
2817 4486 2989 4541 omnia
3018 4487 3115 4541 ista
3137 4488 3292 4558 ﬁant.
3310 4488 3486 4557 Supra
3517 4488 3762 4546 diximus

2158 4577 2536 4648 generationes
2566 4578 2830 4632 bonorum
2849 4618 2865 4644 ,
2896 4586 2950 4633 et
2984 4580 3293 4639 econtrario
3320 4579 3586 4636 malorum
3634 4596 3762 4639 esse

2159 4673 2422 4746 singulas.
2456 4673 2624 4743 Igitur
2650 4683 2746 4727 aut
2803 4688 2964 4728 omne
2992 4688 3165 4744 genus
3219 4674 3498 4731 hominum
3541 4676 3762 4746 signiﬁ-

2159 4775 2267 4833 cat,
2297 4774 2391 4821 aut
2415 4765 2727 4837 Specialiter
2766 4766 3104 4823 Iudaeorum.

2184 4922 2187 4925 _
2232 4861 2418 4932 (Vers.
2446 4860 2565 4930 55.)
2585 4858 2782 4915 Cretum
2813 4868 2860 4914 et
2892 4867 3031 4917 terra
3059 4860 3374 4929 transibunt,
3402 4860 3557 4916 verba
3580 4870 3759 4917 autem

2158 4972 2273 5012 mea
2291 4973 2395 5011 non
2416 4955 2774 5029 praeteribunt.
2804 4953 3017 5011 Ctelum
3040 4964 3097 5011 et
3128 4963 3276 5011 terra
3305 4955 3619 5011 transibunt
3647 4956 3757 5012 im-

2160 5050 2483 5113 mutatione,
2528 5061 2638 5102 non
2688 5046 2986 5102 abolitione
3041 5047 3123 5102 sui
3172 5046 3451 5116 :alioquin
3477 5046 3757 5119 quomodo

2158 5142 2243 5200 sol
2292 5141 2451 5217 199
2498 5138 2901 5207 obscurabitur,
2953 5150 3010 5194 et
3063 5139 3205 5193 luna.
3234 5152 3342 5195 non
3377 5138 3527 5195 dabit
3569 5138 3755 5195 lumen

2148 5294 2239 5366 qui
2294 5304 2349 5350 et
2399 5296 2608 5363 legunt,
2639 5302 2687 5348 et
2735 5310 2937 5366 gemma
2966 5308 3142 5348 eorum
3181 5294 3371 5363 erupit,
3402 5298 3508 5366 etc.
3534 5321 3606 5331 —
3632 5289 3753 5347 Non

2146 5363 2294 5422 recte
2325 5367 2454 5437 legit
2480 5363 2759 5429 Erasmus,
2792 5367 3000 5437 quando
3022 5376 3217 5419 teneres
3256 5366 3456 5437 fuerint
3482 5363 3535 5415 in
3560 5365 3755 5418 arbore

2148 5439 2278 5508 ﬁcus
2316 5435 2584 5493 cauliculi.
2618 5435 2885 5492 Marianus
2915 5439 3154 5492 restituit
3183 5451 3364 5508 veram
3424 5435 3748 5505 lectiOnem,

2146 5507 2307 5580 quam
2366 5512 2602 5580 retinent
2644 5509 2995 5576 manuscripti
3046 5509 3238 5563 nostri.
3278 5507 3453 5561 llaur.

2222 5595 2241 5619 ί·
2274 5581 2422 5637 Unus
2443 5579 2694 5652 Palatin.,
2711 5582 2859 5650 quasi
2873 5580 3085 5652 prtevia,
3104 5590 3149 5633 et
3169 5587 3753 5652 prwcursores,‘etc.-A—-

2142 5652 2418 5723 Optimum
2451 5648 2732 5720 exemplar
2758 5648 2881 5706 ωε(
2923 5652 3182 5707 Ecclesiae
3211 5648 3584 5706 Narbonensis
3608 5650 3751 5705 reti-

2140 5733 2237 5853 εἰει
2257 5724 2392 5779 hanc
2417 5723 2727 5791 lectionem,
2749 5724 2899 5793 quasi
2921 5723 3139 5795 prwvios
3157 5731 3205 5778 et
3239 5734 3587 5794 prtecursores
3602 5762 3617 5789 ,
3636 5726 3750 5779 etc.

2193 5806 2322 5852 sur.

2193 5806 2322 5852 sur.
