  <div class='ocr_page' id='page_1' title='image "/cluster/home/n/w/nwhite01/storage/ocr_20150623/26/hvd.32044015471402/096.png"; bbox 0 0 3978 6338; ppageno 0'>
   <div class='ocr_carea' id='block_1_1' title="bbox 230 294 1820 364">
    <p class='ocr_par' dir='ltr' id='par_1_1' title="bbox 230 295 1815 364">
     <span class='ocr_line' id='line_1_1' title="bbox 230 295 1815 364; baseline -0.005 -3"><span class='ocrx_word' id='word_1_1' title='bbox 230 300 303 364; x_wconf 76' lang='grc'><strong>181</strong></span> <span class='ocrx_word' id='word_1_2' title='bbox 674 298 1330 358; x_wconf 79' lang='lat' dir='ltr'><strong>COMMENTARIORUM</strong></span> <span class='ocrx_word' id='word_1_3' title='bbox 1372 296 1439 354; x_wconf 75' lang='grc' dir='ltr'><strong>ΙΝ</strong></span> <span class='ocrx_word' id='word_1_4' title='bbox 1483 295 1815 355; x_wconf 79' lang='lat' dir='ltr'><strong>EVANGEL</strong></span> 
     </span>
    </p>
   </div>
   <div class='ocr_carea' id='block_1_2' title="bbox 1931 294 3061 364">
    <p class='ocr_par' dir='ltr' id='par_1_2' title="bbox 1931 297 3061 359">
     <span class='ocr_line' id='line_1_2' title="bbox 1931 297 3061 359; baseline 0.005 -6"><span class='ocrx_word' id='word_1_5' title='bbox 1931 297 1940 353; x_wconf 82' lang='grc' dir='ltr'>Ι</span> <span class='ocrx_word' id='word_1_6' title='bbox 1981 297 2321 357; x_wconf 72' lang='grc' dir='ltr'><strong>ΜΑΤΤΗᾸΞΙ</strong></span> <span class='ocrx_word' id='word_1_7' title='bbox 2363 300 2494 356; x_wconf 82' lang='lat' dir='ltr'><strong>LIB.</strong></span> <span class='ocrx_word' id='word_1_8' title='bbox 2537 299 2629 357; x_wconf 80' lang='lat' dir='ltr'><strong>IV.</strong></span> <span class='ocrx_word' id='word_1_9' title='bbox 2672 301 2826 358; x_wconf 82' lang='lat' dir='ltr'><strong>CAP.</strong></span> <span class='ocrx_word' id='word_1_10' title='bbox 2870 302 3061 359; x_wconf 76' lang='lat' dir='ltr'><strong>XXIV.</strong></span> 
     </span>
    </p>
   </div>
   <div class='ocr_carea' id='block_1_3' title="bbox 3403 304 3508 364">
    <p class='ocr_par' dir='ltr' id='par_1_3' title="bbox 3403 304 3508 364">
     <span class='ocr_line' id='line_1_3' title="bbox 3403 304 3508 364; baseline -0.01 0"><span class='ocrx_word' id='word_1_11' title='bbox 3403 304 3508 364; x_wconf 65' lang='grc' dir='ltr'><strong>εει).</strong></span> 
     </span>
    </p>
   </div>
   <div class='ocr_carea' id='block_1_4' title="bbox 233 412 3506 488">
    <p class='ocr_par' dir='ltr' id='par_1_4' title="bbox 233 412 3506 488">
     <span class='ocr_line' id='line_1_4' title="bbox 233 412 3506 488; baseline -0.003 -6"><span class='ocrx_word' id='word_1_12' title='bbox 233 436 379 488; x_wconf 71' lang='lat' dir='ltr'><strong>tuum,</strong></span> <span class='ocrx_word' id='word_1_13' title='bbox 406 429 467 479; x_wconf 88' lang='lat' dir='ltr'><strong>et</strong></span> <span class='ocrx_word' id='word_1_14' title='bbox 494 420 682 477; x_wconf 79' lang='lat' dir='ltr'><strong>stellae</strong></span> <span class='ocrx_word' id='word_1_15' title='bbox 710 420 928 484; x_wconf 86' lang='lat' dir='ltr'><strong>cadent,</strong></span> <span class='ocrx_word' id='word_1_16' title='bbox 964 418 1013 474; x_wconf 98' lang='lat' dir='ltr'><strong>si</strong></span> <span class='ocrx_word' id='word_1_17' title='bbox 1053 417 1255 475; x_wconf 76' lang='lat' dir='ltr'><strong>emtum</strong></span> <span class='ocrx_word' id='word_1_18' title='bbox 1304 417 1361 471; x_wconf 89' lang='lat' dir='ltr'><strong>in</strong></span> <span class='ocrx_word' id='word_1_19' title='bbox 1390 428 1500 488; x_wconf 90' lang='lat' dir='ltr'><strong>quo</strong></span> <span class='ocrx_word' id='word_1_20' title='bbox 1521 415 1629 472; x_wconf 86' lang='lat' dir='ltr'><strong>ista</strong></span> <span class='ocrx_word' id='word_1_21' title='bbox 1657 420 1804 483; x_wconf 88' lang='lat' dir='ltr'><strong>sunt,</strong></span> <span class='ocrx_word' id='word_1_22' title='bbox 1834 413 1888 477; x_wconf 69' lang='grc' dir='ltr'>Α</span> <span class='ocrx_word' id='word_1_23' title='bbox 1913 413 2090 470; x_wconf 85' lang='lat' dir='ltr'><strong>minis.</strong></span> <span class='ocrx_word' id='word_1_24' title='bbox 2115 415 2395 483; x_wconf 71' lang='lat' dir='ltr'><strong>Quaeritur</strong></span> <span class='ocrx_word' id='word_1_25' title='bbox 2426 412 2704 487; x_wconf 88' lang='lat' dir='ltr'><strong>quomodo</strong></span> <span class='ocrx_word' id='word_1_26' title='bbox 2732 429 2897 487; x_wconf 82' lang='lat' dir='ltr'><strong>supra</strong></span> <span class='ocrx_word' id='word_1_27' title='bbox 2927 416 3191 488; x_wconf 80' lang='lat' dir='ltr'><strong>scriptum</strong></span> <span class='ocrx_word' id='word_1_28' title='bbox 3223 415 3300 475; x_wconf 89' lang='lat' dir='ltr'><strong>sit</strong></span> <span class='ocrx_word' id='word_1_29' title='bbox 3329 434 3343 475; x_wconf 86' lang='lat'><strong>:</strong></span> <span class='ocrx_word' id='word_1_30' title='bbox 3370 412 3506 475; x_wconf 83' lang='lat' dir='ltr'><strong>Sur-</strong></span> 
     </span>
    </p>
   </div>
   <div class='ocr_carea' id='block_1_5' title="bbox 234 513 839 590">
    <p class='ocr_par' dir='ltr' id='par_1_5' title="bbox 234 513 839 590">
     <span class='ocr_line' id='line_1_5' title="bbox 234 513 839 590; baseline -0.012 -15"><span class='ocrx_word' id='word_1_31' title='bbox 234 525 455 590; x_wconf 84' lang='lat' dir='ltr'><strong>terraque</strong></span> <span class='ocrx_word' id='word_1_32' title='bbox 476 530 593 572; x_wconf 88' lang='lat' dir='ltr'><strong>non</strong></span> <span class='ocrx_word' id='word_1_33' title='bbox 624 513 839 571; x_wconf 74' lang='lat' dir='ltr'><strong>fuerit?</strong></span> 
     </span>
    </p>
   </div>
   <div class='ocr_carea' id='block_1_6' title="bbox 287 603 1805 685">
    <p class='ocr_par' dir='ltr' id='par_1_6' title="bbox 287 603 1805 685">
     <span class='ocr_line' id='line_1_6' title="bbox 287 603 1805 685; baseline -0.007 -19"><span class='ocrx_word' id='word_1_34' title='bbox 287 610 467 685; x_wconf 78' lang='lat' dir='ltr'><strong>(Vers.</strong></span> <span class='ocrx_word' id='word_1_35' title='bbox 501 608 623 678; x_wconf 75' lang='lat'><strong>36.)</strong></span> <span class='ocrx_word' id='word_1_36' title='bbox 662 606 739 661; x_wconf 81' lang='lat' dir='ltr'><strong>De</strong></span> <span class='ocrx_word' id='word_1_37' title='bbox 770 605 852 660; x_wconf 81' lang='lat' dir='ltr'><strong>die</strong></span> <span class='ocrx_word' id='word_1_38' title='bbox 893 613 1066 659; x_wconf 80' lang='lat' dir='ltr'><strong>autem</strong></span> <span class='ocrx_word' id='word_1_39' title='bbox 1095 603 1194 658; x_wconf 82' lang='lat' dir='ltr'><strong>illa</strong></span> <span class='ocrx_word' id='word_1_40' title='bbox 1222 612 1248 642; x_wconf 78' lang='grc' dir='ltr'>ι</span> <span class='ocrx_word' id='word_1_41' title='bbox 1269 610 1320 659; x_wconf 87' lang='lat' dir='ltr'><strong>et</strong></span> <span class='ocrx_word' id='word_1_42' title='bbox 1346 604 1478 658; x_wconf 74' lang='lat' dir='ltr'><strong>liora</strong></span> <span class='ocrx_word' id='word_1_43' title='bbox 1514 616 1664 658; x_wconf 84' lang='lat' dir='ltr'><strong>nemo</strong></span> <span class='ocrx_word' id='word_1_44' title='bbox 1688 603 1805 671; x_wconf 85' lang='lat' dir='ltr'><strong>scit,</strong></span> 
     </span>
    </p>
   </div>
   <div class='ocr_carea' id='block_1_7' title="bbox 230 694 1809 774">
    <p class='ocr_par' dir='ltr' id='par_1_7' title="bbox 230 694 1809 774">
     <span class='ocr_line' id='line_1_7' title="bbox 230 694 1809 774; baseline -0.005 -17"><span class='ocrx_word' id='word_1_45' title='bbox 230 718 361 774; x_wconf 75' lang='lat' dir='ltr'><strong>neque</strong></span> <span class='ocrx_word' id='word_1_46' title='bbox 392 701 571 773; x_wconf 77' lang='lat' dir='ltr'><strong>angeli</strong></span> <span class='ocrx_word' id='word_1_47' title='bbox 603 699 874 762; x_wconf 68' lang='lat' dir='ltr'><strong>caelorum,</strong></span> <span class='ocrx_word' id='word_1_48' title='bbox 904 696 1005 750; x_wconf 87' lang='lat' dir='ltr'><strong>nisi</strong></span> <span class='ocrx_word' id='word_1_49' title='bbox 1029 694 1173 750; x_wconf 86' lang='lat' dir='ltr'><strong>solus</strong></span> <span class='ocrx_word' id='word_1_50' title='bbox 1200 694 1379 750; x_wconf 82' lang='lat' dir='ltr'><strong>Pater.</strong></span> <span class='ocrx_word' id='word_1_51' title='bbox 1404 695 1462 751; x_wconf 87' lang='lat' dir='ltr'><strong>In</strong></span> <span class='ocrx_word' id='word_1_52' title='bbox 1479 694 1809 767; x_wconf 80' lang='lat' dir='ltr'><strong>quibusdam</strong></span> 
     </span>
    </p>
   </div>
   <div class='ocr_carea' id='block_1_8' title="bbox 230 784 1807 859">
    <p class='ocr_par' dir='ltr' id='par_1_8' title="bbox 230 784 1807 859">
     <span class='ocr_line' id='line_1_8' title="bbox 230 784 1807 859; baseline -0.006 -8"><span class='ocrx_word' id='word_1_53' title='bbox 230 793 420 851; x_wconf 77' lang='lat' dir='ltr'><strong>Latinis</strong></span> <span class='ocrx_word' id='word_1_54' title='bbox 449 790 741 848; x_wconf 81' lang='lat' dir='ltr'><strong>codicibus</strong></span> <span class='ocrx_word' id='word_1_55' title='bbox 768 787 1013 843; x_wconf 88' lang='lat' dir='ltr'><strong>additum</strong></span> <span class='ocrx_word' id='word_1_56' title='bbox 1035 794 1149 853; x_wconf 80' lang='lat' dir='ltr'><strong>est,</strong></span> <span class='ocrx_word' id='word_1_57' title='bbox 1174 785 1205 824; x_wconf 72' lang='grc' dir='ltr'><strong>ιι</strong></span> <span class='ocrx_word' id='word_1_58' title='bbox 1232 802 1394 859; x_wconf 82' lang='lat' dir='ltr'><strong>neque</strong></span> <span class='ocrx_word' id='word_1_59' title='bbox 1435 784 1608 842; x_wconf 82' lang='lat' dir='ltr'><strong>Filius</strong></span> <span class='ocrx_word' id='word_1_60' title='bbox 1638 802 1657 842; x_wconf 90' lang='lat'><strong><em>:</em></strong></span> <span class='ocrx_word' id='word_1_61' title='bbox 1683 800 1807 842; x_wconf 91' lang='lat' dir='ltr'><strong>cum</strong></span> 
     </span>
    </p>
   </div>
   <div class='ocr_carea' id='block_1_9' title="bbox 229 878 1813 949">
    <p class='ocr_par' dir='ltr' id='par_1_9' title="bbox 229 878 1813 949">
     <span class='ocr_line' id='line_1_9' title="bbox 229 878 1813 949; baseline -0.004 -9"><span class='ocrx_word' id='word_1_62' title='bbox 229 886 273 941; x_wconf 87' lang='lat' dir='ltr'><strong>in</strong></span> <span class='ocrx_word' id='word_1_63' title='bbox 305 884 533 949; x_wconf 70' lang='lat' dir='ltr'><strong>Grmcis,</strong></span> <span class='ocrx_word' id='word_1_64' title='bbox 589 889 648 937; x_wconf 88' lang='lat' dir='ltr'><strong>et</strong></span> <span class='ocrx_word' id='word_1_65' title='bbox 698 878 944 934; x_wconf 78' lang='lat' dir='ltr'><strong>maxime</strong></span> <span class='ocrx_word' id='word_1_66' title='bbox 992 878 1302 934; x_wconf 81' lang='lat' dir='ltr'><strong>Adamnntii</strong></span> <span class='ocrx_word' id='word_1_67' title='bbox 1331 888 1385 934; x_wconf 88' lang='lat' dir='ltr'><strong>et</strong></span> <span class='ocrx_word' id='word_1_68' title='bbox 1412 878 1576 935; x_wconf 83' lang='lat' dir='ltr'><strong>Pierii</strong></span> <span class='ocrx_word' id='word_1_69' title='bbox 1617 891 1813 935; x_wconf 78' lang='lat' dir='ltr'><strong>exem-</strong></span> 
     </span>
    </p>
   </div>
   <div class='ocr_carea' id='block_1_10' title="bbox 228 971 1812 1050">
    <p class='ocr_par' dir='ltr' id='par_1_10' title="bbox 228 971 1812 1050">
     <span class='ocr_line' id='line_1_10' title="bbox 228 971 1812 1050; baseline -0.004 -16"><span class='ocrx_word' id='word_1_70' title='bbox 228 978 483 1050; x_wconf 85' lang='lat' dir='ltr'><strong>plaribus,</strong></span> <span class='ocrx_word' id='word_1_71' title='bbox 516 976 627 1030; x_wconf 86' lang='lat' dir='ltr'><strong>hoc</strong></span> <span class='ocrx_word' id='word_1_72' title='bbox 653 988 763 1030; x_wconf 91' lang='lat' dir='ltr'><strong>non</strong></span> <span class='ocrx_word' id='word_1_73' title='bbox 793 972 1061 1028; x_wconf 74' lang='lat' dir='ltr'><strong>habeatur</strong></span> <span class='ocrx_word' id='word_1_74' title='bbox 1099 972 1397 1043; x_wconf 76' lang='lat' dir='ltr'><strong>ascriptum</strong></span> <span class='ocrx_word' id='word_1_75' title='bbox 1427 984 1440 1026; x_wconf 71' lang='grc' dir='ltr'>ε</span> <span class='ocrx_word' id='word_1_76' title='bbox 1476 971 1574 1027; x_wconf 88' lang='lat' dir='ltr'><strong>sed</strong></span> <span class='ocrx_word' id='word_1_77' title='bbox 1597 972 1723 1042; x_wconf 88' lang='lat' dir='ltr'><strong>quia</strong></span> <span class='ocrx_word' id='word_1_78' title='bbox 1755 971 1812 1027; x_wconf 90' lang='lat' dir='ltr'><strong>in</strong></span> 
     </span>
    </p>
   </div>
   <div class='ocr_carea' id='block_1_11' title="bbox 232 1064 1809 1138">
    <p class='ocr_par' dir='ltr' id='par_1_11' title="bbox 232 1064 1809 1138">
     <span class='ocr_line' id='line_1_11' title="bbox 232 1064 1809 1138; baseline -0.004 -12"><span class='ocrx_word' id='word_1_79' title='bbox 232 1070 497 1127; x_wconf 77' lang='lat' dir='ltr'><strong>nonnullis</strong></span> <span class='ocrx_word' id='word_1_80' title='bbox 544 1068 790 1138; x_wconf 87' lang='lat' dir='ltr'><strong>legitur,</strong></span> <span class='ocrx_word' id='word_1_81' title='bbox 840 1064 1226 1123; x_wconf 84' lang='lat' dir='ltr'><strong>disserendum</strong></span> <span class='ocrx_word' id='word_1_82' title='bbox 1288 1065 1527 1120; x_wconf 83' lang='lat' dir='ltr'><strong>videtur.</strong></span> <span class='ocrx_word' id='word_1_83' title='bbox 1557 1064 1809 1121; x_wconf 83' lang='lat' dir='ltr'><strong>Gaudent</strong></span> 
     </span>
    </p>
   </div>
   <div class='ocr_carea' id='block_1_12' title="bbox 234 1157 1809 1229">
    <p class='ocr_par' dir='ltr' id='par_1_12' title="bbox 234 1157 1809 1229">
     <span class='ocr_line' id='line_1_12' title="bbox 234 1157 1809 1229; baseline -0.005 -10"><span class='ocrx_word' id='word_1_84' title='bbox 234 1162 376 1220; x_wconf 78' lang='lat' dir='ltr'><strong>Arius</strong></span> <span class='ocrx_word' id='word_1_85' title='bbox 402 1172 457 1217; x_wconf 90' lang='lat' dir='ltr'><strong>et</strong></span> <span class='ocrx_word' id='word_1_86' title='bbox 486 1161 817 1223; x_wconf 83' lang='lat' dir='ltr'><strong>Eunomius,</strong></span> <span class='ocrx_word' id='word_1_87' title='bbox 848 1158 1003 1228; x_wconf 90' lang='lat' dir='ltr'><strong>quasi</strong></span> <span class='ocrx_word' id='word_1_88' title='bbox 1030 1157 1337 1229; x_wconf 79' lang='lat' dir='ltr'><strong>ignorantia</strong></span> <span class='ocrx_word' id='word_1_89' title='bbox 1372 1158 1619 1228; x_wconf 88' lang='lat' dir='ltr'><strong>magistri</strong></span> <span class='ocrx_word' id='word_1_90' title='bbox 1644 1199 1659 1221; x_wconf 87' lang='lat'><strong>,</strong></span> <span class='ocrx_word' id='word_1_91' title='bbox 1686 1158 1809 1227; x_wconf 78' lang='lat' dir='ltr'><strong>glo-</strong></span> 
     </span>
    </p>
   </div>
   <div class='ocr_carea' id='block_1_13' title="bbox 238 1250 1813 1324">
    <p class='ocr_par' dir='ltr' id='par_1_13' title="bbox 238 1250 1813 1324">
     <span class='ocr_line' id='line_1_13' title="bbox 238 1250 1813 1324; baseline -0.005 -11"><span class='ocrx_word' id='word_1_92' title='bbox 238 1259 303 1313; x_wconf 78' lang='lat' dir='ltr'><strong>tia</strong></span> <span class='ocrx_word' id='word_1_93' title='bbox 325 1254 721 1324; x_wconf 86' lang='lat' dir='ltr'><strong>discipulorum</strong></span> <span class='ocrx_word' id='word_1_94' title='bbox 753 1252 847 1314; x_wconf 83' lang='lat' dir='ltr'><strong>sit,</strong></span> <span class='ocrx_word' id='word_1_95' title='bbox 875 1260 935 1306; x_wconf 86' lang='lat' dir='ltr'><strong>et</strong></span> <span class='ocrx_word' id='word_1_96' title='bbox 965 1251 1153 1306; x_wconf 81' lang='lat' dir='ltr'><strong>dicunt</strong></span> <span class='ocrx_word' id='word_1_97' title='bbox 1186 1268 1201 1305; x_wconf 90' lang='lat'><strong>:</strong></span> <span class='ocrx_word' id='word_1_98' title='bbox 1233 1250 1351 1305; x_wconf 86' lang='lat' dir='ltr'><strong>Non</strong></span> <span class='ocrx_word' id='word_1_99' title='bbox 1382 1258 1563 1320; x_wconf 81' lang='lat' dir='ltr'><strong>potest</strong></span> <span class='ocrx_word' id='word_1_100' title='bbox 1582 1251 1813 1321; x_wconf 72' lang='lat' dir='ltr'><strong>mqttalis</strong></span> 
     </span>
    </p>
   </div>
   <div class='ocr_carea' id='block_1_14' title="bbox 243 1343 1809 1420">
    <p class='ocr_par' dir='ltr' id='par_1_14' title="bbox 243 1343 1809 1420">
     <span class='ocr_line' id='line_1_14' title="bbox 243 1343 1809 1420; baseline -0.004 -15"><span class='ocrx_word' id='word_1_101' title='bbox 243 1366 349 1405; x_wconf 74' lang='lat' dir='ltr'><strong>esse</strong></span> <span class='ocrx_word' id='word_1_102' title='bbox 371 1348 461 1420; x_wconf 90' lang='lat' dir='ltr'><strong>qui</strong></span> <span class='ocrx_word' id='word_1_103' title='bbox 492 1348 667 1411; x_wconf 80' lang='lat' dir='ltr'><strong>norit,</strong></span> <span class='ocrx_word' id='word_1_104' title='bbox 695 1354 752 1401; x_wconf 89' lang='lat' dir='ltr'><strong>et</strong></span> <span class='ocrx_word' id='word_1_105' title='bbox 777 1346 867 1415; x_wconf 91' lang='lat' dir='ltr'><strong>qui</strong></span> <span class='ocrx_word' id='word_1_106' title='bbox 900 1345 1139 1413; x_wconf 78' lang='lat' dir='ltr'><strong>ignorat.</strong></span> <span class='ocrx_word' id='word_1_107' title='bbox 1167 1343 1366 1399; x_wconf 83' lang='lat' dir='ltr'><strong>Contra</strong></span> <span class='ocrx_word' id='word_1_108' title='bbox 1399 1356 1537 1415; x_wconf 85' lang='lat' dir='ltr'><strong>quos</strong></span> <span class='ocrx_word' id='word_1_109' title='bbox 1567 1343 1809 1399; x_wconf 82' lang='lat' dir='ltr'><strong>breviter</strong></span> 
     </span>
    </p>
   </div>
   <div class='ocr_carea' id='block_1_15' title="bbox 246 1435 1811 1506">
    <p class='ocr_par' dir='ltr' id='par_1_15' title="bbox 246 1435 1811 1506">
     <span class='ocr_line' id='line_1_15' title="bbox 246 1435 1811 1506; baseline -0.005 -8"><span class='ocrx_word' id='word_1_110' title='bbox 246 1446 332 1498; x_wconf 86' lang='lat' dir='ltr'><strong>ista</strong></span> <span class='ocrx_word' id='word_1_111' title='bbox 357 1440 586 1497; x_wconf 87' lang='lat' dir='ltr'><strong>dicenda</strong></span> <span class='ocrx_word' id='word_1_112' title='bbox 619 1448 753 1494; x_wconf 89' lang='lat' dir='ltr'><strong>sunt</strong></span> <span class='ocrx_word' id='word_1_113' title='bbox 780 1455 794 1492; x_wconf 93' lang='lat'><strong>:</strong></span> <span class='ocrx_word' id='word_1_114' title='bbox 827 1437 963 1492; x_wconf 86' lang='lat' dir='ltr'><strong>Cum</strong></span> <span class='ocrx_word' id='word_1_115' title='bbox 988 1436 1173 1492; x_wconf 89' lang='lat' dir='ltr'><strong>omnia</strong></span> <span class='ocrx_word' id='word_1_116' title='bbox 1202 1444 1447 1506; x_wconf 88' lang='lat' dir='ltr'><strong>tempora</strong></span> <span class='ocrx_word' id='word_1_117' title='bbox 1480 1437 1677 1491; x_wconf 78' lang='lat' dir='ltr'><strong>fecerit</strong></span> <span class='ocrx_word' id='word_1_118' title='bbox 1716 1435 1811 1490; x_wconf 75' lang='lat' dir='ltr'><strong>Je-</strong></span> 
     </span>
    </p>
   </div>
   <div class='ocr_carea' id='block_1_16' title="bbox 246 1529 1813 1603">
    <p class='ocr_par' dir='ltr' id='par_1_16' title="bbox 246 1529 1813 1603">
     <span class='ocr_line' id='line_1_16' title="bbox 246 1529 1813 1603; baseline -0.005 -12"><span class='ocrx_word' id='word_1_119' title='bbox 246 1552 344 1602; x_wconf 81' lang='lat' dir='ltr'><strong>sus,</strong></span> <span class='ocrx_word' id='word_1_120' title='bbox 369 1536 468 1591; x_wconf 85' lang='lat' dir='ltr'><strong>hoc</strong></span> <span class='ocrx_word' id='word_1_121' title='bbox 486 1542 593 1599; x_wconf 84' lang='lat' dir='ltr'><strong>est,</strong></span> <span class='ocrx_word' id='word_1_122' title='bbox 622 1531 867 1587; x_wconf 75' lang='lat' dir='ltr'><strong>Verbum</strong></span> <span class='ocrx_word' id='word_1_123' title='bbox 897 1530 1033 1587; x_wconf 89' lang='lat' dir='ltr'><strong>Dei:</strong></span> <span class='ocrx_word' id='word_1_124' title='bbox 1068 1529 1259 1585; x_wconf 81' lang='lat' dir='ltr'><strong>Omnia</strong></span> <span class='ocrx_word' id='word_1_125' title='bbox 1310 1530 1446 1585; x_wconf 86' lang='lat' dir='ltr'><strong>enim</strong></span> <span class='ocrx_word' id='word_1_126' title='bbox 1500 1545 1590 1598; x_wconf 79' lang='lat' dir='ltr'><strong>per</strong></span> <span class='ocrx_word' id='word_1_127' title='bbox 1640 1531 1813 1603; x_wconf 77' lang='lat' dir='ltr'><strong>ipsum</strong></span> 
     </span>
    </p>
   </div>
   <div class='ocr_carea' id='block_1_17' title="bbox 244 1620 1810 1702">
    <p class='ocr_par' dir='ltr' id='par_1_17' title="bbox 244 1620 1810 1702">
     <span class='ocr_line' id='line_1_17' title="bbox 244 1620 1810 1702; baseline -0.005 -17"><span class='ocrx_word' id='word_1_128' title='bbox 244 1631 367 1702; x_wconf 75' lang='lat' dir='ltr'><strong>facta</strong></span> <span class='ocrx_word' id='word_1_129' title='bbox 390 1636 529 1694; x_wconf 72' lang='lat' dir='ltr'><strong>sunt,</strong></span> <span class='ocrx_word' id='word_1_130' title='bbox 556 1636 609 1682; x_wconf 86' lang='lat' dir='ltr'><strong>et</strong></span> <span class='ocrx_word' id='word_1_131' title='bbox 631 1626 747 1680; x_wconf 83' lang='lat' dir='ltr'><strong>sine</strong></span> <span class='ocrx_word' id='word_1_132' title='bbox 768 1626 885 1696; x_wconf 85' lang='lat' dir='ltr'><strong>ipso</strong></span> <span class='ocrx_word' id='word_1_133' title='bbox 910 1626 1106 1695; x_wconf 76' lang='lat' dir='ltr'><strong>factum</strong></span> <span class='ocrx_word' id='word_1_134' title='bbox 1131 1631 1207 1677; x_wconf 89' lang='lat' dir='ltr'><strong>est</strong></span> <span class='ocrx_word' id='word_1_135' title='bbox 1254 1622 1385 1677; x_wconf 76' lang='lat' dir='ltr'><strong>nihil</strong></span> <span class='ocrx_word' id='word_1_136' title='bbox 1415 1620 1595 1693; x_wconf 83' lang='lat' dir='ltr'><strong>(Joan.</strong></span> <span class='ocrx_word' id='word_1_137' title='bbox 1625 1637 1642 1676; x_wconf 87' lang='grc' dir='ltr'><strong>ι</strong></span> <span class='ocrx_word' id='word_1_138' title='bbox 1667 1664 1683 1689; x_wconf 87' lang='grc'><strong><em>,</em></strong></span> <span class='ocrx_word' id='word_1_139' title='bbox 1728 1621 1810 1692; x_wconf 74' lang='lat'><strong>3),</strong></span> 
     </span>
    </p>
   </div>
   <div class='ocr_carea' id='block_1_18' title="bbox 244 1714 1813 1787">
    <p class='ocr_par' dir='ltr' id='par_1_18' title="bbox 244 1714 1813 1787">
     <span class='ocr_line' id='line_1_18' title="bbox 244 1714 1813 1787; baseline -0.006 -8"><span class='ocrx_word' id='word_1_140' title='bbox 244 1725 289 1779; x_wconf 87' lang='lat' dir='ltr'><strong>in</strong></span> <span class='ocrx_word' id='word_1_141' title='bbox 316 1721 559 1777; x_wconf 86' lang='lat' dir='ltr'><strong>omnibus</strong></span> <span class='ocrx_word' id='word_1_142' title='bbox 588 1726 776 1775; x_wconf 87' lang='lat' dir='ltr'><strong>autem</strong></span> <span class='ocrx_word' id='word_1_143' title='bbox 828 1716 1207 1787; x_wconf 82' lang='lat' dir='ltr'><strong>temporibus,</strong></span> <span class='ocrx_word' id='word_1_144' title='bbox 1248 1717 1414 1772; x_wconf 83' lang='lat' dir='ltr'><strong>etiam</strong></span> <span class='ocrx_word' id='word_1_145' title='bbox 1456 1716 1573 1771; x_wconf 83' lang='lat' dir='ltr'><strong>dies</strong></span> <span class='ocrx_word' id='word_1_146' title='bbox 1618 1714 1813 1784; x_wconf 79' lang='lat' dir='ltr'><strong>judicii</strong></span> 
     </span>
    </p>
   </div>
   <div class='ocr_carea' id='block_1_19' title="bbox 1911 508 3505 585">
    <p class='ocr_par' dir='ltr' id='par_1_19' title="bbox 1911 508 3505 585">
     <span class='ocr_line' id='line_1_19' title="bbox 1911 508 3505 585; baseline 0.005 -25"><span class='ocrx_word' id='word_1_147' title='bbox 1911 516 1994 577; x_wconf 85' lang='lat' dir='ltr'><strong>get</strong></span> <span class='ocrx_word' id='word_1_148' title='bbox 2014 508 2146 561; x_wconf 84' lang='lat' dir='ltr'><strong>enim</strong></span> <span class='ocrx_word' id='word_1_149' title='bbox 2163 520 2287 580; x_wconf 83' lang='lat' dir='ltr'><strong>gens</strong></span> <span class='ocrx_word' id='word_1_150' title='bbox 2315 514 2493 562; x_wconf 82' lang='lat' dir='ltr'><strong>contra</strong></span> <span class='ocrx_word' id='word_1_151' title='bbox 2513 517 2734 579; x_wconf 81' lang='lat' dir='ltr'><strong>gentem,</strong></span> <span class='ocrx_word' id='word_1_152' title='bbox 2751 517 2800 563; x_wconf 83' lang='lat' dir='ltr'><strong>et</strong></span> <span class='ocrx_word' id='word_1_153' title='bbox 2820 520 3033 581; x_wconf 84' lang='lat' dir='ltr'><strong>regnum</strong></span> <span class='ocrx_word' id='word_1_154' title='bbox 3055 518 3236 566; x_wconf 74' lang='lat' dir='ltr'><strong>contra</strong></span> <span class='ocrx_word' id='word_1_155' title='bbox 3250 520 3461 585; x_wconf 79' lang='lat' dir='ltr'><strong>regnum</strong></span> <span class='ocrx_word' id='word_1_156' title='bbox 3482 528 3505 568; x_wconf 71' lang='grc' dir='ltr'><em>τ</em></span> 
     </span>
    </p>
   </div>
   <div class='ocr_carea' id='block_1_20' title="bbox 1911 599 3500 671">
    <p class='ocr_par' dir='ltr' id='par_1_20' title="bbox 1911 599 3500 671">
     <span class='ocr_line' id='line_1_20' title="bbox 1911 599 3500 671; baseline 0.004 -18"><span class='ocrx_word' id='word_1_157' title='bbox 1911 604 1962 653; x_wconf 87' lang='lat' dir='ltr'><strong>et</strong></span> <span class='ocrx_word' id='word_1_158' title='bbox 1990 606 2138 654; x_wconf 84' lang='lat' dir='ltr'><strong>erunt</strong></span> <span class='ocrx_word' id='word_1_159' title='bbox 2162 599 2485 670; x_wconf 68' lang='lat' dir='ltr'><strong>pestilentiae,</strong></span> <span class='ocrx_word' id='word_1_160' title='bbox 2518 608 2565 655; x_wconf 85' lang='lat' dir='ltr'><strong>et</strong></span> <span class='ocrx_word' id='word_1_161' title='bbox 2596 601 2780 671; x_wconf 65' lang='lat' dir='ltr'><strong>fama,</strong></span> <span class='ocrx_word' id='word_1_162' title='bbox 2807 611 2855 655; x_wconf 90' lang='lat' dir='ltr'><strong>et</strong></span> <span class='ocrx_word' id='word_1_163' title='bbox 2883 610 3204 658; x_wconf 79' lang='lat' dir='ltr'><strong>terrtemottts</strong></span> <span class='ocrx_word' id='word_1_164' title='bbox 3228 618 3248 670; x_wconf 89' lang='lat'><strong><em>;</em></strong></span> <span class='ocrx_word' id='word_1_165' title='bbox 3274 610 3332 658; x_wconf 77' lang='lat' dir='ltr'><strong>et</strong></span> <span class='ocrx_word' id='word_1_166' title='bbox 3353 608 3500 659; x_wconf 81' lang='lat' dir='ltr'><strong>nune</strong></span> 
     </span>
    </p>
   </div>
   <div class='ocr_carea' id='block_1_21' title="bbox 1913 686 3495 766">
    <p class='ocr_par' dir='ltr' id='par_1_21' title="bbox 1913 686 3495 766">
     <span class='ocr_line' id='line_1_21' title="bbox 1913 686 3495 766; baseline 0.003 -18"><span class='ocrx_word' id='word_1_167' title='bbox 1913 706 1977 748; x_wconf 89' lang='lat' dir='ltr'><strong>ea</strong></span> <span class='ocrx_word' id='word_1_168' title='bbox 2008 692 2183 748; x_wconf 79' lang='lat' dir='ltr'><strong>futura</strong></span> <span class='ocrx_word' id='word_1_169' title='bbox 2206 696 2580 750; x_wconf 82' lang='lat' dir='ltr'><strong>memorentur</strong></span> <span class='ocrx_word' id='word_1_170' title='bbox 2611 710 2732 765; x_wconf 69' lang='lat' dir='ltr'><strong>qua:</strong></span> <span class='ocrx_word' id='word_1_171' title='bbox 2763 695 2916 766; x_wconf 88' lang='lat' dir='ltr'><strong>pacis</strong></span> <span class='ocrx_word' id='word_1_172' title='bbox 2968 694 3172 752; x_wconf 82' lang='lat' dir='ltr'><strong>indicia</strong></span> <span class='ocrx_word' id='word_1_173' title='bbox 3202 704 3354 754; x_wconf 86' lang='lat' dir='ltr'><strong>sunt.</strong></span> <span class='ocrx_word' id='word_1_174' title='bbox 3384 686 3495 754; x_wconf 85' lang='lat' dir='ltr'><strong>Sed</strong></span> 
     </span>
    </p>
   </div>
   <div class='ocr_carea' id='block_1_22' title="bbox 1912 783 3499 861">
    <p class='ocr_par' dir='ltr' id='par_1_22' title="bbox 1912 783 3499 861">
     <span class='ocr_line' id='line_1_22' title="bbox 1912 783 3499 861; baseline 0.003 -21"><span class='ocrx_word' id='word_1_175' title='bbox 1912 783 2358 851; x_wconf 78' lang='lat' dir='ltr'><strong>existimandum,</strong></span> <span class='ocrx_word' id='word_1_176' title='bbox 2382 787 2539 857; x_wconf 78' lang='lat' dir='ltr'><strong>juxta</strong></span> <span class='ocrx_word' id='word_1_177' title='bbox 2564 787 2903 858; x_wconf 82' lang='lat' dir='ltr'><strong>Apostolum.</strong></span> <span class='ocrx_word' id='word_1_178' title='bbox 2929 788 3077 860; x_wconf 90' lang='lat' dir='ltr'><strong>quod</strong></span> <span class='ocrx_word' id='word_1_179' title='bbox 3108 797 3232 860; x_wconf 91' lang='lat' dir='ltr'><strong>post</strong></span> <span class='ocrx_word' id='word_1_180' title='bbox 3262 800 3499 861; x_wconf 84' lang='lat' dir='ltr'><strong>pugnas,</strong></span> 
     </span>
    </p>
   </div>
   <div class='ocr_carea' id='block_1_23' title="bbox 1911 878 3509 950">
    <p class='ocr_par' dir='ltr' id='par_1_23' title="bbox 1911 878 3509 950">
     <span class='ocr_line' id='line_1_23' title="bbox 1911 878 3509 950; baseline 0.003 -17"><span class='ocrx_word' id='word_1_181' title='bbox 1911 884 1971 933; x_wconf 88' lang='lat' dir='ltr'><strong>et</strong></span> <span class='ocrx_word' id='word_1_182' title='bbox 1998 878 2396 945; x_wconf 87' lang='lat' dir='ltr'><strong>dissensiones,</strong></span> <span class='ocrx_word' id='word_1_183' title='bbox 2427 887 2483 935; x_wconf 87' lang='lat' dir='ltr'><strong>et</strong></span> <span class='ocrx_word' id='word_1_184' title='bbox 2506 881 2872 949; x_wconf 78' lang='lat' dir='ltr'><strong>pestilentias,</strong></span> <span class='ocrx_word' id='word_1_185' title='bbox 2903 887 2958 937; x_wconf 90' lang='lat' dir='ltr'><strong>et</strong></span> <span class='ocrx_word' id='word_1_186' title='bbox 2984 881 3158 937; x_wconf 82' lang='lat' dir='ltr'><strong>fames</strong></span> <span class='ocrx_word' id='word_1_187' title='bbox 3176 924 3192 950; x_wconf 92' lang='lat'><strong>,</strong></span> <span class='ocrx_word' id='word_1_188' title='bbox 3225 890 3281 937; x_wconf 90' lang='lat' dir='ltr'><strong>ct</strong></span> <span class='ocrx_word' id='word_1_189' title='bbox 3308 884 3509 938; x_wconf 65' lang='lat' dir='ltr'><strong>terrae-</strong></span> 
     </span>
    </p>
   </div>
   <div class='ocr_carea' id='block_1_24' title="bbox 1913 972 3499 1044">
    <p class='ocr_par' dir='ltr' id='par_1_24' title="bbox 1913 972 3499 1044">
     <span class='ocr_line' id='line_1_24' title="bbox 1913 972 3499 1044; baseline 0.003 -20"><span class='ocrx_word' id='word_1_190' title='bbox 1913 980 2115 1039; x_wconf 84' lang='lat' dir='ltr'><strong>motus,</strong></span> <span class='ocrx_word' id='word_1_191' title='bbox 2147 972 2203 1027; x_wconf 86' lang='lat' dir='ltr'><strong>et</strong></span> <span class='ocrx_word' id='word_1_192' title='bbox 2223 978 2420 1027; x_wconf 72' lang='lat' dir='ltr'><strong>eietera</strong></span> <span class='ocrx_word' id='word_1_193' title='bbox 2456 973 2653 1042; x_wconf 86' lang='lat' dir='ltr'><strong>quibus</strong></span> <span class='ocrx_word' id='word_1_194' title='bbox 2682 986 2855 1043; x_wconf 86' lang='lat' dir='ltr'><strong>genus</strong></span> <span class='ocrx_word' id='word_1_195' title='bbox 2897 982 3146 1029; x_wconf 85' lang='lat' dir='ltr'><strong>vastatur</strong></span> <span class='ocrx_word' id='word_1_196' title='bbox 3175 972 3499 1044; x_wconf 83' lang='lat' dir='ltr'><strong>humanum,</strong></span> 
     </span>
    </p>
   </div>
   <div class='ocr_carea' id='block_1_25' title="bbox 1912 1061 3504 1137">
    <p class='ocr_par' dir='ltr' id='par_1_25' title="bbox 1912 1061 3504 1137">
     <span class='ocr_line' id='line_1_25' title="bbox 1912 1061 3504 1137; baseline 0.002 -19"><span class='ocrx_word' id='word_1_197' title='bbox 1912 1061 2066 1118; x_wconf 81' lang='lat' dir='ltr'><strong>brevi</strong></span> <span class='ocrx_word' id='word_1_198' title='bbox 2093 1061 2203 1136; x_wconf 76' lang='lat' dir='ltr'><strong>[AL</strong></span> <span class='ocrx_word' id='word_1_199' title='bbox 2234 1062 2439 1136; x_wconf 81' lang='lat' dir='ltr'><strong>brevis]</strong></span> <span class='ocrx_word' id='word_1_200' title='bbox 2466 1065 2824 1121; x_wconf 78' lang='lat' dir='ltr'><strong>subsecutum</strong></span> <span class='ocrx_word' id='word_1_201' title='bbox 2880 1069 2954 1120; x_wconf 91' lang='lat' dir='ltr'><strong>sit</strong></span> <span class='ocrx_word' id='word_1_202' title='bbox 2987 1082 3087 1136; x_wconf 78' lang='lat' dir='ltr'><strong>pax</strong></span> <span class='ocrx_word' id='word_1_203' title='bbox 3112 1111 3128 1135; x_wconf 93' lang='lat'><strong>,</strong></span> <span class='ocrx_word' id='word_1_204' title='bbox 3163 1078 3286 1137; x_wconf 62' lang='lat' dir='ltr'><strong>quae</strong></span> <span class='ocrx_word' id='word_1_205' title='bbox 3316 1068 3504 1136; x_wconf 84' lang='lat' dir='ltr'><strong>quieta</strong></span> 
     </span>
    </p>
   </div>
   <div class='ocr_carea' id='block_1_26' title="bbox 1913 1156 3508 1229">
    <p class='ocr_par' dir='ltr' id='par_1_26' title="bbox 1913 1156 3508 1229">
     <span class='ocr_line' id='line_1_26' title="bbox 1913 1156 3508 1229; baseline 0.003 -19"><span class='ocrx_word' id='word_1_206' title='bbox 1913 1158 2101 1210; x_wconf 85' lang='lat' dir='ltr'><strong>omnia</strong></span> <span class='ocrx_word' id='word_1_207' title='bbox 2128 1158 2494 1226; x_wconf 83' lang='lat' dir='ltr'><strong>repromittat,</strong></span> <span class='ocrx_word' id='word_1_208' title='bbox 2532 1167 2591 1212; x_wconf 91' lang='lat' dir='ltr'><strong>ut</strong></span> <span class='ocrx_word' id='word_1_209' title='bbox 2637 1156 2775 1214; x_wconf 85' lang='lat' dir='ltr'><strong>lides</strong></span> <span class='ocrx_word' id='word_1_210' title='bbox 2796 1157 3144 1215; x_wconf 85' lang='lat' dir='ltr'><strong>credentium</strong></span> <span class='ocrx_word' id='word_1_211' title='bbox 3172 1160 3508 1229; x_wconf 84' lang='lat' dir='ltr'><strong>comprobe-</strong></span> 
     </span>
    </p>
   </div>
   <div class='ocr_carea' id='block_1_27' title="bbox 1917 1250 3510 1322">
    <p class='ocr_par' dir='ltr' id='par_1_27' title="bbox 1917 1250 3510 1322">
     <span class='ocr_line' id='line_1_27' title="bbox 1917 1250 3510 1322; baseline 0.005 -21"><span class='ocrx_word' id='word_1_212' title='bbox 1917 1255 2030 1313; x_wconf 89' lang='lat' dir='ltr'><strong>tur,</strong></span> <span class='ocrx_word' id='word_1_213' title='bbox 2057 1256 2237 1303; x_wconf 88' lang='lat' dir='ltr'><strong>utrum</strong></span> <span class='ocrx_word' id='word_1_214' title='bbox 2268 1250 2559 1305; x_wconf 82' lang='lat' dir='ltr'><strong>transactis</strong></span> <span class='ocrx_word' id='word_1_215' title='bbox 2583 1251 2740 1306; x_wconf 88' lang='lat' dir='ltr'><strong>malis</strong></span> <span class='ocrx_word' id='word_1_216' title='bbox 2762 1292 2776 1315; x_wconf 91' lang='lat'><strong>,</strong></span> <span class='ocrx_word' id='word_1_217' title='bbox 2824 1261 3053 1322; x_wconf 81' lang='lat' dir='ltr'><strong>sperent</strong></span> <span class='ocrx_word' id='word_1_218' title='bbox 3092 1251 3350 1320; x_wconf 74' lang='lat' dir='ltr'><strong>iudicem</strong></span> <span class='ocrx_word' id='word_1_219' title='bbox 3381 1256 3510 1309; x_wconf 77' lang='lat' dir='ltr'><strong>esse</strong></span> 
     </span>
    </p>
   </div>
   <div class='ocr_carea' id='block_1_28' title="bbox 1916 1341 3504 1415">
    <p class='ocr_par' dir='ltr' id='par_1_28' title="bbox 1916 1341 3504 1415">
     <span class='ocr_line' id='line_1_28' title="bbox 1916 1341 3504 1415; baseline 0.007 -24"><span class='ocrx_word' id='word_1_220' title='bbox 1916 1349 2231 1395; x_wconf 85' lang='lat' dir='ltr'><strong>venturum.</strong></span> <span class='ocrx_word' id='word_1_221' title='bbox 2279 1341 2394 1397; x_wconf 86' lang='lat' dir='ltr'><strong>Hoc</strong></span> <span class='ocrx_word' id='word_1_222' title='bbox 2440 1348 2524 1397; x_wconf 88' lang='lat' dir='ltr'><strong>est</strong></span> <span class='ocrx_word' id='word_1_223' title='bbox 2554 1343 2699 1398; x_wconf 89' lang='lat' dir='ltr'><strong>enim</strong></span> <span class='ocrx_word' id='word_1_224' title='bbox 2731 1343 2874 1412; x_wconf 87' lang='lat' dir='ltr'><strong>quod</strong></span> <span class='ocrx_word' id='word_1_225' title='bbox 2920 1344 2973 1399; x_wconf 90' lang='lat' dir='ltr'><strong>in</strong></span> <span class='ocrx_word' id='word_1_226' title='bbox 3013 1344 3182 1399; x_wconf 89' lang='lat' dir='ltr'><strong>Paulo</strong></span> <span class='ocrx_word' id='word_1_227' title='bbox 3225 1346 3504 1415; x_wconf 78' lang='lat' dir='ltr'><strong>legimus:</strong></span> 
     </span>
    </p>
   </div>
   <div class='ocr_carea' id='block_1_29' title="bbox 1917 1432 3514 1510">
    <p class='ocr_par' dir='ltr' id='par_1_29' title="bbox 1917 1432 3514 1510">
     <span class='ocr_line' id='line_1_29' title="bbox 1917 1432 3514 1510; baseline 0.006 -24"><span class='ocrx_word' id='word_1_228' title='bbox 1917 1432 2145 1497; x_wconf 82' lang='lat' dir='ltr'><strong>Quando</strong></span> <span class='ocrx_word' id='word_1_229' title='bbox 2171 1434 2431 1501; x_wconf 73' lang='lat' dir='ltr'><strong>dixerint,</strong></span> <span class='ocrx_word' id='word_1_230' title='bbox 2460 1452 2564 1505; x_wconf 71' lang='lat' dir='ltr'><strong>pax</strong></span> <span class='ocrx_word' id='word_1_231' title='bbox 2610 1446 2660 1492; x_wconf 89' lang='lat' dir='ltr'><strong>et</strong></span> <span class='ocrx_word' id='word_1_232' title='bbox 2701 1439 2956 1492; x_wconf 77' lang='lat' dir='ltr'><strong>securitas</strong></span> <span class='ocrx_word' id='word_1_233' title='bbox 2986 1480 3001 1505; x_wconf 92' lang='lat'><strong>,</strong></span> <span class='ocrx_word' id='word_1_234' title='bbox 3050 1447 3171 1492; x_wconf 86' lang='lat' dir='ltr'><strong>tunc</strong></span> <span class='ocrx_word' id='word_1_235' title='bbox 3214 1443 3514 1510; x_wconf 75' lang='lat' dir='ltr'><strong>repentinus</strong></span> 
     </span>
    </p>
   </div>
   <div class='ocr_carea' id='block_1_30' title="bbox 1918 1526 3509 1602">
    <p class='ocr_par' dir='ltr' id='par_1_30' title="bbox 1918 1526 3509 1602">
     <span class='ocr_line' id='line_1_30' title="bbox 1918 1526 3509 1602; baseline 0.005 -23"><span class='ocrx_word' id='word_1_236' title='bbox 1918 1526 1989 1580; x_wconf 80' lang='lat' dir='ltr'><strong>eis</strong></span> <span class='ocrx_word' id='word_1_237' title='bbox 2017 1528 2335 1596; x_wconf 69' lang='lat' dir='ltr'><strong>superveniet</strong></span> <span class='ocrx_word' id='word_1_238' title='bbox 2364 1528 2635 1596; x_wconf 84' lang='lat' dir='ltr'><strong>interitus,</strong></span> <span class='ocrx_word' id='word_1_239' title='bbox 2680 1528 2815 1584; x_wconf 88' lang='lat' dir='ltr'><strong>sicut</strong></span> <span class='ocrx_word' id='word_1_240' title='bbox 2871 1529 3025 1585; x_wconf 85' lang='lat' dir='ltr'><strong>dolor</strong></span> <span class='ocrx_word' id='word_1_241' title='bbox 3050 1531 3391 1602; x_wconf 84' lang='lat' dir='ltr'><strong>parturientis</strong></span> <span class='ocrx_word' id='word_1_242' title='bbox 3411 1577 3427 1601; x_wconf 89' lang='lat'><strong>,</strong></span> <span class='ocrx_word' id='word_1_243' title='bbox 3459 1540 3509 1589; x_wconf 86' lang='lat' dir='ltr'><strong>et</strong></span> 
     </span>
    </p>
   </div>
   <div class='ocr_carea' id='block_1_31' title="bbox 1916 1616 2768 1692">
    <p class='ocr_par' dir='ltr' id='par_1_31' title="bbox 1916 1616 2768 1692">
     <span class='ocr_line' id='line_1_31' title="bbox 1916 1616 2768 1692; baseline 0.007 -22"><span class='ocrx_word' id='word_1_244' title='bbox 1916 1631 2021 1671; x_wconf 86' lang='lat' dir='ltr'><strong>non</strong></span> <span class='ocrx_word' id='word_1_245' title='bbox 2044 1616 2293 1692; x_wconf 73' lang='lat' dir='ltr'><strong>e/fugient</strong></span> <span class='ocrx_word' id='word_1_246' title='bbox 2316 1617 2359 1691; x_wconf 88' lang='lat' dir='ltr'><strong>(l</strong></span> <span class='ocrx_word' id='word_1_247' title='bbox 2389 1617 2575 1675; x_wconf 80' lang='lat' dir='ltr'><strong>Thess.</strong></span> <span class='ocrx_word' id='word_1_248' title='bbox 2605 1634 2661 1690; x_wconf 85' lang='lat' dir='ltr'><strong>v,</strong></span> <span class='ocrx_word' id='word_1_249' title='bbox 2685 1620 2768 1689; x_wconf 74' lang='lat'><strong>5).</strong></span> 
     </span>
    </p>
   </div>
   <div class='ocr_carea' id='block_1_32' title="bbox 1993 1710 3512 1787">
    <p class='ocr_par' dir='ltr' id='par_1_32' title="bbox 1993 1710 3512 1787">
     <span class='ocr_line' id='line_1_32' title="bbox 1993 1710 3512 1787; baseline 0.004 -21"><span class='ocrx_word' id='word_1_250' title='bbox 1993 1710 2172 1783; x_wconf 59' lang='grc' dir='ltr'><strong>(γεγε.</strong></span> <span class='ocrx_word' id='word_1_251' title='bbox 2203 1711 2295 1775; x_wconf 70' lang='grc'><strong>40,</strong></span> <span class='ocrx_word' id='word_1_252' title='bbox 2328 1712 2445 1774; x_wconf 71' lang='grc'><strong>41.)</strong></span> <span class='ocrx_word' id='word_1_253' title='bbox 2466 1711 2615 1768; x_wconf 84' lang='lat' dir='ltr'><strong>Tunc</strong></span> <span class='ocrx_word' id='word_1_254' title='bbox 2641 1714 2743 1769; x_wconf 91' lang='lat' dir='ltr'><strong>duo</strong></span> <span class='ocrx_word' id='word_1_255' title='bbox 2781 1723 2931 1769; x_wconf 86' lang='lat' dir='ltr'><strong>erunt</strong></span> <span class='ocrx_word' id='word_1_256' title='bbox 2977 1716 3032 1769; x_wconf 84' lang='lat' dir='ltr'><strong>in</strong></span> <span class='ocrx_word' id='word_1_257' title='bbox 3061 1726 3189 1787; x_wconf 74' lang='lat' dir='ltr'><strong>agro</strong></span> <span class='ocrx_word' id='word_1_258' title='bbox 3220 1732 3239 1772; x_wconf 89' lang='lat'><strong><em>:</em></strong></span> <span class='ocrx_word' id='word_1_259' title='bbox 3265 1726 3401 1772; x_wconf 84' lang='lat' dir='ltr'><strong>unus</strong></span> <span class='ocrx_word' id='word_1_260' title='bbox 3426 1732 3512 1773; x_wconf 84' lang='lat' dir='ltr'><strong>as-</strong></span> 
     </span>
    </p>
   </div>
   <div class='ocr_carea' id='block_1_33' title="bbox 242 1805 3511 1886">
    <p class='ocr_par' dir='ltr' id='par_1_33' title="bbox 242 1805 3511 1886">
     <span class='ocr_line' id='line_1_33' title="bbox 242 1805 3511 1886; baseline -0.002 -15"><span class='ocrx_word' id='word_1_261' title='bbox 242 1815 344 1872; x_wconf 82' lang='lat' dir='ltr'><strong>sit:</strong></span> <span class='ocrx_word' id='word_1_262' title='bbox 368 1826 467 1886; x_wconf 89' lang='lat' dir='ltr'><strong>qua</strong></span> <span class='ocrx_word' id='word_1_263' title='bbox 494 1811 892 1883; x_wconf 83' lang='lat' dir='ltr'><strong>consequentia</strong></span> <span class='ocrx_word' id='word_1_264' title='bbox 914 1817 1099 1882; x_wconf 79' lang='lat' dir='ltr'><strong>potest</strong></span> <span class='ocrx_word' id='word_1_265' title='bbox 1124 1808 1245 1878; x_wconf 83' lang='lat' dir='ltr'><strong>ejus</strong></span> <span class='ocrx_word' id='word_1_266' title='bbox 1270 1808 1529 1878; x_wconf 76' lang='lat' dir='ltr'><strong>ignorare</strong></span> <span class='ocrx_word' id='word_1_267' title='bbox 1566 1816 1806 1878; x_wconf 86' lang='lat' dir='ltr'><strong>partem,</strong></span> <span class='ocrx_word' id='word_1_268' title='bbox 1842 1813 1891 1875; x_wconf 76' lang='grc' dir='ltr'>Β</span> <span class='ocrx_word' id='word_1_269' title='bbox 1918 1812 2170 1871; x_wconf 80' lang='lat' dir='ltr'><strong>sumetur,</strong></span> <span class='ocrx_word' id='word_1_270' title='bbox 2197 1814 2243 1857; x_wconf 88' lang='lat' dir='ltr'><strong>et</strong></span> <span class='ocrx_word' id='word_1_271' title='bbox 2274 1820 2411 1859; x_wconf 86' lang='lat' dir='ltr'><strong>unus</strong></span> <span class='ocrx_word' id='word_1_272' title='bbox 2441 1806 2782 1877; x_wconf 84' lang='lat' dir='ltr'><strong>relinquetur.</strong></span> <span class='ocrx_word' id='word_1_273' title='bbox 2820 1805 2952 1861; x_wconf 69' lang='lat' dir='ltr'><strong>Duae</strong></span> <span class='ocrx_word' id='word_1_274' title='bbox 2973 1810 3222 1863; x_wconf 76' lang='lat' dir='ltr'><strong>metentes</strong></span> <span class='ocrx_word' id='word_1_275' title='bbox 3252 1809 3305 1864; x_wconf 84' lang='lat' dir='ltr'><strong>in</strong></span> <span class='ocrx_word' id='word_1_276' title='bbox 3327 1806 3511 1864; x_wconf 74' lang='lat' dir='ltr'><strong>uiola:</strong></span> 
     </span>
    </p>
   </div>
   <div class='ocr_carea' id='block_1_34' title="bbox 244 1901 1810 1979">
    <p class='ocr_par' dir='ltr' id='par_1_34' title="bbox 244 1901 1810 1979">
     <span class='ocr_line' id='line_1_34' title="bbox 244 1901 1810 1979; baseline -0.005 -14"><span class='ocrx_word' id='word_1_277' title='bbox 244 1908 378 1979; x_wconf 82' lang='lat' dir='ltr'><strong>cujus</strong></span> <span class='ocrx_word' id='word_1_278' title='bbox 416 1916 588 1963; x_wconf 88' lang='lat' dir='ltr'><strong>totum</strong></span> <span class='ocrx_word' id='word_1_279' title='bbox 620 1904 876 1961; x_wconf 81' lang='lat' dir='ltr'><strong>noverit?</strong></span> <span class='ocrx_word' id='word_1_280' title='bbox 920 1905 1035 1959; x_wconf 87' lang='lat' dir='ltr'><strong>Hoc</strong></span> <span class='ocrx_word' id='word_1_281' title='bbox 1080 1914 1298 1974; x_wconf 86' lang='lat' dir='ltr'><strong>quoque</strong></span> <span class='ocrx_word' id='word_1_282' title='bbox 1344 1901 1637 1959; x_wconf 86' lang='lat' dir='ltr'><strong>dicendum</strong></span> <span class='ocrx_word' id='word_1_283' title='bbox 1682 1911 1810 1959; x_wconf 88' lang='lat' dir='ltr'><strong>est:</strong></span> 
     </span>
    </p>
   </div>
   <div class='ocr_carea' id='block_1_35' title="bbox 246 1996 1811 2072">
    <p class='ocr_par' dir='ltr' id='par_1_35' title="bbox 246 1996 1811 2072">
     <span class='ocr_line' id='line_1_35' title="bbox 246 1996 1811 2072; baseline -0.003 -15"><span class='ocrx_word' id='word_1_284' title='bbox 246 2002 369 2072; x_wconf 79' lang='lat' dir='ltr'><strong>Quid</strong></span> <span class='ocrx_word' id='word_1_285' title='bbox 395 2011 473 2059; x_wconf 87' lang='lat' dir='ltr'><strong>est</strong></span> <span class='ocrx_word' id='word_1_286' title='bbox 498 2002 699 2067; x_wconf 68' lang='lat' dir='ltr'><strong>maius,</strong></span> <span class='ocrx_word' id='word_1_287' title='bbox 730 2000 927 2053; x_wconf 82' lang='lat' dir='ltr'><strong>notitia</strong></span> <span class='ocrx_word' id='word_1_288' title='bbox 953 1999 1163 2065; x_wconf 84' lang='lat' dir='ltr'><strong>Patris,</strong></span> <span class='ocrx_word' id='word_1_289' title='bbox 1190 2010 1260 2052; x_wconf 78' lang='lat' dir='ltr'><strong>an</strong></span> <span class='ocrx_word' id='word_1_290' title='bbox 1288 1997 1522 2069; x_wconf 79' lang='lat' dir='ltr'><strong>jttdlcii?</strong></span> <span class='ocrx_word' id='word_1_291' title='bbox 1550 1996 1608 2053; x_wconf 87' lang='lat' dir='ltr'><strong>Si</strong></span> <span class='ocrx_word' id='word_1_292' title='bbox 1633 1998 1811 2067; x_wconf 84' lang='lat' dir='ltr'><strong>majus</strong></span> 
     </span>
    </p>
   </div>
   <div class='ocr_carea' id='block_1_36' title="bbox 245 2090 1810 2165">
    <p class='ocr_par' dir='ltr' id='par_1_36' title="bbox 245 2090 1810 2165">
     <span class='ocr_line' id='line_1_36' title="bbox 245 2090 1810 2165; baseline -0.006 -12"><span class='ocrx_word' id='word_1_293' title='bbox 245 2099 398 2161; x_wconf 81' lang='lat' dir='ltr'><strong>novit,</strong></span> <span class='ocrx_word' id='word_1_294' title='bbox 423 2093 697 2165; x_wconf 84' lang='lat' dir='ltr'><strong>quomodo</strong></span> <span class='ocrx_word' id='word_1_295' title='bbox 720 2093 938 2163; x_wconf 79' lang='lat' dir='ltr'><strong>ignorat</strong></span> <span class='ocrx_word' id='word_1_296' title='bbox 960 2092 1105 2162; x_wconf 88' lang='lat' dir='ltr'><strong>quod</strong></span> <span class='ocrx_word' id='word_1_297' title='bbox 1139 2092 1318 2145; x_wconf 84' lang='lat' dir='ltr'><strong>minus</strong></span> <span class='ocrx_word' id='word_1_298' title='bbox 1355 2097 1441 2146; x_wconf 87' lang='lat' dir='ltr'><strong>est</strong></span> <span class='ocrx_word' id='word_1_299' title='bbox 1460 2092 1485 2143; x_wconf 70' lang='grc' dir='ltr'><em>ἲ</em></span> <span class='ocrx_word' id='word_1_300' title='bbox 1528 2090 1810 2161; x_wconf 82' lang='lat' dir='ltr'><strong>Seriptum</strong></span> 
     </span>
    </p>
   </div>
   <div class='ocr_carea' id='block_1_37' title="bbox 253 2182 1812 2259">
    <p class='ocr_par' dir='ltr' id='par_1_37' title="bbox 253 2182 1812 2259">
     <span class='ocr_line' id='line_1_37' title="bbox 253 2182 1812 2259; baseline -0.005 -15"><span class='ocrx_word' id='word_1_301' title='bbox 253 2188 480 2259; x_wconf 81' lang='lat' dir='ltr'><strong>legimus.</strong></span> <span class='ocrx_word' id='word_1_302' title='bbox 517 2186 710 2239; x_wconf 79' lang='lat' dir='ltr'><strong>Omnia</strong></span> <span class='ocrx_word' id='word_1_303' title='bbox 740 2200 856 2256; x_wconf 57' lang='grc' dir='ltr'><strong>φησι</strong></span> <span class='ocrx_word' id='word_1_304' title='bbox 900 2183 1077 2237; x_wconf 82' lang='lat' dir='ltr'><strong>Patris</strong></span> <span class='ocrx_word' id='word_1_305' title='bbox 1123 2192 1243 2237; x_wconf 78' lang='lat' dir='ltr'><strong>sunt</strong></span> <span class='ocrx_word' id='word_1_306' title='bbox 1264 2225 1279 2249; x_wconf 89' lang='lat'><strong>,</strong></span> <span class='ocrx_word' id='word_1_307' title='bbox 1311 2182 1442 2237; x_wconf 74' lang='lat' dir='ltr'><strong>mihi</strong></span> <span class='ocrx_word' id='word_1_308' title='bbox 1473 2182 1669 2236; x_wconf 64' lang='lat' dir='ltr'><strong>findite</strong></span> <span class='ocrx_word' id='word_1_309' title='bbox 1691 2188 1812 2237; x_wconf 84' lang='lat' dir='ltr'><strong>sunt</strong></span> 
     </span>
    </p>
   </div>
   <div class='ocr_carea' id='block_1_38' title="bbox 248 2273 1814 2353">
    <p class='ocr_par' dir='ltr' id='par_1_38' title="bbox 248 2273 1814 2353">
     <span class='ocr_line' id='line_1_38' title="bbox 248 2273 1814 2353; baseline -0.003 -18"><span class='ocrx_word' id='word_1_310' title='bbox 248 2279 383 2353; x_wconf 74' lang='lat' dir='ltr'><strong>(Luc.</strong></span> <span class='ocrx_word' id='word_1_311' title='bbox 409 2297 464 2347; x_wconf 66' lang='grc' dir='ltr'><strong>κ,</strong></span> <span class='ocrx_word' id='word_1_312' title='bbox 495 2278 614 2348; x_wconf 70' lang='lat'><strong>2‘2).</strong></span> <span class='ocrx_word' id='word_1_313' title='bbox 638 2278 695 2333; x_wconf 85' lang='lat' dir='ltr'><strong>Si</strong></span> <span class='ocrx_word' id='word_1_314' title='bbox 723 2277 907 2331; x_wconf 86' lang='lat' dir='ltr'><strong>omnia</strong></span> <span class='ocrx_word' id='word_1_315' title='bbox 932 2275 1108 2329; x_wconf 80' lang='lat' dir='ltr'><strong>Patris</strong></span> <span class='ocrx_word' id='word_1_316' title='bbox 1137 2275 1259 2330; x_wconf 86' lang='lat' dir='ltr'><strong>Filii</strong></span> <span class='ocrx_word' id='word_1_317' title='bbox 1292 2283 1441 2339; x_wconf 86' lang='lat' dir='ltr'><strong>sunt,</strong></span> <span class='ocrx_word' id='word_1_318' title='bbox 1466 2288 1572 2345; x_wconf 82' lang='lat' dir='ltr'><strong>qua</strong></span> <span class='ocrx_word' id='word_1_319' title='bbox 1596 2273 1814 2330; x_wconf 81' lang='lat' dir='ltr'><strong>ratione</strong></span> 
     </span>
    </p>
   </div>
   <div class='ocr_carea' id='block_1_39' title="bbox 247 2369 1812 2433">
    <p class='ocr_par' dir='ltr' id='par_1_39' title="bbox 247 2369 1812 2433">
     <span class='ocr_line' id='line_1_39' title="bbox 247 2369 1812 2433; baseline -0.004 -4"><span class='ocrx_word' id='word_1_320' title='bbox 247 2373 503 2431; x_wconf 79' lang='lat' dir='ltr'><strong>uniussibi</strong></span> <span class='ocrx_word' id='word_1_321' title='bbox 534 2371 644 2427; x_wconf 89' lang='lat' dir='ltr'><strong>diei</strong></span> <span class='ocrx_word' id='word_1_322' title='bbox 691 2371 944 2425; x_wconf 83' lang='lat' dir='ltr'><strong>notitiam</strong></span> <span class='ocrx_word' id='word_1_323' title='bbox 973 2369 1317 2433; x_wconf 73' lang='lat' dir='ltr'><strong>reservavit,</strong></span> <span class='ocrx_word' id='word_1_324' title='bbox 1372 2378 1427 2424; x_wconf 86' lang='lat' dir='ltr'><strong>et</strong></span> <span class='ocrx_word' id='word_1_325' title='bbox 1464 2369 1642 2424; x_wconf 79' lang='lat' dir='ltr'><strong>noluit</strong></span> <span class='ocrx_word' id='word_1_326' title='bbox 1690 2380 1812 2423; x_wconf 90' lang='lat' dir='ltr'><strong>eam</strong></span> 
     </span>
    </p>
   </div>
   <div class='ocr_carea' id='block_1_40' title="bbox 247 2460 1813 2522">
    <p class='ocr_par' dir='ltr' id='par_1_40' title="bbox 247 2460 1813 2522">
     <span class='ocr_line' id='line_1_40' title="bbox 247 2460 1813 2522; baseline -0.003 -1"><span class='ocrx_word' id='word_1_327' title='bbox 247 2466 626 2522; x_wconf 83' lang='lat' dir='ltr'><strong>communicare</strong></span> <span class='ocrx_word' id='word_1_328' title='bbox 647 2476 771 2519; x_wconf 85' lang='lat' dir='ltr'><strong>cum</strong></span> <span class='ocrx_word' id='word_1_329' title='bbox 802 2461 983 2517; x_wconf 75' lang='lat' dir='ltr'><strong>Filio?</strong></span> <span class='ocrx_word' id='word_1_330' title='bbox 1026 2461 1136 2517; x_wconf 82' lang='lat' dir='ltr'><strong>Sed</strong></span> <span class='ocrx_word' id='word_1_331' title='bbox 1172 2471 1230 2517; x_wconf 88' lang='lat' dir='ltr'><strong>et</strong></span> <span class='ocrx_word' id='word_1_332' title='bbox 1270 2460 1375 2518; x_wconf 84' lang='lat' dir='ltr'><strong>hoc</strong></span> <span class='ocrx_word' id='word_1_333' title='bbox 1419 2462 1813 2517; x_wconf 80' lang='lat' dir='ltr'><strong>inferendum:</strong></span> 
     </span>
    </p>
   </div>
   <div class='ocr_carea' id='block_1_41' title="bbox 247 2552 1818 2626">
    <p class='ocr_par' dir='ltr' id='par_1_41' title="bbox 247 2552 1818 2626">
     <span class='ocr_line' id='line_1_41' title="bbox 247 2552 1818 2626; baseline -0.001 -13"><span class='ocrx_word' id='word_1_334' title='bbox 247 2557 300 2614; x_wconf 87' lang='lat' dir='ltr'><strong>Si</strong></span> <span class='ocrx_word' id='word_1_335' title='bbox 331 2559 671 2613; x_wconf 68' lang='lat' dir='ltr'><strong>novissimum</strong></span> <span class='ocrx_word' id='word_1_336' title='bbox 695 2555 841 2610; x_wconf 86' lang='lat' dir='ltr'><strong>diem</strong></span> <span class='ocrx_word' id='word_1_337' title='bbox 877 2563 1184 2625; x_wconf 85' lang='lat' dir='ltr'><strong>temporum</strong></span> <span class='ocrx_word' id='word_1_338' title='bbox 1210 2552 1427 2625; x_wconf 83' lang='lat' dir='ltr'><strong>ignorat</strong></span> <span class='ocrx_word' id='word_1_339' title='bbox 1448 2601 1462 2624; x_wconf 91' lang='lat'><strong>,</strong></span> <span class='ocrx_word' id='word_1_340' title='bbox 1496 2557 1712 2626; x_wconf 81' lang='lat' dir='ltr'><strong>ignorat</strong></span> <span class='ocrx_word' id='word_1_341' title='bbox 1760 2563 1818 2611; x_wconf 92' lang='lat' dir='ltr'><strong>et</strong></span> 
     </span>
    </p>
   </div>
   <div class='ocr_carea' id='block_1_42' title="bbox 250 2646 1817 2718">
    <p class='ocr_par' dir='ltr' id='par_1_42' title="bbox 250 2646 1817 2718">
     <span class='ocr_line' id='line_1_42' title="bbox 250 2646 1817 2718; baseline 0.001 -15"><span class='ocrx_word' id='word_1_342' title='bbox 250 2662 373 2718; x_wconf 84' lang='lat' dir='ltr'><strong>pene</strong></span> <span class='ocrx_word' id='word_1_343' title='bbox 395 2650 672 2715; x_wconf 84' lang='lat' dir='ltr'><strong>ultimum,</strong></span> <span class='ocrx_word' id='word_1_344' title='bbox 700 2660 757 2703; x_wconf 89' lang='lat' dir='ltr'><strong>et</strong></span> <span class='ocrx_word' id='word_1_345' title='bbox 784 2657 1090 2702; x_wconf 88' lang='lat' dir='ltr'><strong>retrorsum</strong></span> <span class='ocrx_word' id='word_1_346' title='bbox 1117 2660 1328 2703; x_wconf 88' lang='lat' dir='ltr'><strong>omnes.</strong></span> <span class='ocrx_word' id='word_1_347' title='bbox 1375 2646 1493 2703; x_wconf 82' lang='lat' dir='ltr'><strong>Non</strong></span> <span class='ocrx_word' id='word_1_348' title='bbox 1539 2649 1685 2703; x_wconf 82' lang='lat' dir='ltr'><strong>enim</strong></span> <span class='ocrx_word' id='word_1_349' title='bbox 1719 2662 1817 2718; x_wconf 86' lang='lat' dir='ltr'><strong>po-</strong></span> 
     </span>
    </p>
   </div>
   <div class='ocr_carea' id='block_1_43' title="bbox 248 2738 1817 2811">
    <p class='ocr_par' dir='ltr' id='par_1_43' title="bbox 248 2738 1817 2811">
     <span class='ocr_line' id='line_1_43' title="bbox 248 2738 1817 2811; baseline -0.001 -15"><span class='ocrx_word' id='word_1_350' title='bbox 248 2750 339 2797; x_wconf 84' lang='lat' dir='ltr'><strong>test</strong></span> <span class='ocrx_word' id='word_1_351' title='bbox 362 2739 492 2808; x_wconf 87' lang='lat' dir='ltr'><strong>lieri,</strong></span> <span class='ocrx_word' id='word_1_352' title='bbox 517 2751 578 2797; x_wconf 85' lang='lat' dir='ltr'><strong>ut</strong></span> <span class='ocrx_word' id='word_1_353' title='bbox 609 2741 701 2811; x_wconf 86' lang='lat' dir='ltr'><strong>qui</strong></span> <span class='ocrx_word' id='word_1_354' title='bbox 730 2740 967 2811; x_wconf 86' lang='lat' dir='ltr'><strong>primum</strong></span> <span class='ocrx_word' id='word_1_355' title='bbox 1001 2740 1242 2809; x_wconf 83' lang='lat' dir='ltr'><strong>ignorat,</strong></span> <span class='ocrx_word' id='word_1_356' title='bbox 1286 2738 1426 2795; x_wconf 86' lang='lat' dir='ltr'><strong>sciat</strong></span> <span class='ocrx_word' id='word_1_357' title='bbox 1453 2740 1583 2810; x_wconf 86' lang='lat' dir='ltr'><strong>quid</strong></span> <span class='ocrx_word' id='word_1_358' title='bbox 1613 2752 1817 2796; x_wconf 79' lang='lat' dir='ltr'><strong>secun-</strong></span> 
     </span>
    </p>
   </div>
   <div class='ocr_carea' id='block_1_44' title="bbox 251 2832 1819 2904">
    <p class='ocr_par' dir='ltr' id='par_1_44' title="bbox 251 2832 1819 2904">
     <span class='ocr_line' id='line_1_44' title="bbox 251 2832 1819 2904; baseline -0.002 -14"><span class='ocrx_word' id='word_1_359' title='bbox 251 2833 363 2890; x_wconf 75' lang='lat' dir='ltr'><strong>dum</strong></span> <span class='ocrx_word' id='word_1_360' title='bbox 391 2835 475 2888; x_wconf 91' lang='lat' dir='ltr'><strong>sit.</strong></span> <span class='ocrx_word' id='word_1_361' title='bbox 506 2834 678 2904; x_wconf 85' lang='lat' dir='ltr'><strong>igitur</strong></span> <span class='ocrx_word' id='word_1_362' title='bbox 700 2834 826 2903; x_wconf 83' lang='lat' dir='ltr'><strong>quia</strong></span> <span class='ocrx_word' id='word_1_363' title='bbox 875 2832 1236 2902; x_wconf 71' lang='lat' dir='ltr'><strong>probavimus</strong></span> <span class='ocrx_word' id='word_1_364' title='bbox 1283 2844 1387 2887; x_wconf 90' lang='lat' dir='ltr'><strong>non</strong></span> <span class='ocrx_word' id='word_1_365' title='bbox 1418 2832 1678 2903; x_wconf 76' lang='lat' dir='ltr'><strong>ignorare</strong></span> <span class='ocrx_word' id='word_1_366' title='bbox 1724 2832 1819 2887; x_wconf 81' lang='lat' dir='ltr'><strong>Fi-</strong></span> 
     </span>
    </p>
   </div>
   <div class='ocr_carea' id='block_1_45' title="bbox 251 2920 1815 3000">
    <p class='ocr_par' dir='ltr' id='par_1_45' title="bbox 251 2920 1815 3000">
     <span class='ocr_line' id='line_1_45' title="bbox 251 2920 1815 3000; baseline 0 -18"><span class='ocrx_word' id='word_1_367' title='bbox 251 2927 362 2983; x_wconf 86' lang='lat' dir='ltr'><strong>lium</strong></span> <span class='ocrx_word' id='word_1_368' title='bbox 390 2925 498 3000; x_wconf 81' lang='grc' dir='ltr'><strong>[Αι.</strong></span> <span class='ocrx_word' id='word_1_369' title='bbox 526 2928 740 2980; x_wconf 78' lang='lat' dir='ltr'><strong>additur</strong></span> <span class='ocrx_word' id='word_1_370' title='bbox 768 2920 890 2997; x_wconf 85' lang='lat' dir='ltr'><strong>Dei]</strong></span> <span class='ocrx_word' id='word_1_371' title='bbox 923 2923 1418 2979; x_wconf 81' lang='lat' dir='ltr'><strong>consummationis</strong></span> <span class='ocrx_word' id='word_1_372' title='bbox 1449 2925 1592 2980; x_wconf 84' lang='lat' dir='ltr'><strong>diem</strong></span> <span class='ocrx_word' id='word_1_373' title='bbox 1618 2938 1815 2983; x_wconf 85' lang='lat' dir='ltr'><strong>:causa</strong></span> 
     </span>
    </p>
   </div>
   <div class='ocr_carea' id='block_1_46' title="bbox 251 3019 1819 3090">
    <p class='ocr_par' dir='ltr' id='par_1_46' title="bbox 251 3019 1819 3090">
     <span class='ocr_line' id='line_1_46' title="bbox 251 3019 1819 3090; baseline -0.001 -13"><span class='ocrx_word' id='word_1_374' title='bbox 251 3021 503 3077; x_wconf 85' lang='lat' dir='ltr'><strong>reddenda</strong></span> <span class='ocrx_word' id='word_1_375' title='bbox 528 3031 616 3076; x_wconf 87' lang='lat' dir='ltr'><strong>est</strong></span> <span class='ocrx_word' id='word_1_376' title='bbox 644 3022 1021 3090; x_wconf 84' lang='lat' dir='ltr'><strong>curignorare</strong></span> <span class='ocrx_word' id='word_1_377' title='bbox 1046 3019 1284 3074; x_wconf 81' lang='lat' dir='ltr'><strong>dicatur.</strong></span> <span class='ocrx_word' id='word_1_378' title='bbox 1319 3019 1616 3088; x_wconf 76' lang='lat' dir='ltr'><strong>Apostolus</strong></span> <span class='ocrx_word' id='word_1_379' title='bbox 1648 3032 1819 3090; x_wconf 86' lang='lat' dir='ltr'><strong>super</strong></span> 
     </span>
    </p>
   </div>
   <div class='ocr_carea' id='block_1_47' title="bbox 253 3110 1820 3185">
    <p class='ocr_par' dir='ltr' id='par_1_47' title="bbox 253 3110 1820 3185">
     <span class='ocr_line' id='line_1_47' title="bbox 253 3110 1820 3185; baseline -0.003 -14"><span class='ocrx_word' id='word_1_380' title='bbox 253 3114 514 3171; x_wconf 67' lang='lat' dir='ltr'><strong>Salvator-te</strong></span> <span class='ocrx_word' id='word_1_381' title='bbox 538 3110 733 3170; x_wconf 86' lang='lat' dir='ltr'><strong>scribit</strong></span> <span class='ocrx_word' id='word_1_382' title='bbox 760 3130 773 3167; x_wconf 93' lang='lat'><strong>:</strong></span> <span class='ocrx_word' id='word_1_383' title='bbox 799 3112 865 3167; x_wconf 78' lang='lat' dir='ltr'><strong>In</strong></span> <span class='ocrx_word' id='word_1_384' title='bbox 894 3129 998 3185; x_wconf 87' lang='lat' dir='ltr'><strong>quo</strong></span> <span class='ocrx_word' id='word_1_385' title='bbox 1020 3122 1138 3167; x_wconf 86' lang='lat' dir='ltr'><strong>sunt</strong></span> <span class='ocrx_word' id='word_1_386' title='bbox 1160 3128 1335 3166; x_wconf 85' lang='lat' dir='ltr'><strong>omnes</strong></span> <span class='ocrx_word' id='word_1_387' title='bbox 1357 3113 1590 3167; x_wconf 77' lang='lat' dir='ltr'><strong>thesauri</strong></span> <span class='ocrx_word' id='word_1_388' title='bbox 1610 3114 1820 3185; x_wconf 69' lang='lat' dir='ltr'><strong>sapiam</strong></span> 
     </span>
    </p>
   </div>
   <div class='ocr_carea' id='block_1_48' title="bbox 1919 1898 3507 1972">
    <p class='ocr_par' dir='ltr' id='par_1_48' title="bbox 1919 1898 3507 1972">
     <span class='ocr_line' id='line_1_48' title="bbox 1919 1898 3507 1972; baseline 0.005 -21"><span class='ocrx_word' id='word_1_389' title='bbox 1919 1913 2025 1951; x_wconf 88' lang='lat' dir='ltr'><strong>una</strong></span> <span class='ocrx_word' id='word_1_390' title='bbox 2054 1907 2365 1965; x_wconf 85' lang='lat' dir='ltr'><strong>assumetur,</strong></span> <span class='ocrx_word' id='word_1_391' title='bbox 2390 1906 2436 1954; x_wconf 87' lang='lat' dir='ltr'><strong>et</strong></span> <span class='ocrx_word' id='word_1_392' title='bbox 2466 1914 2574 1953; x_wconf 88' lang='lat' dir='ltr'><strong>una</strong></span> <span class='ocrx_word' id='word_1_393' title='bbox 2596 1900 2937 1972; x_wconf 78' lang='lat' dir='ltr'><strong>relinquetur.</strong></span> <span class='ocrx_word' id='word_1_394' title='bbox 2955 1898 3107 1957; x_wconf 87' lang='lat' dir='ltr'><strong>Tunc</strong></span> <span class='ocrx_word' id='word_1_395' title='bbox 3126 1945 3141 1969; x_wconf 93' lang='lat'><strong>,</strong></span> <span class='ocrx_word' id='word_1_396' title='bbox 3173 1899 3371 1971; x_wconf 85' lang='lat' dir='ltr'><strong>inquit,</strong></span> <span class='ocrx_word' id='word_1_397' title='bbox 3396 1900 3507 1959; x_wconf 89' lang='lat' dir='ltr'><strong>duo</strong></span> 
     </span>
    </p>
   </div>
   <div class='ocr_carea' id='block_1_49' title="bbox 1918 1990 3507 2064">
    <p class='ocr_par' dir='ltr' id='par_1_49' title="bbox 1918 1990 3507 2064">
     <span class='ocr_line' id='line_1_49' title="bbox 1918 1990 3507 2064; baseline 0.002 -17"><span class='ocrx_word' id='word_1_398' title='bbox 1918 2002 2078 2048; x_wconf 87' lang='lat' dir='ltr'><strong>erunt</strong></span> <span class='ocrx_word' id='word_1_399' title='bbox 2110 1992 2167 2048; x_wconf 88' lang='lat' dir='ltr'><strong>iu</strong></span> <span class='ocrx_word' id='word_1_400' title='bbox 2194 2006 2347 2064; x_wconf 87' lang='lat' dir='ltr'><strong>agro,</strong></span> <span class='ocrx_word' id='word_1_401' title='bbox 2378 1990 2619 2064; x_wconf 86' lang='lat' dir='ltr'><strong>quando,</strong></span> <span class='ocrx_word' id='word_1_402' title='bbox 2650 2002 2900 2064; x_wconf 80' lang='lat' dir='ltr'><strong>tempere</strong></span> <span class='ocrx_word' id='word_1_403' title='bbox 2936 1990 3196 2051; x_wconf 88' lang='lat' dir='ltr'><strong>videlicet</strong></span> <span class='ocrx_word' id='word_1_404' title='bbox 3246 2006 3507 2051; x_wconf 90' lang='lat' dir='ltr'><strong>consum-</strong></span> 
     </span>
    </p>
   </div>
   <div class='ocr_carea' id='block_1_50' title="bbox 1920 2086 3515 2161">
    <p class='ocr_par' dir='ltr' id='par_1_50' title="bbox 1920 2086 3515 2161">
     <span class='ocr_line' id='line_1_50' title="bbox 1920 2086 3515 2161; baseline 0.004 -21"><span class='ocrx_word' id='word_1_405' title='bbox 1920 2088 2177 2142; x_wconf 87' lang='lat' dir='ltr'><strong>mationis</strong></span> <span class='ocrx_word' id='word_1_406' title='bbox 2204 2086 2725 2160; x_wconf 86' lang='lat' dir='ltr'><strong>atquejudicii,duo</strong></span> <span class='ocrx_word' id='word_1_407' title='bbox 2752 2090 2804 2143; x_wconf 90' lang='lat' dir='ltr'><strong>iu</strong></span> <span class='ocrx_word' id='word_1_408' title='bbox 2836 2104 2966 2160; x_wconf 87' lang='lat' dir='ltr'><strong>agro</strong></span> <span class='ocrx_word' id='word_1_409' title='bbox 2991 2089 3205 2161; x_wconf 79' lang='lat' dir='ltr'><strong>pariter</strong></span> <span class='ocrx_word' id='word_1_410' title='bbox 3235 2090 3515 2147; x_wconf 82' lang='lat' dir='ltr'><strong>invenien-</strong></span> 
     </span>
    </p>
   </div>
   <div class='ocr_carea' id='block_1_51' title="bbox 1919 2180 3510 2255">
    <p class='ocr_par' dir='ltr' id='par_1_51' title="bbox 1919 2180 3510 2255">
     <span class='ocr_line' id='line_1_51' title="bbox 1919 2180 3510 2255; baseline 0.002 -18"><span class='ocrx_word' id='word_1_411' title='bbox 1919 2191 2008 2237; x_wconf 87' lang='lat' dir='ltr'><strong>tur</strong></span> <span class='ocrx_word' id='word_1_412' title='bbox 2031 2181 2287 2239; x_wconf 89' lang='lat' dir='ltr'><strong>eumdem</strong></span> <span class='ocrx_word' id='word_1_413' title='bbox 2319 2181 2580 2238; x_wconf 85' lang='lat' dir='ltr'><strong>habentes</strong></span> <span class='ocrx_word' id='word_1_414' title='bbox 2606 2181 2873 2249; x_wconf 82' lang='lat' dir='ltr'><strong>laborem.</strong></span> <span class='ocrx_word' id='word_1_415' title='bbox 2906 2192 2960 2240; x_wconf 87' lang='lat' dir='ltr'><strong>et</strong></span> <span class='ocrx_word' id='word_1_416' title='bbox 2985 2180 3141 2253; x_wconf 90' lang='lat' dir='ltr'><strong>quasi</strong></span> <span class='ocrx_word' id='word_1_417' title='bbox 3190 2192 3376 2255; x_wconf 83' lang='lat' dir='ltr'><strong>parem</strong></span> <span class='ocrx_word' id='word_1_418' title='bbox 3421 2190 3510 2241; x_wconf 84' lang='lat' dir='ltr'><strong>se-</strong></span> 
     </span>
    </p>
   </div>
   <div class='ocr_carea' id='block_1_52' title="bbox 1920 2268 3506 2348">
    <p class='ocr_par' dir='ltr' id='par_1_52' title="bbox 1920 2268 3506 2348">
     <span class='ocr_line' id='line_1_52' title="bbox 1920 2268 3506 2348; baseline 0.001 -19"><span class='ocrx_word' id='word_1_419' title='bbox 1920 2284 2183 2340; x_wconf 88' lang='lat' dir='ltr'><strong>mentem,</strong></span> <span class='ocrx_word' id='word_1_420' title='bbox 2217 2274 2313 2330; x_wconf 90' lang='lat' dir='ltr'><strong>sed</strong></span> <span class='ocrx_word' id='word_1_421' title='bbox 2336 2272 2546 2331; x_wconf 83' lang='lat' dir='ltr'><strong>fructus</strong></span> <span class='ocrx_word' id='word_1_422' title='bbox 2573 2268 2781 2331; x_wconf 87' lang='lat' dir='ltr'><strong>laboris</strong></span> <span class='ocrx_word' id='word_1_423' title='bbox 2809 2291 2917 2331; x_wconf 92' lang='lat' dir='ltr'><strong>non</strong></span> <span class='ocrx_word' id='word_1_424' title='bbox 2969 2289 3123 2347; x_wconf 74' lang='lat' dir='ltr'><strong>teque</strong></span> <span class='ocrx_word' id='word_1_425' title='bbox 3153 2271 3506 2348; x_wconf 85' lang='lat' dir='ltr'><strong>recipientes.</strong></span> 
     </span>
    </p>
   </div>
   <div class='ocr_carea' id='block_1_53' title="bbox 1920 2367 3507 2438">
    <p class='ocr_par' dir='ltr' id='par_1_53' title="bbox 1920 2367 3507 2438">
     <span class='ocr_line' id='line_1_53' title="bbox 1920 2367 3507 2438; baseline 0.003 -17"><span class='ocrx_word' id='word_1_426' title='bbox 1920 2367 2052 2422; x_wconf 77' lang='lat' dir='ltr'><strong>Dum</strong></span> <span class='ocrx_word' id='word_1_427' title='bbox 2076 2382 2293 2438; x_wconf 86' lang='lat' dir='ltr'><strong>quoque</strong></span> <span class='ocrx_word' id='word_1_428' title='bbox 2316 2369 2586 2424; x_wconf 89' lang='lat' dir='ltr'><strong>molentes</strong></span> <span class='ocrx_word' id='word_1_429' title='bbox 2616 2369 2779 2423; x_wconf 90' lang='lat' dir='ltr'><strong>simul</strong></span> <span class='ocrx_word' id='word_1_430' title='bbox 2805 2378 2966 2425; x_wconf 89' lang='lat' dir='ltr'><strong>erunt</strong></span> <span class='ocrx_word' id='word_1_431' title='bbox 2995 2387 3008 2424; x_wconf 94' lang='lat'><strong>:</strong></span> <span class='ocrx_word' id='word_1_432' title='bbox 3039 2384 3146 2425; x_wconf 88' lang='lat' dir='ltr'><strong>una</strong></span> <span class='ocrx_word' id='word_1_433' title='bbox 3175 2380 3507 2438; x_wconf 80' lang='lat' dir='ltr'><strong>assumatur,</strong></span> 
     </span>
    </p>
   </div>
   <div class='ocr_carea' id='block_1_54' title="bbox 1920 2458 3509 2534">
    <p class='ocr_par' dir='ltr' id='par_1_54' title="bbox 1920 2458 3509 2534">
     <span class='ocr_line' id='line_1_54' title="bbox 1920 2458 3509 2534; baseline 0.001 -18"><span class='ocrx_word' id='word_1_434' title='bbox 1920 2468 2102 2516; x_wconf 89' lang='lat' dir='ltr'><strong>etuua</strong></span> <span class='ocrx_word' id='word_1_435' title='bbox 2132 2459 2494 2530; x_wconf 85' lang='lat' dir='ltr'><strong>relinquetur.</strong></span> <span class='ocrx_word' id='word_1_436' title='bbox 2522 2458 2581 2515; x_wconf 86' lang='lat' dir='ltr'><strong>lu</strong></span> <span class='ocrx_word' id='word_1_437' title='bbox 2608 2460 2822 2516; x_wconf 88' lang='lat' dir='ltr'><strong>duobus</strong></span> <span class='ocrx_word' id='word_1_438' title='bbox 2856 2461 2946 2532; x_wconf 87' lang='lat' dir='ltr'><strong>qui</strong></span> <span class='ocrx_word' id='word_1_439' title='bbox 2999 2462 3055 2516; x_wconf 90' lang='lat' dir='ltr'><strong>in</strong></span> <span class='ocrx_word' id='word_1_440' title='bbox 3101 2476 3234 2534; x_wconf 87' lang='lat' dir='ltr'><strong>agro</strong></span> <span class='ocrx_word' id='word_1_441' title='bbox 3263 2477 3509 2518; x_wconf 84' lang='lat' dir='ltr'><strong>commo-</strong></span> 
     </span>
    </p>
   </div>
   <div class='ocr_carea' id='block_1_55' title="bbox 1918 2544 3507 2629">
    <p class='ocr_par' dir='ltr' id='par_1_55' title="bbox 1918 2544 3507 2629">
     <span class='ocr_line' id='line_1_55' title="bbox 1918 2544 3507 2629; baseline 0.003 -23"><span class='ocrx_word' id='word_1_442' title='bbox 1918 2560 2132 2615; x_wconf 86' lang='lat' dir='ltr'><strong>rantur,</strong></span> <span class='ocrx_word' id='word_1_443' title='bbox 2157 2560 2211 2606; x_wconf 89' lang='lat' dir='ltr'><strong>et</strong></span> <span class='ocrx_word' id='word_1_444' title='bbox 2241 2552 2294 2606; x_wconf 89' lang='lat' dir='ltr'><strong>in</strong></span> <span class='ocrx_word' id='word_1_445' title='bbox 2315 2544 2524 2607; x_wconf 85' lang='lat' dir='ltr'><strong>duabus</strong></span> <span class='ocrx_word' id='word_1_446' title='bbox 2548 2569 2668 2624; x_wconf 70' lang='lat' dir='ltr'><strong>qua:</strong></span> <span class='ocrx_word' id='word_1_447' title='bbox 2692 2555 2900 2625; x_wconf 71' lang='lat' dir='ltr'><strong>pariter</strong></span> <span class='ocrx_word' id='word_1_448' title='bbox 2930 2555 3157 2621; x_wconf 87' lang='lat' dir='ltr'><strong>molunt,</strong></span> <span class='ocrx_word' id='word_1_449' title='bbox 3190 2557 3277 2611; x_wconf 81' lang='lat' dir='ltr'><strong>vel</strong></span> <span class='ocrx_word' id='word_1_450' title='bbox 3328 2552 3507 2629; x_wconf 82' lang='lat' dir='ltr'><strong>Syna-</strong></span> 
     </span>
    </p>
   </div>
   <div class='ocr_carea' id='block_1_56' title="bbox 1919 2642 3512 2720">
    <p class='ocr_par' dir='ltr' id='par_1_56' title="bbox 1919 2642 3512 2720">
     <span class='ocr_line' id='line_1_56' title="bbox 1919 2642 3512 2720; baseline 0.006 -25"><span class='ocrx_word' id='word_1_451' title='bbox 1919 2660 2113 2717; x_wconf 79' lang='lat' dir='ltr'><strong>gogam</strong></span> <span class='ocrx_word' id='word_1_452' title='bbox 2137 2644 2403 2716; x_wconf 83' lang='lat' dir='ltr'><strong>intellige,</strong></span> <span class='ocrx_word' id='word_1_453' title='bbox 2434 2653 2490 2702; x_wconf 91' lang='lat' dir='ltr'><strong>et</strong></span> <span class='ocrx_word' id='word_1_454' title='bbox 2519 2643 2629 2719; x_wconf 79' lang='lat' dir='ltr'><strong>[AL</strong></span> <span class='ocrx_word' id='word_1_455' title='bbox 2653 2644 2762 2719; x_wconf 86' lang='lat' dir='ltr'><strong>vel]</strong></span> <span class='ocrx_word' id='word_1_456' title='bbox 2796 2642 3094 2703; x_wconf 81' lang='lat' dir='ltr'><strong>Ecclesiam</strong></span> <span class='ocrx_word' id='word_1_457' title='bbox 3124 2691 3139 2716; x_wconf 91' lang='lat'><strong>,</strong></span> <span class='ocrx_word' id='word_1_458' title='bbox 3173 2644 3317 2720; x_wconf 83' lang='lat' dir='ltr'><strong>quod</strong></span> <span class='ocrx_word' id='word_1_459' title='bbox 3348 2649 3512 2704; x_wconf 83' lang='lat' dir='ltr'><strong>simul</strong></span> 
     </span>
    </p>
   </div>
   <div class='ocr_carea' id='block_1_57' title="bbox 1920 2736 3509 2812">
    <p class='ocr_par' dir='ltr' id='par_1_57' title="bbox 1920 2736 3509 2812">
     <span class='ocr_line' id='line_1_57' title="bbox 1920 2736 3509 2812; baseline 0.003 -21"><span class='ocrx_word' id='word_1_460' title='bbox 1920 2736 2129 2793; x_wconf 87' lang='lat' dir='ltr'><strong>molere</strong></span> <span class='ocrx_word' id='word_1_461' title='bbox 2153 2737 2445 2794; x_wconf 88' lang='lat' dir='ltr'><strong>videantur</strong></span> <span class='ocrx_word' id='word_1_462' title='bbox 2476 2737 2529 2793; x_wconf 91' lang='lat' dir='ltr'><strong>in</strong></span> <span class='ocrx_word' id='word_1_463' title='bbox 2562 2737 2726 2808; x_wconf 80' lang='lat' dir='ltr'><strong>Lege,</strong></span> <span class='ocrx_word' id='word_1_464' title='bbox 2777 2745 2832 2793; x_wconf 92' lang='lat' dir='ltr'><strong>et</strong></span> <span class='ocrx_word' id='word_1_465' title='bbox 2861 2736 2932 2795; x_wconf 83' lang='lat' dir='ltr'><strong>de</strong></span> <span class='ocrx_word' id='word_1_466' title='bbox 2962 2739 3168 2795; x_wconf 84' lang='lat' dir='ltr'><strong>eisdem</strong></span> <span class='ocrx_word' id='word_1_467' title='bbox 3201 2738 3509 2812; x_wconf 85' lang='lat' dir='ltr'><strong>Scripturis</strong></span> 
     </span>
    </p>
   </div>
   <div class='ocr_carea' id='block_1_58' title="bbox 1923 2830 3510 2901">
    <p class='ocr_par' dir='ltr' id='par_1_58' title="bbox 1923 2830 3510 2901">
     <span class='ocr_line' id='line_1_58' title="bbox 1923 2830 3510 2901; baseline 0.003 -16"><span class='ocrx_word' id='word_1_468' title='bbox 1923 2830 2149 2886; x_wconf 77' lang='lat' dir='ltr'><strong>farinam</strong></span> <span class='ocrx_word' id='word_1_469' title='bbox 2185 2840 2365 2887; x_wconf 86' lang='lat' dir='ltr'><strong>terere</strong></span> <span class='ocrx_word' id='word_1_470' title='bbox 2391 2842 2794 2901; x_wconf 72' lang='lat' dir='ltr'><strong>prmceptorum</strong></span> <span class='ocrx_word' id='word_1_471' title='bbox 2851 2832 2945 2888; x_wconf 90' lang='lat' dir='ltr'><strong>Dei</strong></span> <span class='ocrx_word' id='word_1_472' title='bbox 2982 2852 2994 2889; x_wconf 93' lang='lat'><strong>:</strong></span> <span class='ocrx_word' id='word_1_473' title='bbox 3025 2834 3112 2889; x_wconf 89' lang='lat' dir='ltr'><strong>vel</strong></span> <span class='ocrx_word' id='word_1_474' title='bbox 3140 2842 3369 2890; x_wconf 70' lang='lat' dir='ltr'><strong>cmteras</strong></span> <span class='ocrx_word' id='word_1_475' title='bbox 3396 2833 3510 2889; x_wconf 70' lang='lat' dir='ltr'><strong>hm-</strong></span> 
     </span>
    </p>
   </div>
   <div class='ocr_carea' id='block_1_59' title="bbox 1921 2921 3498 2995">
    <p class='ocr_par' dir='ltr' id='par_1_59' title="bbox 1921 2921 3498 2995">
     <span class='ocr_line' id='line_1_59' title="bbox 1921 2921 3498 2995; baseline 0.002 -17"><span class='ocrx_word' id='word_1_476' title='bbox 1921 2934 2097 2988; x_wconf 87' lang='lat' dir='ltr'><strong>reses,</strong></span> <span class='ocrx_word' id='word_1_477' title='bbox 2130 2938 2249 2993; x_wconf 63' lang='lat' dir='ltr'><strong>qua:</strong></span> <span class='ocrx_word' id='word_1_478' title='bbox 2275 2925 2342 2979; x_wconf 88' lang='lat' dir='ltr'><strong>de</strong></span> <span class='ocrx_word' id='word_1_479' title='bbox 2362 2931 2596 2995; x_wconf 87' lang='lat' dir='ltr'><strong>utroque</strong></span> <span class='ocrx_word' id='word_1_480' title='bbox 2632 2921 3028 2992; x_wconf 86' lang='lat' dir='ltr'><strong>Testamento,</strong></span> <span class='ocrx_word' id='word_1_481' title='bbox 3074 2937 3167 2980; x_wconf 88' lang='lat' dir='ltr'><strong>aut</strong></span> <span class='ocrx_word' id='word_1_482' title='bbox 3215 2926 3282 2982; x_wconf 90' lang='lat' dir='ltr'><strong>de</strong></span> <span class='ocrx_word' id='word_1_483' title='bbox 3324 2926 3498 2982; x_wconf 87' lang='lat' dir='ltr'><strong>altero</strong></span> 
     </span>
    </p>
   </div>
   <div class='ocr_carea' id='block_1_60' title="bbox 1923 3014 3517 3075">
    <p class='ocr_par' dir='ltr' id='par_1_60' title="bbox 1923 3014 3517 3075">
     <span class='ocr_line' id='line_1_60' title="bbox 1923 3014 3517 3075; baseline 0.003 -6"><span class='ocrx_word' id='word_1_484' title='bbox 1923 3014 2177 3069; x_wconf 77' lang='lat' dir='ltr'><strong>ridentur</strong></span> <span class='ocrx_word' id='word_1_485' title='bbox 2197 3014 2405 3070; x_wconf 89' lang='lat' dir='ltr'><strong>molere</strong></span> <span class='ocrx_word' id='word_1_486' title='bbox 2428 3016 2655 3070; x_wconf 80' lang='lat' dir='ltr'><strong>farinam</strong></span> <span class='ocrx_word' id='word_1_487' title='bbox 2669 3014 3042 3072; x_wconf 89' lang='lat' dir='ltr'><strong>doctrinarum</strong></span> <span class='ocrx_word' id='word_1_488' title='bbox 3057 3030 3281 3073; x_wconf 87' lang='lat' dir='ltr'><strong>suarum</strong></span> <span class='ocrx_word' id='word_1_489' title='bbox 3298 3036 3311 3071; x_wconf 93' lang='lat'><strong>:</strong></span> <span class='ocrx_word' id='word_1_490' title='bbox 3327 3028 3517 3075; x_wconf 87' lang='lat' dir='ltr'><strong>etcum</strong></span> 
     </span>
    </p>
   </div>
   <div class='ocr_carea' id='block_1_61' title="bbox 1927 3106 3516 3185">
    <p class='ocr_par' dir='ltr' id='par_1_61' title="bbox 1927 3106 3516 3185">
     <span class='ocr_line' id='line_1_61' title="bbox 1927 3106 3516 3185; baseline 0.004 -23"><span class='ocrx_word' id='word_1_491' title='bbox 1927 3124 2092 3162; x_wconf 86' lang='lat' dir='ltr'><strong>unum</strong></span> <span class='ocrx_word' id='word_1_492' title='bbox 2124 3108 2361 3163; x_wconf 89' lang='lat' dir='ltr'><strong>nominis</strong></span> <span class='ocrx_word' id='word_1_493' title='bbox 2382 3106 2677 3165; x_wconf 84' lang='lat' dir='ltr'><strong>Christiani</strong></span> <span class='ocrx_word' id='word_1_494' title='bbox 2704 3112 3047 3181; x_wconf 68' lang='lat' dir='ltr'><strong>prepositum</strong></span> <span class='ocrx_word' id='word_1_495' title='bbox 3071 3110 3233 3185; x_wconf 57' lang='grc' dir='ltr'><strong>ποι</strong></span> <span class='ocrx_word' id='word_1_496' title='bbox 3257 3106 3516 3181; x_wconf 76' lang='lat' dir='ltr'><strong>habeant,</strong></span> 
     </span>
    </p>
   </div>
   <div class='ocr_carea' id='block_1_62' title="bbox 254 3194 3519 3278">
    <p class='ocr_par' dir='ltr' id='par_1_62' title="bbox 254 3194 3519 3278">
     <span class='ocr_line' id='line_1_62' title="bbox 254 3194 3519 3278; baseline -0.001 -15"><span class='ocrx_word' id='word_1_497' title='bbox 254 3208 327 3263; x_wconf 70' lang='lat' dir='ltr'><strong>tim</strong></span> <span class='ocrx_word' id='word_1_498' title='bbox 348 3218 392 3263; x_wconf 85' lang='lat' dir='ltr'><strong>et</strong></span> <span class='ocrx_word' id='word_1_499' title='bbox 414 3209 639 3264; x_wconf 61' lang='lat' dir='ltr'><strong>scientius</strong></span> <span class='ocrx_word' id='word_1_500' title='bbox 668 3205 955 3262; x_wconf 83' lang='lat' dir='ltr'><strong>absconditi</strong></span> <span class='ocrx_word' id='word_1_501' title='bbox 987 3204 1213 3278; x_wconf 84' lang='lat' dir='ltr'><strong>(Coloss.</strong></span> <span class='ocrx_word' id='word_1_502' title='bbox 1243 3220 1311 3274; x_wconf 90' lang='lat' dir='ltr'><strong>ll,</strong></span> <span class='ocrx_word' id='word_1_503' title='bbox 1364 3206 1444 3276; x_wconf 80' lang='lat'><strong>3).</strong></span> <span class='ocrx_word' id='word_1_504' title='bbox 1498 3205 1640 3261; x_wconf 86' lang='lat' dir='ltr'><strong>Sunt</strong></span> <span class='ocrx_word' id='word_1_505' title='bbox 1689 3220 1820 3277; x_wconf 87' lang='lat' dir='ltr'><strong>ergo</strong></span> <span class='ocrx_word' id='word_1_506' title='bbox 1845 3194 1892 3267; x_wconf 64' lang='grc' dir='ltr'><strong>(Σ</strong></span> <span class='ocrx_word' id='word_1_507' title='bbox 1928 3212 2035 3255; x_wconf 84' lang='lat' dir='ltr'><strong>non</strong></span> <span class='ocrx_word' id='word_1_508' title='bbox 2066 3198 2313 3256; x_wconf 87' lang='lat' dir='ltr'><strong>eamdem</strong></span> <span class='ocrx_word' id='word_1_509' title='bbox 2343 3200 2658 3258; x_wconf 83' lang='lat' dir='ltr'><strong>mercedem</strong></span> <span class='ocrx_word' id='word_1_510' title='bbox 2704 3198 2973 3275; x_wconf 85' lang='lat' dir='ltr'><strong>recipient</strong></span> <span class='ocrx_word' id='word_1_511' title='bbox 3006 3214 3020 3259; x_wconf 67' lang='grc' dir='ltr'><strong><em>ξ</em></strong></span> <span class='ocrx_word' id='word_1_512' title='bbox 3051 3204 3173 3259; x_wconf 86' lang='lat' dir='ltr'><strong>aliis</strong></span> <span class='ocrx_word' id='word_1_513' title='bbox 3203 3207 3519 3277; x_wconf 74' lang='lat' dir='ltr'><strong>assumptis,</strong></span> 
     </span>
    </p>
   </div>
   <div class='ocr_carea' id='block_1_63' title="bbox 253 3292 1819 3369">
    <p class='ocr_par' dir='ltr' id='par_1_63' title="bbox 253 3292 1819 3369">
     <span class='ocr_line' id='line_1_63' title="bbox 253 3292 1819 3369; baseline 0 -14"><span class='ocrx_word' id='word_1_514' title='bbox 253 3312 420 3357; x_wconf 84' lang='lat' dir='ltr'><strong>omnes</strong></span> <span class='ocrx_word' id='word_1_515' title='bbox 440 3300 686 3358; x_wconf 80' lang='lat' dir='ltr'><strong>thesauri</strong></span> <span class='ocrx_word' id='word_1_516' title='bbox 710 3301 765 3355; x_wconf 88' lang='lat' dir='ltr'><strong>in</strong></span> <span class='ocrx_word' id='word_1_517' title='bbox 787 3299 1009 3355; x_wconf 87' lang='lat' dir='ltr'><strong>Christo</strong></span> <span class='ocrx_word' id='word_1_518' title='bbox 1030 3298 1317 3369; x_wconf 81' lang='lat' dir='ltr'><strong>sapientiae</strong></span> <span class='ocrx_word' id='word_1_519' title='bbox 1336 3306 1393 3354; x_wconf 85' lang='lat' dir='ltr'><strong>et</strong></span> <span class='ocrx_word' id='word_1_520' title='bbox 1421 3297 1691 3365; x_wconf 79' lang='lat' dir='ltr'><strong>scientiae,</strong></span> <span class='ocrx_word' id='word_1_521' title='bbox 1721 3292 1819 3355; x_wconf 84' lang='lat' dir='ltr'><strong>scd</strong></span> 
     </span>
    </p>
   </div>
   <div class='ocr_carea' id='block_1_64' title="bbox 252 3389 1823 3460">
    <p class='ocr_par' dir='ltr' id='par_1_64' title="bbox 252 3389 1823 3460">
     <span class='ocr_line' id='line_1_64' title="bbox 252 3389 1823 3460; baseline 0 -13"><span class='ocrx_word' id='word_1_522' title='bbox 252 3392 532 3449; x_wconf 80' lang='lat' dir='ltr'><strong>absconditl</strong></span> <span class='ocrx_word' id='word_1_523' title='bbox 557 3401 714 3449; x_wconf 86' lang='lat' dir='ltr'><strong>sunt.</strong></span> <span class='ocrx_word' id='word_1_524' title='bbox 745 3393 930 3460; x_wconf 81' lang='lat' dir='ltr'><strong>Quare</strong></span> <span class='ocrx_word' id='word_1_525' title='bbox 957 3390 1268 3446; x_wconf 77' lang='lat' dir='ltr'><strong>absconditi</strong></span> <span class='ocrx_word' id='word_1_526' title='bbox 1295 3390 1462 3445; x_wconf 78' lang='lat' dir='ltr'><strong>sunt?</strong></span> <span class='ocrx_word' id='word_1_527' title='bbox 1489 3389 1622 3445; x_wconf 83' lang='lat' dir='ltr'><strong>Post</strong></span> <span class='ocrx_word' id='word_1_528' title='bbox 1644 3406 1823 3447; x_wconf 67' lang='lat' dir='ltr'><strong>resur-</strong></span> 
     </span>
    </p>
   </div>
   <div class='ocr_carea' id='block_1_65' title="bbox 255 3478 1824 3557">
    <p class='ocr_par' dir='ltr' id='par_1_65' title="bbox 255 3478 1824 3557">
     <span class='ocr_line' id='line_1_65' title="bbox 255 3478 1824 3557; baseline -0.002 -14"><span class='ocrx_word' id='word_1_529' title='bbox 255 3487 529 3543; x_wconf 80' lang='lat' dir='ltr'><strong>rectionem</strong></span> <span class='ocrx_word' id='word_1_530' title='bbox 572 3488 949 3557; x_wconf 75' lang='lat' dir='ltr'><strong>interrngatus</strong></span> <span class='ocrx_word' id='word_1_531' title='bbox 971 3483 1042 3537; x_wconf 88' lang='lat' dir='ltr'><strong>ab</strong></span> <span class='ocrx_word' id='word_1_532' title='bbox 1072 3478 1340 3554; x_wconf 83' lang='lat' dir='ltr'><strong>apostolis</strong></span> <span class='ocrx_word' id='word_1_533' title='bbox 1362 3524 1375 3546; x_wconf 84' lang='lat'><strong>,</strong></span> <span class='ocrx_word' id='word_1_534' title='bbox 1429 3481 1497 3539; x_wconf 90' lang='lat' dir='ltr'><strong>de</strong></span> <span class='ocrx_word' id='word_1_535' title='bbox 1527 3482 1616 3539; x_wconf 86' lang='lat' dir='ltr'><strong>die</strong></span> <span class='ocrx_word' id='word_1_536' title='bbox 1644 3484 1824 3540; x_wconf 84' lang='lat' dir='ltr'><strong>mani-</strong></span> 
     </span>
    </p>
   </div>
   <div class='ocr_carea' id='block_1_66' title="bbox 256 3574 1824 3650">
    <p class='ocr_par' dir='ltr' id='par_1_66' title="bbox 256 3574 1824 3650">
     <span class='ocr_line' id='line_1_66' title="bbox 256 3574 1824 3650; baseline -0.001 -18"><span class='ocrx_word' id='word_1_537' title='bbox 256 3575 429 3634; x_wconf 77' lang='lat' dir='ltr'><strong>festius</strong></span> <span class='ocrx_word' id='word_1_538' title='bbox 452 3578 780 3650; x_wconf 85' lang='lat' dir='ltr'><strong>respondit:</strong></span> <span class='ocrx_word' id='word_1_539' title='bbox 813 3575 937 3632; x_wconf 86' lang='lat' dir='ltr'><strong>Non</strong></span> <span class='ocrx_word' id='word_1_540' title='bbox 966 3584 1043 3631; x_wconf 83' lang='lat' dir='ltr'><strong>est</strong></span> <span class='ocrx_word' id='word_1_541' title='bbox 1068 3585 1299 3631; x_wconf 76' lang='lat' dir='ltr'><strong>vestrum</strong></span> <span class='ocrx_word' id='word_1_542' title='bbox 1320 3574 1452 3631; x_wconf 83' lang='lat' dir='ltr'><strong>scire</strong></span> <span class='ocrx_word' id='word_1_543' title='bbox 1484 3584 1720 3648; x_wconf 81' lang='lat' dir='ltr'><strong>tempora</strong></span> <span class='ocrx_word' id='word_1_544' title='bbox 1740 3574 1824 3631; x_wconf 83' lang='lat' dir='ltr'><strong>rel</strong></span> 
     </span>
    </p>
   </div>
   <div class='ocr_carea' id='block_1_67' title="bbox 257 3667 1819 3743">
    <p class='ocr_par' dir='ltr' id='par_1_67' title="bbox 257 3667 1819 3743">
     <span class='ocr_line' id='line_1_67' title="bbox 257 3667 1819 3743; baseline 0.001 -17"><span class='ocrx_word' id='word_1_545' title='bbox 257 3680 503 3743; x_wconf 73' lang='lat' dir='ltr'><strong>momento,</strong></span> <span class='ocrx_word' id='word_1_546' title='bbox 526 3689 643 3743; x_wconf 71' lang='lat' dir='ltr'><strong>qua!</strong></span> <span class='ocrx_word' id='word_1_547' title='bbox 665 3667 826 3726; x_wconf 80' lang='lat' dir='ltr'><strong>Pater</strong></span> <span class='ocrx_word' id='word_1_548' title='bbox 842 3670 1017 3743; x_wconf 80' lang='lat' dir='ltr'><strong>possit</strong></span> <span class='ocrx_word' id='word_1_549' title='bbox 1045 3668 1101 3724; x_wconf 85' lang='lat' dir='ltr'><strong>in</strong></span> <span class='ocrx_word' id='word_1_550' title='bbox 1128 3684 1226 3725; x_wconf 84' lang='lat' dir='ltr'><strong>sua</strong></span> <span class='ocrx_word' id='word_1_551' title='bbox 1247 3678 1495 3740; x_wconf 77' lang='lat' dir='ltr'><strong>potestate</strong></span> <span class='ocrx_word' id='word_1_552' title='bbox 1516 3668 1656 3743; x_wconf 70' lang='lat' dir='ltr'><strong>(Act.</strong></span> <span class='ocrx_word' id='word_1_553' title='bbox 1673 3686 1715 3736; x_wconf 84' lang='grc' dir='ltr'><strong>ι,</strong></span> <span class='ocrx_word' id='word_1_554' title='bbox 1738 3668 1819 3743; x_wconf 83' lang='lat'><strong>7).</strong></span> 
     </span>
    </p>
   </div>
   <div class='ocr_carea' id='block_1_68' title="bbox 258 3762 1822 3836">
    <p class='ocr_par' dir='ltr' id='par_1_68' title="bbox 258 3762 1822 3836">
     <span class='ocr_line' id='line_1_68' title="bbox 258 3762 1822 3836; baseline 0.003 -19"><span class='ocrx_word' id='word_1_555' title='bbox 258 3765 456 3830; x_wconf 79' lang='lat' dir='ltr'><strong>Quando</strong></span> <span class='ocrx_word' id='word_1_556' title='bbox 482 3766 635 3831; x_wconf 86' lang='lat' dir='ltr'><strong>dicit,</strong></span> <span class='ocrx_word' id='word_1_557' title='bbox 661 3781 763 3819; x_wconf 86' lang='lat' dir='ltr'><strong>non</strong></span> <span class='ocrx_word' id='word_1_558' title='bbox 785 3774 859 3818; x_wconf 88' lang='lat' dir='ltr'><strong>est</strong></span> <span class='ocrx_word' id='word_1_559' title='bbox 888 3773 1116 3818; x_wconf 82' lang='lat' dir='ltr'><strong>vestrum</strong></span> <span class='ocrx_word' id='word_1_560' title='bbox 1145 3765 1278 3818; x_wconf 72' lang='lat' dir='ltr'><strong>scire</strong></span> <span class='ocrx_word' id='word_1_561' title='bbox 1304 3809 1319 3833; x_wconf 91' lang='lat'><strong>,</strong></span> <span class='ocrx_word' id='word_1_562' title='bbox 1371 3764 1614 3820; x_wconf 87' lang='lat' dir='ltr'><strong>ostendit</strong></span> <span class='ocrx_word' id='word_1_563' title='bbox 1670 3762 1822 3836; x_wconf 88' lang='lat' dir='ltr'><strong>quod</strong></span> 
     </span>
    </p>
   </div>
   <div class='ocr_carea' id='block_1_69' title="bbox 229 3839 1824 3929">
    <p class='ocr_par' dir='ltr' id='par_1_69' title="bbox 229 3839 1824 3929">
     <span class='ocr_line' id='line_1_69' title="bbox 229 3839 1824 3929; baseline 0.003 -19"><span class='ocrx_word' id='word_1_564' title='bbox 229 3839 358 3926; x_wconf 45' lang='lat' dir='ltr'><strong>&#39;ipse</strong></span> <span class='ocrx_word' id='word_1_565' title='bbox 379 3859 538 3925; x_wconf 85' lang='lat' dir='ltr'><strong>sciat,</strong></span> <span class='ocrx_word' id='word_1_566' title='bbox 589 3856 687 3913; x_wconf 84' lang='lat' dir='ltr'><strong>sed</strong></span> <span class='ocrx_word' id='word_1_567' title='bbox 734 3870 843 3912; x_wconf 89' lang='lat' dir='ltr'><strong>non</strong></span> <span class='ocrx_word' id='word_1_568' title='bbox 887 3856 1146 3926; x_wconf 69' lang='lat' dir='ltr'><strong>expediat</strong></span> <span class='ocrx_word' id='word_1_569' title='bbox 1200 3871 1364 3914; x_wconf 83' lang='lat' dir='ltr'><strong>nosse</strong></span> <span class='ocrx_word' id='word_1_570' title='bbox 1400 3856 1700 3929; x_wconf 83' lang='lat' dir='ltr'><strong>apostolis,</strong></span> <span class='ocrx_word' id='word_1_571' title='bbox 1761 3869 1824 3915; x_wconf 90' lang='lat' dir='ltr'><strong>ut</strong></span> 
     </span>
    </p>
   </div>
   <div class='ocr_carea' id='block_1_70' title="bbox 254 3946 1825 4022">
    <p class='ocr_par' dir='ltr' id='par_1_70' title="bbox 254 3946 1825 4022">
     <span class='ocr_line' id='line_1_70' title="bbox 254 3946 1825 4022; baseline 0.002 -17"><span class='ocrx_word' id='word_1_572' title='bbox 254 3956 448 4022; x_wconf 69' lang='lat' dir='ltr'><strong>Semper</strong></span> <span class='ocrx_word' id='word_1_573' title='bbox 472 3950 665 4006; x_wconf 87' lang='lat' dir='ltr'><strong>incerti</strong></span> <span class='ocrx_word' id='word_1_574' title='bbox 693 3948 761 4004; x_wconf 75' lang='lat' dir='ltr'><strong>de</strong></span> <span class='ocrx_word' id='word_1_575' title='bbox 784 3946 1023 4004; x_wconf 81' lang='lat' dir='ltr'><strong>adventu</strong></span> <span class='ocrx_word' id='word_1_576' title='bbox 1054 3950 1287 4019; x_wconf 71' lang='lat' dir='ltr'><strong>iudicis,</strong></span> <span class='ocrx_word' id='word_1_577' title='bbox 1337 3948 1418 4007; x_wconf 88' lang='lat' dir='ltr'><strong>sic</strong></span> <span class='ocrx_word' id='word_1_578' title='bbox 1462 3948 1715 4021; x_wconf 86' lang='lat' dir='ltr'><strong>quotidie</strong></span> <span class='ocrx_word' id='word_1_579' title='bbox 1746 3950 1825 4008; x_wconf 76' lang='lat' dir='ltr'><strong>vi-</strong></span> 
     </span>
    </p>
   </div>
   <div class='ocr_carea' id='block_1_71' title="bbox 257 4040 1825 4118">
    <p class='ocr_par' dir='ltr' id='par_1_71' title="bbox 257 4040 1825 4118">
     <span class='ocr_line' id='line_1_71' title="bbox 257 4040 1825 4118; baseline 0.004 -21"><span class='ocrx_word' id='word_1_580' title='bbox 257 4048 388 4110; x_wconf 69' lang='lat' dir='ltr'><strong>rent,</strong></span> <span class='ocrx_word' id='word_1_581' title='bbox 414 4046 563 4117; x_wconf 79' lang='lat' dir='ltr'><strong>quasi</strong></span> <span class='ocrx_word' id='word_1_582' title='bbox 591 4045 680 4100; x_wconf 91' lang='lat' dir='ltr'><strong>die</strong></span> <span class='ocrx_word' id='word_1_583' title='bbox 704 4040 870 4116; x_wconf 78' lang='lat'><strong>200</strong></span> <span class='ocrx_word' id='word_1_584' title='bbox 889 4042 996 4098; x_wconf 87' lang='lat' dir='ltr'><strong>alia</strong></span> <span class='ocrx_word' id='word_1_585' title='bbox 1022 4040 1308 4114; x_wconf 74' lang='lat' dir='ltr'><strong>iudicandi</strong></span> <span class='ocrx_word' id='word_1_586' title='bbox 1333 4044 1465 4102; x_wconf 88' lang='lat' dir='ltr'><strong>sint.</strong></span> <span class='ocrx_word' id='word_1_587' title='bbox 1503 4044 1746 4118; x_wconf 89' lang='lat' dir='ltr'><strong>Denique</strong></span> <span class='ocrx_word' id='word_1_588' title='bbox 1770 4050 1825 4103; x_wconf 83' lang='lat' dir='ltr'><strong>et</strong></span> 
     </span>
    </p>
   </div>
   <div class='ocr_carea' id='block_1_72' title="bbox 260 4136 1820 4212">
    <p class='ocr_par' dir='ltr' id='par_1_72' title="bbox 260 4136 1820 4212">
     <span class='ocr_line' id='line_1_72' title="bbox 260 4136 1820 4212; baseline 0.003 -23"><span class='ocrx_word' id='word_1_589' title='bbox 260 4150 575 4207; x_wconf 82' lang='lat' dir='ltr'><strong>consequens</strong></span> <span class='ocrx_word' id='word_1_590' title='bbox 600 4136 886 4207; x_wconf 67' lang='lat' dir='ltr'><strong>Evangelii</strong></span> <span class='ocrx_word' id='word_1_591' title='bbox 914 4151 1099 4193; x_wconf 85' lang='lat' dir='ltr'><strong>sermo</strong></span> <span class='ocrx_word' id='word_1_592' title='bbox 1124 4136 1362 4207; x_wconf 88' lang='lat' dir='ltr'><strong>idipsum</strong></span> <span class='ocrx_word' id='word_1_593' title='bbox 1395 4138 1543 4211; x_wconf 87' lang='lat' dir='ltr'><strong>cogit</strong></span> <span class='ocrx_word' id='word_1_594' title='bbox 1566 4139 1820 4212; x_wconf 87' lang='lat' dir='ltr'><strong>intelligi,</strong></span> 
     </span>
    </p>
   </div>
   <div class='ocr_carea' id='block_1_73' title="bbox 262 4226 1822 4302">
    <p class='ocr_par' dir='ltr' id='par_1_73' title="bbox 262 4226 1822 4302">
     <span class='ocr_line' id='line_1_73' title="bbox 262 4226 1822 4302; baseline 0.004 -21"><span class='ocrx_word' id='word_1_595' title='bbox 262 4226 428 4285; x_wconf 84' lang='lat' dir='ltr'><strong>dicens</strong></span> <span class='ocrx_word' id='word_1_596' title='bbox 445 4242 656 4302; x_wconf 84' lang='lat' dir='ltr'><strong>quoque</strong></span> <span class='ocrx_word' id='word_1_597' title='bbox 685 4229 906 4285; x_wconf 85' lang='lat' dir='ltr'><strong>Patrem</strong></span> <span class='ocrx_word' id='word_1_598' title='bbox 938 4226 1115 4284; x_wconf 76' lang='lat' dir='ltr'><strong>Solum</strong></span> <span class='ocrx_word' id='word_1_599' title='bbox 1149 4242 1311 4285; x_wconf 87' lang='lat' dir='ltr'><strong>nosse</strong></span> <span class='ocrx_word' id='word_1_600' title='bbox 1344 4247 1357 4284; x_wconf 90' lang='lat'>:</span> <span class='ocrx_word' id='word_1_601' title='bbox 1391 4229 1448 4285; x_wconf 91' lang='lat' dir='ltr'><strong>in</strong></span> <span class='ocrx_word' id='word_1_602' title='bbox 1479 4228 1641 4286; x_wconf 82' lang='lat' dir='ltr'><strong>Patre</strong></span> <span class='ocrx_word' id='word_1_603' title='bbox 1668 4246 1822 4287; x_wconf 90' lang='lat' dir='ltr'><strong>com-</strong></span> 
     </span>
    </p>
   </div>
   <div class='ocr_carea' id='block_1_74' title="bbox 261 4320 1828 4392">
    <p class='ocr_par' dir='ltr' id='par_1_74' title="bbox 261 4320 1828 4392">
     <span class='ocr_line' id='line_1_74' title="bbox 261 4320 1828 4392; baseline 0.001 -16"><span class='ocrx_word' id='word_1_604' title='bbox 261 4321 524 4389; x_wconf 79' lang='lat' dir='ltr'><strong>prehendit</strong></span> <span class='ocrx_word' id='word_1_605' title='bbox 551 4328 608 4378; x_wconf 89' lang='lat' dir='ltr'><strong>et</strong></span> <span class='ocrx_word' id='word_1_606' title='bbox 645 4320 867 4377; x_wconf 82' lang='lat' dir='ltr'><strong>Filium.</strong></span> <span class='ocrx_word' id='word_1_607' title='bbox 915 4321 1106 4377; x_wconf 88' lang='lat' dir='ltr'><strong>Omnis</strong></span> <span class='ocrx_word' id='word_1_608' title='bbox 1153 4321 1298 4377; x_wconf 89' lang='lat' dir='ltr'><strong>enim</strong></span> <span class='ocrx_word' id='word_1_609' title='bbox 1358 4328 1533 4392; x_wconf 67' lang='lat' dir='ltr'><strong>pater,</strong></span> <span class='ocrx_word' id='word_1_610' title='bbox 1567 4322 1667 4378; x_wconf 80' lang='lat' dir='ltr'><strong>lilii</strong></span> <span class='ocrx_word' id='word_1_611' title='bbox 1722 4338 1828 4378; x_wconf 84' lang='lat' dir='ltr'><strong>no-</strong></span> 
     </span>
    </p>
   </div>
   <div class='ocr_carea' id='block_1_75' title="bbox 261 4420 493 4470">
    <p class='ocr_par' dir='ltr' id='par_1_75' title="bbox 261 4420 493 4470">
     <span class='ocr_line' id='line_1_75' title="bbox 261 4420 493 4470; baseline 0.013 -3"><span class='ocrx_word' id='word_1_612' title='bbox 261 4422 372 4469; x_wconf 79' lang='lat' dir='ltr'><strong>tuen</strong></span> <span class='ocrx_word' id='word_1_613' title='bbox 395 4420 493 4470; x_wconf 60' lang='grc' dir='ltr'><strong>εει.</strong></span> 
     </span>
    </p>
   </div>
   <div class='ocr_carea' id='block_1_76' title="bbox 324 4500 1829 4577">
    <p class='ocr_par' dir='ltr' id='par_1_76' title="bbox 324 4500 1829 4577">
     <span class='ocr_line' id='line_1_76' title="bbox 324 4500 1829 4577; baseline 0.001 -15"><span class='ocrx_word' id='word_1_614' title='bbox 324 4500 495 4577; x_wconf 60' lang='lat' dir='ltr'><strong>(Vers.</strong></span> <span class='ocrx_word' id='word_1_615' title='bbox 523 4506 593 4561; x_wconf 76' lang='lat'><strong>&#39;57</strong></span> <span class='ocrx_word' id='word_1_616' title='bbox 614 4501 763 4575; x_wconf 86' lang='lat' dir='ltr'><strong>seq.)</strong></span> <span class='ocrx_word' id='word_1_617' title='bbox 798 4503 942 4560; x_wconf 75' lang='lat' dir='ltr'><strong>Sicut</strong></span> <span class='ocrx_word' id='word_1_618' title='bbox 967 4514 1137 4558; x_wconf 84' lang='lat' dir='ltr'><strong>autem</strong></span> <span class='ocrx_word' id='word_1_619' title='bbox 1164 4505 1219 4558; x_wconf 88' lang='lat' dir='ltr'><strong>in</strong></span> <span class='ocrx_word' id='word_1_620' title='bbox 1250 4504 1431 4559; x_wconf 79' lang='lat' dir='ltr'><strong>diebus</strong></span> <span class='ocrx_word' id='word_1_621' title='bbox 1458 4501 1596 4571; x_wconf 81' lang='lat' dir='ltr'><strong>Noe,</strong></span> <span class='ocrx_word' id='word_1_622' title='bbox 1621 4506 1695 4561; x_wconf 85' lang='lat' dir='ltr'><strong>ita</strong></span> <span class='ocrx_word' id='word_1_623' title='bbox 1725 4510 1829 4563; x_wconf 87' lang='lat' dir='ltr'><strong>erit</strong></span> 
     </span>
    </p>
   </div>
   <div class='ocr_carea' id='block_1_77' title="bbox 1928 3293 2456 3351">
    <p class='ocr_par' dir='ltr' id='par_1_77' title="bbox 1928 3293 2456 3351">
     <span class='ocr_line' id='line_1_77' title="bbox 1928 3293 2456 3351; baseline -0.002 -2"><span class='ocrx_word' id='word_1_624' title='bbox 1928 3303 1982 3349; x_wconf 91' lang='lat' dir='ltr'><strong>et</strong></span> <span class='ocrx_word' id='word_1_625' title='bbox 2011 3294 2136 3350; x_wconf 86' lang='lat' dir='ltr'><strong>aliis</strong></span> <span class='ocrx_word' id='word_1_626' title='bbox 2159 3293 2456 3351; x_wconf 88' lang='lat' dir='ltr'><strong>derelictis.</strong></span> 
     </span>
    </p>
   </div>
   <div class='ocr_carea' id='block_1_78' title="bbox 2000 3382 3525 3467">
    <p class='ocr_par' dir='ltr' id='par_1_78' title="bbox 2000 3382 3525 3467">
     <span class='ocr_line' id='line_1_78' title="bbox 2000 3382 3525 3467; baseline 0.003 -24"><span class='ocrx_word' id='word_1_627' title='bbox 2000 3387 2186 3462; x_wconf 83' lang='lat' dir='ltr'><strong>(Vers.</strong></span> <span class='ocrx_word' id='word_1_628' title='bbox 2228 3388 2321 3456; x_wconf 71' lang='lat'><strong>4‘2,</strong></span> <span class='ocrx_word' id='word_1_629' title='bbox 2355 3386 2476 3459; x_wconf 75' lang='grc'><strong>43.)</strong></span> <span class='ocrx_word' id='word_1_630' title='bbox 2523 3382 2748 3460; x_wconf 84' lang='lat' dir='ltr'><strong>Vigilate</strong></span> <span class='ocrx_word' id='word_1_631' title='bbox 2790 3406 2945 3463; x_wconf 85' lang='lat' dir='ltr'><strong>ergo,</strong></span> <span class='ocrx_word' id='word_1_632' title='bbox 3005 3392 3132 3464; x_wconf 85' lang='lat' dir='ltr'><strong>quia</strong></span> <span class='ocrx_word' id='word_1_633' title='bbox 3177 3392 3384 3450; x_wconf 82' lang='lat' dir='ltr'><strong>nescitis</strong></span> <span class='ocrx_word' id='word_1_634' title='bbox 3422 3411 3525 3467; x_wconf 88' lang='lat' dir='ltr'><strong>qua</strong></span> 
     </span>
    </p>
   </div>
   <div class='ocr_carea' id='block_1_79' title="bbox 1926 3480 3522 3555">
    <p class='ocr_par' dir='ltr' id='par_1_79' title="bbox 1926 3480 3522 3555">
     <span class='ocr_line' id='line_1_79' title="bbox 1926 3480 3522 3555; baseline 0.005 -20"><span class='ocrx_word' id='word_1_635' title='bbox 1926 3482 2058 3537; x_wconf 82' lang='lat' dir='ltr'><strong>hora</strong></span> <span class='ocrx_word' id='word_1_636' title='bbox 2085 3480 2341 3537; x_wconf 88' lang='lat' dir='ltr'><strong>Dominus</strong></span> <span class='ocrx_word' id='word_1_637' title='bbox 2371 3490 2533 3535; x_wconf 77' lang='lat' dir='ltr'><strong>vester</strong></span> <span class='ocrx_word' id='word_1_638' title='bbox 2560 3492 2799 3537; x_wconf 71' lang='lat' dir='ltr'><strong>uenturus</strong></span> <span class='ocrx_word' id='word_1_639' title='bbox 2827 3484 2913 3540; x_wconf 87' lang='lat' dir='ltr'><strong>sit.</strong></span> <span class='ocrx_word' id='word_1_640' title='bbox 2947 3481 3096 3538; x_wconf 84' lang='lat' dir='ltr'><strong>Illud</strong></span> <span class='ocrx_word' id='word_1_641' title='bbox 3122 3494 3295 3541; x_wconf 86' lang='lat' dir='ltr'><strong>autem</strong></span> <span class='ocrx_word' id='word_1_642' title='bbox 3313 3489 3522 3555; x_wconf 83' lang='lat' dir='ltr'><strong>scitote,</strong></span> 
     </span>
    </p>
   </div>
   <div class='ocr_carea' id='block_1_80' title="bbox 1925 3574 3522 3651">
    <p class='ocr_par' dir='ltr' id='par_1_80' title="bbox 1925 3574 3522 3651">
     <span class='ocr_line' id='line_1_80' title="bbox 1925 3574 3522 3651; baseline 0.004 -23"><span class='ocrx_word' id='word_1_643' title='bbox 1925 3576 2175 3647; x_wconf 89' lang='lat' dir='ltr'><strong>quoniam</strong></span> <span class='ocrx_word' id='word_1_644' title='bbox 2203 3574 2248 3630; x_wconf 86' lang='lat' dir='ltr'><strong>si</strong></span> <span class='ocrx_word' id='word_1_645' title='bbox 2269 3575 2426 3629; x_wconf 86' lang='lat' dir='ltr'><strong>sciret</strong></span> <span class='ocrx_word' id='word_1_646' title='bbox 2456 3574 2838 3647; x_wconf 76' lang='lat' dir='ltr'><strong>paterfamilias</strong></span> <span class='ocrx_word' id='word_1_647' title='bbox 2876 3592 2977 3646; x_wconf 88' lang='lat' dir='ltr'><strong>qua</strong></span> <span class='ocrx_word' id='word_1_648' title='bbox 3006 3577 3139 3631; x_wconf 78' lang='lat' dir='ltr'><strong>liora</strong></span> <span class='ocrx_word' id='word_1_649' title='bbox 3164 3582 3250 3651; x_wconf 78' lang='lat' dir='ltr'><strong>[ur</strong></span> <span class='ocrx_word' id='word_1_650' title='bbox 3278 3588 3522 3634; x_wconf 70' lang='lat' dir='ltr'><strong>venturus</strong></span> 
     </span>
    </p>
   </div>
   <div class='ocr_carea' id='block_1_81' title="bbox 1926 3664 3529 3743">
    <p class='ocr_par' dir='ltr' id='par_1_81' title="bbox 1926 3664 3529 3743">
     <span class='ocr_line' id='line_1_81' title="bbox 1926 3664 3529 3743; baseline 0.004 -23"><span class='ocrx_word' id='word_1_651' title='bbox 1926 3675 2078 3731; x_wconf 85' lang='lat' dir='ltr'><strong>esset,</strong></span> <span class='ocrx_word' id='word_1_652' title='bbox 2102 3664 2344 3738; x_wconf 63' lang='lat' dir='ltr'><strong>vigilaret</strong></span> <span class='ocrx_word' id='word_1_653' title='bbox 2374 3667 2551 3736; x_wconf 84' lang='lat' dir='ltr'><strong>utique</strong></span> <span class='ocrx_word' id='word_1_654' title='bbox 2570 3709 2585 3734; x_wconf 93' lang='lat'><strong>,</strong></span> <span class='ocrx_word' id='word_1_655' title='bbox 2636 3677 2683 3722; x_wconf 92' lang='lat' dir='ltr'><strong>et</strong></span> <span class='ocrx_word' id='word_1_656' title='bbox 2730 3685 2835 3722; x_wconf 87' lang='lat' dir='ltr'><strong>non</strong></span> <span class='ocrx_word' id='word_1_657' title='bbox 2862 3668 3050 3724; x_wconf 86' lang='lat' dir='ltr'><strong>sineret</strong></span> <span class='ocrx_word' id='word_1_658' title='bbox 3081 3669 3287 3743; x_wconf 81' lang='lat' dir='ltr'><strong>perfodi</strong></span> <span class='ocrx_word' id='word_1_659' title='bbox 3314 3672 3529 3727; x_wconf 89' lang='lat' dir='ltr'><strong>domum</strong></span> 
     </span>
    </p>
   </div>
   <div class='ocr_carea' id='block_1_82' title="bbox 1925 3758 3523 3831">
    <p class='ocr_par' dir='ltr' id='par_1_82' title="bbox 1925 3758 3523 3831">
     <span class='ocr_line' id='line_1_82' title="bbox 1925 3758 3523 3831; baseline 0.006 -19"><span class='ocrx_word' id='word_1_660' title='bbox 1925 3774 2092 3812; x_wconf 88' lang='lat' dir='ltr'><strong>suam.</strong></span> <span class='ocrx_word' id='word_1_661' title='bbox 2127 3758 2425 3828; x_wconf 75' lang='lat' dir='ltr'><strong>Perspicua</strong></span> <span class='ocrx_word' id='word_1_662' title='bbox 2459 3758 2705 3815; x_wconf 74' lang='lat' dir='ltr'><strong>ostendit</strong></span> <span class='ocrx_word' id='word_1_663' title='bbox 2730 3775 2903 3831; x_wconf 86' lang='lat' dir='ltr'><strong>quare</strong></span> <span class='ocrx_word' id='word_1_664' title='bbox 2951 3775 3118 3831; x_wconf 86' lang='lat' dir='ltr'><strong>supra</strong></span> <span class='ocrx_word' id='word_1_665' title='bbox 3149 3763 3353 3820; x_wconf 80' lang='lat' dir='ltr'><strong>dixerit</strong></span> <span class='ocrx_word' id='word_1_666' title='bbox 3385 3782 3398 3820; x_wconf 92' lang='lat'><strong>:</strong></span> <span class='ocrx_word' id='word_1_667' title='bbox 3442 3760 3523 3821; x_wconf 81' lang='lat' dir='ltr'><strong>De</strong></span> 
     </span>
    </p>
   </div>
   <div class='ocr_carea' id='block_1_83' title="bbox 1926 3849 3521 3927">
    <p class='ocr_par' dir='ltr' id='par_1_83' title="bbox 1926 3849 3521 3927">
     <span class='ocr_line' id='line_1_83' title="bbox 1926 3849 3521 3927; baseline 0.004 -21"><span class='ocrx_word' id='word_1_668' title='bbox 1926 3851 2012 3906; x_wconf 85' lang='lat' dir='ltr'><strong>die</strong></span> <span class='ocrx_word' id='word_1_669' title='bbox 2038 3860 2209 3905; x_wconf 80' lang='lat' dir='ltr'><strong>autem</strong></span> <span class='ocrx_word' id='word_1_670' title='bbox 2230 3851 2325 3905; x_wconf 78' lang='lat' dir='ltr'><strong>illa</strong></span> <span class='ocrx_word' id='word_1_671' title='bbox 2355 3862 2377 3890; x_wconf 74' lang='grc' dir='ltr'>ε</span> <span class='ocrx_word' id='word_1_672' title='bbox 2401 3859 2448 3905; x_wconf 86' lang='lat' dir='ltr'><strong>et</strong></span> <span class='ocrx_word' id='word_1_673' title='bbox 2480 3849 2612 3906; x_wconf 84' lang='lat' dir='ltr'><strong>hora</strong></span> <span class='ocrx_word' id='word_1_674' title='bbox 2640 3868 2790 3907; x_wconf 88' lang='lat' dir='ltr'><strong>nemo</strong></span> <span class='ocrx_word' id='word_1_675' title='bbox 2816 3856 2936 3922; x_wconf 87' lang='lat' dir='ltr'><strong>scit,</strong></span> <span class='ocrx_word' id='word_1_676' title='bbox 2965 3871 3127 3927; x_wconf 84' lang='lat' dir='ltr'><strong>neque</strong></span> <span class='ocrx_word' id='word_1_677' title='bbox 3153 3850 3325 3911; x_wconf 82' lang='lat' dir='ltr'><strong>Filius</strong></span> <span class='ocrx_word' id='word_1_678' title='bbox 3348 3857 3521 3912; x_wconf 84' lang='lat' dir='ltr'><strong>homi-</strong></span> 
     </span>
    </p>
   </div>
   <div class='ocr_carea' id='block_1_84' title="bbox 1925 3944 3523 4022">
    <p class='ocr_par' dir='ltr' id='par_1_84' title="bbox 1925 3944 3523 4022">
     <span class='ocr_line' id='line_1_84' title="bbox 1925 3944 3523 4022; baseline 0.006 -24"><span class='ocrx_word' id='word_1_679' title='bbox 1925 3945 2032 4008; x_wconf 86' lang='lat' dir='ltr'><strong>nis,</strong></span> <span class='ocrx_word' id='word_1_680' title='bbox 2067 3960 2227 4016; x_wconf 87' lang='lat' dir='ltr'><strong>neque</strong></span> <span class='ocrx_word' id='word_1_681' title='bbox 2248 3945 2441 4017; x_wconf 84' lang='lat' dir='ltr'><strong>angeli,</strong></span> <span class='ocrx_word' id='word_1_682' title='bbox 2470 3945 2574 3999; x_wconf 82' lang='lat' dir='ltr'><strong>nisi</strong></span> <span class='ocrx_word' id='word_1_683' title='bbox 2597 3944 2760 4000; x_wconf 87' lang='lat' dir='ltr'><strong>Pater</strong></span> <span class='ocrx_word' id='word_1_684' title='bbox 2777 3944 2922 4001; x_wconf 87' lang='lat' dir='ltr'><strong>solus</strong></span> <span class='ocrx_word' id='word_1_685' title='bbox 2954 3963 2971 4000; x_wconf 90' lang='lat'><strong><em>:</em></strong></span> <span class='ocrx_word' id='word_1_686' title='bbox 3001 3946 3143 4018; x_wconf 88' lang='lat' dir='ltr'><strong>quod</strong></span> <span class='ocrx_word' id='word_1_687' title='bbox 3190 3964 3298 4003; x_wconf 91' lang='lat' dir='ltr'><strong>non</strong></span> <span class='ocrx_word' id='word_1_688' title='bbox 3354 3965 3523 4022; x_wconf 84' lang='lat' dir='ltr'><strong>expe-</strong></span> 
     </span>
    </p>
   </div>
   <div class='ocr_carea' id='block_1_85' title="bbox 1927 4034 3521 4109">
    <p class='ocr_par' dir='ltr' id='par_1_85' title="bbox 1927 4034 3521 4109">
     <span class='ocr_line' id='line_1_85' title="bbox 1927 4034 3521 4109; baseline 0.003 -18"><span class='ocrx_word' id='word_1_689' title='bbox 1927 4034 2039 4091; x_wconf 89' lang='lat' dir='ltr'><strong>diat</strong></span> <span class='ocrx_word' id='word_1_690' title='bbox 2065 4037 2210 4092; x_wconf 89' lang='lat' dir='ltr'><strong>scire</strong></span> <span class='ocrx_word' id='word_1_691' title='bbox 2239 4035 2501 4105; x_wconf 86' lang='lat' dir='ltr'><strong>apostolis</strong></span> <span class='ocrx_word' id='word_1_692' title='bbox 2528 4078 2542 4104; x_wconf 94' lang='lat'><strong>,</strong></span> <span class='ocrx_word' id='word_1_693' title='bbox 2572 4044 2632 4090; x_wconf 90' lang='lat' dir='ltr'><strong>ut</strong></span> <span class='ocrx_word' id='word_1_694' title='bbox 2671 4035 2931 4106; x_wconf 67' lang='lat' dir='ltr'><strong>pendula:</strong></span> <span class='ocrx_word' id='word_1_695' title='bbox 2973 4038 3410 4109; x_wconf 80' lang='lat' dir='ltr'><strong>exspectationis</strong></span> <span class='ocrx_word' id='word_1_696' title='bbox 3436 4040 3521 4097; x_wconf 88' lang='lat' dir='ltr'><strong>in-</strong></span> 
     </span>
    </p>
   </div>
   <div class='ocr_carea' id='block_1_86' title="bbox 1928 4128 3519 4205">
    <p class='ocr_par' dir='ltr' id='par_1_86' title="bbox 1928 4128 3519 4205">
     <span class='ocr_line' id='line_1_86' title="bbox 1928 4128 3519 4205; baseline 0.004 -21"><span class='ocrx_word' id='word_1_697' title='bbox 1928 4136 2080 4184; x_wconf 90' lang='lat' dir='ltr'><strong>certo</strong></span> <span class='ocrx_word' id='word_1_698' title='bbox 2110 4142 2332 4198; x_wconf 87' lang='lat' dir='ltr'><strong>semper</strong></span> <span class='ocrx_word' id='word_1_699' title='bbox 2380 4142 2502 4184; x_wconf 88' lang='lat' dir='ltr'><strong>eum</strong></span> <span class='ocrx_word' id='word_1_700' title='bbox 2528 4128 2759 4184; x_wconf 86' lang='lat' dir='ltr'><strong>credant</strong></span> <span class='ocrx_word' id='word_1_701' title='bbox 2798 4143 2921 4185; x_wconf 87' lang='lat' dir='ltr'><strong>esse</strong></span> <span class='ocrx_word' id='word_1_702' title='bbox 2964 4140 3254 4187; x_wconf 84' lang='lat' dir='ltr'><strong>venturum</strong></span> <span class='ocrx_word' id='word_1_703' title='bbox 3279 4175 3296 4201; x_wconf 92' lang='lat'><strong>,</strong></span> <span class='ocrx_word' id='word_1_704' title='bbox 3356 4149 3519 4205; x_wconf 88' lang='lat' dir='ltr'><strong>quem</strong></span> 
     </span>
    </p>
   </div>
   <div class='ocr_carea' id='block_1_87' title="bbox 1928 4216 3522 4297">
    <p class='ocr_par' dir='ltr' id='par_1_87' title="bbox 1928 4216 3522 4297">
     <span class='ocr_line' id='line_1_87' title="bbox 1928 4216 3522 4297; baseline 0.003 -21"><span class='ocrx_word' id='word_1_705' title='bbox 1928 4222 2179 4291; x_wconf 82' lang='lat' dir='ltr'><strong>ignorant</strong></span> <span class='ocrx_word' id='word_1_706' title='bbox 2208 4216 2426 4291; x_wconf 89' lang='lat' dir='ltr'><strong>quando</strong></span> <span class='ocrx_word' id='word_1_707' title='bbox 2453 4229 2721 4275; x_wconf 88' lang='lat' dir='ltr'><strong>venturus</strong></span> <span class='ocrx_word' id='word_1_708' title='bbox 2771 4221 2863 4277; x_wconf 88' lang='lat' dir='ltr'><strong>sit.</strong></span> <span class='ocrx_word' id='word_1_709' title='bbox 2919 4218 2989 4277; x_wconf 86' lang='lat' dir='ltr'><strong>Et</strong></span> <span class='ocrx_word' id='word_1_710' title='bbox 3031 4237 3139 4279; x_wconf 92' lang='lat' dir='ltr'><strong>non</strong></span> <span class='ocrx_word' id='word_1_711' title='bbox 3186 4222 3364 4292; x_wconf 79' lang='lat' dir='ltr'><strong>dixit,</strong></span> <span class='ocrx_word' id='word_1_712' title='bbox 3397 4228 3522 4297; x_wconf 86' lang='lat' dir='ltr'><strong>quia</strong></span> 
     </span>
    </p>
   </div>
   <div class='ocr_carea' id='block_1_88' title="bbox 1930 4312 3520 4384">
    <p class='ocr_par' dir='ltr' id='par_1_88' title="bbox 1930 4312 3520 4384">
     <span class='ocr_line' id='line_1_88' title="bbox 1930 4312 3520 4384; baseline 0.004 -17"><span class='ocrx_word' id='word_1_713' title='bbox 1930 4314 2186 4369; x_wconf 88' lang='lat' dir='ltr'><strong>nescimus</strong></span> <span class='ocrx_word' id='word_1_714' title='bbox 2215 4330 2316 4383; x_wconf 89' lang='lat' dir='ltr'><strong>qua</strong></span> <span class='ocrx_word' id='word_1_715' title='bbox 2347 4317 2477 4368; x_wconf 86' lang='lat' dir='ltr'><strong>hora</strong></span> <span class='ocrx_word' id='word_1_716' title='bbox 2504 4322 2744 4368; x_wconf 83' lang='lat' dir='ltr'><strong>venturus</strong></span> <span class='ocrx_word' id='word_1_717' title='bbox 2782 4314 2849 4369; x_wconf 83' lang='lat' dir='ltr'><strong>sit</strong></span> <span class='ocrx_word' id='word_1_718' title='bbox 2898 4312 3190 4384; x_wconf 86' lang='lat' dir='ltr'><strong>Dominus;</strong></span> <span class='ocrx_word' id='word_1_719' title='bbox 3224 4315 3322 4374; x_wconf 88' lang='lat' dir='ltr'><strong>sed</strong></span> <span class='ocrx_word' id='word_1_720' title='bbox 3354 4318 3520 4374; x_wconf 88' lang='lat' dir='ltr'><strong>nesci-</strong></span> 
     </span>
    </p>
   </div>
   <div class='ocr_carea' id='block_1_89' title="bbox 1932 4404 3523 4482">
    <p class='ocr_par' dir='ltr' id='par_1_89' title="bbox 1932 4404 3523 4482">
     <span class='ocr_line' id='line_1_89' title="bbox 1932 4404 3523 4482; baseline 0.002 -19"><span class='ocrx_word' id='word_1_721' title='bbox 1932 4409 2017 4463; x_wconf 88' lang='lat' dir='ltr'><strong>tis.</strong></span> <span class='ocrx_word' id='word_1_722' title='bbox 2053 4408 2453 4478; x_wconf 76' lang='lat' dir='ltr'><strong>Praemissoque</strong></span> <span class='ocrx_word' id='word_1_723' title='bbox 2503 4404 2917 4479; x_wconf 79' lang='lat' dir='ltr'><strong>patrisfamilias</strong></span> <span class='ocrx_word' id='word_1_724' title='bbox 2946 4412 3222 4482; x_wconf 81' lang='lat' dir='ltr'><strong>exemplo,</strong></span> <span class='ocrx_word' id='word_1_725' title='bbox 3270 4427 3368 4467; x_wconf 92' lang='lat' dir='ltr'><strong>cur</strong></span> <span class='ocrx_word' id='word_1_726' title='bbox 3392 4410 3523 4467; x_wconf 87' lang='lat' dir='ltr'><strong>reti-</strong></span> 
     </span>
    </p>
   </div>
   <div class='ocr_carea' id='block_1_90' title="bbox 1931 4502 3523 4576">
    <p class='ocr_par' dir='ltr' id='par_1_90' title="bbox 1931 4502 3523 4576">
     <span class='ocr_line' id='line_1_90' title="bbox 1931 4502 3523 4576; baseline 0.003 -18"><span class='ocrx_word' id='word_1_727' title='bbox 1931 4512 2051 4559; x_wconf 89' lang='lat' dir='ltr'><strong>ceat</strong></span> <span class='ocrx_word' id='word_1_728' title='bbox 2108 4502 2599 4559; x_wconf 88' lang='lat' dir='ltr'><strong>consummationis</strong></span> <span class='ocrx_word' id='word_1_729' title='bbox 2659 4503 2803 4559; x_wconf 88' lang='lat' dir='ltr'><strong>diem</strong></span> <span class='ocrx_word' id='word_1_730' title='bbox 2837 4544 2853 4572; x_wconf 93' lang='lat'><strong>,</strong></span> <span class='ocrx_word' id='word_1_731' title='bbox 2908 4504 3256 4561; x_wconf 81' lang='lat' dir='ltr'><strong>manifestius</strong></span> <span class='ocrx_word' id='word_1_732' title='bbox 3318 4506 3523 4576; x_wconf 84' lang='lat' dir='ltr'><strong>do&#39;cet,</strong></span> 
     </span>
    </p>
   </div>
   <div class='ocr_carea' id='block_1_91' title="bbox 261 4590 2163 4657">
    <p class='ocr_par' dir='ltr' id='par_1_91' title="bbox 261 4590 2163 4657">
     <span class='ocr_line' id='line_1_91' title="bbox 261 4590 2163 4657; baseline 0 -8"><span class='ocrx_word' id='word_1_733' title='bbox 261 4602 304 4649; x_wconf 86' lang='lat' dir='ltr'><strong>et</strong></span> <span class='ocrx_word' id='word_1_734' title='bbox 323 4598 554 4653; x_wconf 68' lang='lat' dir='ltr'><strong>adventus</strong></span> <span class='ocrx_word' id='word_1_735' title='bbox 578 4593 706 4651; x_wconf 81' lang='lat' dir='ltr'><strong>Filii</strong></span> <span class='ocrx_word' id='word_1_736' title='bbox 730 4597 973 4649; x_wconf 76' lang='lat' dir='ltr'><strong>hominis.</strong></span> <span class='ocrx_word' id='word_1_737' title='bbox 1024 4595 1172 4651; x_wconf 84' lang='lat' dir='ltr'><strong>Sicut</strong></span> <span class='ocrx_word' id='word_1_738' title='bbox 1196 4598 1327 4651; x_wconf 85' lang='lat' dir='ltr'><strong>enim</strong></span> <span class='ocrx_word' id='word_1_739' title='bbox 1369 4609 1515 4653; x_wconf 87' lang='lat' dir='ltr'><strong>erant</strong></span> <span class='ocrx_word' id='word_1_740' title='bbox 1562 4600 1616 4654; x_wconf 86' lang='lat' dir='ltr'><strong>in</strong></span> <span class='ocrx_word' id='word_1_741' title='bbox 1644 4602 1825 4657; x_wconf 84' lang='lat' dir='ltr'><strong>diebus</strong></span> <span class='ocrx_word' id='word_1_742' title='bbox 1854 4590 1907 4656; x_wconf 79' lang='grc' dir='ltr'><strong>Ῑ)</strong></span> <span class='ocrx_word' id='word_1_743' title='bbox 1933 4595 2122 4652; x_wconf 82' lang='lat' dir='ltr'><strong>dicens</strong></span> <span class='ocrx_word' id='word_1_744' title='bbox 2147 4611 2163 4650; x_wconf 86' lang='lat'><strong>:</strong></span> 
     </span>
    </p>
   </div>
   <div class='ocr_carea' id='block_1_92' title="bbox 262 4688 1823 4755">
    <p class='ocr_par' dir='ltr' id='par_1_92' title="bbox 262 4688 1823 4755">
     <span class='ocr_line' id='line_1_92' title="bbox 262 4688 1823 4755; baseline 0.003 -12"><span class='ocrx_word' id='word_1_745' title='bbox 262 4699 367 4743; x_wconf 77' lang='lat' dir='ltr'><strong>ante</strong></span> <span class='ocrx_word' id='word_1_746' title='bbox 391 4691 633 4745; x_wconf 78' lang='lat' dir='ltr'><strong>diluvium</strong></span> <span class='ocrx_word' id='word_1_747' title='bbox 660 4688 980 4744; x_wconf 81' lang='lat' dir='ltr'><strong>comedentes</strong></span> <span class='ocrx_word' id='word_1_748' title='bbox 1001 4698 1047 4741; x_wconf 90' lang='lat' dir='ltr'><strong>et</strong></span> <span class='ocrx_word' id='word_1_749' title='bbox 1076 4688 1300 4743; x_wconf 78' lang='lat' dir='ltr'><strong>bibentes</strong></span> <span class='ocrx_word' id='word_1_750' title='bbox 1322 4732 1337 4755; x_wconf 86' lang='lat'><strong>,</strong></span> <span class='ocrx_word' id='word_1_751' title='bbox 1371 4691 1622 4753; x_wconf 84' lang='lat' dir='ltr'><strong>nubentes</strong></span> <span class='ocrx_word' id='word_1_752' title='bbox 1650 4703 1697 4747; x_wconf 90' lang='lat' dir='ltr'><strong>et</strong></span> <span class='ocrx_word' id='word_1_753' title='bbox 1720 4711 1823 4748; x_wconf 85' lang='lat' dir='ltr'><strong>nu-</strong></span> 
     </span>
    </p>
   </div>
   <div class='ocr_carea' id='block_1_93' title="bbox 263 4780 1828 4857">
    <p class='ocr_par' dir='ltr' id='par_1_93' title="bbox 263 4780 1828 4857">
     <span class='ocr_line' id='line_1_93' title="bbox 263 4780 1828 4857; baseline 0.003 -19"><span class='ocrx_word' id='word_1_754' title='bbox 263 4782 362 4853; x_wconf 77' lang='lat' dir='ltr'><strong>pttti</strong></span> <span class='ocrx_word' id='word_1_755' title='bbox 388 4780 490 4856; x_wconf 73' lang='lat' dir='ltr'><strong>[AL</strong></span> <span class='ocrx_word' id='word_1_756' title='bbox 512 4780 757 4854; x_wconf 82' lang='lat' dir='ltr'><strong>nuptum]</strong></span> <span class='ocrx_word' id='word_1_757' title='bbox 790 4781 1049 4835; x_wconf 78' lang='lat' dir='ltr'><strong>tradentes</strong></span> <span class='ocrx_word' id='word_1_758' title='bbox 1073 4822 1086 4844; x_wconf 89' lang='lat'><strong>,</strong></span> <span class='ocrx_word' id='word_1_759' title='bbox 1109 4797 1274 4843; x_wconf 82' lang='lat' dir='ltr'><strong>usque</strong></span> <span class='ocrx_word' id='word_1_760' title='bbox 1302 4782 1369 4835; x_wconf 82' lang='lat' dir='ltr'><strong>ad</strong></span> <span class='ocrx_word' id='word_1_761' title='bbox 1388 4798 1509 4837; x_wconf 87' lang='lat' dir='ltr'><strong>eum</strong></span> <span class='ocrx_word' id='word_1_762' title='bbox 1540 4784 1697 4853; x_wconf 89' lang='lat' dir='ltr'><strong>diem,</strong></span> <span class='ocrx_word' id='word_1_763' title='bbox 1727 4803 1828 4857; x_wconf 89' lang='lat' dir='ltr'><strong>quo</strong></span> 
     </span>
    </p>
   </div>
   <div class='ocr_carea' id='block_1_94' title="bbox 261 4873 1830 4941">
    <p class='ocr_par' dir='ltr' id='par_1_94' title="bbox 261 4873 1830 4941">
     <span class='ocr_line' id='line_1_94' title="bbox 261 4873 1830 4941; baseline 0.004 -14"><span class='ocrx_word' id='word_1_764' title='bbox 261 4873 455 4929; x_wconf 64' lang='lat' dir='ltr'><strong>intrarit</strong></span> <span class='ocrx_word' id='word_1_765' title='bbox 483 4874 597 4930; x_wconf 71' lang='lat' dir='ltr'><strong>Nec</strong></span> <span class='ocrx_word' id='word_1_766' title='bbox 625 4876 680 4928; x_wconf 84' lang='lat' dir='ltr'><strong>in</strong></span> <span class='ocrx_word' id='word_1_767' title='bbox 706 4888 904 4939; x_wconf 77' lang='lat' dir='ltr'><strong>arcani,</strong></span> <span class='ocrx_word' id='word_1_768' title='bbox 930 4882 977 4926; x_wconf 82' lang='lat' dir='ltr'><strong>et</strong></span> <span class='ocrx_word' id='word_1_769' title='bbox 1004 4888 1104 4926; x_wconf 89' lang='lat' dir='ltr'><strong>non</strong></span> <span class='ocrx_word' id='word_1_770' title='bbox 1124 4884 1473 4941; x_wconf 78' lang='lat' dir='ltr'><strong>cognouerant</strong></span> <span class='ocrx_word' id='word_1_771' title='bbox 1501 4875 1667 4932; x_wconf 85' lang='lat' dir='ltr'><strong>donec</strong></span> <span class='ocrx_word' id='word_1_772' title='bbox 1692 4880 1830 4935; x_wconf 66' lang='lat' dir='ltr'><strong>venit</strong></span> 
     </span>
    </p>
   </div>
   <div class='ocr_carea' id='block_1_95' title="bbox 266 4960 1830 5036">
    <p class='ocr_par' dir='ltr' id='par_1_95' title="bbox 266 4960 1830 5036">
     <span class='ocr_line' id='line_1_95' title="bbox 266 4960 1830 5036; baseline 0.004 -19"><span class='ocrx_word' id='word_1_773' title='bbox 266 4960 512 5036; x_wconf 70' lang='lat' dir='ltr'><strong>diluvium,</strong></span> <span class='ocrx_word' id='word_1_774' title='bbox 538 4975 586 5022; x_wconf 85' lang='lat' dir='ltr'><strong>et</strong></span> <span class='ocrx_word' id='word_1_775' title='bbox 602 4964 726 5021; x_wconf 81' lang='lat' dir='ltr'><strong>tulit</strong></span> <span class='ocrx_word' id='word_1_776' title='bbox 755 4976 929 5017; x_wconf 82' lang='lat' dir='ltr'><strong>omnes</strong></span> <span class='ocrx_word' id='word_1_777' title='bbox 953 4976 971 5018; x_wconf 90' lang='lat'><strong><em>:</em></strong></span> <span class='ocrx_word' id='word_1_778' title='bbox 994 4964 1067 5018; x_wconf 88' lang='lat' dir='ltr'><strong>ita</strong></span> <span class='ocrx_word' id='word_1_779' title='bbox 1090 4965 1184 5019; x_wconf 85' lang='lat' dir='ltr'><strong>erit</strong></span> <span class='ocrx_word' id='word_1_780' title='bbox 1216 4973 1265 5021; x_wconf 85' lang='lat' dir='ltr'><strong>et</strong></span> <span class='ocrx_word' id='word_1_781' title='bbox 1289 4967 1539 5021; x_wconf 78' lang='lat' dir='ltr'><strong>adventus</strong></span> <span class='ocrx_word' id='word_1_782' title='bbox 1569 4966 1703 5024; x_wconf 80' lang='lat' dir='ltr'><strong>Filii</strong></span> <span class='ocrx_word' id='word_1_783' title='bbox 1732 4970 1830 5024; x_wconf 84' lang='lat' dir='ltr'><strong>Ito-</strong></span> 
     </span>
    </p>
   </div>
   <div class='ocr_carea' id='block_1_96' title="bbox 329 5148 1834 5219">
    <p class='ocr_par' dir='ltr' id='par_1_96' title="bbox 329 5148 1834 5219">
     <span class='ocr_line' id='line_1_96' title="bbox 329 5148 1834 5219; baseline 0.003 -16"><span class='ocrx_word' id='word_1_784' title='bbox 329 5157 355 5186; x_wconf 72' lang='grc' dir='ltr'>ι</span> <span class='ocrx_word' id='word_1_785' title='bbox 385 5149 567 5219; x_wconf 80' lang='lat' dir='ltr'><strong>Voces,</strong></span> <span class='ocrx_word' id='word_1_786' title='bbox 592 5160 641 5205; x_wconf 91' lang='lat' dir='ltr'><strong>et</strong></span> <span class='ocrx_word' id='word_1_787' title='bbox 667 5150 821 5212; x_wconf 73' lang='lat' dir='ltr'><strong>liora,</strong></span> <span class='ocrx_word' id='word_1_788' title='bbox 839 5154 964 5217; x_wconf 67' lang='lat' dir='ltr'><strong>quae</strong></span> <span class='ocrx_word' id='word_1_789' title='bbox 989 5155 1044 5201; x_wconf 88' lang='lat' dir='ltr'><strong>et</strong></span> <span class='ocrx_word' id='word_1_790' title='bbox 1067 5148 1118 5203; x_wconf 91' lang='lat' dir='ltr'><strong>in</strong></span> <span class='ocrx_word' id='word_1_791' title='bbox 1143 5148 1423 5203; x_wconf 79' lang='lat' dir='ltr'><strong>nonnullis</strong></span> <span class='ocrx_word' id='word_1_792' title='bbox 1443 5148 1651 5206; x_wconf 65' lang='lat' dir='ltr'><strong>Grmcis</strong></span> <span class='ocrx_word' id='word_1_793' title='bbox 1670 5150 1834 5207; x_wconf 82' lang='lat' dir='ltr'><strong>codd.</strong></span> 
     </span>
    </p>
   </div>
   <div class='ocr_carea' id='block_1_97' title="bbox 268 5218 1495 5290">
    <p class='ocr_par' dir='ltr' id='par_1_97' title="bbox 268 5218 1495 5290">
     <span class='ocr_line' id='line_1_97' title="bbox 268 5218 1495 5290; baseline -0.001 -16"><span class='ocrx_word' id='word_1_794' title='bbox 268 5218 654 5290; x_wconf 81' lang='lat' dir='ltr'><strong>desiderantur,</strong></span> <span class='ocrx_word' id='word_1_795' title='bbox 688 5222 779 5277; x_wconf 83' lang='lat' dir='ltr'><strong>hic</strong></span> <span class='ocrx_word' id='word_1_796' title='bbox 809 5222 917 5273; x_wconf 87' lang='lat' dir='ltr'><strong>duo</strong></span> <span class='ocrx_word' id='word_1_797' title='bbox 948 5220 1185 5274; x_wconf 82' lang='lat' dir='ltr'><strong>Palatini</strong></span> <span class='ocrx_word' id='word_1_798' title='bbox 1218 5223 1495 5275; x_wconf 80' lang='lat' dir='ltr'><strong>nesciunt.</strong></span> 
     </span>
    </p>
   </div>
   <div class='ocr_carea' id='block_1_98' title="bbox 329 5290 1835 5361">
    <p class='ocr_par' dir='ltr' id='par_1_98' title="bbox 329 5290 1835 5361">
     <span class='ocr_line' id='line_1_98' title="bbox 329 5290 1835 5361; baseline 0.013 -30"><span class='ocrx_word' id='word_1_799' title='bbox 329 5292 356 5331; x_wconf 72' lang='grc' dir='ltr'>δ</span> <span class='ocrx_word' id='word_1_800' title='bbox 378 5294 648 5361; x_wconf 79' lang='lat' dir='ltr'><strong>Additum,</strong></span> <span class='ocrx_word' id='word_1_801' title='bbox 705 5308 870 5360; x_wconf 78' lang='lat' dir='ltr'><strong>neque</strong></span> <span class='ocrx_word' id='word_1_802' title='bbox 900 5290 1088 5357; x_wconf 80' lang='lat' dir='ltr'><strong>Filius,</strong></span> <span class='ocrx_word' id='word_1_803' title='bbox 1119 5292 1303 5355; x_wconf 71' lang='lat' dir='ltr'><strong>legere</strong></span> <span class='ocrx_word' id='word_1_804' title='bbox 1333 5301 1418 5346; x_wconf 79' lang='lat' dir='ltr'><strong>est</strong></span> <span class='ocrx_word' id='word_1_805' title='bbox 1443 5294 1734 5348; x_wconf 79' lang='lat' dir='ltr'><strong>ltodienum</strong></span> <span class='ocrx_word' id='word_1_806' title='bbox 1781 5294 1835 5350; x_wconf 86' lang='lat' dir='ltr'><strong>in</strong></span> 
     </span>
    </p>
   </div>
   <div class='ocr_carea' id='block_1_99' title="bbox 268 5363 1835 5434">
    <p class='ocr_par' dir='ltr' id='par_1_99' title="bbox 268 5363 1835 5434">
     <span class='ocr_line' id='line_1_99' title="bbox 268 5363 1835 5434; baseline 0.003 -18"><span class='ocrx_word' id='word_1_807' title='bbox 268 5365 630 5429; x_wconf 77' lang='lat' dir='ltr'><strong>antiquissimo</strong></span> <span class='ocrx_word' id='word_1_808' title='bbox 648 5364 950 5419; x_wconf 74' lang='lat' dir='ltr'><strong>Veroneusi</strong></span> <span class='ocrx_word' id='word_1_809' title='bbox 976 5363 1396 5429; x_wconf 77' lang='lat' dir='ltr'><strong>Evangeliorum</strong></span> <span class='ocrx_word' id='word_1_810' title='bbox 1424 5366 1745 5434; x_wconf 79' lang='lat' dir='ltr'><strong>exemplari.</strong></span> <span class='ocrx_word' id='word_1_811' title='bbox 1776 5365 1835 5422; x_wconf 88' lang='lat' dir='ltr'><strong>ln</strong></span> 
     </span>
    </p>
   </div>
   <div class='ocr_carea' id='block_1_100' title="bbox 267 5434 1837 5505">
    <p class='ocr_par' dir='ltr' id='par_1_100' title="bbox 267 5434 1837 5505">
     <span class='ocr_line' id='line_1_100' title="bbox 267 5434 1837 5505; baseline 0.002 -17"><span class='ocrx_word' id='word_1_812' title='bbox 267 5450 327 5488; x_wconf 90' lang='lat' dir='ltr'><strong>eo</strong></span> <span class='ocrx_word' id='word_1_813' title='bbox 348 5438 477 5505; x_wconf 85' lang='lat' dir='ltr'><strong>quod</strong></span> <span class='ocrx_word' id='word_1_814' title='bbox 508 5437 860 5491; x_wconf 76' lang='lat' dir='ltr'><strong>Martianaens</strong></span> <span class='ocrx_word' id='word_1_815' title='bbox 889 5434 1086 5505; x_wconf 67' lang='lat' dir='ltr'><strong>edidit,</strong></span> <span class='ocrx_word' id='word_1_816' title='bbox 1120 5435 1342 5499; x_wconf 66' lang='lat' dir='ltr'><strong>Italicas,</strong></span> <span class='ocrx_word' id='word_1_817' title='bbox 1378 5447 1438 5489; x_wconf 87' lang='lat' dir='ltr'><strong>ut</strong></span> <span class='ocrx_word' id='word_1_818' title='bbox 1464 5448 1624 5490; x_wconf 83' lang='lat' dir='ltr'><strong>vocat</strong></span> <span class='ocrx_word' id='word_1_819' title='bbox 1653 5479 1667 5501; x_wconf 93' lang='lat'><strong>,</strong></span> <span class='ocrx_word' id='word_1_820' title='bbox 1709 5454 1837 5492; x_wconf 83' lang='lat' dir='ltr'><strong>ver-</strong></span> 
     </span>
    </p>
   </div>
   <div class='ocr_carea' id='block_1_101' title="bbox 269 5504 1836 5569">
    <p class='ocr_par' dir='ltr' id='par_1_101' title="bbox 269 5504 1836 5569">
     <span class='ocr_line' id='line_1_101' title="bbox 269 5504 1836 5569; baseline 0.004 -11"><span class='ocrx_word' id='word_1_821' title='bbox 269 5504 424 5562; x_wconf 84' lang='lat' dir='ltr'><strong>sionis</strong></span> <span class='ocrx_word' id='word_1_822' title='bbox 453 5510 705 5569; x_wconf 81' lang='lat' dir='ltr'><strong>habetur.</strong></span> <span class='ocrx_word' id='word_1_823' title='bbox 734 5507 823 5562; x_wconf 83' lang='lat' dir='ltr'><strong>sed</strong></span> <span class='ocrx_word' id='word_1_824' title='bbox 846 5523 939 5561; x_wconf 84' lang='lat' dir='ltr'><strong>nec</strong></span> <span class='ocrx_word' id='word_1_825' title='bbox 972 5504 1164 5559; x_wconf 83' lang='lat' dir='ltr'><strong>Filius.</strong></span> <span class='ocrx_word' id='word_1_826' title='bbox 1222 5507 1302 5560; x_wconf 82' lang='lat' dir='ltr'><strong>Ad</strong></span> <span class='ocrx_word' id='word_1_827' title='bbox 1330 5507 1473 5561; x_wconf 88' lang='lat' dir='ltr'><strong>bttnc</strong></span> <span class='ocrx_word' id='word_1_828' title='bbox 1502 5524 1636 5563; x_wconf 80' lang='lat' dir='ltr'><strong>vero</strong></span> <span class='ocrx_word' id='word_1_829' title='bbox 1666 5507 1836 5564; x_wconf 83' lang='lat' dir='ltr'><strong>Com-</strong></span> 
     </span>
    </p>
   </div>
   <div class='ocr_carea' id='block_1_102' title="bbox 265 5578 1838 5652">
    <p class='ocr_par' dir='ltr' id='par_1_102' title="bbox 265 5578 1838 5652">
     <span class='ocr_line' id='line_1_102' title="bbox 265 5578 1838 5652; baseline 0.003 -21"><span class='ocrx_word' id='word_1_830' title='bbox 265 5581 499 5652; x_wconf 74' lang='lat' dir='ltr'><strong>mentarii</strong></span> <span class='ocrx_word' id='word_1_831' title='bbox 526 5579 943 5652; x_wconf 79' lang='lat' dir='ltr'><strong>llieronymiani</strong></span> <span class='ocrx_word' id='word_1_832' title='bbox 970 5578 1149 5632; x_wconf 87' lang='lat' dir='ltr'><strong>locum</strong></span> <span class='ocrx_word' id='word_1_833' title='bbox 1177 5578 1464 5652; x_wconf 60' lang='lat' dir='ltr'><strong>Beccgnsis</strong></span> <span class='ocrx_word' id='word_1_834' title='bbox 1482 5595 1651 5649; x_wconf 78' lang='lat' dir='ltr'><strong>penes</strong></span> <span class='ocrx_word' id='word_1_835' title='bbox 1681 5597 1838 5636; x_wconf 85' lang='lat' dir='ltr'><strong>cum-</strong></span> 
     </span>
    </p>
   </div>
   <div class='ocr_carea' id='block_1_103' title="bbox 268 5646 1841 5719">
    <p class='ocr_par' dir='ltr' id='par_1_103' title="bbox 268 5646 1841 5719">
     <span class='ocr_line' id='line_1_103' title="bbox 268 5646 1841 5719; baseline 0.003 -16"><span class='ocrx_word' id='word_1_836' title='bbox 268 5646 385 5719; x_wconf 77' lang='lat' dir='ltr'><strong>dem</strong></span> <span class='ocrx_word' id='word_1_837' title='bbox 435 5646 802 5706; x_wconf 70' lang='lat' dir='ltr'><strong>Martianmtim</strong></span> <span class='ocrx_word' id='word_1_838' title='bbox 844 5649 1019 5706; x_wconf 72' lang='lat' dir='ltr'><strong>codex</strong></span> <span class='ocrx_word' id='word_1_839' title='bbox 1042 5688 1058 5714; x_wconf 88' lang='lat'><strong>,</strong></span> <span class='ocrx_word' id='word_1_840' title='bbox 1114 5665 1277 5719; x_wconf 76' lang='lat' dir='ltr'><strong>neque</strong></span> <span class='ocrx_word' id='word_1_841' title='bbox 1302 5646 1750 5707; x_wconf 38' lang='lat' dir='ltr'><strong>Filiam—hominis.</strong></span> <span class='ocrx_word' id='word_1_842' title='bbox 1780 5652 1841 5708; x_wconf 82' lang='lat' dir='ltr'><strong>Si</strong></span> 
     </span>
    </p>
   </div>
   <div class='ocr_carea' id='block_1_104' title="bbox 271 5717 1841 5793">
    <p class='ocr_par' dir='ltr' id='par_1_104' title="bbox 271 5717 1841 5793">
     <span class='ocr_line' id='line_1_104' title="bbox 271 5717 1841 5793; baseline 0.006 -22"><span class='ocrx_word' id='word_1_843' title='bbox 271 5717 729 5793; x_wconf 22' lang='lat' dir='ltr'><strong>Graecahcqqsulas</strong></span> <span class='ocrx_word' id='word_1_844' title='bbox 756 5721 1129 5793; x_wconf 78' lang='lat' dir='ltr'><strong>exemplaria,</strong></span> <span class='ocrx_word' id='word_1_845' title='bbox 1160 5717 1253 5777; x_wconf 80' lang='lat' dir='ltr'><strong>est</strong></span> <span class='ocrx_word' id='word_1_846' title='bbox 1288 5721 1344 5776; x_wconf 89' lang='lat' dir='ltr'><strong>in</strong></span> <span class='ocrx_word' id='word_1_847' title='bbox 1400 5736 1513 5793; x_wconf 70' lang='lat' dir='ltr'><strong>uno</strong></span> <span class='ocrx_word' id='word_1_848' title='bbox 1552 5724 1841 5780; x_wconf 80' lang='lat' dir='ltr'><strong>Cantabri-</strong></span> 
     </span>
    </p>
   </div>
   <div class='ocr_carea' id='block_1_105' title="bbox 272 5789 1841 5867">
    <p class='ocr_par' dir='ltr' id='par_1_105' title="bbox 272 5789 1841 5867">
     <span class='ocr_line' id='line_1_105' title="bbox 272 5789 1841 5867; baseline 0.006 -23"><span class='ocrx_word' id='word_1_849' title='bbox 272 5790 416 5859; x_wconf 76' lang='lat' dir='ltr'><strong>gensi</strong></span> <span class='ocrx_word' id='word_1_850' title='bbox 441 5789 862 5851; x_wconf 64' lang='lat' dir='ltr'><strong>Graeco-Latino</strong></span> <span class='ocrx_word' id='word_1_851' title='bbox 889 5789 1051 5849; x_wconf 67' lang='grc' dir='ltr'><strong>οὐδέὸ</strong></span> <span class='ocrx_word' id='word_1_852' title='bbox 1081 5792 1222 5863; x_wconf 56' lang='lat' dir='ltr'><strong>iter,</strong></span> <span class='ocrx_word' id='word_1_853' title='bbox 1252 5809 1414 5865; x_wconf 68' lang='lat' dir='ltr'><strong>neque</strong></span> <span class='ocrx_word' id='word_1_854' title='bbox 1440 5790 1620 5851; x_wconf 69' lang='lat' dir='ltr'><strong>Filius</strong></span> <span class='ocrx_word' id='word_1_855' title='bbox 1646 5810 1667 5851; x_wconf 84' lang='lat'><strong><em>:</em></strong></span> <span class='ocrx_word' id='word_1_856' title='bbox 1692 5795 1841 5867; x_wconf 78' lang='lat' dir='ltr'><strong>quod</strong></span> 
     </span>
    </p>
   </div>
   <div class='ocr_carea' id='block_1_106' title="bbox 2010 4684 3529 4763">
    <p class='ocr_par' dir='ltr' id='par_1_106' title="bbox 2010 4684 3529 4763">
     <span class='ocr_line' id='line_1_106' title="bbox 2010 4684 3529 4763; baseline 0.003 -21"><span class='ocrx_word' id='word_1_857' title='bbox 2010 4688 2141 4743; x_wconf 82' lang='lat' dir='ltr'><strong>Ideo</strong></span> <span class='ocrx_word' id='word_1_858' title='bbox 2168 4694 2214 4742; x_wconf 87' lang='lat' dir='ltr'><strong>et</strong></span> <span class='ocrx_word' id='word_1_859' title='bbox 2242 4700 2328 4742; x_wconf 79' lang='lat' dir='ltr'><strong>vos</strong></span> <span class='ocrx_word' id='word_1_860' title='bbox 2348 4696 2503 4743; x_wconf 84' lang='lat' dir='ltr'><strong>estate</strong></span> <span class='ocrx_word' id='word_1_861' title='bbox 2533 4688 2703 4759; x_wconf 86' lang='lat' dir='ltr'><strong>parati</strong></span> <span class='ocrx_word' id='word_1_862' title='bbox 2728 4704 2746 4743; x_wconf 89' lang='lat'><strong><em>:</em></strong></span> <span class='ocrx_word' id='word_1_863' title='bbox 2773 4689 2893 4763; x_wconf 84' lang='lat' dir='ltr'><strong>quia</strong></span> <span class='ocrx_word' id='word_1_864' title='bbox 2914 4691 3119 4745; x_wconf 85' lang='lat' dir='ltr'><strong>nescitis</strong></span> <span class='ocrx_word' id='word_1_865' title='bbox 3138 4706 3240 4763; x_wconf 88' lang='lat' dir='ltr'><strong>qua</strong></span> <span class='ocrx_word' id='word_1_866' title='bbox 3263 4690 3395 4746; x_wconf 80' lang='lat' dir='ltr'><strong>hora</strong></span> <span class='ocrx_word' id='word_1_867' title='bbox 3425 4684 3529 4747; x_wconf 85' lang='lat' dir='ltr'><strong>Fi-</strong></span> 
     </span>
    </p>
   </div>
   <div class='ocr_carea' id='block_1_107' title="bbox 1942 4782 3530 4854">
    <p class='ocr_par' dir='ltr' id='par_1_107' title="bbox 1942 4782 3530 4854">
     <span class='ocr_line' id='line_1_107' title="bbox 1942 4782 3530 4854; baseline 0.002 -16"><span class='ocrx_word' id='word_1_868' title='bbox 1942 4782 2042 4839; x_wconf 89' lang='lat' dir='ltr'><strong>lius</strong></span> <span class='ocrx_word' id='word_1_869' title='bbox 2062 4783 2282 4837; x_wconf 84' lang='lat' dir='ltr'><strong>hominis</strong></span> <span class='ocrx_word' id='word_1_870' title='bbox 2308 4790 2552 4836; x_wconf 83' lang='lat' dir='ltr'><strong>venturus</strong></span> <span class='ocrx_word' id='word_1_871' title='bbox 2569 4792 2663 4836; x_wconf 86' lang='lat' dir='ltr'><strong>est.</strong></span> <span class='ocrx_word' id='word_1_872' title='bbox 2690 4782 2842 4851; x_wconf 83' lang='lat' dir='ltr'><strong>Quis,</strong></span> <span class='ocrx_word' id='word_1_873' title='bbox 2867 4794 3041 4853; x_wconf 86' lang='lat' dir='ltr'><strong>putas,</strong></span> <span class='ocrx_word' id='word_1_874' title='bbox 3071 4792 3144 4839; x_wconf 80' lang='lat' dir='ltr'><strong>est</strong></span> <span class='ocrx_word' id='word_1_875' title='bbox 3162 4784 3333 4854; x_wconf 76' lang='lat' dir='ltr'><strong>ﬁdelis</strong></span> <span class='ocrx_word' id='word_1_876' title='bbox 3353 4800 3530 4841; x_wconf 82' lang='lat' dir='ltr'><strong>seruus</strong></span> 
     </span>
    </p>
   </div>
   <div class='ocr_carea' id='block_1_108' title="bbox 1938 4874 3532 4952">
    <p class='ocr_par' dir='ltr' id='par_1_108' title="bbox 1938 4874 3532 4952">
     <span class='ocr_line' id='line_1_108' title="bbox 1938 4874 3532 4952; baseline 0.001 -20"><span class='ocrx_word' id='word_1_877' title='bbox 1938 4885 1990 4932; x_wconf 88' lang='lat' dir='ltr'><strong>et</strong></span> <span class='ocrx_word' id='word_1_878' title='bbox 2017 4876 2267 4949; x_wconf 85' lang='lat' dir='ltr'><strong>prudens,</strong></span> <span class='ocrx_word' id='word_1_879' title='bbox 2295 4891 2443 4944; x_wconf 88' lang='lat' dir='ltr'><strong>quem</strong></span> <span class='ocrx_word' id='word_1_880' title='bbox 2487 4876 2752 4930; x_wconf 84' lang='lat' dir='ltr'><strong>constituit</strong></span> <span class='ocrx_word' id='word_1_881' title='bbox 2780 4874 3036 4931; x_wconf 84' lang='lat' dir='ltr'><strong>Dominus</strong></span> <span class='ocrx_word' id='word_1_882' title='bbox 3064 4881 3179 4951; x_wconf 84' lang='lat' dir='ltr'><strong>ejus</strong></span> <span class='ocrx_word' id='word_1_883' title='bbox 3201 4896 3355 4951; x_wconf 85' lang='lat' dir='ltr'><strong>super</strong></span> <span class='ocrx_word' id='word_1_884' title='bbox 3375 4876 3532 4952; x_wconf 76' lang='lat' dir='ltr'><strong>fami-</strong></span> 
     </span>
    </p>
   </div>
   <div class='ocr_carea' id='block_1_109' title="bbox 1940 4968 3534 5042">
    <p class='ocr_par' dir='ltr' id='par_1_109' title="bbox 1940 4968 3534 5042">
     <span class='ocr_line' id='line_1_109' title="bbox 1940 4968 3534 5042; baseline 0.001 -15"><span class='ocrx_word' id='word_1_885' title='bbox 1940 4973 2064 5027; x_wconf 86' lang='lat' dir='ltr'><strong>liam</strong></span> <span class='ocrx_word' id='word_1_886' title='bbox 2092 4985 2262 5040; x_wconf 87' lang='lat' dir='ltr'><strong>suant,</strong></span> <span class='ocrx_word' id='word_1_887' title='bbox 2293 4979 2350 5025; x_wconf 87' lang='lat' dir='ltr'><strong>ut</strong></span> <span class='ocrx_word' id='word_1_888' title='bbox 2375 4971 2459 5025; x_wconf 88' lang='lat' dir='ltr'><strong>det</strong></span> <span class='ocrx_word' id='word_1_889' title='bbox 2483 4970 2589 5026; x_wconf 88' lang='lat' dir='ltr'><strong>illis</strong></span> <span class='ocrx_word' id='word_1_890' title='bbox 2613 4970 2780 5025; x_wconf 88' lang='lat' dir='ltr'><strong>cibum</strong></span> <span class='ocrx_word' id='word_1_891' title='bbox 2806 4972 2859 5025; x_wconf 88' lang='lat' dir='ltr'><strong>in</strong></span> <span class='ocrx_word' id='word_1_892' title='bbox 2900 4971 3174 5042; x_wconf 83' lang='lat' dir='ltr'><strong>tempore?</strong></span> <span class='ocrx_word' id='word_1_893' title='bbox 3217 4968 3410 5029; x_wconf 85' lang='lat' dir='ltr'><strong>Beatus</strong></span> <span class='ocrx_word' id='word_1_894' title='bbox 3439 4971 3534 5029; x_wconf 81' lang='lat' dir='ltr'><strong>ille</strong></span> 
     </span>
    </p>
   </div>
   <div class='ocr_carea' id='block_1_110' title="bbox 1940 5152 3535 5226">
    <p class='ocr_par' dir='ltr' id='par_1_110' title="bbox 1940 5152 3535 5226">
     <span class='ocr_line' id='line_1_110' title="bbox 1940 5152 3535 5226; baseline 0.003 -17"><span class='ocrx_word' id='word_1_895' title='bbox 1940 5164 1997 5210; x_wconf 89' lang='lat' dir='ltr'><strong>et</strong></span> <span class='ocrx_word' id='word_1_896' title='bbox 2023 5154 2138 5226; x_wconf 86' lang='lat' dir='ltr'><strong>ipse</strong></span> <span class='ocrx_word' id='word_1_897' title='bbox 2178 5153 2606 5226; x_wconf 72' lang='lat' dir='ltr'><strong>Clirysostomus</strong></span> <span class='ocrx_word' id='word_1_898' title='bbox 2639 5152 2793 5223; x_wconf 88' lang='lat' dir='ltr'><strong>legit.</strong></span> <span class='ocrx_word' id='word_1_899' title='bbox 2821 5153 3188 5226; x_wconf 83' lang='lat' dir='ltr'><strong>Nihilosecius</strong></span> <span class='ocrx_word' id='word_1_900' title='bbox 3212 5157 3269 5210; x_wconf 92' lang='lat' dir='ltr'><strong>S.</strong></span> <span class='ocrx_word' id='word_1_901' title='bbox 3299 5154 3535 5213; x_wconf 71' lang='lat' dir='ltr'><strong>Ambro—</strong></span> 
     </span>
    </p>
   </div>
   <div class='ocr_carea' id='block_1_111' title="bbox 1940 5224 3536 5295">
    <p class='ocr_par' dir='ltr' id='par_1_111' title="bbox 1940 5224 3536 5295">
     <span class='ocr_line' id='line_1_111' title="bbox 1940 5224 3536 5295; baseline 0.004 -16"><span class='ocrx_word' id='word_1_902' title='bbox 1940 5224 2079 5291; x_wconf 82' lang='lat' dir='ltr'><strong>sius,</strong></span> <span class='ocrx_word' id='word_1_903' title='bbox 2107 5225 2175 5281; x_wconf 90' lang='lat' dir='ltr'><strong>de</strong></span> <span class='ocrx_word' id='word_1_904' title='bbox 2206 5224 2361 5291; x_wconf 84' lang='lat' dir='ltr'><strong>Fide,</strong></span> <span class='ocrx_word' id='word_1_905' title='bbox 2395 5224 2489 5280; x_wconf 83' lang='lat' dir='ltr'><strong>lib.</strong></span> <span class='ocrx_word' id='word_1_906' title='bbox 2522 5240 2573 5291; x_wconf 87' lang='lat' dir='ltr'><strong>v,</strong></span> <span class='ocrx_word' id='word_1_907' title='bbox 2610 5239 2731 5295; x_wconf 85' lang='lat' dir='ltr'><strong>cap.</strong></span> <span class='ocrx_word' id='word_1_908' title='bbox 2768 5225 2855 5290; x_wconf 76' lang='lat' dir='ltr'><strong>lli,</strong></span> <span class='ocrx_word' id='word_1_909' title='bbox 2889 5226 3217 5282; x_wconf 82' lang='lat' dir='ltr'><strong>Arianorum</strong></span> <span class='ocrx_word' id='word_1_910' title='bbox 3250 5226 3536 5286; x_wconf 79' lang='lat' dir='ltr'><strong>fraudibus</strong></span> 
     </span>
    </p>
   </div>
   <div class='ocr_carea' id='block_1_112' title="bbox 1940 5295 3530 5365">
    <p class='ocr_par' dir='ltr' id='par_1_112' title="bbox 1940 5295 3530 5365">
     <span class='ocr_line' id='line_1_112' title="bbox 1940 5295 3530 5365; baseline 0.001 -14"><span class='ocrx_word' id='word_1_911' title='bbox 1940 5296 2251 5352; x_wconf 86' lang='lat' dir='ltr'><strong>boctribnit</strong></span> <span class='ocrx_word' id='word_1_912' title='bbox 2279 5296 2715 5350; x_wconf 79' lang='lat' dir='ltr'><strong>additamentum</strong></span> <span class='ocrx_word' id='word_1_913' title='bbox 2744 5315 2755 5350; x_wconf 89' lang='lat'><strong>:</strong></span> <span class='ocrx_word' id='word_1_914' title='bbox 2796 5295 3023 5365; x_wconf 82' lang='lat' dir='ltr'><strong>Veteres,</strong></span> <span class='ocrx_word' id='word_1_915' title='bbox 3054 5299 3267 5363; x_wconf 86' lang='lat' dir='ltr'><strong>inquit,</strong></span> <span class='ocrx_word' id='word_1_916' title='bbox 3299 5315 3399 5352; x_wconf 88' lang='lat' dir='ltr'><strong>non</strong></span> <span class='ocrx_word' id='word_1_917' title='bbox 3429 5298 3530 5354; x_wconf 87' lang='lat' dir='ltr'><strong>ha-</strong></span> 
     </span>
    </p>
   </div>
   <div class='ocr_carea' id='block_1_113' title="bbox 1941 5367 3527 5438">
    <p class='ocr_par' dir='ltr' id='par_1_113' title="bbox 1941 5367 3527 5438">
     <span class='ocr_line' id='line_1_113' title="bbox 1941 5367 3527 5438; baseline 0.001 -15"><span class='ocrx_word' id='word_1_918' title='bbox 1941 5369 2056 5423; x_wconf 85' lang='lat' dir='ltr'><strong>bent</strong></span> <span class='ocrx_word' id='word_1_919' title='bbox 2079 5369 2277 5422; x_wconf 77' lang='lat' dir='ltr'><strong>codices</strong></span> <span class='ocrx_word' id='word_1_920' title='bbox 2301 5367 2487 5436; x_wconf 75' lang='lat' dir='ltr'><strong>Grtrci,</strong></span> <span class='ocrx_word' id='word_1_921' title='bbox 2519 5368 2647 5433; x_wconf 81' lang='lat' dir='ltr'><strong>quia</strong></span> <span class='ocrx_word' id='word_1_922' title='bbox 2690 5384 2790 5423; x_wconf 79' lang='lat' dir='ltr'><strong>nec</strong></span> <span class='ocrx_word' id='word_1_923' title='bbox 2821 5368 2995 5422; x_wconf 84' lang='lat' dir='ltr'><strong>Filius</strong></span> <span class='ocrx_word' id='word_1_924' title='bbox 3019 5412 3032 5432; x_wconf 91' lang='lat'><strong>,</strong></span> <span class='ocrx_word' id='word_1_925' title='bbox 3064 5370 3154 5422; x_wconf 85' lang='lat' dir='ltr'><strong>sed</strong></span> <span class='ocrx_word' id='word_1_926' title='bbox 3186 5386 3289 5422; x_wconf 84' lang='lat' dir='ltr'><strong>non</strong></span> <span class='ocrx_word' id='word_1_927' title='bbox 3319 5371 3527 5438; x_wconf 83' lang='lat' dir='ltr'><strong>miram,</strong></span> 
     </span>
    </p>
   </div>
   <div class='ocr_carea' id='block_1_114' title="bbox 1940 5440 3533 5511">
    <p class='ocr_par' dir='ltr' id='par_1_114' title="bbox 1940 5440 3533 5511">
     <span class='ocr_line' id='line_1_114' title="bbox 1940 5440 3533 5511; baseline 0.001 -16"><span class='ocrx_word' id='word_1_928' title='bbox 1940 5442 1984 5495; x_wconf 83' lang='lat' dir='ltr'><strong>si</strong></span> <span class='ocrx_word' id='word_1_929' title='bbox 2006 5442 2165 5493; x_wconf 77' lang='lat' dir='ltr'><strong>ethoc</strong></span> <span class='ocrx_word' id='word_1_930' title='bbox 2186 5442 2443 5511; x_wconf 77' lang='lat' dir='ltr'><strong>falsarum</strong></span> <span class='ocrx_word' id='word_1_931' title='bbox 2467 5456 2483 5492; x_wconf 91' lang='lat'><em>:</em></span> <span class='ocrx_word' id='word_1_932' title='bbox 2514 5441 2600 5506; x_wconf 83' lang='lat' dir='ltr'><strong>qui</strong></span> <span class='ocrx_word' id='word_1_933' title='bbox 2639 5440 2941 5508; x_wconf 81' lang='lat' dir='ltr'><strong>Scripturas</strong></span> <span class='ocrx_word' id='word_1_934' title='bbox 2980 5441 3353 5510; x_wconf 85' lang='lat' dir='ltr'><strong>interpolavere</strong></span> <span class='ocrx_word' id='word_1_935' title='bbox 3400 5442 3533 5496; x_wconf 81' lang='lat' dir='ltr'><strong>divi-</strong></span> 
     </span>
    </p>
   </div>
   <div class='ocr_carea' id='block_1_115' title="bbox 1943 5513 3530 5584">
    <p class='ocr_par' dir='ltr' id='par_1_115' title="bbox 1943 5513 3530 5584">
     <span class='ocr_line' id='line_1_115' title="bbox 1943 5513 3530 5584; baseline 0.002 -19"><span class='ocrx_word' id='word_1_936' title='bbox 1943 5529 2059 5567; x_wconf 85' lang='lat' dir='ltr'><strong>nas.</strong></span> <span class='ocrx_word' id='word_1_937' title='bbox 2100 5513 2217 5579; x_wconf 84' lang='lat' dir='ltr'><strong>Qua</strong></span> <span class='ocrx_word' id='word_1_938' title='bbox 2246 5514 2449 5584; x_wconf 71' lang='lat' dir='ltr'><strong>ratione</strong></span> <span class='ocrx_word' id='word_1_939' title='bbox 2475 5523 2645 5565; x_wconf 86' lang='lat' dir='ltr'><strong>autem</strong></span> <span class='ocrx_word' id='word_1_940' title='bbox 2692 5514 2927 5565; x_wconf 81' lang='lat' dir='ltr'><strong>videatur</strong></span> <span class='ocrx_word' id='word_1_941' title='bbox 2956 5515 3214 5584; x_wconf 81' lang='lat' dir='ltr'><strong>adjectum</strong></span> <span class='ocrx_word' id='word_1_942' title='bbox 3267 5513 3530 5584; x_wconf 83' lang='lat' dir='ltr'><strong>proditur,</strong></span> 
     </span>
    </p>
   </div>
   <div class='ocr_carea' id='block_1_116' title="bbox 1946 5578 3487 5655">
    <p class='ocr_par' dir='ltr' id='par_1_116' title="bbox 1946 5578 3487 5655">
     <span class='ocr_line' id='line_1_116' title="bbox 1946 5578 3487 5655; baseline 0.002 -19"><span class='ocrx_word' id='word_1_943' title='bbox 1946 5584 2071 5639; x_wconf 85' lang='lat' dir='ltr'><strong>dum</strong></span> <span class='ocrx_word' id='word_1_944' title='bbox 2099 5578 2169 5636; x_wconf 77' lang='lat' dir='ltr'><strong>ad</strong></span> <span class='ocrx_word' id='word_1_945' title='bbox 2188 5578 2658 5653; x_wconf 71' lang='lat' dir='ltr'><strong>interpretationem</strong></span> <span class='ocrx_word' id='word_1_946' title='bbox 2688 5584 2817 5655; x_wconf 82' lang='lat' dir='ltr'><strong>tanti</strong></span> <span class='ocrx_word' id='word_1_947' title='bbox 2854 5578 3113 5655; x_wconf 69' lang='lat' dir='ltr'><strong>sacrilegii</strong></span> <span class='ocrx_word' id='word_1_948' title='bbox 3134 5578 3421 5640; x_wconf 57' lang='lat' dir='ltr'><strong>deridetur.</strong></span> <span class='ocrx_word' id='word_1_949' title='bbox 3476 5618 3487 5627; x_wconf 86' lang='lat'><strong>-</strong></span> 
     </span>
    </p>
   </div>
   <div class='ocr_carea' id='block_1_117' title="bbox 2020 5654 3535 5725">
    <p class='ocr_par' dir='ltr' id='par_1_117' title="bbox 2020 5654 3535 5725">
     <span class='ocr_line' id='line_1_117' title="bbox 2020 5654 3535 5725; baseline 0.004 -15"><span class='ocrx_word' id='word_1_950' title='bbox 2020 5666 2043 5695; x_wconf 70' lang='grc' dir='ltr'><em>ε</em></span> <span class='ocrx_word' id='word_1_951' title='bbox 2076 5655 2177 5711; x_wconf 80' lang='lat' dir='ltr'><strong>llic</strong></span> <span class='ocrx_word' id='word_1_952' title='bbox 2199 5668 2418 5725; x_wconf 86' lang='lat' dir='ltr'><strong>quoque</strong></span> <span class='ocrx_word' id='word_1_953' title='bbox 2460 5670 2622 5709; x_wconf 67' lang='lat' dir='ltr'><strong>voces</strong></span> <span class='ocrx_word' id='word_1_954' title='bbox 2649 5699 2663 5723; x_wconf 92' lang='lat'><strong>,</strong></span> <span class='ocrx_word' id='word_1_955' title='bbox 2708 5663 2755 5709; x_wconf 88' lang='lat' dir='ltr'><strong>et</strong></span> <span class='ocrx_word' id='word_1_956' title='bbox 2793 5654 2944 5719; x_wconf 85' lang='lat' dir='ltr'><strong>hora,</strong></span> <span class='ocrx_word' id='word_1_957' title='bbox 2980 5654 3211 5710; x_wconf 85' lang='lat' dir='ltr'><strong>Palatini</strong></span> <span class='ocrx_word' id='word_1_958' title='bbox 3248 5668 3384 5712; x_wconf 84' lang='lat' dir='ltr'><strong>mss.</strong></span> <span class='ocrx_word' id='word_1_959' title='bbox 3441 5670 3535 5716; x_wconf 56' lang='lat' dir='ltr'><strong>re.</strong></span> 
     </span>
    </p>
   </div>
   <div class='ocr_carea' id='block_1_118' title="bbox 1945 5725 3170 5799">
    <p class='ocr_par' dir='ltr' id='par_1_118' title="bbox 1945 5725 3170 5799">
     <span class='ocr_line' id='line_1_118' title="bbox 1945 5725 3170 5799; baseline -0.003 -14"><span class='ocrx_word' id='word_1_960' title='bbox 1945 5736 2163 5799; x_wconf 76' lang='lat' dir='ltr'><strong>spuant.</strong></span> <span class='ocrx_word' id='word_1_961' title='bbox 2194 5726 2335 5784; x_wconf 68' lang='lat' dir='ltr'><strong>Vide</strong></span> <span class='ocrx_word' id='word_1_962' title='bbox 2363 5725 2704 5797; x_wconf 85' lang='lat' dir='ltr'><strong>superiorem</strong></span> <span class='ocrx_word' id='word_1_963' title='bbox 2734 5728 3170 5783; x_wconf 72' lang='lat' dir='ltr'><strong>cunctationem.</strong></span> 
     </span>
    </p>
   </div>
  </div>
