3978 6338
214 305 307 364 185
645 297 1327 370 ΟΟΜΜΕΝΤΔΠΙΟΒῊΜΪ
1341 295 1412 356 ΙΝ
1450 295 1770 355 EVANGEL

1883 297 1906 354 ί
1945 293 2285 355 ΜΑΤἸἫᾹΒῘ
2321 294 2454 354 LIB.
2495 294 2588 356 IV.
2629 295 2787 353 CAP.
2827 296 3000 357 XXV.

3368 291 3476 357 {86

213 416 340 473 scba:
376 420 493 468 ante
533 410 710 467 noctis
755 409 1043 466 dimidium
1079 410 1307 480 populos
1351 409 1628 465 dimittere
1659 423 1762 462 non
1797 413 1837 472 Α
1871 425 1974 479 que
2023 409 2340 478 repetitum,
2383 407 2642 464 indicium
2688 408 2812 463 fidei
2867 416 2968 464 est.
3023 409 3127 465 Sed
3154 410 3281 482 quid
3310 410 3478 483 prod-

212 508 371 570 liceat,
420 513 802 574 exspectantes
840 504 1135 556 adventum
1186 504 1411 557 (.ltristi.
1459 512 1481 539 α
1517 503 1578 555 Et
1627 511 1769 567 post-

209 615 348 670 quam
393 597 522 652 illttd
571 606 783 666 tempus
833 599 1131 659 transierit,
1184 598 1476 652 securitate
1508 613 1771 666 Ill'il35ttlll’

211 703 304 764 pta,
351 692 534 746 fe~tunt
577 693 755 744 cuncti
805 701 972 760 agunt
999 691 1164 746 diem.
1201 691 1353 745 Unde
1395 701 1450 744 et
1485 691 1770 745 l’salrnista

206 783 432 840 dicebat:
463 781 640 837 Media
680 793 824 838 nocte
864 783 1140 853 surgebam
1187 783 1256 836 ad
1292 783 1643 852 conﬁtendum
1681 781 1771 836 tibi

205 893 344 944 super
357 875 558 942 judicia
571 877 966 943 iustificationis
988 887 1092 931 tua:
1122 875 1295 948 (Psal.
1324 891 1514 940 cxvnt,
1545 875 1659 948 ϐξ).

263 968 431 1038 (Vers.
456 967 536 1038 7.)
579 966 721 1021 Tunc
763 977 1099 1023 surrexerunt
1150 985 1326 1023 omnes
1366 969 1588 1038 virgines
1632 968 1770 1032 illaz.

203 1070 243 1112 et
267 1067 564 1112 ornaverunt
607 1058 876 1130 lampades
917 1075 1060 1112 suos.
1103 1058 1302 1114 Omnes
1333 1057 1497 1131 204
1535 1059 1772 1128 virgines

200 1160 558 1216 surrexerunt,
609 1161 664 1206 et
713 1163 1047 1206 ornaverunt
1097 1168 1443 1222 unaquteque
1493 1155 1774 1222 lampades

200 1257 328 1304 suas.
355 1242 403 1296 id
429 1252 535 1304 est,
564 1257 786 1305 sensus.
831 1245 884 1298 in
907 1244 1104 1313 quibus
1133 1246 1314 1298 oleum
1347 1245 1594 1300 scientia:
1631 1247 1774 1302 reci-

201 1335 414 1404 piebant,
446 1343 506 1388 ut
531 1334 561 1373 ιι
595 1334 863 1391 baberent
892 1353 1060 1407 opera
1082 1337 1364 1408 virtutum,
1394 1354 1515 1410 qua:
1541 1348 1667 1395 ante
1691 1355 1776 1395 ve-

199 1443 304 1481 rum
324 1426 560 1497 judicem
593 1429 945 1500 refulgerent.

255 1519 421 1590 (Vers.
459 1520 542 1590 8.)
585 1520 772 1576 Fatue:
799 1533 969 1576 autem
997 1522 1314 1591 sapientibus
1342 1525 1590 1579 dixerunt
1615 1541 1632 1578 :
1656 1524 1774 1579 Da-

197 1623 237 1667 te
262 1613 399 1667 nobis
423 1614 488 1666 de
513 1612 630 1668 oleo
671 1623 857 1679 vestro,
888 1615 1012 1684 quia
1048 1617 1317 1684 lampades
1357 1626 1546 1671 nostra:
1579 1619 1776 1673 exstin-

197 1716 418 1780 guuntur.
462 1707 596 1774 Quae
641 1706 920 1777 lampades
952 1723 1079 1762 suas
1110 1720 1415 1775 queruntur
1451 1711 1723 1780 exstingui
1755 1757 1769 1779 ,

1873 513 1959 558 est
1989 520 2118 556 voce
2152 507 2426 568 invocare,
2458 519 2616 573 quem
2644 503 2896 571 operibus
2929 504 3138 569 neges?

1949 597 2135 668 (Vers.
2172 597 2289 668 1‘2.)
2329 598 2391 649 At
2421 595 2509 650 ille
2534 597 2868 666 respondens,
2900 598 2972 650 ait
2997 611 3016 651 .‘
3039 597 3198 650 Amen
3231 597 3350 651 dico
3383 613 3472 651 vo-

1874 689 1972 755 bis,
2015 690 2183 743 nescio
2212 706 2319 744 uos.
2369 688 2526 744 Novit
2577 689 2834 744 Dominus
2881 704 2977 743 eos
3026 691 3117 760 qui
3149 691 3270 757 ejus
3310 700 3466 761 sunt,

1874 791 1930 837 ct
1951 783 2042 852 qui
2071 782 2304 853 ignorat,
2333 782 2674 853 ignorabitur
2701 780 2995 853 (llTim.II,
3029 781 3142 854 i9).
3172 781 3356 838 Nescit
3375 783 3478 837 Do-

1876 877 2056 930 minus
2086 875 2366 942 operarios
2408 873 2757 940 iniquitatis:
2800 882 2855 927 et
2883 871 3014 928 licet
3057 873 3301 940 virgines
3344 873 3475 941 sint,

1875 977 1930 1021 et
1973 965 2270 1022 secundum
2319 965 2589 1034 duplicem
2639 964 3060 1035 intelligentiam
3103 965 3172 1020 de
3228 965 3476 1035 corporis

1879 1062 2130 1130 puritate,
2183 1066 2239 1114 et
2279 1059 2347 1113 de
2395 1057 2744 1113 confessione
2789 1073 2933 1112 verte
2986 1056 3294 1128 gloriantur
3347 1056 3477 1113 ﬁdei

1877 1154 1916 1224 (Ι
1943 1154 2066 1206 Cor.
2103 1167 2215 1221 xiv,
2262 1151 2402 1223 38);
2457 1162 2637 1207 tamen
2683 1153 2811 1221 quia
2865 1151 3049 1205 oleum
3108 1166 3218 1205 non
3271 1150 3478 1205 habent

1875 1247 2150 1314 scientiae,
2195 1245 2395 1302 sufficit
2437 1245 2520 1301 eis
2571 1260 2670 1314 pro
2716 1259 2876 1315 penna
2911 1243 3054 1316 quod
3100 1244 3476 1314 ignorantura

1876 1357 2100 1412 Sponso.

1949 1433 2129 1507 (Vers.
2161 1431 2273 1504 15.)
2312 1431 2538 1504 Vigilate
2565 1433 2760 1503 itaque,
2804 1433 2926 1502 quia
2970 1432 3180 1487 nescitis
3209 1433 3346 1487 diem
3388 1450 3480 1490 ne-

1876 1544 1976 1600 que
2004 1527 2204 1581 horam.
2247 1526 2580 1581 Prudentem
2623 1539 2843 1595 semper
2874 1525 3151 1580 admoneo
3190 1526 3478 1594 lectorem,

1877 1631 1936 1677 ut
1972 1638 2078 1676 non
2106 1621 2505 1688 superstitiosis
2536 1621 2848 1691 acquiescat
2879 1619 3428 1689 interpretationibus
3453 1663 3470 1689 ,

1879 1723 1934 1767 et
1980 1731 2100 1784 qum
2153 1714 2482 1768 ceromatice
2529 1728 2626 1782 pro
2678 1712 2995 1778 fingentium
3048 1711 3306 1766 dicuntur
3332 1711 3484 1766 arbi-

199 1799 466 1855 ostendunt
511 1815 607 1855 eas
646 1816 712 1854 ex
751 1811 904 1868 parte
941 1801 1125 1856 lui-ere
1157 1820 1169 1855 :
1203 1815 1255 1856 et
1303 1813 1484 1856 tamen
1532 1820 1637 1856 non
1677 1805 1768 1856 Ita-
1804 1811 1849 1869 Β
1879 1807 2003 1876 trio,
2045 1806 2140 1862 sed
2171 1806 2481 1860 consideret
2515 1806 2720 1877 priora,
2757 1803 2958 1867 media,
2992 1812 3048 1858 et
3077 1802 3394 1874 sequentia,
3424 1809 3482 1857 et

197 1892 308 1948 bent
361 1891 546 1947 lumen
600 1892 948 1958 indeliciens,
997 1910 1099 1948 nec
1150 1910 1315 1963 opera
1377 1905 1657 1964 perpetua.
1717 1896 1773 1950 Si

196 1986 300 2053 quis
332 1985 492 2055 igitur
525 1985 691 2040 habet
717 1989 953 2041 animam
983 1987 1333 2055 virginalem,
1365 1999 1418 2042 et
1448 1997 1664 2042 amator
1692 1998 1775 2044 est

199 2074 468 2144 pudicitiae,
513 2091 626 2130 non
669 2077 831 2132 debet
879 2077 1255 2134 mediocribus
1289 2094 1411 2134 esse
1456 2091 1771 2145 contentus,

196 2184 296 2236 qua:
330 2169 436 2222 cito
474 2171 823 2230 exolescunt.
868 2180 924 2224 et
951 2180 1144 2225 exorto
1189 2182 1462 2239 caumate,
1491 2175 1725 2227 areliunt
1757 2188 1770 2237 ;

196 2263 273 2315 sed
324 2262 598 2332 perfectas
640 2264 872 2319 virtutes
913 2276 1192 2336 sequatur,
1245 2275 1302 2321 ut
1348 2267 1532 2323 lumen
1580 2267 1776 2322 habeat

195 2356 570 2424 sempiternum
583 2395 597 2408 .

254 2448 418 2515 (Vers.
455 2448 547 2520 9.)
590 2447 997 2518 Responderunt
1031 2449 1332 2522 prudentes,
1373 2452 1598 2507 dicentes
1633 2470 1645 2506 :
1693 2451 1776 2506 Nc

197 2542 249 2608 [ο.
264 2548 309 2592 te
329 2558 427 2593 non
455 2540 696 2610 sufﬁciat
735 2541 882 2595 nobis
908 2552 957 2596 et
984 2542 1144 2596 vobis.
1181 2544 1294 2598 lloc
1338 2559 1445 2598 non
1493 2545 1564 2599 de
1594 2546 1776 2598 avari-

196 2634 276 2698 tia,
316 2633 407 2688 sed
446 2634 517 2688 de
564 2635 760 2689 timore
807 2635 1162 2704 reSpondent.
1199 2635 1582 2708 Unusquisque
1629 2637 1771 2692 enim

196 2740 276 2794 pro
301 2726 562 2796 operibus
601 2727 714 2779 Suis
767 2727 1073 2781 mercedem
1124 2729 1412 2796 recipiet,’
1435 2745 1612 2798 neque
1651 2744 1776 2798 pos-

193 2828 296 2871 sunt
332 2822 380 2872 in
420 2819 508 2874 die
544 2819 743 2888 judicii
781 2821 1011 2874 aliorum
1061 2819 1286 2876 virtutes
1311 2861 1326 2886 ,
1372 2821 1601 2875 aliorum
1646 2821 1771 2874 vitia

194 2911 473 2966 sublevare.
505 2911 581 2966 Et
611 2912 885 2981 quomodo
933 2923 1176 2980 tempore
1207 2913 1517 2983 Babylonia:
1542 2913 1772 2983 captivi-

196 3005 326 3070 tatis,
355 3005 633 3061 Jeremias
664 3017 990 3076 peccatores
1018 3007 1206 3074 juvare
1239 3022 1346 3061 non
1377 3007 1574 3077 patuit,
1609 3017 1664 3062 et
1691 3007 1772 3061 di-

194 3100 310 3154 citur
330 3103 390 3154 ad
421 3117 559 3156 eum
592 3119 606 3155 :
643 3099 726 3154 Ne
749 3101 978 3155 oraveris
1000 3118 1096 3172 pro
1117 3102 1307 3172 populo
1331 3102 1428 3155 isto
1453 3099 1768 3173 (Jerem.vtt,

1882 1909 2065 1954 nectat
2090 1899 2194 1954 sibi
2228 1900 2480 1952 universa
2513 1913 2634 1968 quae
2663 1897 2868 1966 scripta
2901 1905 3046 1950 sunt.
3081 1895 3164 1950 Ex
3214 1895 3316 1948 lIoc
3346 1907 3485 1964 ergo

1878 1994 2022 2064 quod
2074 1993 2277 2049 infert:
2333 1993 2577 2063 Vigilate,
2612 1992 2736 2062 quia
2777 1991 2992 2045 nescitis
3019 1990 3157 2043 diem
3201 2003 3367 2058 neque
3386 1987 3484 2041 Ito-

1877 2103 2013 2154 ram,
2062 2087 2450 2156 intelliguntur
2495 2087 2751 2140 universa
2803 2098 2928 2153 quae
2973 2082 3132 2148 dixit,
3167 2080 3219 2135 id
3272 2091 3380 2144 est,
3410 2079 3482 2136 de

1879 2181 2091 2235 duobus
2117 2181 2208 2248 qui
2256 2183 2307 2233 in
2339 2193 2476 2250 agro
2508 2186 2658 2243 sunt,
2686 2186 2742 2231 et
2767 2175 2835 2230 de
2864 2175 3077 2229 duabus
3109 2171 3474 2240 molenttbus,

1877 2280 1935 2326 et
1968 2271 2036 2326 de
2081 2269 2508 2342 patreiamilias,
2556 2267 2648 2337 qui
2689 2280 2851 2320 servo
2895 2280 2995 2320 suo
3025 2264 3203 2320 credit
3229 2264 3486 2318 substan-

1880 2365 2033 2432 tiam,
2070 2363 2223 2418 etde
2264 2363 2456 2418 decem
2487 2361 2818 2431 virginibus,
2857 2359 2979 2414 ideo
3021 2358 3314 2426 parabolas
3357 2370 3483 2411 esse

1881 2457 2231 2526 prtemissas,
2291 2465 2347 2510 ut
2401 2456 2532 2524 quia
2595 2455 2912 2525 ignoramus
2967 2449 2993 2487 τι
3048 2467 3240 2505 omnes
3284 2448 3485 2519 judicii

1878 2549 2045 2611 dicm,
2102 2549 2338 2602 sollicite
2374 2547 2527 2604 nobis
2558 2547 2743 2600 lumen
2769 2545 3044 2598 bonorum
3074 2559 3304 2610 Operum
3336 2557 3479 2613 prte-

1878 2655 2152 2710 paremus,
2188 2656 2278 2706 ne,
2309 2639 2437 2692 dum
2479 2640 2813 2706 ignoramus,
2841 2635 3014 2705 judex
3040 2635 3246 2689 veniat.

1949 2733 2132 2803 (Ver-3
2171 2731 2254 2799 i4,
2291 2733 2404 2801 15.)
2446 2731 2593 2786 Sicut
2637 2731 2774 2784 enim
2802 2730 2954 2781 homo
2996 2743 3206 2796 peregre
3236 2727 3478 2799 pro/icis-

1877 2841 2016 2892 cens,
2040 2824 2237 2877 vocavit
2256 2840 2425 2877 servos
2447 2839 2587 2888 suos,
2626 2831 2673 2875 et
2701 2820 2916 2875 tradidit
2943 2818 3051 2874 illis
3081 2821 3216 2873 bona
3239 2835 3357 2874 sua.
3399 2817 3474 2872 Et

1874 2917 1964 2969 uni
1995 2916 2134 2968 dedit
2169 2916 2397 2986 quinque
2443 2912 2663 2976 talenta,
2707 2910 2802 2966 alii
2824 2925 2994 2965 autem
3039 2910 3162 2976 duo,
3207 2911 3300 2964 alii
3348 2925 3470 2964 uero

1875 3024 2058 3074 unum,
2091 3008 2370 3073 unicuique
2391 3006 2672 3061 secundum
2701 3005 2962 3074 prapriam
2997 3007 3256 3070 virtutem,
3283 3012 3331 3057 et
3353 3019 3476 3074 pro-

1877 3102 2040 3170 fectus
2063 3109 2136 3153 est
2163 3101 2358 3154 statim.
2393 3100 2567 3154 Homo
2596 3097 2701 3154 iste
2745 3096 3159 3167 paterfamilias,
3189 3095 3332 3151 haud
3377 3094 3478 3150 du-

197 3191 268 3260 l6)
303 3209 315 3245 :
344 3194 421 3248 sic
449 3193 817 3248 formidolosa
859 3195 966 3248 erit
1010 3195 1098 3249 illa
1131 3195 1270 3261 dies,
1304 3211 1426 3250 cum
1476 3197 1761 3263 unusquis-
1798 3194 1842 3256 C
1877 3194 2021 3248 bium
2053 3193 2183 3264 quin
2215 3191 2463 3247 Christus
2505 3194 2595 3259 sit,
2628 3191 2720 3262 qui
2769 3192 2834 3244 ad
2881 3190 3094 3244 Patrem
3129 3201 3248 3259 post
3291 3203 3478 3244 resur-

195 3301 281 3354 que
310 3303 401 3354 pro
432 3289 743 3358 semetipso
769 3288 1044 3342 sollicitus
1073 3289 1196 3343 erit.

253 3378 323 3432 lte
357 3382 527 3450 potius
564 3380 641 3433 ad
678 3381 972 3446 uendentes,
1012 3392 1060 3436 et
1096 3381 1246 3435 emite
1290 3381 1450 3435 vobis.
1508 3380 1771 3437 Venditur

198 3469 282 3525 hoc
303 3473 498 3537 oleum,
527 3482 588 3528 et
620 3473 794 3527 multo
818 3474 1018 3528 emitur
1048 3475 1248 3542 pretio,
1289 3488 1352 3528 ac
1377 3473 1588 3528 diificili
1622 3474 1770 3527 labo-

198 3576 245 3614 re
285 3564 666 3633 conquiritur,
719 3565 864 3634 quod
918 3566 973 3620 in
1023 3565 1393 3636 eleemosyuis
1452 3566 1770 3636 cunctisque

199 3655 464 3712 virtutibus
491 3669 549 3714 et
571 3658 826 3714 consiliis
857 3660 1210 3730 intelligimus
1238 3661 1640 3730 magiSIrorum.

257 3747 425 3816 (Vers.
458 3750 578 3820 10.)
623 3747 767 3802 Dum
791 3760 966 3805 autem
991 3752 1122 3805 irent
1145 3767 1328 3812 emere.
1359 3753 1493 3805 venit
1523 3769 1771 3828 sponsus.

201 3837 314 3892 Dant
351 3841 571 3910 quidem
613 3844 776 3912 quasi
809 3843 1107 3912 prudentes
1135 3844 1449 3909 consilium,
1487 3846 1629 3913 quod
1661 3861 1767 3900 non

197 3935 398 3992 debeant
427 3942 548 3995 sine
593 3941 722 3996 oleo
765 3942 1148 4011 lampadarum
1177 3959 1384 4012 sponso
1426 3959 1718 4002 occurrere
1753 3964 1766 4001 :

196 4056 356 4097 verum
384 4045 505 4116 quia
551 4045 670 4115 jam
705 4046 920 4101 emendi
955 4056 1166 4116 tempus
1207 4058 1546 4114 excesserat,
1591 4061 1644 4103 et
1675 4050 1770 4105 ad-

199 4147 416 4200 veniente
461 4147 660 4217 judicii
717 4148 828 4216 die,
899 4149 1048 4203 locus
1099 4166 1206 4204 non
1249 4162 1366 4205 erat
1400 4153 1766 4222 pmnitentite,

200 4244 445 4302 Psalmista
475 4251 732 4306 dicente:
770 4249 828 4304 In
856 4252 1060 4321 inferno
1104 4261 1273 4306 autem
1300 4255 1414 4324 quis
1442 4256 1771 4326 conﬁtebitur

198 4337 271 4388 tibi
310 4337 478 4407 (Psat.
524 4359 620 4408 vr,
674 4342 785 4412 6)?
852 4358 964 4396 non
1016 4359 1152 4396 nova
1209 4359 1375 4414 opera
1428 4357 1450 4384 ο
1512 4358 1766 4416 patrare,

197 4443 273 4496 sed
301 4446 701 4511 prazteritorum
727 4456 998 4516 coguntur
1030 4447 1295 4502 rationem
1326 4449 1632 4506 exsolvere.

256 4533 314 4588 Et
328 4553 440 4606 qua:
461 4553 669 4607 parata:
689 4550 862 4596 erant.
877 4541 1200 4593 intraverunt
1217 4558 1333 4595 cum
1355 4559 1413 4595 eo
1439 4545 1507 4596 ad
1536 4547 1765 4616 nuptias,

198 4633 237 4678 et
273 4626 438 4682 clausa
479 4638 556 4684 est
586 4633 781 4704 janua.
815 4630 946 4683 Post
973 4631 1133 4702 205
1160 4631 1349 4700 judicii
1381 4635 1551 4700 diem,
1601 4637 1772 4689 bono—
1799 4633 1849 4691 Ι)

204 4731 304 4771 rum
329 4734 574 4789 operum,
606 4733 661 4776 et
685 4723 910 4790 juSIititc
930 4723 1144 4778 occasio
1173 4740 1281 4778 non
1309 4725 1634 4796 relinquitur
1655 4727 1765 4800 [Αι.

203 4820 558 4895 relinquetur].

257 4914 426 4983 (Vers.
461 4919 581 4990 ll.)
626 4917 915 4973 Novissime
939 4936 1055 4975 vero
1079 4923 1286 4975 veniunt
1323 4931 1372 4975 et
1409 4921 1622 4995 reliquo:
1669 4925 1772 4978 uir-

200 5015 347 5082 gines,
377 5019 606 5073 dicentes
637 5037 656 5073 :
688 5018 925 5084 Domine,
957 5021 1186 5084 domine,
1211 5025 1356 5090 aperi
1398 5025 1562 5078 nobis.
1599 5025 1773 5094 Egre-

199 5104 270 5173 gia
294 5110 502 5177 quidem
535 5111 592 5166 in
625 5113 840 5166 Domini
873 5113 1241 5182 appellatione
1271 5115 1567 5182 confessio,
1597 5118 1769 5172 idem-

260 5365 284 5393 ι
320 5355 534 5426 Aliquot
585 5374 756 5421 mss..
813 5359 881 5415 Ut
923 5370 1193 5429 postquam
1237 5374 1258 5414 :
1306 5373 1540 5419 moxque
1589 5360 1757 5427 adeo,

203 5438 334 5500 agunt
364 5429 520 5483 diem.
555 5431 656 5484 Alii
696 5447 818 5486 cum
864 5431 1069 5498 pridem
1105 5431 1354 5499 vulgatis,
1403 5430 1589 5500 festum
1630 5451 1761 5488 cun-

202 5499 279 5572 (tis
326 5502 589 5566 agentibus
646 5502 806 5556 diem.
869 5503 1112 5556 Victorio
1165 5499 1457 5558 emenalare
1509 5504 1758 5572 placuit,

203 5567 359 5640 festum
387 5581 602 5625 cunctos
630 5591 784 5640 agere
813 5575 971 5628 diem.

262 5639 284 5677 δ
323 5641 586 5698 limerilrit
625 5647 823 5701 \‘ictnr.
859 5663 923 5699 ex
969 5647 1143 5699 tribus
1190 5645 1525 5700 Florentinis
1565 5645 1765 5699 codici-

208 5708 312 5772 bus,
339 5712 533 5777 jnncti<
583 5719 743 5770 etiam
781 5717 1050 5771 Brixianis
1075 5719 1299 5782 aliquot,
1334 5729 1386 5767 ut
1424 5715 1621 5768 olerent
1647 5733 1664 5780 ;
1690 5721 1767 5773 sic

216 5783 365 5848 etIEm,
396 5787 488 5851 ait,
541 5788 603 5840 ad
637 5801 886 5842 naturain
916 5790 1042 5846 rivi.
1097 5806 1200 5858 qua
1235 5792 1409 5842 itlltl‘.‘ll
1443 5805 1472 5841 tt
1499 5789 1627 5853 itur,
1661 5806 1773 5844 Ina-

1874 3288 2173 3342 rectionem
2206 3286 2380 3339 victor
2407 3285 2710 3339 ascendens
2735 3325 2750 3347 ,
2776 3283 2987 3336 vocatis
3036 3281 3336 3351 apostolis,
3380 3279 3480 3334 do-

1873 3382 2103 3438 etriuam
2150 3379 2520 3450 evangelicam
2565 3377 2819 3437 tradidit,
2854 3392 2961 3429 non
3013 3391 3109 3444 pro
3132 3374 3389 3443 largitate
3415 3380 3477 3428 et

1874 3476 2145 3546 parcitate
2193 3475 2351 3528 alteri
2387 3474 2529 3542 plus,
2564 3482 2620 3526 et
2664 3471 2822 3524 alteri
2857 3469 3035 3524 minus
3071 3468 3344 3533 tribuens,
3375 3467 3474 3522 sed

1877 3585 1972 3636 pro
2021 3567 2408 3633 accipientium
2460 3566 2668 3618 viribus
2704 3562 3118 3634 :quomodoet
3169 3561 3473 3633 Apostolus

1873 3677 1969 3715 cos
2018 3661 2109 3730 qui
2153 3660 2389 3714 solidum
2437 3647 2622 3713 cilium
2659 3672 2860 3724 capere
2899 3672 3004 3710 non
3033 3663 3308 3725 poterant,
3335 3655 3478 3709 lacte

1876 3764 2093 3822 potasse
2137 3767 2197 3808 se
2241 3751 2373 3805 dicit
2407 3749 2446 3817 (1
2479 3747 2602 3804 Cor.
2645 3747 2750 3819 tv).
2793 3747 3040 3816 Denique
3083 3755 3138 3800 et
3193 3743 3348 3799 illum
3381 3743 3479 3815 qui

1873 3847 1941 3900 de
1971 3847 2214 3916 quinque
2245 3845 2489 3908 talentis,
2536 3843 2729 3898 decem
2766 3842 2993 3905 iecerat,
3025 3850 3080 3894 et
3110 3837 3206 3909 qui
3234 3838 3305 3893 de
3335 3837 3477 3892 duo-

1875 3949 1974 4002 bus
2006 3959 2265 4018 quatuor,
2315 3944 2482 3999 simili
2529 3943 2734 4013 recepit
2781 3941 3020 4011 gaudio;
3061 3954 3170 3993 non
3214 3937 3478 3993 conside-

1875 4065 2000 4103 rans
2047 4049 2178 4102 lucri
2235 4046 2685 4115 magnitudinem,
2731 4031 2838 4097 sed
2888 4039 3058 4095 studii
3109 4038 3474 4094 voluntatem.

1873 4150 2035 4222 206
2083 4149 2141 4203 ln
2191 4149 2454 4218 quinque,
2504 4155 2559 4200 et
2609 4143 2844 4209 duobus,
2893 4150 2952 4196 et
2983 4155 3094 4195 uno
3124 4139 3352 4206 talento,
3381 4137 3472 4196 vel

1875 4252 2119 4305 diversas
2163 4251 2367 4319 gratias
2406 4247 2818 4316 intelligamus,
2852 4261 2976 4314 qua:
3024 4243 3320 4311 unicuique
3368 4252 3482 4301 tra-

1873 4346 2000 4399 ditae
2052 4352 2195 4397 sunt.
2249 4341 2343 4396 Vel
2393 4341 2443 4394 in
2497 4339 2706 4410 primo,
2741 4353 2936 4392 omnes
2967 4351 3165 4392 sensus
3195 4337 3481 4392 enmina-

1874 4456 1960 4501 tos
2017 4463 2028 4498 :
2087 4445 2140 4498 ln
2203 4441 2487 4506 Secundo,
2546 4439 2966 4502 intelligentiam
3025 4447 3080 4492 et
3135 4452 3360 4506 opera:
3419 4436 3478 4492 In

1877 4540 2058 4602 tertio,
2105 4540 2391 4601 rationem,
2416 4552 2519 4604 qua
2565 4534 2816 4589 homines
2847 4549 2877 4587 a
2907 4533 3101 4588 bestiis
3130 4547 3476 4600 separamur.

1947 4632 2130 4702 (Vers.
2162 4631 2276 4700 l6.)
2317 4630 2451 4682 Abiit
2497 4637 2674 4682 autem
2716 4628 2806 4700 qui
2855 4630 3078 4695 quinque
3107 4626 3304 4680 talenta
3329 4640 3480 4679 acce-

1878 4737 2041 4797 perat,
2073 4739 2120 4780 et
2151 4735 2389 4797 aperotus
2417 4731 2493 4778 est
2520 4725 2573 4777 in
2599 4727 2670 4777 eis
2698 4739 2716 4788 ;
2739 4731 2786 4774 et
2837 4721 3069 4775 lucratus
3096 4729 3170 4772 est
3201 4719 3307 4773 alia
3329 4717 3482 4788 quin-

1875 4845 1992 4899 que.
2029 4827 2284 4896 Acceptis
2313 4825 2547 4880 terrenis
2589 4822 2844 4878 sensibus
2894 4819 3198 4875 cmlestium
3239 4817 3342 4870 sibi
3374 4831 3476 4870 uo-

1878 4921 2052 4976 titiam
2087 4920 2383 4988 duplicavit
2417 4935 2432 4973 :
2463 4933 2531 4971 ex
2566 4914 2837 4971 creaturis
2889 4911 3204 4977 intelligens
3248 4906 3475 4962 Creato-

1882 5040 2030 5080 rem:
2059 5041 2125 5078 ex
2156 5021 2558 5092 corporalibus,
2597 5014 2962 5085 incorporalia
2998 5031 3010 5066 :
3042 5028 3106 5066 ex
3141 5009 3477 5077 visibilibus,

1879 5119 2176 5174 invisibilia
2208 5134 2222 5171 :
2252 5133 2318 5174 ex
2348 5115 2632 5184 brevibus,
2665 5122 2897 5167 acterna.

1873 5365 1955 5434 gis
1985 5363 2266 5418 alluditur.

1949 5448 1971 5475 ο
2013 5435 2356 5490 Martianmus
2385 5430 2621 5499 legebat,
2655 5443 2787 5482 nova
2830 5439 2992 5490 opera
3022 5431 3228 5486 parare,
3259 5420 3480 5499 contra-

1874 5484 2358 5563 dicentibusinss.
2391 5484 2666 5556 Victorius
2710 5484 2925 5567 quoque
2955 5484 3080 5545 ante
3118 5502 3220 5543 nos
3249 5527 3262 5550 ,
3311 5484 3475 5541 codd.

1876 5594 2008 5634 mss.
2035 5579 2318 5641 suffragio,
2355 5586 2562 5643 patrare
2587 5574 2963 5634 rt'scrip~t:I':It.

1951 5628 2134 5702 (ΓΙ)ξᾷ
2156 5628 2330 5702 aliine;
2355 5628 2574 5713 quidam
2610 5628 2832 5713 ιιιςςςω
2867 5636 3098 5713 nomines
3132 5628 3386 5700 pra-form
3410 5633 3434 5684 ῑ
3462 5639 3478 5692 ἓ

1879 5722 1989 5788 alii,
2019 5722 2274 5784 homines,
2303 5710 2602 5773 tinnitum.
2636 5713 2722 5769 Sir
2753 5711 2829 5766 lill
2854 5710 2962 5766 ibi).
