3978 6338
421 235 531 296 187

1681 228 1742 287 S.
1784 229 2058 289 EUSEBII
2096 231 2484 291 HlEllONYMl

3631 242 3741 302 188

497 334 684 421 (Vers.
721 344 836 418 17.)
878 338 1131 404 Similiter
1175 346 1261 418 qui
1305 336 1409 400 duo
1456 353 1755 416 acceperat,
1789 344 2021 401 lucratus
2046 345 2103 408 Α
2127 346 2214 403 lite
2259 350 2432 424 itaque
2472 351 2535 406 ab
2575 367 2634 408 eo
2662 353 2937 427 talentum,
2968 366 3016 414 et
3045 358 3165 413 date
3183 360 3230 415 ei
3253 358 3342 432 qui
3373 358 3529 415 habet
3560 358 3741 415 decem

424 447 498 497 est
527 439 635 494 alia
679 439 806 495 duo.
848 434 915 495 Et
945 441 1049 513 iste
1098 456 1199 510 pro
1223 438 1438 495 viribus
1475 437 1736 510 quidquid
1781 438 1833 492 in
1882 439 2025 509 Lege

430 531 728 600 didicerat,
776 531 833 586 in
866 531 1161 602 Evangelio
1205 530 1503 600 duplicavit
1533 548 1547 586 :
1580 529 1692 585 sive
1735 530 2024 586 scientiam

428 632 485 681 et
506 638 676 695 opera
722 623 1015 695 praesentis
1057 625 1206 691 vitae,
1240 623 1435 679 luturze
1466 620 1828 680 beatitudinis
1864 631 2026 695 typos

429 716 724 773 intellexit.

501 811 683 883 (Vers.
716 798 830 881 l8.)
875 810 977 879 Qui
999 818 1169 864 autem
1199 826 1357 864 unum
1384 817 1672 883 acceperat,
1724 806 1900 862 abiens
1946 807 2029 878 fo-

430 904 505 960 dit
531 904 587 959 in
631 912 840 969 terram,
874 910 921 956 et
949 901 1218 957 abscondit
1250 902 1525 971 pecuniam
1565 900 1762 955 domini
1786 901 1891 955 sui.
1921 898 2026 954 Ne-

432 1012 595 1069 quam
621 1010 815 1052 servus
844 995 1080 1049 terrenis
1110 994 1369 1064 operibus
1400 1000 1454 1049 et
1496 994 1685 1048 sreculi
1726 992 2024 1062 voluptate,

436 1090 530 1147 Dei
560 1096 830 1161 prmcepta
863 1087 1105 1158 neglexit
1127 1098 1181 1145 et
1214 1088 1417 1160 polluit
1453 1107 1466 1142 :
1493 1104 1818 1159 quamquam
1847 1087 1898 1141 in
1921 1086 2029 1140 alio

433 1185 764 1255 evangelista
810 1184 1080 1253 scriptum
1114 1185 1210 1251 sit,
1257 1182 1403 1254 Quod
1434 1183 1492 1237 in
1526 1182 1744 1238 sadario
1782 1178 2029 1251 ligaverit

436 1275 591 1350 (Luc.
620 1271 756 1349 xu),
779 1275 833 1330 id
867 1284 975 1344 est,
1010 1268 1318 1330 doctrinam
1350 1273 1764 1346 patrisfamilias
1794 1266 2032 1329 molliter

434 1376 493 1423 et
520 1367 760 1423 delicate
787 1367 1030 1423 vivendo
1060 1367 1361 1423 enervarit.

507 1458 690 1535 (Vers.
725 1460 958 1533 19,920.)
1000 1460 1127 1517 Post
1176 1454 1394 1517 multum
1441 1477 1557 1516 vero
1609 1458 1850 1533 temporis
1899 1461 2034 1515 venit

437 1555 683 1611 dominus
715 1568 977 1609 servorum
1031 1552 1285 1622 illorum,
1334 1562 1381 1608 et
1421 1550 1591 1627 posuit
1630 1555 1880 1608 rationem
1917 1568 2034 1607 cum

438 1649 536 1704 eis.
566 1645 635 1702 Et
664 1647 915 1701 accedens
941 1644 1031 1718 qui
1063 1647 1284 1717 quinque
1315 1646 1510 1701 talenta
1538 1655 1822 1716 acceperat,
1851 1640 2038 1700 obtulit

2129 443 2337 497 talenta.
2372 445 2526 512 Quod
2547 456 2831 518 potaverat
2858 466 2919 507 se
2947 468 3045 522 pro
3098 453 3461 510 excusatione
3498 451 3736 522 dixisse,

2128 534 2183 589 in
2230 536 2446 606 culpam
2494 541 2771 610 prepriam
2818 546 3069 601 vertitur.
3114 545 3319 603 Servus
3347 555 3531 602 autem
3560 544 3744 602 malus

2129 631 2462 702 appellatur:
2511 636 2639 706 quia
2686 636 3013 694 calumniam
3061 640 3281 696 domino
3331 639 3481 697 facit.
3538 638 3742 712 Piger.

2130 725 2250 795 quia
2277 727 2450 781 noluit
2473 727 2730 785 talentum
2752 730 3053 802 duplicare,
3083 733 3215 788 utin
3238 732 3413 788 altero
3434 729 3742 803 superbiae,

2131 819 2185 874 in
2208 820 2379 875 altero
2401 822 2744 893 negligentiae
2767 824 3187 881 condemnetur.
3213 825 3293 890 Si,
3318 825 3513 896 inquit,
3537 823 3745 881 durum

2130 920 2187 968 et
2213 913 2489 969 crudelem
2517 931 2638 971 esse
2667 933 2753 972 me
2783 932 3037 988 noveras,
3069 926 3125 973 et
3152 917 3331 974 aliena
3358 917 3590 983 sectari,
3639 916 3749 972 ibi-

2131 1020 2236 1075 que
2265 1019 2471 1061 metere
2502 1008 2589 1063 ubi
2623 1025 2730 1064 non
2758 1011 3015 1077 severim,
3049 1027 3221 1082 quare
3250 1027 3362 1066 non
3407 1010 3503 1066 tibi
3549 1010 3750 1066 istius—

2132 1097 2278 1152 modi
2326 1098 2591 1169 cogitatio
2618 1101 2867 1167 .incussit
2913 1103 3187 1171 timorem,
3211 1112 3272 1157 ttt
3300 1104 3473 1160 scires
3499 1118 3589 1158 me
3615 1117 3744 1158 mea

2132 1190 2443 1262 diligentius
2474 1196 2848 1265 quassiturum,
2893 1206 2951 1253 et
2992 1198 3153 1254 dares
3196 1200 3483 1269 pecuniam
3529 1213 3742 1264 meam,

2132 1284 2248 1341 sive
2279 1297 2561 1359 argentum
2594 1291 3005 1347 nummulariis?
3040 1292 3339 1363 Utrumque
3384 1293 3529 1349 enim
3568 1294 3747 1370 ἀργύ·

2133 1402 2270 1457 ριον,
2301 1381 2522 1437 Graecus
2552 1399 2734 1439 sermo
2765 1386 3053 1455 signiﬁcat.
3088 1384 3332 1456 Eloquia,
3367 1384 3579 1455 inquit,
3627 1381 3747 1437 Do-

2134 1474 2260 1527 mini
2284 1474 2489 1545 eloquia
2515 1484 2681 1541 casta,
2713 1487 2984 1549 argentum
3011 1479 3128 1550 igne
3150 1477 3522 1541 exatuinatum,
3546 1474 3749 1546 proba-

2133 1574 2243 1618 tum
2288 1575 2459 1635 terrte,
2496 1579 2774 1640 purgatum
2799 1568 3095 1642 septuplum
3118 1568 3251 1642 (Ps.
3286 1583 3358 1635 tt,
3392 1568 3471 1641 7).
3502 1567 3749 1625 Pecunia

2137 1672 2267 1729 ergo
2288 1667 2340 1714 et
2363 1671 2672 1729 argentum,
2698 1661 3012 1732 prtedicatio
3055 1660 3332 1733 Evangelii
3353 1669 3459 1729 est,
3483 1668 3542 1717 et
3558 1675 3752 1719 sermo

440 1743 549 1799 alia
565 1748 792 1815 quinque
826 1741 1043 1810 talenta,
1077 1742 1294 1797 dicens:
1331 1738 1570 1808 Domine,
1594 1743 1819 1813 quinque
1841 1739 2036 1795 talenta
2067 1749 2116 1810 Β
2143 1749 2375 1817 dit-inus,
2408 1752 2497 1823 qui
2529 1752 2644 1806 dari
2677 1752 2866 1809 debui;
2915 1752 3292 1809 nummulari};
3322 1762 3377 1809 ει
3423 1752 3748 1821 κηπείας,

442 1837 704 1893 tradidisti
742 1837 896 1906 mihi,
930 1852 1047 1890 ecce
1084 1835 1192 1890 alia
1220 1836 1449 1908 quinque
1482 1836 1871 1908 superlucratus
1900 1848 2035 1887 sum.

441 1932 661 1990 Grande
710 1940 927 2002 tempus
976 1934 1063 1986 est
1104 1924 1250 1985 inter
1299 1931 1679 1985 ascensionem
1711 1926 2037 1993 Salvatoris,

440 2034 497 2083 et
531 2025 833 2082 secundum
860 2025 980 2095 ejus
1008 2024 1324 2081 adventum.
1357 2020 1414 2080 Si
1437 2036 1620 2082 autem
1654 2024 1887 2093 apostoli
1916 2021 2042 2077 red-

444 2112 612 2173 dituri
638 2125 767 2173 sunt
792 2117 1092 2183 rationem,
1124 2126 1151 2154 ιι
1194 2125 1249 2172 et
1285 2110 1387 2172 sub
1422 2124 1572 2173 metu
1610 2116 1813 2188 judicis
1856 2128 2041 2171 resur-

444 2211 673 2277 recturi,
704 2209 832 2280 quid
864 2225 962 2263 nos
993 2212 1212 2279 oportet
1236 2204 1455 2264 facere?
1567 2276 1577 2288 .

522 2305 706 2378 (Vers.
728 2296 961 2375 ἐἱ-2⁸5.)
1002 2305 1088 2359 Ait
1114 2303 1194 2357 illi
1222 2303 1466 2358 dominus
1505 2305 1623 2377 ejus
1650 2320 1668 2357 :
1700 2302 1872 2375 Euge,
1900 2316 2045 2357 serve

446 2394 598 2464 bone,
628 2407 675 2450 et
705 2390 897 2467 ﬁdelis.
925 2396 1052 2467 quia
1090 2413 1246 2468 super
1280 2411 1448 2470 pauca
1495 2396 1640 2467 fuisti
1672 2392 1863 2465 ﬁdelis,
1888 2410 2046 2461 super

451 2492 617 2546 multa
662 2500 711 2544 te
761 2490 1075 2545 constituam
1104 2506 1121 2543 :
1150 2492 1287 2543 intra
1338 2491 1390 2543 in
1423 2490 1675 2561 gaudium
1715 2489 1912 2542 domini
1944 2487 2041 2541 tui.

451 2581 714 2638 Accedens
736 2589 905 2635 autem
940 2590 988 2633 et
1011 2581 1099 2652 qui
1129 2581 1231 2634 duo
1260 2580 1457 2634 talenta
1478 2588 1767 2649 acceperat,
1801 2580 1872 2632 ait
1897 2594 1915 2632 :
1939 2577 2046 2632 Do-

453 2677 610 2744 mine,
644 2676 746 2730 duo
787 2675 980 2730 talenta
1025 2672 1287 2728 tradidisti
1331 2675 1499 2731 mihi:
1536 2688 1654 2729 ecce
1688 2673 1795 2726 alia
1816 2671 1920 2724 duo
1964 2670 2049 2724 ln-

450 2780 624 2827 cratus
647 2781 779 2825 sum.
810 2766 893 2824 Ait
917 2762 998 2823 illi
1022 2766 1263 2823 dominus
1289 2772 1400 2842 ejus
1434 2786 1451 2825 :
1480 2768 1648 2843 Euge,
1674 2784 1813 2823 serve
1841 2767 1969 2821 bone
2001 2776 2047 2820 et

454 2860 649 2935 ﬁdelis,
674 2864 796 2935 quia
834 2879 989 2932 super
1014 2879 1180 2931 pauca
1221 2860 1369 2935 fuisti
1399 2863 1568 2929 fidelis
1587 2905 1600 2928 ,
1628 2878 1783 2936 super
1809 2860 1973 2915 multa
2002 2870 2050 2914 te

456 2960 806 3013 constituam:
838 2957 975 3010 intra
1020 2956 1074 3009 in
1124 2952 1371 3027 gaudium
1419 2958 1617 3010 domini
1669 2950 1762 3009 tui.
1814 2954 2049 3026 Utrique

454 3065 640 3115 servo,
674 3062 731 3102 ut
759 3058 885 3103 ante
909 3040 1027 3120 jam
1075 3044 1211 3114 dixi,
1243 3059 1297 3103 et
1327 3052 1415 3119 qui
1446 3050 1513 3105 de
1539 3051 1777 3120 quinque
1801 3049 2043 3114 talentis,

2143 1843 2197 1899 id
2229 1852 2333 1912 est,
2361 1848 2443 1899 vel
2472 1845 2685 1899 caeteris
2710 1845 3026 1901 doctoribus
3055 1845 3235 1916 (quod
3264 1843 3515 1908 iecerunt
3533 1853 3594 1899 et
3616 1857 3760 1916 apo-

2144 1938 2287 1999 stoli,
2315 1953 2409 2005 per
2432 1937 2675 2006 singulas
2708 1939 3013 2008 provincias
3048 1938 3417 2009 presbyteros,
3445 1945 3504 1992 et
3528 1935 3762 2005 episco-

2144 2045 2242 2101 pos
2256 2030 2618 2099 ordinantes),
2646 2031 2732 2086 vel
2761 2031 2975 2086 cunctis
2998 2030 3373 2095 credentibus,
3400 2029 3490 2099 qui
3519 2038 3761 2098 possunt

2145 2124 2424 2192 pecuniam
2457 2122 2755 2194 duplicare,
2786 2125 2950 2196 208
2978 2131 3033 2177 ct
3053 2138 3173 2177 cum
3199 2123 3376 2177 usuris
3404 2121 3659 2186 reddere,
3694 2129 3755 2176 nt

2145 2215 2406 2288 quidquid
2437 2231 2692 2273 sermone
2716 2215 3041 2283 didicerant,
3077 2232 3245 2286 opere
3286 2216 3591 2285 esplerent.
3624 2215 3761 2270 Tol-

2144 2305 2274 2361 litur
2315 2315 2492 2361 autem
2540 2306 2821 2374 talentum,
2855 2316 2911 2362 et
2932 2307 3092 2360 datur
3121 2307 3168 2361 ei
3202 2307 3289 2374 qui
3321 2306 3506 2363 decem
3540 2307 3758 2362 talenta

2147 2400 2371 2467 fecerat,
2403 2408 2463 2455 ut
2504 2399 2896 2471 intelligamus,
2943 2400 3073 2455 licet
3120 2400 3176 2454 in
3227 2398 3513 2470 utriusque
3560 2399 3761 2457 labore

2148 2493 2355 2564 aequale
2398 2494 2470 2548 sit
2507 2491 2762 2562 gaudium
2813 2492 3050 2559 domini,
3104 2493 3208 2546 hoc
3255 2500 3376 2554 est,
3426 2500 3483 2546 et
3506 2493 3629 2561 ejus
3660 2492 3761 2561 qui

2148 2588 2387 2656 quinque
2428 2585 2696 2640 indecem
2728 2584 3118 2655 duplicaverat,
3152 2594 3208 2639 et
3240 2583 3359 2652 ejus
3406 2583 3496 2653 qui
3535 2583 3650 2638 duo
3702 2583 3761 2639 in

2149 2689 2419 2748 quatuor:
2448 2684 2630 2734 tamen
2659 2678 2834 2744 majus
2861 2676 3054 2733 deberi
3079 2677 3357 2745 praemium
3384 2674 3455 2740 ei,
3495 2675 3589 2745 qui
3632 2674 3765 2744 plus

2150 2771 2205 2824 in
2232 2770 2432 2825 domini
2459 2772 2681 2839 pecunia
2712 2769 2894 2824 labora
2906 2769 2994 2824 rit.
3017 2769 3175 2826 Unde
3196 2769 3330 2825 dicit
3351 2777 3409 2823 et
3432 2766 3762 2837 Apostolus:

2152 2862 2483 2935 Presbyteros
2514 2864 2730 2926 honora,
2761 2864 2850 2933 qui
2878 2880 2991 2917 uere
3016 2862 3304 2934 presbyteri
3347 2873 3487 2930 sunt,
3528 2862 3767 2916 maxime

2152 2959 2238 3030 qui
2266 2957 2501 3011 laborant
2544 2959 2595 3011 in
2628 2957 2776 3011 verba
2806 2955 2902 3009 Dei
2934 2957 2987 3025 (Ι
3017 2956 3149 3010 Tim.
3186 2974 3236 3020 v,
3266 2958 3377 3026 l7).
3411 2955 3488 3011 Ex
3514 2970 3583 3011 eo
3610 2954 3766 3026 quod

2154 3051 2330 3106 malus
2374 3065 2560 3104 servus
2604 3065 2765 3103 ausus
2799 3060 2883 3103 est
2911 3049 3096 3104 dicere
3122 3068 3132 3103 :
3162 3048 3318 3104 Meti:
3347 3048 3431 3102 ubi
3460 3064 3564 3102 non
3595 3049 3764 3101 semi-

454 3141 648 3198 decem
682 3140 923 3208 fecerat,
971 3152 1027 3197 et
1076 3141 1167 3212 qui
1215 3141 1283 3197 de
1327 3142 1559 3211 duobus,
1614 3152 1872 3213 quatuor,
1905 3142 2044 3197 idem
2076 3138 2121 3201 C
2153 3145 2311 3209 nasti,
2358 3153 2406 3198 et
2452 3160 2727 3214 congregas
2776 3142 2863 3197 ubi
2910 3159 3013 3196 non
3053 3142 3291 3214 spnrsisti
3318 3183 3333 3204 ,
3380 3142 3763 3211 intelligimus,

454 3233 866 3307 patrisfamilias
896 3249 1083 3290 sermo
1115 3230 1411 3290 blanditur.
1445 3235 1511 3290 Et
1556 3236 1857 3290 notandum
1906 3233 2048 3306 quod

447 3309 644 3385 Fomnia
672 3344 793 3399 qua:
839 3326 896 3385 in
939 3329 1197 3400 praesenti
1242 3329 1540 3393 habemus,
1574 3332 1736 3403 207
1770 3330 1899 3386 licet
1938 3346 2053 3385 ma-

457 3439 563 3496 gna
589 3420 878 3477 videantur
906 3430 962 3476 et
994 3422 1276 3493 plurima:
1307 3432 1485 3477 tamen
1518 3423 1926 3494 comparatione
1968 3421 2053 3477 fu-

372 3512 381 3515 ’
461 3512 728 3579 tororum,
782 3528 950 3583 parva
996 3521 1052 3568 et
1093 3528 1263 3584 pauca
1312 3524 1459 3568 sunt.
1518 3511 1688 3579 Intra,
1750 3512 1946 3584 inquit,
1999 3514 2053 3569 in

460 3606 717 3680 gaudium
742 3598 950 3663 domini
977 3607 1052 3662 tui
1083 3649 1098 3674 ,
1129 3619 1183 3663 et
1226 3602 1443 3672 suscipe
1473 3623 1595 3676 qua:
1636 3622 1739 3664 nec
1762 3607 1953 3663 oculus
1979 3607 2059 3661 vi-

464 3699 566 3769 dit,
614 3714 718 3756 nec
758 3702 907 3754 auris
936 3692 1168 3766 audivit,
1193 3717 1292 3756 nec
1329 3703 1380 3756 in
1408 3716 1503 3755 cor
1531 3700 1771 3756 hominis
1795 3700 2061 3757 ascende-

462 3806 589 3850 runt
630 3788 674 3866 (l
712 3793 833 3850 Cor.
866 3792 946 3865 ιι).
995 3792 1132 3863 Quid
1166 3804 1350 3851 autem
1394 3806 1572 3866 potest
1612 3796 1785 3865 majus
1826 3797 1943 3851 «lari
1997 3797 2057 3850 lio

461 3885 570 3942 deli
596 3902 779 3955 servo,
814 3901 974 3953 qutun
1021 3902 1145 3942 esse
1170 3902 1295 3942 eum
1325 3888 1579 3955 Domino,
1610 3897 1663 3942 et
1694 3886 1888 3944 videre
1926 3904 2059 3959 gau-

462 3970 617 4033 dium
650 3972 870 4031 Domini
906 3976 1028 4032 Sui?

534 4066 727 4141 (Vers.
756 4063 850 4137 ‘24,
880 4064 1002 4142 25.)
1025 4071 1282 4126 Accedens
1311 4078 1479 4127 (uilem
1512 4082 1558 4127 et
1584 4075 1670 4143 qui
1696 4092 1853 4128 unum
1895 4075 2063 4130 talen-

462 4174 570 4221 tum
588 4168 884 4234 acceperat,
910 4167 1018 4220 ait:
1049 4164 1293 4232 Domine,
1323 4160 1430 4221 scio
1459 4168 1580 4239 quia
1609 4169 1757 4222 homo
1783 4169 1945 4223 durus
1973 4185 2064 4225 es:

458 4260 613 4313 melis
635 4258 720 4312 ubi
741 4266 843 4311 non
872 4258 1157 4323 seminnsti,
1184 4269 1232 4313 et
1262 4272 1542 4333 congregas
1568 4259 1652 4313 ubi
1675 4277 1776 4313 non
1800 4262 2063 4332 sparsisti:

461 4357 509 4406 et
538 4350 721 4403 timens
742 4348 871 4414 abii,
903 4359 949 4403 et
978 4348 1226 4403 abscondi
1256 4351 1505 4404 talentum
1535 4361 1680 4405 tuum
1707 4352 1761 4404 in
1791 4360 1947 4405 terra.
1992 4350 2062 4406 Et

463 4454 578 4498 ecce
599 4442 755 4497 habes
784 4443 923 4513 quod
954 4452 1099 4497 tuum
1129 4452 1221 4500 est.
1263 4442 1399 4497 Vere
1442 4443 1585 4511 quod
1629 4444 1889 4509 scriptum
1936 4453 2060 4499 est:

2154 3237 2314 3291 etiam
2336 3234 2616 3305 gentilium
2645 3243 2701 3290 et
2731 3235 3174 3305 philosophorum
3206 3235 3403 3290 bonam
3424 3234 3593 3291 vitam
3618 3236 3770 3292 reci-

2155 3342 2286 3398 pere
2314 3326 2626 3393 Dominum,
2658 3335 2710 3383 et
2735 3328 2894 3383 aliter
2917 3326 3122 3383 habere
3150 3342 3248 3383 eos
3271 3326 3363 3399 qui
3387 3326 3562 3397 juste,
3596 3326 3765 3382 aliter

2157 3421 2246 3490 qui
2279 3419 2477 3491 injuste
2510 3427 2695 3490 agant,
2722 3430 2776 3475 et
2802 3419 2868 3474 ad
2899 3421 3362 3493 comparationem
3388 3419 3507 3491 ejus
3530 3420 3627 3491 qui
3658 3436 3766 3475 na-

2159 3513 2319 3568 turali
2370 3512 2475 3583 legi
2520 3514 2760 3581 serviat,
2812 3514 3161 3570 condemnari
3202 3529 3301 3571 eos
3352 3514 3448 3585 qui
3492 3516 3768 3587 scriptam

2160 3603 2333 3676 legem
2368 3604 2664 3676 negligant.

2233 3699 2251 3770 (
2277 3698 2429 3755 Vers.
2457 3698 2575 3770 9.9.)
2613 3698 2767 3754 Omni
2791 3700 2927 3755 enim
2947 3700 3156 3757 habenti
3187 3700 3411 3765 dabitur.
3436 3708 3487 3757 et
3528 3700 3777 3756 abunda-

2162 3792 2262 3845 bit:
2291 3794 2338 3847 ci
2364 3801 2535 3847 autem
2557 3793 2643 3859 qui
2674 3808 2775 3846 non
2806 3792 2977 3859 habet,
3021 3802 3066 3846 et
3113 3793 3253 3861 quod
3298 3792 3498 3847 videtur
3537 3790 3773 3861 habere,

2161 3888 2423 3954 auferetur
2450 3883 2513 3936 ab
2538 3900 2616 3936 eo.
2651 3882 2798 3937 Multi
2830 3898 2953 3939 eum
2980 3886 3258 3952 sapientes
3284 3885 3394 3939 sint
3419 3886 3774 3955 naturaliter,

2162 3986 2217 4032 et
2247 3976 2482 4030 habeant
2508 3990 2737 4031 acumen
2764 3976 2986 4047 ingenii,
3016 3977 3063 4032 si
3097 3977 3297 4032 fuerint
3330 3976 3694 4048 negligentes,
3717 3987 3779 4037 et

2163 4066 2366 4125 desidia
2399 4070 2596 4125 bonum
2627 4079 2833 4123 natura:
2861 4072 3229 4140 eorruperint,
3275 4070 3341 4123 ad
3390 4069 3771 4139 comparatio-

2165 4177 2288 4218 nem
2337 4162 2452 4232 ejns
2478 4162 2566 4231 qui
2601 4159 2875 4229 paululum
2917 4161 3142 4227 tardior,
3174 4164 3362 4218 labore
3401 4173 3456 4217 et
3500 4163 3776 4220 industria

2165 4253 2534 4324 compensavit
2557 4250 2697 4321 quod
2728 4253 2907 4308 minus
2938 4253 3149 4321 habuit,
3182 4250 3413 4324 perdunt
3438 4253 3640 4308 bonum
3675 4271 3781 4309 na-

2166 4356 2323 4411 turae,
2366 4353 2421 4400 et
2462 4346 2744 4413 praemium
2792 4345 2934 4415 quod
2987 4347 3066 4401 eis
3109 4345 3285 4400 fuerat
3332 4344 3774 4414 repromissum,

2166 4439 2352 4493 vident
2377 4438 2609 4492 transire
2635 4439 2698 4492 ad
2724 4438 2881 4492 alios.
2913 4439 3095 4494 Potest
3115 4446 3169 4493 et
3191 4438 3269 4493 sic
3294 4434 3521 4507 intelligi
3548 4452 3562 4491 :
3593 4436 3644 4492 ei
3674 4438 3774 4509 qui

465 4534 548 4590 Ad
592 4534 920 4590 excusandas
968 4538 1315 4590 excusationes
1341 4537 1394 4589 in
1424 4536 1645 4605 pecratis
1672 4533 1799 4608 (Ps.
1825 4553 1948 4605 exn,
1979 4538 2060 4609 4),
2090 4535 2142 4594 D
2169 4540 2326 4595 [idem
2354 4541 2537 4607 habet,
2568 4546 2622 4595 et
2652 4539 2846 4595 bonam
2876 4539 2929 4593 in
2961 4540 3187 4594 Domino
3212 4539 3572 4604 voluntatem,
3604 4540 3778 4595 etiam

463 4628 633 4684 etiam
684 4627 810 4683 huic
853 4643 1011 4683 servo
1038 4630 1288 4698 contigit,
1322 4637 1381 4683 ut
1409 4630 1476 4683 ad
1507 4629 1774 4700 pigritiam
1804 4639 1859 4687 et
1885 4633 2062 4703 negli-

462 4722 737 4793 gentiam,
782 4722 1059 4791 snperbia:
1111 4736 1329 4792 quoque
1366 4722 1572 4777 crimen
1612 4724 1917 4780 accederet.
1958 4726 2061 4792 Qui

466 4816 614 4872 enim
664 4815 989 4882 simpliciter
1026 4814 1214 4868 debuit
1244 4814 1497 4869 inertiam
1526 4816 1796 4881 confiteri,
1829 4829 1881 4871 et
1903 4833 2065 4874 orare

465 4908 949 4980 patremfamilias,
996 4909 1304 4962 econtrario
1350 4909 1735 4977 calumniatur,
1769 4920 1825 4967 et
1849 4914 1979 4969 dicit
2006 4928 2064 4969 se

465 5000 717 5072 prudenti
740 4998 934 5054 fecisse
954 5000 1200 5063 consilio,
1233 5016 1299 5054 ne
1324 5001 1454 5056 dum
1480 5002 1625 5057 lucra
1651 5005 1893 5073 pecuniae
1914 5022 2063 5076 quae-

462 5103 630 5161 reret,
664 5094 825 5149 etiam
855 5093 924 5148 de
954 5105 1100 5149 sorte
1123 5096 1547 5164 periclitaretur.

545 5186 737 5258 (Vers.
768 5185 989 5257 26-28.)
1039 5186 1374 5260 Respondeas
1418 5200 1591 5245 autem
1635 5191 1875 5247 dominus
1927 5196 2060 5265 ejus,

467 5279 601 5334 dixit
628 5279 674 5332 ei
696 5293 714 5332 :
737 5278 891 5333 Serve
916 5279 1049 5333 male
1072 5291 1117 5333 et
1137 5282 1301 5353 piger,
1329 5283 1524 5336 sciebas
1552 5285 1674 5353 quia
1706 5297 1837 5339 meto
1861 5286 1945 5339 ubi
1966 5305 2065 5341 non

467 5371 692 5437 semina,
740 5381 789 5426 et
834 5388 1087 5445 congrege
1116 5374 1202 5427 ubi
1233 5392 1333 5429 non
1356 5377 1530 5445 sparsi
1571 5393 1587 5430 :
1615 5378 1841 5450 oportuit
1869 5396 1991 5451 ergo
2023 5389 2071 5433 te

467 5463 781 5519 committere
827 5466 1100 5537 pecuniam
1158 5484 1273 5521 eam
1318 5471 1712 5541 nummulariis,
1772 5481 1819 5525 et
1865 5473 2069 5527 veniens

468 5574 583 5633 ego,
614 5560 916 5630 recepissem
946 5561 1121 5632 utique
1146 5562 1283 5634 quod
1309 5580 1477 5619 meum
1499 5574 1576 5619 est
1598 5581 1712 5619 cum
1734 5581 1912 5620 usura.
1941 5562 2069 5620 Tol-

2165 4642 2211 4698 si
2242 4646 2368 4713 quid
2401 4644 2579 4698 minus
2606 4643 2658 4696 in
2689 4657 2853 4712 opere
2885 4652 2944 4696 ut
2968 4643 3138 4698 homo
3170 4642 3443 4711 habuerit,
3477 4640 3706 4699 dabitur
3734 4659 3769 4701 a

2167 4743 2308 4798 bono
2330 4743 2534 4814 judice.
2563 4743 2670 4810 Qui
2697 4753 2885 4799 autem
2918 4736 3077 4798 [idem
3125 4757 3231 4798 non
3282 4742 3555 4808 habuerit,
3603 4744 3776 4800 etiam

2166 4857 2391 4905 crateras
2412 4848 2637 4901 virtutes
2659 4861 2792 4917 quas
2810 4846 3095 4902 videbatur
3115 4845 3435 4900 naturaliter
3462 4844 3774 4916 possidere,

2168 4950 2376 5022 perdet.
2412 4944 2475 5004 Et
2501 4949 2779 5019 eleganter
2810 4947 2997 5017 etiam,
3030 4947 3168 5020 quod
3198 4947 3420 5013 videtur,
3453 4947 3649 5019 inquit,
3676 4946 3780 5003 Ita-

2171 5055 2285 5112 bere
2307 5057 2573 5124 auferetur
2601 5051 2663 5106 ab
2691 5068 2770 5107 eo.
2806 5049 3079 5121 Quidquid
3108 5050 3253 5106 enim
3279 5050 3397 5105 sine
3424 5050 3535 5106 ﬁde
3569 5044 3783 5109 Christi

2167 5168 2272 5226 est,
2307 5175 2415 5214 non
2446 5157 2494 5212 ei
2523 5155 2685 5211 debet
2710 5154 2964 5224 imputari
2996 5152 3086 5224 qui
3119 5152 3257 5208 male
3303 5166 3371 5207 eo
3416 5151 3621 5207 abusus
3664 5161 3774 5218 est,

2168 5261 2264 5317 sed
2296 5260 2373 5314 illi
2404 5259 2494 5329 qui
2524 5256 2665 5312 malo
2693 5256 2854 5311 etiam
2886 5270 3044 5310 servo
3075 5263 3281 5309 naturae
3310 5254 3515 5309 bonum
3560 5254 3776 5310 tribuit.

2247 5358 2439 5434 (Vers.
2475 5358 2593 5427 50.)
2632 5357 2693 5412 Et
2722 5354 2961 5410 inutilem
2987 5371 3183 5410 servum
3228 5354 3400 5428 cjicite
3444 5354 3498 5407 in
3543 5354 3781 5413 tenebras

2174 5463 2488 5519 exteriores:
2516 5457 2626 5515 illic
2652 5458 2747 5512 erit
2769 5459 2921 5527 fletus
2943 5465 2987 5510 et
3008 5456 3203 5510 stridor
3227 5455 3483 5509 dentium.
3514 5451 3783 5507 Dominus

2174 5566 2358 5622 lumen
2402 5571 2520 5629 est;
2555 5562 2649 5632 qui
2692 5560 2759 5616 ab
2799 5574 2865 5617 eo
2896 5559 3041 5616 foras
3073 5559 3322 5629 mittitur,
3356 5566 3506 5614 caret
3531 5569 3667 5613 vero
3694 5555 3784 5612 luo

546 5744 575 5776 ι
613 5737 791 5798 Penes
822 5738 1026 5798 Victor.
1068 5740 1254 5807 verba,
1284 5750 1332 5795 et
1352 5739 1443 5795 sub
1475 5751 1614 5797 metu
1635 5740 1835 5813 judicis
1860 5739 2226 5810 resurrecturi,
2257 5738 2656 5796 desiderantur.
