3978 6338
133 240 139 255 τ
201 305 287 367 ίευ
588 288 1250 353 COMMENTARIORUM
1289 288 1357 347 IN
1394 286 1849 361 BVANGELWM
1888 287 2230 347 MATTHIEI
2267 286 2401 346 LIB.
2442 287 2536 346 IV.
2578 287 2735 347 CAP.
2777 286 2975 347 XXVI.

198 420 335 477 mine.
361 412 486 484 Quid
514 412 586 475 sit
610 420 790 469 autem
821 410 980 467 ﬂetus
1006 417 1062 466 et
1089 407 1294 465 stridor
1342 406 1610 474 dentium,
1655 420 1748 462 su-
1773 408 1827 469 Α
1852 408 2017 479 2ιο
2046 407 2282 473 Domine,
2309 407 2518 479 quando
2543 415 2592 464 te
2618 408 2838 462 vidimus
2874 408 3211 473 esurientem,
3253 414 3345 460 aut
3382 405 3454 460 sit

197 528 277 587 pra
300 509 530 566 diximus.

256 603 419 674 (\‘ers.
451 599 511 656 51
542 596 688 669 seq.)
722 596 849 650 Cum
880 603 1049 650 autem
1078 594 1265 650 venerit
1316 591 1488 649 Filius
1525 591 1748 647 hominis

197 698 241 750 in
264 697 504 768 majestate
526 707 646 755 sua,
675 699 725 745 et
747 704 918 744 omnes
939 689 1111 760 angeli
1139 704 1256 741 cum
1281 703 1342 742 eo
1366 703 1386 742 :
1409 694 1532 741 tunc
1552 684 1751 740 εεάρὸἱι

192 806 320 859 super
336 788 492 844 sedem
512 785 799 859 nsajestatis
817 798 945 849 sure,
971 792 1016 837 et
1034 781 1480 855 congregabantur
1494 790 1613 835 ante
1632 794 1753 835 eum

194 896 336 937 omnes
356 887 542 953 gentes;
567 885 614 931 et
637 875 900 944 separabit
927 890 1012 929 eos
1033 874 1095 927 ab
1118 874 1357 938 invicem,
1400 872 1534 927 sicut
1576 878 1754 944 pastor

187 980 387 1045 segregat
413 986 522 1025 oves
549 969 615 1022 ab
636 967 818 1023 turdis.
849 967 915 1020 Et
941 975 1123 1020 statuet
1151 981 1265 1020 oves
1293 964 1456 1039 209
1478 963 1694 1034 quidem.
1720 979 1755 1017 a

192 1065 354 1119 ἀρετὴ
375 1062 497 1128 suis,
542 1061 720 1115 hwdos
746 1066 919 1114 autem
956 1075 987 1111 a
1017 1059 1261 1115 sinistris.
1308 1057 1455 1112 Tunc
1496 1058 1625 1110 dicet
1665 1072 1755 1111 ret:

186 1155 252 1212 his
275 1155 352 1228 qui
373 1172 402 1208 a
429 1155 625 1208 dextris
656 1156 767 1227 ejus
794 1162 967 1206 erunt.
995 1151 1122 1206 Post
1150 1150 1373 1205 biduum
1407 1148 1617 1205 Pascha
1644 1146 1755 1202 fac-

189 1258 332 1313 turus,
361 1258 412 1304 et
441 1244 738 1302 tradendus
767 1244 936 1310 cruci,
972 1253 1026 1298 et
1056 1242 1367 1299 illudendus
1409 1242 1475 1297 ab
1521 1238 1757 1294 homini-

184 1341 297 1405 bus;
325 1349 372 1397 et
398 1350 551 1395 aceto
581 1353 644 1393 ac
674 1336 800 1393 felle
831 1334 1118 1407 potandus,
1147 1343 1295 1391 recte
1319 1333 1604 1407 prtemittit
1642 1331 1758 1401 glo-

184 1436 299 1488 riam
338 1430 745 1500 triumphantis,
798 1439 857 1482 ut
894 1438 1145 1483 secutura
1176 1425 1454 1493 scandala,
1493 1424 1758 1495 pollicita-

185 1526 322 1582 IiOnis
362 1526 583 1595 prtemio
634 1528 1036 1595 compensaret.
1071 1523 1136 1576 Et
1165 1521 1464 1575 notandum
1496 1517 1637 1588 quod
1666 1514 1757 1587 qui

183 1621 226 1675 in
252 1620 518 1690 majestate
544 1616 854 1674 cernendus
870 1626 972 1681 est,
997 1614 1169 1670 Filius
1194 1614 1432 1669 hominis
1454 1612 1544 1667 sit.
1574 1610 1760 1679 Quod-

182 1729 269 1783 que
283 1712 554 1783 sequitur:
590 1712 800 1766 Statuet
824 1726 939 1765 oves
960 1709 1169 1781 quidem
1198 1726 1231 1763 a
1252 1708 1445 1762 dextris
1473 1705 1613 1770 suis,
1646 1704 1749 1758 Ita:-

1855 503 2079 566 tientent,
2127 512 2214 554 aut
2256 501 2531 571 hospitem,
2576 510 2667 555 aut
2693 501 2910 567 nudam,
2936 511 3028 557 alt
3049 503 3335 573 inﬁmum,
3363 509 3453 555 att!

1854 592 1906 645 in
1930 608 2154 657 carcere,
2185 602 2232 646 et
2259 610 2362 648 non
2384 594 2784 649 ministravimus
2811 593 2942 648 tibi!
2964 594 3113 669 Tunc
3131 593 3455 666 respondebit

1854 685 1983 751 illis,
2015 687 2227 740 dicens:
2268 685 2429 741 Amen
2467 686 2585 741 dico
2624 688 2795 753 vobis,
2836 687 3087 759 quamdiu
3114 701 3220 741 non
3265 686 3458 758 fecistis

1856 781 1946 834 uni
1974 780 2039 836 de
2064 780 2349 835 minoribus
2380 780 2482 846 Itis,
2508 797 2605 835 nec
2628 780 2757 835 mihi
2786 781 3002 852 fecistis.
3050 780 3244 837 Libera
3298 781 3455 837 nobis

1856 880 1974 928 erat
1996 872 2371 943 intelligentia,
2391 873 2533 942 quod
2560 872 2613 927 in
2632 874 2780 928 omni
2803 888 3041 943 paupere
3059 874 3312 929 Christus
3332 881 3458 928 esu-

1857 966 2006 1023 riens
2034 975 2366 1037 posceretur,
2396 964 2587 1021 sitiens
2635 974 2943 1035 putaretur,
2986 966 3186 1037 hospes
3234 965 3455 1021 induce-

1859 1069 2007 1117 retur
2035 1060 2088 1115 in
2118 1068 2338 1125 tectum,
2369 1058 2548 1112 nudus
2573 1060 2862 1113 restinctur-
2880 1094 2896 1125 ,
2929 1058 3178 1113 inﬁrmus
3206 1058 3458 1114 visitare-

1860 1163 1975 1221 tur,
2006 1153 2225 1208 clausus
2249 1166 2473 1207 carcere
2503 1150 2730 1206 luberet
2774 1150 3031 1206 solatium
3070 1149 3452 1222 colloquentis.

1860 1247 1965 1305 Sed
1997 1264 2067 1305 ex
2100 1247 2202 1302 hoc
2232 1245 2374 1315 quod
2404 1247 2686 1314 sequitur:
2718 1244 2982 1312 Quamdiu
3012 1245 3206 1317 fecistis
3248 1244 3345 1299 uni
3391 1243 3458 1298 de

1861 1341 1941 1395 his
1967 1340 2215 1412 fratribus
2244 1340 2367 1395 meis
2390 1338 2641 1406 minimis,
2668 1338 2798 1391 mihi
2824 1338 3037 1409 fecistis,
3066 1350 3177 1392 non
3213 1336 3346 1391 mihi
3375 1336 3459 1391 vi-

1859 1434 2017 1490 detur
2064 1433 2266 1489 dixisse
2307 1430 2639 1502 generaliter
2679 1431 2749 1486 de
2777 1429 3128 1501 pauperibus,
3155 1429 3249 1485 sed
3270 1430 3344 1486 de
3373 1430 3459 1486 his

1860 1527 1952 1597 qui
1978 1538 2242 1596 pauperes
2268 1524 2462 1593 spiritu
2492 1532 2644 1591 sunt,
2674 1522 2739 1578 ad
2770 1539 2908 1594 quos
2957 1522 3189 1579 tendens
3209 1535 3455 1589 multum,

1862 1619 2101 1674 dixerat:
2133 1616 2349 1672 Fratres
2378 1617 2478 1670 mei
2505 1627 2550 1670 et
2573 1625 2735 1671 mater
2755 1615 2945 1671 mentri
2968 1622 3109 1682 sunt,
3130 1616 3225 1685 qui
3257 1616 3460 1685 factum

1862 1710 2175 1765 voluntatem
2200 1708 2373 1765 Patris
2396 1709 2493 1763 mei
2515 1708 2712 1781 (lare.
2732 1724 2811 1774 ιιι,
2833 1708 3041 1777 54,55;
3062 1706 3189 1762 Luc.
3209 1720 3325 1773 vui,
3342 1702 3461 1779 ﬁt):

181 1806 258 1859 dos
279 1814 438 1860 autem
464 1803 769 1870 asinistris,
800 1802 954 1871 juxta
987 1800 1117 1855 illud
1152 1800 1412 1869 intelligo,
1441 1798 1585 1869 quod
1623 1797 1752 1853 alibi
1782 1806 1831 1868 Β
1932 1801 2127 1872 (vers.
2168 1801 2288 1871 46.)
2340 1801 2407 1854 Et
2453 1801 2597 1857 ibam
2633 1801 2688 1855 hi
2732 1802 2787 1855 in
2826 1800 3139 1873 supplicium
3178 1810 3460 1867 retentum,

179 1898 321 1968 legis:
351 1896 449 1952 Cor
476 1895 735 1966 sapientis
764 1895 819 1949 in
844 1894 1030 1948 dextra
1058 1894 1192 1964 ejus,
1223 1900 1270 1947 et
1288 1909 1377 1947 cor
1397 1891 1537 1947 stulti
1560 1893 1612 1945 in
1630 1889 1755 1945 sini-

179 1996 267 2041 stra
286 1987 419 2042 illius
440 1986 628 2058 (Eccl.
658 2001 714 2052 x,
745 1985 827 2056 2).
861 1983 926 2039 Et
956 1999 1119 2053 supra
1151 1984 1203 2039 in
1238 1983 1341 2039 huc
1363 1983 1554 2041 eodem
1581 1982 1756 2038 Evan-

179 2079 327 2150 gelia:
374 2078 596 2134 Nesciat
642 2078 856 2133 sinistra
901 2086 992 2131 tua
1038 2076 1165 2148 quid
1214 2076 1370 2148 faciat
1413 2076 1628 2132 dextera
1666 2084 1756 2129 tua

178 2172 457 2245 (δείρῃ-απ,
493 2172 580 2243 5).
605 2169 753 2228 Oves
784 2170 838 2225 in
869 2177 1025 2240 parte
1053 2169 1321 2238 iustorum
1368 2178 1513 2223 stare
1558 2168 1758 2237 juhcn-

179 2273 252 2321 tur
277 2265 337 2319 ad
360 2265 648 2320 dexteram
674 2281 686 2318 :
720 2262 883 2328 haedi,
913 2261 1019 2317 hoc
1046 2270 1150 2327 est,
1178 2269 1513 2332 peceatores,
1537 2259 1603 2314 ad
1626 2258 1758 2314 sini-

175 2366 336 2424 stram,
364 2358 449 2428 qui
475 2371 703 2425 semper
747 2370 844 2425 pro
887 2364 1117 2426 peccato
1166 2353 1464 2410 olfernntnr
1511 2353 1566 2410 in
1611 2354 1758 2426 Lege

178 2450 359 2524 (Exod.
386 2451 506 2524 xu).
547 2450 661 2506 Nec
686 2451 839 2511 dixit,
875 2465 1092 2520 capras,
1123 2464 1247 2521 qua:
1279 2458 1503 2519 possunt
1556 2449 1759 2506 habere

172 2542 312 2612 lctus,
337 2554 388 2600 et
428 2553 613 2599 tonsa:
643 2542 1003 2614 egrediuntur
1030 2543 1100 2599 de
1132 2544 1382 2610 lavacro,
1423 2557 1615 2598 omnes
1657 2558 1759 2614 εθ-

176 2637 326 2693 mellis
370 2638 604 2703 fetibus,
646 2646 703 2693 et
745 2635 948 2692 sterilis
987 2636 1133 2691 nulla
1167 2638 1305 2691 inter
1333 2637 1610 2709 eas(Can.
1644 2637 1753 2707 Iv);

174 2729 253 2784 scd
278 2730 475 2795 hrcdos,
518 2729 789 2785 lascivum
816 2729 1019 2784 animal
1049 2739 1102 2784 et
1134 2730 1431 2800 petulcnm,
1462 2739 1518 2786 et
1542 2732 1757 2787 fervens

172 2836 355 2893 semper
385 2823 455 2879 ad
483 2825 724 2879 coitum.

228 2918 403 2989 (Vers.
434 2922 505 2977 54
539 2920 686 2991 seq.)
724 2917 926 2987 Venite,
959 2921 1211 2976 benedicti
1248 2918 1420 2976 Patris
1472 2923 1592 2992 mei,
1637 2940 1761 2997 pos-

172 3011 303 3066 sidete
330 3023 582 3079 paratum
618 3012 758 3067 vobis
806 3031 1021 3085 regnum
1069 3031 1101 3067 a
1145 3016 1507 3073 constitutione
1554 3018 1757 3075 mundi.

170 3102 350 3161 Esurivi
374 3109 543 3174 enim,
576 3118 624 3163 et
650 3107 867 3162 dedistis
890 3108 1019 3163 mihi
1040 3108 1370 3164 manducare.
1403 3109 1578 3178 Sitivi,
1601 3121 1650 3165 et
1669 3112 1759 3166 de-

1850 1896 1986 1967 justi
2015 1904 2189 1948 ornem
2207 1893 2262 1947 in
2283 1894 2440 1949 vitam
2460 1902 2726 1949 teternam.
2754 1892 3001 1949 Prudens
3024 1892 3217 1963 lector,
3240 1892 3462 1949 attende

1862 1994 1887 2022 ει
1916 1985 2057 2055 quod
2087 1993 2142 2041 et
2170 1985 2434 2054 supplicia
2467 1994 2671 2041 aeterna
2695 1984 2827 2050 sint,
2857 1995 2913 2040 et
2936 1985 3043 2038 vita
3067 1992 3327 2056 perpetua
3346 1995 3463 2040 me-

1862 2090 1973 2134 tum
2004 2079 2263 2147 deinceps
2296 2095 2404 2134 non
2434 2078 2631 2135 habeat
2663 2078 2966 2134 ruinarum.

1931 2169 2099 2244 (Cap.
2132 2170 2323 2227 XXVI.
2355 2199 2428 2212 —-
2451 2169 2610 2227 Vers.
2647 2171 2673 2225 ί
2705 2170 2848 2241 seq.)
2881 2171 2948 2226 Et
2984 2173 3298 2243 factumest,
3340 2178 3462 2228 cui.

1860 2272 2259 2319 consummasset
2284 2263 2436 2318 Iesus
2464 2280 2725 2318 sermones
2753 2263 2847 2318 hos
2886 2278 3082 2332 omnes,
3125 2264 3261 2319 dicit
3303 2265 3465 2320 disci-

1861 2359 1997 2429 pulis
2030 2360 2172 2414 suis:
2203 2359 2361 2414 Scitis
2386 2360 2508 2428 quia
2534 2368 2645 2429 post
2676 2359 2892 2413 biduum
2918 2358 3114 2432 pascha
3140 2361 3260 2429 ﬁet:
3288 2369 3336 2415 et
3362 2357 3465 2415 Fi-

1861 2452 1963 2509 lius
1989 2452 2213 2507 hominis
2243 2452 2493 2519 tradetur,
2518 2461 2575 2506 ut
2598 2454 2952 2523 cruci/ﬁgatur.
2992 2454 3333 2509 Erubescant
3371 2453 3464 2522 qui

1861 2552 2053 2616 putant
2090 2545 2430 2602 Salvatorem
2482 2547 2727 2602 timuisse
2770 2556 3043 2612 mortem,
3086 2555 3145 2602 et
3193 2547 3465 2617 passionis

1858 2650 2066 2708 pavore
2094 2637 2331 2694 dixisse:
2360 2637 2544 2704 Pater,
2576 2639 2623 2692 si
2652 2639 2767 2708 ﬁeri
2813 2646 3000 2710 potest.
3047 2647 3274 2694 transeat
3315 2654 3347 2695 α
3382 2648 3464 2696 me

1860 2730 1999 2785 calin:
2022 2732 2116 2785 iste
2148 2729 2311 2803 (Luc.
2340 2742 2472 2800 χιιι,
2504 2730 2620 2799 ιε).
2654 2730 2782 2785 Post
2808 2731 3033 2787 biduum
3063 2732 3266 2799 pascha
3292 2732 3464 2789 lactu-

1861 2837 1976 2892 rus,
2024 2822 2344 2878 tradendum
2394 2837 2456 2879 se
2495 2832 2555 2877 ut
2598 2822 2948 2893 cruciﬂgstur
2997 2824 3168 2892 novit,
3197 2834 3253 2879 et
3278 2833 3462 2883 tamen

1861 2930 1969 2969 non
2019 2914 2256 2969 declinat
2301 2914 2545 2979 insidias,
2594 2931 2700 2968 non
2735 2916 2963 2971 territus
2993 2916 3161 2987 fugit:
3194 2918 3464 2974 intumum

1863 3015 1923 3060 ut
1949 3008 2135 3073 etiam,
2165 3008 2387 3063 cmteris
2417 3008 2497 3063 ire
2523 3007 2857 3074 uolentibus,
2889 3019 3087 3080 pergat
3116 3010 3462 3081 intrepidus,

1861 3100 2078 3167 quando
2102 3101 2238 3156 dicit
2282 3100 2563 3156 Thomas:
2602 3100 2800 3156 Eamus
2840 3112 2890 3156 et
2937 3116 3052 3169 nos,
3096 3112 3144 3159 et
3182 3106 3467 3160 moriamur

172 3197 294 3253 distis
315 3202 436 3255 mihi
461 3202 665 3256 bibere.
704 3200 905 3274 Hospes
936 3218 1099 3269 erant,
1132 3210 1179 3256 et
1205 3202 1482 3275 collegistis
1510 3222 1606 3259 me.
1641 3204 1695 3260 Ν
1702 3224 1759 3259 u-

1866 3209 2061 3249 rumeo
2091 3193 2387 3266 (loan.xr,
2435 3194 2551 3265 t6).
2600 3195 2667 3250 Et
2711 3195 2872 3251 linem
2916 3199 3126 3253 carnali
3180 3200 3464 3255 festivitati

172 3292 287 3361 dus,
327 3306 374 3351 et
411 3296 702 3366 aperuistis
746 3313 847 3351 me.
889 3295 1170 3368 Inﬁrmus,
1215 3307 1261 3351 et
1292 3299 1535 3353 visitastis
1560 3316 1659 3354 me.
1692 3299 1759 3354 In

172 3402 346 3444 carcere
367 3406 537 3460 erant,
576 3397 625 3446 et
651 3390 861 3445 venistis
879 3390 951 3444 ad
976 3406 1072 3445 me.
1112 3388 1155 3443 Τ
1156 3406 1255 3444 una
1290 3391 1671 3462 respondebunt
1714 3392 1761 3446 ei

173 3478 295 3546 justi,
322 3481 557 3537 dicentes
576 3497 597 3537 :
626 3480 883 3551 Domine,
913 3481 1124 3553 quando
1169 3490 1219 3536 te
1264 3482 1489 3539 uidimus
1529 3483 1762 3538 esurien-

174 3577 273 3635 tem,
298 3581 342 3626 et
370 3574 614 3640 ponimus
642 3581 693 3626 te
712 3590 733 3626 :
758 3572 1034 3634 sitientem,
1060 3582 1109 3626 et
1137 3572 1373 3627 dedimus
1418 3574 1509 3626 tibi
1548 3575 1764 3645 potum?

176 3661 372 3729 Quando
412 3674 599 3719 autem
626 3672 676 3718 te
712 3665 933 3718 vidimus
963 3664 1238 3736 hospitem.
1264 3674 1311 3718 et
1343 3665 1645 3738 collegimus
1674 3674 1761 3730 te;

173 3762 246 3808 aut
282 3758 503 3826 nudum,
548 3767 601 3812 et
629 3758 990 3827 cooperuimus
1014 3765 1097 3814 te:
1122 3766 1209 3810 aut
1237 3757 1444 3827 quando
1472 3767 1521 3811 te
1540 3758 1763 3813 vidimus

172 3843 435 3915 inﬁrmum,
458 3856 559 3903 aut
591 3850 647 3903 in
675 3864 902 3917 carcere,
932 3857 980 3903 et
1003 3848 1227 3903 venimus
1259 3849 1328 3902 ad
1353 3851 1435 3904 te?
1464 3848 1525 3902 Et
1550 3866 1765 3918 respon-

173 3936 275 3993 deus
299 3957 406 4007 rex,
425 3942 571 3997 dicet
592 3940 721 3997 illis.
753 3941 866 3997 lloc
883 3941 1036 4012 juxta
1065 3941 1466 4012 prrescientiam
1493 3942 1591 3998 Dei
1618 3943 1765 4001 acci-

170 4030 419 4101 piendum,
447 4035 605 4104 apud
632 4049 795 4105 quem
824 4032 1008 4089 futura
1032 4033 1143 4103 jam
1177 4034 1312 4089 facta
1342 4042 1489 4087 sunt.

232 4123 417 4193 (Vers.
451 4127 550 4193 40,
600 4124 725 4196 41.)
772 4126 937 4179 Amen
977 4125 1093 4178 dico
1140 4125 1314 4179 vobis:
1359 4125 1608 4195 quamdiu
1650 4125 1759 4199 [ΑΙ.

169 4215 375 4291 quando]
399 4218 606 4287 fecistis
627 4218 719 4271 uni
746 4216 813 4270 de
833 4218 911 4272 his
943 4216 1189 4288 fratribus
1210 4218 1337 4271 meis
1361 4218 1610 4283 minimis,
1636 4220 1765 4273 mihi

175 4306 357 4376 fecistis.
401 4308 564 4364 Tunc
604 4308 743 4361 dicet
769 4306 916 4361 ethis
943 4308 1032 4378 qui
1056 4325 1087 4360 α
1116 4307 1337 4361 sinistris
1364 4317 1515 4362 erunt
1537 4324 1555 4361 :
1587 4306 1765 4362 Disce-

170 4395 261 4453 dite
282 4415 313 4453 a
333 4417 433 4465 me,
466 4398 760 4465 maledicti,
794 4398 849 4451 in
878 4399 1045 4470 ignem
1086 4406 1330 4452 alternum
1352 4439 1366 4465 ,
1416 4398 1506 4470 qui
1548 4410 1764 4468 paratus

173 4502 236 4544 est
273 4493 479 4549 diabolo
510 4502 563 4549 et
598 4491 798 4565 angelis
821 4494 953 4563 ejus.
980 4488 1192 4545 Esurivi
1222 4493 1378 4558 enim,
1409 4500 1455 4545 et
1485 4508 1587 4545 non
1614 4492 1765 4546 dedi-

1864 3286 2054 3345 volens
2080 3287 2387 3356 imponere,
2416 3287 2718 3357 umbraque
2741 3297 3080 3357 transeunte,
3107 3291 3323 3361 pascha:
3339 3291 3469 3347 redr-

1861 3380 1997 3437 dere
2041 3383 2363 3447 veritatem,
2405 3380 2640 3436 dixerit:
2693 3380 2962 3437 Desiderio
3007 3385 3301 3439 desiderari
3364 3385 3462 3440 hoc

1862 3474 2055 3543 pascha
2078 3472 2393 3529 manducare
2426 3474 2709 3540 vobiscum,
2752 3484 3030 3543 antequam
3072 3477 3245 3547 patiar
3291 3476 3467 3548 (Luc.

1866 3580 1999 3629 χχιι,
2057 3565 2171 3630 t5).
2218 3564 2429 3621 Etenim
2477 3567 2674 3634 pascha
2724 3575 2971 3622 nom-nm
3020 3568 3334 3624 immolatus
3382 3576 3472 3625 est

1865 3656 2150 3722 Christus,
2194 3658 2243 3713 si
2295 3671 2472 3713 tamen
2499 3658 2849 3715 comedamus
2880 3658 3012 3715 illud
3039 3662 3093 3715 in
3124 3663 3329 3734 azymis
3355 3665 3468 3717 sin-

1864 3753 2107 3807 ceritatis
2137 3762 2189 3807 et
2218 3752 2461 3809 veritatis
2486 3752 2539 3823 (ι
2566 3750 2691 3808 Cor.
2724 3769 2777 3819 ν,
2811 3754 2890 3825 7).
2943 3753 3118 3810 Porro
3163 3756 3311 3827 quod
3357 3757 3468 3812 ait:

1864 3844 1995 3903 Post
2017 3846 2229 3902 biduum
2252 3845 2445 3915 pascha
2466 3847 2575 3917 fiet,
2601 3848 2833 3918 simplici
2856 3848 3212 3918 iuhxlligentla
3242 3858 3468 3919 prseter-

1867 3940 2053 4003 tnissa,
2075 3940 2125 3995 id
2147 3939 2288 4009 quod
2310 3948 2582 3995 sacratum
2602 3938 3269 4014 [Al.sacramentum]est,
3291 3941 3469 4011 reqni~

1867 4048 2070 4089 ramus.
2105 4033 2236 4088 Post
2257 4033 2397 4088 duos
2422 4033 2538 4088 dies
2563 4033 2853 4088 clarissimi
2885 4034 3108 4088 luminis
3126 4079 3141 4103 ,
3172 4034 3375 4089 veteris
3402 4048 3469 4091 ac

1868 4128 1992 4181 novi
2019 4125 2374 4192 Testamenti,
2400 4140 2584 4180 verum
2611 4139 2712 4196 pro
2736 4124 2938 4179 mtmdo
2966 4124 3166 4195 pascha
3213 4126 3468 4182 celebra-

1869 4229 1975 4276 tur.
2000 4219 2230 4282 Pascha,
2249 4219 2398 4289 quod
2412 4218 2676 4273 llebraice
2696 4218 2893 4274 dicitur
2912 4232 3082 4275 passu
3106 4222 3293 4292 (non),
3308 4228 3417 4276 nun
3440 4235 3471 4275 a

1870 4316 2028 4385 211
2046 4314 2295 4380 passione
2313 4310 2341 4350 δ
2366 4319 2425 4365 ut
2444 4311 2688 4381 plerique
2705 4310 3062 4377 arbitrantur,
3078 4312 3174 4367 sed
3188 4328 3219 4367 a
3235 4314 3472 4368 transitu

1868 4406 2183 4460 notuinatur
2215 4421 2229 4458 :
2281 4417 2348 4459 eo
2393 4402 2539 4475 quod
2579 4403 2978 4458 exterminatur
3019 4402 3216 4459 videns
3256 4404 3478 4475 sangui-

1870 4514 2015 4566 nem,
2051 4499 2104 4553 in
2133 4496 2340 4553 foribus
2369 4497 2735 4552 lsraelitarnm
2765 4496 3169 4568 pertransierit,
3202 4511 3307 4554 nec
3347 4506 3474 4568 pero

169 4583 250 4639 stis
273 4587 395 4640 mihi
416 4587 767 4641 manducare.
801 4584 978 4649 Sitivi,
1009 4594 1055 4638 et
1091 4601 1191 4638 non
1236 4585 1452 4639 dedistis
1498 4585 1626 4639 mihi
1666 4604 1763 4656 ρο·
1791 4594 1846 4656 ι)
1872 4591 2107 4647 cusserit
2151 4606 2267 4646 eos.
2316 4589 2413 4646 Vel
2464 4591 2578 4659 ipse
2622 4589 2884 4644 Dominus
2924 4590 3173 4659 praebens
3201 4590 3471 4644 auxilium

176 4684 283 4730 tam.
331 4677 543 4751 Hospes
584 4694 751 4743 eram,
797 4686 845 4731 et
890 4693 991 4730 non
1034 4677 1312 4747 collegistis
1344 4693 1443 4731 me.
1477 4677 1688 4746 Nudus,
1720 4688 1767 4733 et

174 4776 561 4845 moperuistis
594 4789 695 4826 me.
724 4770 981 4843 Inﬁrmus
1007 4780 1055 4825 et
1086 4773 1138 4825 in
1160 4787 1367 4826 carcere
1388 4784 1552 4837 eram,
1580 4782 1627 4827 et
1667 4789 1770 4828 non

174 4865 394 4924 risitastis
438 4885 550 4924 me.
590 4865 757 4921 "Tunc
794 4864 1173 4935 respondebunt
1216 4865 1261 4919 ei
1286 4876 1335 4919 et
1356 4866 1477 4937 ipsi,
1502 4866 1769 4923 dicentes:

238 5038 259 5066 ⁸
284 5028 384 5097 Qui
414 5028 819 5098 Hieronymum
850 5026 1172 5081 cavillantur
1206 5042 1237 5082 e
1264 5037 1556 5098 postremo
1601 5024 1763 5084 Com-

174 5096 557 5170 mentariorum
608 5096 662 5154 in
713 5099 906 5154 Isaiam
951 5101 1145 5168 capite,
1175 5108 1229 5170 et
1257 5096 1482 5170 Dialogo
1516 5100 1539 5155 1
1574 5112 1764 5155 contra

174 5169 502 5241 Pelagianos,
540 5186 692 5227 nun].
715 5170 808 5234 28,
835 5173 1113 5240 suppetias
1134 5168 1321 5225 tulisse
1341 5168 1558 5226 vesana.-
1573 5187 1760 5227 eorum

176 5240 478 5311 animinoni,
516 5246 609 5310 qui
641 5244 930 5297 terminum
959 5240 1211 5295 habitura
1243 5246 1510 5297 malorum
1550 5242 1762 5313 suppli-

177 5313 249 5367 cia
289 5316 603 5380 crederent,
645 5322 939 5385 agnoscant
964 5314 1156 5367 Saltem
1185 5329 1251 5369 ex
1285 5317 1387 5367 hoc
1418 5314 1562 5383 loco,
1594 5331 1759 5384 quem

176 5385 278 5455 ipse
302 5388 366 5441 de
395 5388 668 5442 tndnsiria
702 5386 891 5441 lectori
947 5387 1166 5455 ingerit,
1216 5385 1454 5441 sensisse
1502 5401 1761 5456 perquam

178 5457 447 5524 catholico,
476 5458 623 5529 quod
652 5467 698 5512 et
724 5456 976 5530 supplicia
999 5468 1194 5511 (eterna
1229 5457 1331 5511 sint
1377 5467 1425 5511 et
1454 5460 1557 5513 vita
1585 5473 1765 5529 perpe-

179 5537 275 5583 tua.
688 5551 693 5554 ’

238 5596 264 5637 δ
287 5600 494 5656 Horum
528 5599 860 5657 sententiam
891 5600 1218 5657 luculentius
1268 5602 1492 5671 exponit
1533 5599 1762 5657 Nazian-

176 5682 331 5741 zenus
357 5672 514 5727 Orat.
549 5674 585 5727 2
618 5676 669 5726 in
698 5684 946 5728 sanctum
970 5672 1175 5729 Pascha
1208 5689 1274 5728 ex
1312 5673 1451 5727 Btllii
1495 5673 1764 5741 interpre-

178 5739 410 5799 tatione:
448 5743 705 5811 Quidam,
747 5744 817 5799 int
843 5746 941 5813 uit,
978 5746 1132 5800 saluti
1161 5757 1260 5799 era:
1280 5744 1533 5815 passionis
1578 5739 1762 5798 nomen

179 5802 265 5869 hoc
285 5826 393 5871 me
414 5814 680 5871 arbitrati.
708 5828 768 5871 ac
794 5762 999 5871 deinde.
1023 5829 1114 5871 uer
1134 5745 1322 5871 {itterw
1348 5820 1383 5871 ο
1410 5815 1465 5870 in
1492 5824 1553 5871 Il.
1581 5827 1628 5871 et
1649 5826 1685 5870 tt
1707 5828 1761 5869 ιη

179 5802 265 5869 hoc
285 5826 393 5871 me
414 5802 768 5887 anbitrati,'ac
794 5802 999 5884 deinde,
1023 5829 1114 5889 per
1134 5802 1322 5873 litteris
1348 5820 1383 5872 ο
1410 5815 1465 5870 in
1492 5824 1553 5887 ιι,
1581 5827 1628 5871 et
1649 5826 1685 5870 κ
1707 5828 1761 5869 ιη

1880 4684 2077 4753 populo
2095 4698 2194 4738 suo
2215 4682 2452 4753 desuper
2475 4680 2857 4736 ambulaverit.
2884 4681 3030 4751 Lege
3063 4682 3237 4737 Exodi
3271 4682 3472 4737 librum

1878 4775 2042 4847 (Cap.
2068 4792 2148 4841 xi,
2174 4779 2297 4848 xu),
2325 4776 2391 4831 de
2413 4791 2519 4848 quo
2552 4775 2825 4845 plenius,”
2855 4775 2903 4830 si
2934 4773 3044 4829 vita
3072 4786 3259 4831 comes
3289 4768 3474 4845 fuerit,

1879 4869 2295 4941 disputabimus.
2324 4866 2597 4924 Transitus
2618 4878 2798 4924 autent
2831 4876 3042 4936 noster,
3072 4867 3127 4925 id
3149 4878 3251 4937 est,
3282 4883 3473 4938 PHASI.

1864 5042 1909 5088 X
1936 5030 2300 5093 mutationem,
2325 5029 2460 5085 hanc
2506 5045 2685 5084 vocem
2732 5029 2801 5084 ad
2832 5028 3063 5099 linguam
3101 5029 3341 5086 Grecam
3384 5046 3475 5084 nc-

1867 5104 2276 5167 commodantes,
2303 5100 2443 5156 hunc
2471 5102 2607 5156 diem
2641 5100 2848 5154 Pascha
2874 5101 3231 5156 nominamur.
3259 5101 3472 5157 Rectiso

1869 5176 2004 5228 sime
2060 5183 2241 5229 autem
2297 5179 2410 5242 ipse
2463 5188 2588 5227 cum
2646 5172 3312 5245 Hieronymosentiens,
3352 5172 3474 5228 llos

1868 5244 2103 5308 Pascha,
2137 5241 2336 5313 inquit,
2371 5260 2614 5314 magnum
2660 5254 2708 5298 et
2750 5241 3099 5298 venerandum
3147 5241 3358 5297 Phasim
3405 5246 3470 5299 ab

1869 5317 2104 5371 Hebra'is
2126 5318 2286 5387 juxta
2326 5333 2499 5370 eorum
2540 5316 2773 5385 linguam
2831 5317 3150 5387 nominatur,
3210 5330 3328 5383 qua:
3373 5331 3473 5371 vos

1870 5386 2148 5443 transitum
2194 5396 2365 5453 sonat,
2423 5388 2672 5442 historica
2727 5386 2935 5450 quidem
3002 5387 3204 5438 ratione
3258 5397 3469 5457 prapter

1870 5459 2236 5516 lsraelitarum
2256 5475 2319 5514 ea:
2349 5458 2580 5532 zEgypto
2611 5460 2665 5512 in
2702 5458 3058 5512 (Jhananteam
3086 5457 3346 5527 regionem
3385 5463 3470 5529 fu-

1869 5549 1990 5603 gam
2021 5542 2068 5586 et
2098 5532 2478 5601 migrationem,
2506 5539 2614 5585 etc.

1946 5616 1967 5641 ε
1996 5598 2193 5668 Innnit,
2224 5605 2442 5671 opinor,
2473 5601 2804 5671 quaestiones
2837 5599 3128 5654 llehraicas
3156 5598 3207 5652 in
3253 5599 3472 5656 univcr-

1868 5690 1983 5743 sam
2016 5676 2375 5743 Scriptorum,
2436 5674 2592 5742 cujus
2619 5672 2811 5742 Operis
2850 5685 3197 5743 quamquam
3230 5671 3365 5725 solm
3413 5673 3467 5727 in

1867 5740 2435 5815 Genesim—supercnt,
2472 5740 2590 5797 licia
2631 5740 2808 5798 tamen
2841 5753 2894 5796 et
2934 5741 3277 5811 subtegmina
3309 5745 3361 5796 in
3386 5758 3467 5798 rce

1869 5814 2046 5888 liquos
2095 5814 2394 5887 Scriptura:
2424 5816 2593 5872 libros
2641 5818 2949 5885 paraverat,
2996 5826 3118 5882 quas
3144 5819 3236 5869 aut
3257 5822 3470 5872 mutato
