3978 6338
478 302 578 363 191
1717 308 1777 366 S.
1821 307 2098 368 EUSEBII
2137 310 2525 371 lllERONYMI
3673 314 3775 374 191

476 424 549 480 ita
575 422 899 490 celebratur,
932 423 975 478 si
1006 432 1221 480 terrena
1270 435 1326 481 et
1372 425 1670 499 Egyptum
1719 429 2074 496 dimittemes,
2106 435 2154 493 Α
2187 433 2440 488 tenuerit.
2477 445 2528 484 et
2560 431 2743 487 fur-ab
2773 430 2930 487 initio
2958 430 3141 496 fuerit,
3174 439 3229 486 ct
3256 429 3543 486 Mattbmus
3575 430 3780 487 scribat

478 517 544 570 ad
575 516 817 571 caelestia
843 515 1183 573 festinemus.
2182 540 2376 579 onmes
2405 524 2684 592 apostolos
2716 524 3042 594 indignatos,
3079 523 3391 579 nescientes
3421 534 3660 594 tropum,
3690 523 3776 593 qui

555 608 740 676 (\‘ers.
774 609 808 664 3
830 609 1013 678 seqq.)
1044 609 1188 663 Timr
1223 615 1519 685 congregati
1547 623 1666 668 sunt
1710 615 1965 686 principes
1990 633 2076 670 sa-
2182 630 2406 670 vocatur
2429 615 2698 685 σύλληψις,
2732 614 2759 653 ι)
2786 617 2868 669 vel
2899 615 3216 686 synecdoche
3258 633 3278 674 :
3316 632 3424 686 quo
3449 627 3503 672 et
3533 632 3634 686 pro
3678 631 3782 672 uno

479 703 768 763 ceri/Otum,
804 713 848 754 et
871 704 1100 754 seniores
1127 705 1306 776 populi
1337 709 1389 759 in
1413 709 1605 760 atrium
1633 709 1882 779 principis
1903 727 2076 763 sacer—
2184 725 2395 776 omnes,
2429 720 2484 762 et
2510 726 2606 779 pro
2639 709 2826 763 multis
2863 725 3000 763 unus
3030 710 3292 778 appellari
3333 711 3526 764 soleat.
3564 709 3700 765 Nam
3731 717 3786 765 et

484 795 686 859 dolum,
720 796 806 864 qui
834 795 1098 848 dicebatur
1127 796 1374 866 Caiphas,
1417 811 1464 852 et
1521 801 1798 852 consilium
1826 803 2078 869 fecerunt,
2186 799 2451 854 Paulusin
2470 801 2710 870 Epistula
2737 816 2830 855 sua
2851 817 2972 871 quae
2995 803 3254 856 scribitur
3275 803 3788 873 adllebraaosﬂicct

488 900 542 941 ut
564 887 743 943 Iesum
764 889 885 942 dolo
909 899 1160 953 tenerent,
1193 901 1238 944 et
1261 891 1572 945 occiderent.
1606 891 1852 946 Dicebant
1873 905 2081 947 autem:
2187 893 2254 947 de
2284 908 2345 946 ea
2381 893 2536 948 multi
2569 893 2889 948 Latinorum
2940 895 3214 965 dubitent)
3245 940 3258 964 ,
3298 911 3424 949 cum
3466 905 3787 951 sanctorum

490 983 608 1037 Non
635 984 689 1037 in
732 983 818 1037 die
849 985 996 1055 festo,
1044 1001 1106 1038 ne
1158 988 1291 1055 forte
1323 987 1572 1042 tumultus
1600 988 1742 1057 fieret
1789 988 1839 1040 in
1869 988 2081 1056 populo.
2189 988 2470 1055 passiones
2507 999 2560 1040 et
2586 987 2777 1042 merita
2815 988 3235 1056 descripsisset,
3269 988 3452 1042 intulit
3495 1005 3508 1041 :
3545 987 3791 1060 Lap’dati

491 1076 592 1142 Qui
623 1075 930 1131 debuerant
962 1077 1224 1135 Pasebate
1253 1079 1434 1134 vicino
1463 1094 1768 1148 praeparare
1801 1079 2082 1145 victimas,
2187 1089 2327 1144 sunt,
2359 1080 2536 1132 tentati
2573 1091 2712 1146 sunt,
2743 1081 2863 1133 secti
2893 1080 3004 1153 [ΑΙ.
3027 1081 3235 1152 serratil
3267 1084 3407 1145 sunt,
3443 1082 3497 1134 in
3525 1081 3794 1135 occasione

490 1168 728 1239 lvvigare
766 1169 952 1239 templi
1002 1171 1260 1239 parietes,
1312 1173 1618 1241 pavimenta
1670 1186 1911 1240 verrere,
1959 1185 2086 1225 vasa
2190 1175 2354 1246 gladii
2382 1175 2571 1229 mortui
2591 1186 2710 1228 sunt
2739 1174 2926 1245 (Hebr.
2959 1191 3037 1240 XI,
3065 1176 3182 1246 '57),
3214 1192 3335 1229 cum
3362 1191 3527 1230 unum
3557 1184 3794 1228 tantum-

493 1263 779 1328 mnndare,
809 1275 863 1318 et
889 1269 1189 1320 secundum
1213 1268 1376 1320 ritum
1403 1266 1562 1335 Legis
1589 1269 1887 1337 puriticnri,
1912 1277 1966 1319 ιιι
1992 1281 2090 1321 e:u
2193 1266 2354 1322 modo
2385 1267 2581 1322 Isaiam
2639 1267 2965 1337 Pmplietam
3009 1279 3218 1322 sectum
3264 1267 3438 1322 Judaei
3487 1275 3794 1322 autument.

493 1357 617 1426 agni
641 1357 791 1422 digni
823 1358 1046 1423 tierent,
1075 1369 1479 1430 congregantur
1502 1361 1752 1415 ineuntes
1777 1359 2088 1424 consilium,
2196 1359 2490 1414 Possumus
2513 1369 2567 1414 et
2596 1360 2756 1414 aliter
2779 1359 2985 1422 dicere,
3020 1359 3164 1424 quod
3205 1360 3442 1429 apostoli
3481 1374 3630 1427 vere,
3665 1373 3796 1427 pro-

492 1449 770 1519 quomodo
803 1451 1059 1506 occidant
1094 1453 1410 1522 Dominum,
1440 1471 1545 1510 non
1580 1456 1833 1510 timentes
1862 1453 2092 1510 seditio-
2195 1470 2318 1530 pter
2343 1471 2613 1528 pauperes
2643 1456 2904 1526 indignati
2932 1456 3091 1528 213
3112 1456 3217 1509 sint
3243 1473 3256 1511 :
3279 1454 3448 1510 Judas
3471 1463 3652 1508 autem
3672 1468 3798 1522 pro-

493 1557 643 1612 nem,
677 1544 990 1615 utsimplex
1013 1561 1194 1602 sermo
1219 1548 1596 1614 demonsurat;
1622 1549 1716 1604 scd
1744 1559 2002 1605 caventes
2026 1565 2096 1604 ne
2198 1561 2320 1620 pter
2347 1551 2499 1606 lucra
2531 1564 2654 1605 sua.
2683 1547 2839 1605 Unde
2901 1561 2955 1603 et
3012 1546 3321 1601 ttziissitatio
3367 1546 3486 1615 ejus
3532 1560 3654 1600 cum
3696 1543 3804 1598 cri-

491 1635 694 1690 auxilto
717 1638 897 1707 p0puli
927 1637 997 1693 de
1023 1639 1138 1693 suis
1171 1641 1421 1694 manibus
1452 1641 1756 1696 tolleretur.
2201 1645 2348 1698 mine
2378 1643 2620 1713 ponitur,
2653 1640 2798 1712 quod
2836 1655 2941 1694 non
2965 1655 3154 1694 curam
3194 1653 3486 1710 pauperum
3514 1635 3801 1707 ,babuerit,

567 1725 760 1797 (Vers.
795 1730 829 1784 6
866 1729 1042 1800 )Cum
1061 1741 1235 1786 autem
1276 1731 1429 1786 Jesus
1471 1743 1603 1788 esset
1649 1735 1702 1788 in
1732 1733 2012 1800 Bethania,
2045 1735 2096 1788 in
2201 1737 2293 1792 sed
2324 1752 2423 1790 suo
2454 1736 2596 1790 furto
2624 1733 2858 1790 voluerit
2881 1733 3192 1803 providere.

499 1819 652 1873 domo
683 1820 914 1877 Simonis
946 1825 1153 1896 leprosi.
1190 1825 1458 1880 Passurus
1483 1843 1580 1896 pro
1612 1828 1757 1881 omni
1785 1828 2011 1888 mundo,
2041 1835 2095 1880 et
2127 1829 2170 1888 Β
2269 1829 2450 1899 (Vers.
2484 1829 2573 1894 10,
2604 1825 2716 1897 il.)
2750 1826 2930 1881 Sciens
2955 1835 3125 1878 autem
3153 1823 3336 1892 Jesus,
3370 1825 3440 1877 ait
3465 1825 3567 1877 illis
3602 1838 3618 1875 :
3660 1821 3802 1890 Quid

501 1913 790 1968 universas
815 1916 1067 1970 nationes
1106 1930 1208 1970 suo
1235 1919 1501 1987 sanguine
1547 1917 1950 1988 redempturus,
1983 1931 2098 1972 mo-
2198 1920 2396 1975 molesti
2420 1922 2537 1974 estis
2573 1921 2693 1972 huic
2726 1918 2968 1972 mulieri?
3003 1917 3148 1985 Opus
3186 1917 3320 1970 enim
3363 1916 3550 1968 bonum
3591 1925 3806 1983 operata

507 2015 659 2058 ratur
690 2006 744 2058 in
779 2008 1064 2072 Bethania,
1097 2009 1252 2063 domo
1299 2009 1625 2076 obedientiae,
1665 2027 1788 2078 qua:
1824 2009 2094 2080 quondam
2200 2027 2271 2070 εει
2302 2016 2355 2068 in
2388 2031 2485 2068 me.
2533 2012 2671 2066 Nam
2711 2027 2912 2083 semper
2955 2027 3210 2083 pauperes
3237 2009 3484 2062 habebitis
3520 2009 3806 2073 vobiscum,

504 2094 608 2150 fuit
629 2096 870 2152 Simonis
898 2099 1124 2169 leprosi.
1154 2099 1270 2154 Non
1302 2102 1447 2168 qttod
1477 2102 1724 2170 leprosus
1745 2113 1798 2156 et
1831 2100 1928 2155 illo
1966 2110 2099 2156 tem-
2201 2124 2280 2160 me
2308 2118 2478 2160 autem
2510 2122 2612 2158 non
2643 2119 2841 2172 semper
2881 2102 3156 2156 habebitis.
3203 2101 3318 2155 Alia
3350 2101 3603 2154 oboritur
3631 2113 3810 2168 quaes-

503 2203 635 2259 pore
650 2201 1019 2260 permaneret,
1037 2193 1132 2246 sed
1145 2194 1238 2262 qui
1261 2193 1704 2260 antealeprosns,
1729 2203 1911 2262 postea
1935 2209 1964 2247 a
1991 2194 2100 2250 Sal-

507 2289 698 2336 vatore
723 2283 1017 2338 mundatus
1046 2293 1153 2348 est,
1188 2287 1408 2339 nomine
1457 2286 1686 2354 pristino
1728 2296 2097 2354 permanente,

506 2383 564 2429 ut
597 2376 770 2429 virtus
793 2378 1036 2432 curantis
1065 2389 1347 2448 appareat.
1379 2378 1511 2433 Nam
1543 2380 1594 2432 in
1618 2380 1864 2449 catalogo
1887 2388 2104 2445 aposto-

514 2467 690 2521 lorum
720 2485 844 2521 cmn
879 2471 1108 2538 pristino
1131 2471 1266 2525 vitio
1295 2484 1349 2526 et
1375 2471 1580 2539 ollicio,
1609 2471 1891 2525 Manlia-us
1923 2471 2104 2540 publi-

508 2578 678 2612 canus
700 2561 1028 2630 appellatur,
1053 2578 1141 2631 qui
1169 2578 1315 2617 certe
1346 2565 1660 2630 publicanus
1690 2579 1812 2619 esse
1842 2564 2101 2618 desierat.

505 2652 733 2721 Quidam
760 2654 1220 2723 Sitnooisleprosi
1243 2655 1486 2716 domum,
1507 2672 1624 2709 eam
1655 2656 1853 2710 volunt
1879 2654 2104 2724 intelligi

512 2749 674 2818 212
722 2757 926 2816 partem
977 2751 1194 2818 p0puli,
1240 2766 1362 2820 qua:
1407 2749 1703 2804 crediderit
1737 2751 1998 2812 Domino,
2056 2758 2108 2801 et

512 2841 583 2894 ab
600 2856 664 2895 eo
682 2850 870 2894 emata
894 2843 985 2896 sit.
1011 2842 1200 2896 Simon
1221 2859 1436 2912 quoque
1460 2845 1572 2912 ipse
1599 2843 1862 2897 obediens
1887 2840 2106 2907 dicitur,

512 2935 604 2997 qui
631 2931 785 3000 juxta
827 2935 988 2986 aliam
1027 2935 1442 3004 intelligentiam
1483 2935 1717 2989 mundus
1757 2935 2110 3004 interpretari

513 3036 715 3095 potest,
763 3026 815 3079 in
846 3027 1003 3094 cujus
1030 3027 1196 3080 domo
1225 3038 1410 3081 curata
1446 3040 1525 3081 est
1564 3029 1832 3082 Ecclesia.

591 3115 774 3186 (νει-ε.
795 3116 874 3185 7.)
903 3119 1130 3171 Accessit
1153 3119 1219 3172 ad
1243 3136 1358 3172 eum
1384 3119 1571 3172 mulier
1588 3118 1781 3172 habens
1793 3119 2110 3172 alabastrum

2204 2200 2299 2266 tio,
2333 2213 2502 2268 quare
2546 2197 2808 2250 Deminus
2846 2203 2973 2265 post
3009 2193 3466 2248 resurrectionem
3509 2191 3716 2246 dixerit
3746 2190 3811 2244 ad

2204 2291 2499 2359 discipulos
2531 2309 2542 2343 :
2575 2288 2710 2342 Ecce
2739 2304 2831 2359 ego
2860 2287 3117 2340 vobiscum
3139 2303 3252 2338 sum
3277 2302 3436 2356 usque
3459 2284 3528 2337 ad
3558 2300 3807 2338 consum-

2207 2383 2719 2446 mationemnmndi;
2765 2391 2820 2437 et
2873 2395 3014 2434 nunc
3066 2380 3338 2448 loquatur,
3381 2388 3661 2432 meantem
3712 2393 3814 2431 non

2207 2494 2403 2546 semper
2453 2475 2724 2530 habebitis.
2771 2473 2882 2530 Sed
2931 2472 3064 2526 milii
3093 2471 3311 2524 videtur
3357 2471 3407 2524 in
3458 2469 3560 2524 hoc
3590 2469 3716 2524 loco
3745 2468 3813 2524 de

2210 2570 2499 2641 praesentia
2516 2569 2700 2623 dicere
2726 2566 3015 2634 corporali,
3046 2562 3187 2632 quod
3210 2578 3547 2631 nequaquam
3574 2550 3698 2615 cum
3726 2559 3806 2616 eis

2211 2666 2279 2719 ita
2305 2665 2515 2718 futurus
2542 2665 2611 2716 sit
2656 2672 2773 2724 post
2824 2658 3302 2720 resurrectionem,
3343 2653 3621 2723 qumnodo
3671 2669 3818 2708 nunc

2213 2757 2263 2808 i';
2289 2759 2432 2809 omni
2463 2755 2640 2808 convi.
2667 2765 2720 2806 ιιι
2765 2762 2820 2805 et
2863 2750 3252 2805 familiaritate.
3286 2746 3454 2817 Cujus
3483 2747 3560 2800 rei
3601 2761 3817 2801 memor

2217 2853 2507 2920 Apostolus
2533 2853 2603 2902 ait
2635 2867 2648 2902 :
2699 2846 2764 2900 Et
2807 2847 2852 2899 si
2885 2861 3187 2898 noveramus
3232 2844 3412 2896 Iesum
3445 2841 3709 2896 Christum
3731 2859 3818 2896 se-

2218 2954 2444 2998 cundum
2507 2960 2733 3012 carnem,
2781 2942 2870 2996 sed
2913 2957 3052 2994 nunc
3094 2944 3213 3012 jam
3268 2956 3371 2992 non
3425 2939 3653 2992 norimus
3701 2954 3820 2994 eum

2216 3038 2280 3107 (ll
2303 3036 2421 3091 Cor.
2455 3054 2509 3101 ν,
2545 3037 2655 3106 16).

2293 3128 2476 3199 (Vers.
2539 3129 2650 3197 12.)
2693 3127 2900 3182 Mittens
2943 3127 3076 3180 enim
3113 3125 3224 3180 haec
3271 3135 3594 3198 unguentum
3637 3125 3822 3178 hocin

521 3210 768 3278 unguenti
809 3211 1065 3279 pretiosi,
1108 3221 1151 3264 el
1203 3211 1385 3276 εΙῙυάὶι
1429 3229 1583 3282 ευμεν
1631 3225 1778 3284 caput
1822 3213 1986 3284 ipsius
2037 3229 2107 3266 τε·
2141 3215 2186 3276 C
2220 3238 2406 3292 corpus
2431 3239 2618 3283 meum,
2648 3221 2717 3274 ad
2739 3220 3086 3293 sepeliendum
3129 3236 3206 3272 me
3237 3217 3376 3288 fecit.
3409 3216 3568 3283 Quod
3599 3230 3822 3284 vospu-

519 3301 819 3355 cumbentis.
845 3299 1018 3357 Nemo
1049 3313 1202 3372 putet
1227 3303 1473 3357 eamdem
1504 3315 1528 3341 °
1550 3319 1672 3359 esse
1704 3321 1820 3375 quae
1847 3322 2012 3374 super
2026 3321 2116 3360 ca—

525 3405 618 3464 put
648 3395 840 3450 etiudit
888 3407 1242 3466 unguentum,
1292 3408 1346 3451 et
1405 3412 1527 3467 qua:
1570 3413 1733 3466 super
1783 3399 1968 3468 pedes.
2022 3397 2120 3452 Illa

522 3485 666 3539 enim
699 3497 756 3540 et
781 3489 1036 3558 lacrymis
1067 3489 1236 3554 lavat,
1265 3498 1321 3542 et
1348 3488 1498 3543 crine
1536 3491 1720 3558 tergit,
1751 3503 1803 3544 et
1833 3489 2120 3545 manifeste

521 3592 786 3634 meretrix
817 3581 1146 3651 appellatur.
1186 3582 1260 3635 De
1303 3582 1400 3635 ltac
1431 3595 1616 3637 autem
1651 3583 1780 3636 nilnl
1830 3585 1937 3637 tale
1982 3583 2117 3638 scri-

525 3685 668 3744 ptuin
715 3687 818 3732 est.
865 3677 976 3733 Nec
1024 3678 1170 3732 enim
1218 3688 1429 3748 poterat
1459 3687 1641 3732 statim
1683 3681 1861 3749 Capite
1912 3678 2120 3732 Domini

526 3771 788 3826 meretrix
822 3772 980 3842 digna
1011 3772 1149 3826 ﬁeri.
1179 3772 1331 3827 Alius
1357 3773 1690 3844 evangelista
1723 3789 1820 3841 pro
1846 3772 2123 3826 alabastro

525 3865 1202 3938 unguentipretiosi(quod
1226 3882 1396 3934 genus
1418 3879 1501 3920 est
1534 3868 1876 3935 marmoris),
1899 3865 2122 3920 nardum

526 3958 774 4024 {Micam
810 3959 990 4027 posuit
1019 3956 1203 4026 (Joan.
1241 3957 1358 4028 χιι),
1405 3960 1506 4012 hoc
1546 3966 1650 4025 est,
1685 3973 1868 4013 veram
1905 3970 1960 4013 et
2003 3958 2128 4012 alts-

523 4065 628 4118 que
661 4051 810 4114 dolo,
872 4061 930 4105 ut
986 4050 1150 4104 tidem
1207 4051 1469 4105 Ecclesia:
1521 4060 1576 4105 et
1602 4051 1853 4119 gentium
1900 4049 2126 4104 demon-

527 4155 750 4196 sitarct.

593 4234 773 4305 (Vers.
823 4235 877 4297 8,
907 4236 986 4305 9.)
1045 4235 1290 4291 Videntes
1323 4246 1495 4291 autent
1549 4235 1816 4308 discipuli,
1869 4236 2128 4308 indignati

522 4341 660 4393 sunt,
695 4330 922 4385 dicentes
958 4347 976 4386 :
1029 4331 1098 4386 Ut
1139 4333 1262 4402 quid
1301 4333 1525 4399 perditio
1577 4333 1726 4385 haec?
1770 4329 1947 4382 Potuit
1995 4331 2128 4382 enim

523 4423 666 4478 istud
697 4425 983 4478 venunduri
1015 4424 1198 4489 multo,
1232 4433 1277 4477 et
1307 4425 1424 4477 dari
1454 4424 1788 4495 pauperibus.
1817 4422 1944 4478 Scio
1967 4437 2130 4492 quos-

525 4516 650 4572 dam
688 4517 830 4572 hunc
853 4517 1030 4570 locum
1059 4519 1403 4580 calumniari,
1437 4532 1606 4586 quare
1633 4519 1771 4570 alios
1797 4517 2127 4584 evangelista

2221 3316 2344 3369 tatis
2371 3315 2726 3381 perditionem
2751 3329 2874 3368 esse
2902 3312 3200 3382 unguenti,
3243 3310 3480 3366 oﬂiciuin
3515 3308 3823 3377 sepulturze

2221 3415 2318 3460 est.
2348 3406 2456 3461 Nec
2486 3409 2680 3460 mirum
2707 3405 2750 3460 si
2784 3405 2912 3458 milii
2947 3405 3148 3458 benum
3176 3403 3403 3457 odorem
3431 3401 3551 3456 llilei
3579 3416 3692 3454 sua:
3729 3400 3828 3454 dc-

2222 3499 2403 3564 derit,
2460 3513 2582 3552 cum
2641 3512 2740 3566 ego
2792 3513 2886 3564 pro
2943 3512 3003 3550 ea
3066 3495 3286 3550 [usurus
3337 3495 3441 3548 sim
3493 3491 3819 3563 sanguinem

2224 3607 2423 3644 meum.

2296 3682 2476 3750 (Vers.
2507 3679 2726 3748 12-14.)
2753 3679 2912 3734 Amen
2947 3680 3064 3732 dico
3095 3678 3257 3745 vobis,
3289 3677 3594 3742 ubicumque
3627 3676 3827 3746 pra'di-

2225 3786 2394 3828 catum
2420 3775 2574 3844 fuerit
2595 3773 2695 3827 hoc
2723 3773 3056 3844 Erangelium
3086 3773 3139 3824 in
3171 3781 3272 3823 toto
3296 3769 3512 3836 mundo,
3548 3770 3750 3822 dicetur
3778 3778 3830 3822 et

2225 3870 2362 3940 quod
2385 3870 2494 3922 lucc
2523 3869 2641 3939 fecit
2670 3869 2720 3921 in
2764 3868 3068 3922 memoriam
3101 3866 3231 3931 ejus.
3277 3863 3423 3916 Tunc
3451 3862 3569 3915 abiit
3599 3879 3733 3914 unus
3764 3864 3830 3914 de

2228 3963 2521 4024 duodecim,
2552 3963 2640 4035 qui
2669 3962 2930 4015 dicebatur
2952 3959 3123 4013 Judas
3150 3958 3440 4016 Iscariotis,
3470 3958 3537 4009 ad
3569 3957 3829 4026 principes

2228 4055 2566 4108 sacerdotum.
2619 4055 2674 4108 lit
2727 4064 2841 4107 toto
2895 4053 3095 4107 mundo
3143 4066 3249 4104 non
3304 4061 3410 4103 tam
3456 4049 3651 4102 mulier
3702 4047 3829 4112 ista,

2230 4166 2388 4220 quam
2424 4150 2667 4203 Ecclesia
2707 4147 3055 4217 przedicatur,
3086 4145 3230 4215 quod
3263 4143 3540 4209 sepelierit
3574 4142 3836 4197 Salvato-

2231 4261 2368 4312 rem,
2398 4246 2544 4313 quiid
2596 4244 2816 4298 unxerit
2859 4249 3022 4310 caput
3050 4241 3188 4310 ejus.
3226 4239 3284 4292 Et
3318 4237 3537 4291 attende
3579 4234 3835 4290 notitiam

2234 4335 2566 4403 futurorum,
2589 4335 2735 4403 quod
2763 4347 3016 4400 passurus
3043 4343 3158 4401 post
3189 4331 3410 4385 bidztnm
3437 4340 3486 4381 et
3513 4329 3836 4393 moriturus,

2234 4429 2369 4481 sciat
2404 4427 2752 4493 Evangelium
2779 4441 2932 4479 suum
2970 4426 3020 4478 in
3053 4432 3164 4476 toto
3197 4422 3326 4473 orlm
3354 4418 3761 4474 ci-lebrandum.

2311 4517 2492 4587 (νυν-ε.
2540 4517 2656 4588 15.)
2706 4517 2766 4569 lit
2805 4517 2878 4570 ait
2909 4517 3011 4568 illis
3045 4531 3064 4568 :
3099 4513 3236 4579 Quid
3261 4515 3417 4565 vultis
3450 4513 3575 4564 mihi
3605 4510 3754 4578 dare,
3790 4516 3841 4562 et

524 4609 720 4666 Judatn
757 4614 932 4665 solum
963 4609 1164 4665 dixerit
1211 4612 1617 4674 contristatum,
1651 4627 1716 4664 eo
1746 4610 1886 4680 quod
1921 4608 2127 4663 loculos
2163 4602 2208 4660 D
2234 4627 2325 4680 ego
2357 4612 2495 4664 vobis
2530 4626 2647 4663 eum
2687 4610 2929 4662 trudam?
2951 4606 3142 4662 Infelix
3177 4605 3365 4671 .luda~,
3399 4605 3656 4659 damnum
3690 4601 3841 4674 quod

526 4769 756 4824 consilio
789 4770 1095 4836 repudiavit
1125 4782 1335 4840 postea,
1367 4777 1461 4822 aut
1496 4769 1637 4822 intra
1666 4766 1997 4840 domesticos
2029 4779 2124 4832 pa-

529 4841 700 4894 rietes
731 4842 911 4911 perire
956 4837 1220 4909 permisit.
1256 4843 1408 4896 Nulla
1451 4850 1597 4894 certe
1627 4842 1675 4890 in
1727 4837 1896 4888 Exodi
1929 4838 2126 4911 librum

530 4909 848 4994 llieroiiymi
878 4915 1218 4968 elucubratio
1249 4924 1518 4982 superest,
1551 4920 1644 4964 ant
1674 4924 1927 4976 umquam
1973 4909 2127 4962 iuno-

604 5063 630 5091 ι
655 5055 989 5126 Quamquam
1020 5056 1270 5124 Origenis
1308 5055 1359 5126 in
1395 5053 1540 5126 hunc
1571 5054 1746 5105 locum
1779 5053 2127 5126 Commenta:

527 5130 605 5182 ria
641 5123 749 5181 non
792 5123 1076 5191 superent,
1123 5123 1261 5180 lianc
1311 5125 1378 5179 de
1426 5125 1622 5178 duplici
1681 5123 1880 5178 femina
1926 5124 2127 5176 Christi

531 5203 778 5252 unetrice
817 5200 1145 5254 sententiam
1180 5198 1564 5266 Hieronymum
1595 5211 1660 5249 ex
1707 5195 1944 5254 Ov'iuene
1993 5194 2126 5248 doli-

530 5268 710 5334 basse,
764 5271 946 5324 nullus
996 5270 1200 5324 dubito.
1239 5269 1363 5323 "il‘C
1385 5273 1663 5320 enimvero
1695 5269 1986 5334 peculiaris
2015 5267 2130 5329 eius

530 5340 718 5408 opinio
749 5342 846 5394 fuit
885 5383 899 5405 ,
931 5343 1237 5402 mulierem,
1295 5355 1414 5406 qua:
1466 5338 1629 5405 pedes
1679 5339 1871 5393 laverit
1901 5337 2128 5402 Cltri~ti,

531 5415 913 5481 peccatricem,
947 5427 1068 5482 qute
1095 5428 1226 5464 vero
1253 5419 1415 5482 caput.
1438 5410 1969 5482 uirgueiiturliiiierit,
2004 5425 2130 5482 san-

530 5479 813 5538 ctatnexst
835 5479 988 5547 tissei;
1013 5486 1259 5550 adeoque
1281 5481 1510 5536 alterunt
1533 5483 1677 5546 apud
1701 5480 1980 5535 Simonem
2002 5479 2137 5531 Plia-

533 5555 771 5614 risaenut,
815 5560 1040 5610 alteram
1073 5557 1211 5620 apud
1258 5554 1538 5608 Sinonem
1585 5553 1888 5620 Leprosutn
1936 5552 2136 5604 debere

534 5625 790 5694 intelligi.
825 5627 879 5681 In
917 5627 1166 5680 llomiiiis
1199 5641 1250 5677 in
1281 5623 1562 5677 Canticum
1611 5633 1971 5694 rantmornm,
2005 5637 2140 5690 quas

537 5693 737 5768 Latine
765 5698 1126 5768 llieroiiymus
1148 5703 1456 5768 explicavit,
1497 5693 1652 5746 Ilom.
1685 5695 1735 5761 1,
1773 5693 2143 5768 l)bserva,_in_-

537 5767 676 5838 quit,
728 5763 1003 5838 diligenter
1046 5783 1162 5834 quae
1209 5769 1272 5819 de
1323 5765 1524 5817 duabus
1557 5773 1903 5838 superimput
1947 5763 2142 5832 fuderit

540 5836 848 5894 Saluatoris}
883 5839 1153 5910 Siquidem
1171 5839 1429 5910 peccatrix
1450 5851 1607 5906 super
1638 5837 1788 5909 pedes
1815 5877 1829 5905 ,
1864 5845 1912 5890 cl
1943 5852 2003 5887 ea
2029 5849 2144 5904 qui:

2234 4783 2335 4819 non
2367 4766 2560 4820 dicitur
2598 4768 2879 4836 peccatrix,
2906 4783 3061 4838 super
3109 4773 3268 4837 caput
3298 4767 3411 4838 ejus
3455 4762 3654 4838 fudisse
3692 4776 3843 4838 nion-

2233 4847 2446 4894 Slralttr.
2503 4838 2568 4892 Ει
2598 4830 2838 4892 Ἠυιιιὶιίιι
2869 4830 3127 4892 εθέιιιιιιιι
3167 4830 3267 4888 sub
3298 4830 3507 4888 iitilintit
3531 4875 3545 4894 ,
3580 4830 3844 4900 Loquitur

2237 4905 2576 4978 Evangelium
2606 4950 2618 4968 ,
2674 4911 2796 4976 quia
2850 4910 2982 4963 venit
3039 4907 3226 4960 mulier
3279 4905 3468 4978 habens
3519 4902 3842 4978 alabastrum

2234 4973 2481 5047 unguEnti
2532 4973 2694 5051 nardi.
2735 4982 2906 5051 pistiei
2952 4980 3206 5049 pretiosi:
3257 4993 3362 5030 non
3401 4973 3837 5051 illuﬂpeccatritr,

2232 5045 2321 5103 sed
2346 5061 2546 5106 sancta.
2582 5049 2646 5104 de
2675 5045 2774 5117 qua
2829 5045 2964 5104 nunc
2995 5051 3120 5103 mihi
3161 5065 3325 5102 sermo
3356 5057 3470 5117 est._
3495 5045 3617 5098 Scio
3651 5045 3845 5114 quippe

2235 5120 2431 5193 Lucam
2459 5123 2522 5174 de
2545 5115 2850 5193 peccatrice,
2879 5121 3183 5177 Matthmum
3209 5137 3325 5193 vero
3364 5129 3409 5171 et
3438 5115 3696 5193 Joannem
3741 5131 3843 5193 non

2235 5192 2298 5246 de
2331 5185 2614 5256 peccatrice
2659 5195 2870 5247 dixisse.
2919 5193 3076 5246 Plura
3137 5194 3204 5244 de
3257 5191 3356 5244 hac
3405 5189 3524 5256 eius
3567 5185 3844 5240 sententia

2237 5264 2303 5318 ad
2335 5264 2448 5317 haec
2477 5265 2591 5334 ipsa
2637 5265 2752 5319 loca
2802 5266 3196 5333 cengessimus.
3235 5261 3304 5315 Et
3333 5275 3464 5334 vero
3486 5271 3844 5334 quamquam

2237 5329 2600 5405 qnzrstioiit-m
2647 5329 3014 5403 singularibus
3045 5337 3188 5387 inter
3210 5333 3455 5405 eruditos
3483 5329 3639 5405 libris
3668 5329 3846 5396 agita-

2243 5398 2376 5473 t'atn,
2405 5407 2540 5460 nili-.I
2577 5409 2664 5461 hic
2711 5398 3009 5476 rccoquere
3040 5405 3281 5470 intersit,
3333 5398 3732 5476 verisimillima
3767 5408 3849 5450 ta-

2241 5471 2371 5532 men
2421 5479 2536 5532 haec
2593 5481 2728 5549 ipsa,
2778 5471 2939 5547 quam
2975 5474 3586 5549 llieronyinnsprobat,
3633 5471 3849 5549 videtur

2243 5551 2550 5610 sententia;
2588 5541 2640 5602 ιιί
2677 5541 2809 5603 licet
2850 5566 2985 5603 unus
3036 5541 3288 5615 idemque
3335 5545 3522 5599 Simon
3551 5553 3604 5593 et
3659 5541 3854 5595 Phari-

2245 5635 2390 5673 szens
2422 5633 2474 5672 et
2505 5621 2778 5684 Leprosus
2822 5619 3047 5688 putandi
3082 5622 3213 5676 sint,
3254 5635 3356 5670 non
3392 5632 3492 5666 una
3513 5625 3708 5688 tamen
3759 5626 3854 5665 ea-

2246 5693 2483 5756 demque
2517 5693 2711 5745 mnlicr
2741 5685 2922 5760 fuerit,
2958 5708 3075 5761 qum
3099 5689 3308 5745 Christi
3334 5685 3552 5741 tinxerit
3578 5691 3767 5756 caput,
3795 5690 3856 5739 et

2247 5778 2367 5832 q'tzr',
2398 5762 2595 5815 laverit
2626 5765 2810 5828 pedes.

2319 5833 2344 5871 λ’
2387 5833 2582 5888 Victor.
2619 5836 2782 5889 verba
2817 5834 2890 5887 t‘cl
2912 5832 3230 5903 synecdoche
3255 5837 3417 5885 taect.
