3978 6338
423 277 535 345 I95

1671 275 1730 333 8.
1773 272 2050 333 EUSEBll
2085 272 2465 333 HIERONYMI

3621 252 3732 333 ne

427 409 568 459 eum,
601 392 759 448 dixit.
783 390 919 459 Quia
969 389 1156 447 caeteri
1186 390 1389 459 tristes,
1423 396 1480 445 et
1522 387 1681 444 valde
1730 390 1917 445 tristes
1942 389 2022 445 in-
2051 394 2104 453 Α
2129 405 2295 462 gnum
2352 388 2533 445 Patris
2572 388 2819 461 (attende
2844 389 2988 461 quod
3020 388 3185 458 dicat,
3216 388 3410 455 Patris,
3441 403 3550 444 non
3579 383 3723 460 Dei),

430 495 841 556 tcrrogavvrant
882 503 897 538 :
935 483 1205 554 Numquid
1234 499 1328 556 ego
1359 499 1494 549 sum,
1527 480 1790 535 Domine?
1822 484 1897 535 Ne
1946 492 2025 536 ta-

429 578 607 633 cendo
630 596 688 631 se
714 578 948 648 prodere
979 577 1279 644 videretur,
1317 586 1372 629 et
1402 579 1519 643 ipse
1566 576 1821 629 similiter
1862 576 2029 630 inter-

428 681 607 743 rogat,
658 669 823 742 216
874 683 1036 739 quem
1088 666 1427 723 conscientia
1474 666 1845 735 remordebat,
1878 668 2027 737 ‘qui

430 778 654 820 manum
677 764 937 819 audacter
958 762 1187 819 miserat
1212 760 1267 815 in
1292 761 1600 831 paropside.

504 854 779 926 Numquid
802 872 894 927 ego
942 871 1077 922 sunt,
1126 854 1309 908 rabbi.’
1337 855 1423 909 Ait
1450 853 1533 909 illi
1558 870 1579 910 :
1602 854 1681 909 Tu
1729 855 1928 911 dixisti.
1964 854 2027 909 Et

432 947 769 1008 blandientis
812 948 992 1018 jungit
1019 946 1301 1014 affectum,
1356 948 1477 1003 sive
1515 947 1912 1003 incredulitatis
1957 947 2032 1001 si-

430 1041 836 1114 gnum.Ca2teri
866 1042 1014 1098 enim
1036 1040 1128 1111 qui
1160 1056 1268 1097 non
1291 1049 1446 1097 erant
1477 1040 1771 1111 prodituri,
1796 1039 1988 1095 dicunt
2016 1058 2027 1092 :

435 1132 707 1203 Numquid
732 1150 826 1207 ego
847 1151 979 1201 sum,
1013 1133 1394 1193 Dontineilste
1420 1135 1515 1203 qui
1542 1133 1863 1203 proditurus
1891 1144 2029 1202 erat,

435 1245 546 1291 non
579 1230 900 1293 Dominum,
924 1230 1021 1289 sed
1047 1232 1366 1300 magistratu
1390 1238 1568 1296 vocat,
1598 1230 1754 1299 quasi
1799 1243 2031 1285 excuss—

438 1323 644 1377 tionem
677 1322 897 1391 babeat,
926 1324 970 1379 si
1000 1323 1239 1381 Domino
1262 1323 1553 1394 denegata,
1586 1325 1779 1380 saltem
1835 1323 2037 1393 magis-

433 1431 581 1475 trum
605 1417 931 1487 prodiderit.
980 1416 1049 1473 Et
1077 1419 1149 1474 ait
1177 1418 1258 1473 illi
1289 1434 1308 1473 :
1338 1417 1417 1471 Tu
1457 1419 1654 1472 dixisti.
1691 1417 1895 1473 Eadem
1944 1431 2035 1473 re—

434 1512 739 1582 sponsione
762 1513 1077 1571 conlutatus
1096 1522 1182 1569 est
1210 1512 1480 1584 proditor,
1510 1529 1613 1585 qua
1639 1513 1816 1568 Pilato
1841 1522 2032 1585 postea

436 1620 804 1675 reaponsurus
836 1618 940 1663 est.

510 1698 692 1772 (Vers.
738 1700 811 1756 26
855 1699 1039 1772 seqq.)
1078 1698 1412 1757 Cmnantibus
1470 1710 1641 1755 autem
1687 1700 1783 1769 eis,
1840 1700 2036 1772 accepit

2137 486 2317 539 omnis
2350 485 2513 539 Pater
2543 500 2739 539 nomen
2792 492 2874 538 est
2920 482 3062 537 Filii.
3098 482 3256 547 Cum,
3285 484 3527 551 inquam,
3551 480 3733 533 credi-

2134 577 2317 632 derint
2348 577 2401 630 in
2434 578 2601 632 Deum
2650 576 2887 645 Patrem,
2920 586 2971 631 et
3004 574 3293 629 adduxerit
3331 590 3430 627 eos
3473 573 3633 626 Pater
3660 570 3732 625 ad

2133 669 2354 738 Fdium,
2392 679 2517 724 tunc
2569 668 2639 724 de
2669 669 2797 723 vino
2852 684 3041 723 eorum
3071 667 3220 724 bibet
3254 665 3536 731 Dominus,
3591 672 3646 719 et
3675 663 3730 718 in

2136 761 2545 816 sitnilitudinem
2574 760 2777 831 Joseph
2808 776 3041 831 regnans
3091 762 3144 814 in
3192 758 3449 831 Egypto,
3482 755 3733 813 inebria-

2136 856 2285 910 bitur
2304 870 2427 909 cum
2452 854 2713 909 fratribus
2738 855 2852 910 suis
2882 853 3095 927 (Geues.
3121 855 3298 920 xum).

2208 947 2394 1021 (Vnrs.
2420 947 2536 1020 50.)
2564 946 2634 1002 Et
2663 948 2858 1019 hymno
2870 946 3029 1013 dicto,
3051 946 3288 1001 exierunt
3308 945 3362 998 in
3378 953 3601 998 montem
3625 940 3738 996 Oli-

2136 1040 2255 1094 reti.
2282 1039 2398 1097 Hoc
2423 1050 2507 1096 est
2535 1039 2681 1109 quod
2713 1041 2763 1093 in
2788 1039 3021 1109 quodam
3048 1039 3254 1107 psalmo
3282 1037 3509 1107 legimus
3534 1054 3548 1089 :
3571 1033 3736 1089 Mau—

2137 1134 2459 1188 dueauerunt
2475 1142 2523 1187 et
2551 1133 2901 1186 adoraverunt
2951 1146 3125 1184 attines
3161 1133 3377 1203 pingues
3417 1139 3568 1184 terra!
3610 1125 3738 1199 (Ps.

2140 1242 2255 1295 χχι,
2285 1227 2401 1298 50).
2435 1225 2599 1283 Juxta
2630 1225 2736 1281 hoc
2764 1226 3094 1294 exctnplum,
3144 1225 3234 1293 qui
3262 1224 3565 1280 Salvatoris
3595 1236 3741 1292 pane

2139 1331 2436 1385 saturatos,
2484 1328 2541 1376 et
2563 1321 2733 1375 calice
2758 1320 3061 1374 inebriatus
3090 1319 3269 1385 inerit,
3300 1328 3479 1388 potest
3511 1316 3742 1372 laudare

2143 1414 2434 1469 Dominum
2462 1428 2516 1470 et
2542 1413 2913 1469 conscendere
2942 1413 2997 1467 in
3027 1420 3268 1467 montem
3295 1410 3515 1476 Oliveti,
3543 1410 3634 1465 ubi
3662 1409 3744 1463 la-

2146 1512 2338 1565 horum
2372 1510 2625 1576 refectio,
2657 1508 2969 1578 dolorisque
3015 1506 3293 1572 solutum,
3351 1516 3408 1561 et
3432 1504 3545 1561 veri
3570 1503 3740 1559 Iunti-

2143 1606 2227 1660 nis
2252 1605 2440 1659 netitia
2463 1614 2564 1659 est.

2218 1697 2398 1769 (Vers.
2434 1699 2493 1751 5i
2510 1697 2549 1765 .)
2586 1696 2732 1750 Tunc
2752 1696 2880 1750 dicit
2900 1695 3010 1750 illis
3038 1693 3193 1750 Jesns
3218 1712 3237 1749 :
3264 1694 3456 1749 Omnes
3482 1710 3568 1749 ros
3587 1711 3747 1748 scan-

435 1790 596 1851 λειω
622 1811 828 1863 partem,
861 1805 911 1849 et
944 1794 1211 1850 benedixit
1235 1811 1295 1848 ac
1323 1795 1499 1867 fregit,
1530 1795 1773 1863 deditque
1800 1795 2031 1866 discipu-
2075 1796 2116 1853 Β
2144 1790 2326 1844 datum
2375 1789 2646 1859 patiemini
2687 1789 2741 1843 in
2788 1804 2870 1843 me
2898 1789 2951 1841 in
2980 1788 3079 1841 ista
3097 1798 3266 1842 nocte.
3295 1787 3546 1843 Prsedicit
3592 1786 3745 1857 quod

435 1889 505 1947 lis
533 1891 667 1957 suis,
718 1900 767 1945 et
802 1890 875 1944 ait
907 1907 927 1943 :
953 1890 1183 1959 Accipite
1213 1899 1259 1942 et
1284 1889 1555 1952 comedite,
1586 1888 1682 1942 hoc
1734 1897 1807 1942 est
1853 1903 2041 1959 corpus

436 1999 627 2037 meum.
658 1979 727 2034 Et
746 1982 1007 2053 accipiens
1028 1982 1264 2047 calicem,
1307 1981 1505 2052 gratias
1527 1980 1651 2051 egit,
1677 1989 1723 2032 et
1745 1979 1886 2033 dedit
1907 1979 2037 2044 illis,

437 2074 615 2132 dicens
644 2089 663 2127 :
690 2072 858 2129 Bibite
886 2090 951 2127 ea:
994 2072 1092 2128 hoc
1117 2088 1318 2128 omnes.
1370 2071 1474 2125 Hic
1528 2081 1602 2124 est
1656 2071 1792 2124 enim
1829 2070 2041 2140 sanguis

439 2182 583 2221 meus
633 2166 751 2219 novi
786 2163 1123 2230 Testamenti,
1166 2166 1255 2236 qui
1289 2180 1383 2234 pro
1438 2164 1615 2218 multis
1649 2162 1946 2231 eﬂ‘undetur
1987 2163 2043 2215 in

433 2259 788 2315 remissionem
843 2268 1200 2329 peccatorum.
1253 2257 1550 2328 Postquam
1574 2256 1602 2295 b
1639 2257 1877 2328 typicum
1907 2256 2040 2310 Pas-

436 2352 542 2411 cha
577 2350 758 2411 fuerat
780 2351 1093 2419 impletum,
1128 2360 1186 2406 et
1233 2351 1357 2421 agni
1390 2365 1584 2406 carnes
1616 2364 1742 2403 cum
1773 2348 2043 2419 apostolis

374 2433 388 2448 “
439 2442 786 2509 comederat,
819 2445 1049 2498 assumit
1078 2458 1303 2514 panem,
1339 2444 1429 2513 qui
1453 2442 1727 2497 confortat
1751 2457 1847 2497 cor
1868 2440 2047 2495 homi-

444 2537 554 2603 nis,
600 2544 659 2591 et
705 2535 776 2594 ad
821 2551 1011 2592 verum
1051 2537 1274 2591 Pascha:
1301 2535 1702 2605 transgreditur
1733 2549 2047 2589 sacramen-

440 2633 579 2694 tum,
614 2637 669 2683 ut
697 2628 977 2697 quomodo
1024 2628 1081 2683 in
1113 2628 1554 2699 prmiiguratione
1587 2637 1610 2666 ε
1644 2626 1763 2697 ejus
1819 2625 2046 2681 Melrhi-

440 2720 671 2788 sedech,
694 2721 896 2778 summi
925 2721 1022 2776 Dei
1055 2721 1339 2786 sacerdos,
1381 2736 1575 2791 panem
1599 2728 1653 2775 et
1684 2720 1870 2774 vinum
1918 2718 2045 2773 oll‘e-

441 2829 570 2870 rcns
596 2814 801 2872 iecerat
827 2812 1038 2887 (Getica.
1086 2814 1222 2878 xxv),
1256 2815 1370 2881 ipse
1403 2828 1620 2881 quoque
1659 2808 1687 2848 ἀ
1728 2812 1782 2864 in
1816 2812 2047 2864 veritate

436 2910 517 2965 sui
541 2910 787 2979 corporis
806 2916 862 2963 et
879 2909 1160 2977 sanguinis
1175 2914 1620 2976 reprmsentaret.
1660 2905 1714 2959 lu
1741 2904 1885 2960 Luca
1915 2903 2048 2973 legi-

441 3015 566 3063 mus
597 3001 738 3058 duos
764 3000 976 3057 calices
1006 3000 1205 3070 quibus
1235 2998 1523 3068 discipulis
1556 2998 1864 3069 propiunrit
1892 2996 2046 3070 (Luc.

445 3094 604 3165 ml).
644 3092 821 3149 Unum
853 3094 1016 3165 primi
1067 3092 1295 3158 mensis,
1344 3102 1398 3148 et
1428 3093 1663 3147 alterum
1698 3091 1947 3158 secundi,
1995 3100 2053 3145 ut

2145 1883 2355 1954 passuri
2386 1891 2533 1949 sunt,
2570 1892 2627 1937 ut
2650 1928 2664 1951 ,
2718 1898 2839 1937 cum
2876 1881 3019 1949 passi
3052 1881 3276 1946 literlnt,
3314 1896 3418 1938 non
3445 1881 3747 1952 desperent

2144 1976 2396 2041 salutem,
2449 1975 2545 2032 sed
2596 1980 2821 2045 agentes
2871 1973 3273 2045 pmnltentlam,
3317 1972 3642 2029 liberentur.
3681 1973 3751 2027 Et

2146 2068 2428 2138 signanter
2458 2066 2693 2133 addidit,
2722 2067 2777 2120 in
2807 2065 2906 2120 ista
2932 2075 3077 2119 nocte
3098 2063 3403 2119 scandalum
3432 2064 3706 2134 patiemini
3723 2082 3748 2132 ,-

2146 2161 2270 2231 quia
2294 2160 2569 2231 quomodo
2611 2160 2705 2230 qui
2736 2159 3096 2224 inebriantur,
3149 2164 3312 2213 nocte
3360 2156 3749 2213 inebriantnr:

2147 2253 2229 2308 sic
2266 2264 2320 2307 et
2347 2254 2439 2322 qui
2466 2253 2778 2307 scandalum
2812 2252 3092 2322 patiuntur
3117 2295 3130 2317 ,
3164 2251 3219 2306 in
3247 2260 3407 2306 nocte
3427 2260 3482 2305 et
3511 2251 3564 2305 in
3599 2258 3753 2306 tene-

2150 2348 2262 2401 bris
2290 2348 2559 2402 sustinent
2593 2346 2634 2419 (Ι
2667 2346 2850 2401 Thess.
2882 2345 2961 2418 v).
3002 2346 3111 2401 Nos
3137 2361 3267 2401 vero
3307 2345 3591 2400 dicamus:
3622 2343 3756 2398 Nox

2151 2443 2431 2513 prieteriit,
2467 2443 2574 2496 dies
2605 2453 2774 2496 autem
2801 2443 3239 2514 apprOpinquavit
3266 2440 3446 2513 (Rom.
3478 2458 3597 2509 xui,
3631 2441 3753 2513 12).

2224 2533 2408 2605 (Vers.
2436 2534 2554 2605 52.)
2599 2534 2865 2604 Scriptum
2894 2542 2969 2589 est
3022 2535 3156 2589 enim
3190 2549 3210 2588 :
3238 2532 3535 2588 Perculiam
3569 2543 3756 2599 pasto-

2151 2643 2284 2692 rem,
2330 2637 2377 2680 et
2404 2625 2766 2698 dispergenlur
2786 2642 2902 2682 oves
2930 2628 3122 2699 gregis.
3158 2626 3449 2699 Postquam
3470 2637 3644 2681 autem
3671 2644 3760 2683 reo

2154 2737 2454 2788 surrexere,
2475 2722 2763 2793 prwccdant
2790 2738 2874 2775 vos
2904 2722 2954 2775 in
2978 2720 3277 2777 Galila’am.
3308 2722 3418 2777 Hoc
3439 2721 3559 2777 aliis
3573 2722 3761 2777 verbis

2155 2815 2209 2869 in
2244 2813 2511 2869 Zacharia
2566 2814 2830 2882 propheta
2862 2812 3118 2883 scriptum
3147 2823 3262 2880 cst;
3291 2823 3346 2877 ct
3372 2813 3449 2884 (ni
3481 2812 3666 2884 fallor)
3690 2830 3761 2870 ex

2156 2921 2388 2977 persona
2436 2905 2713 2976 prophetae
2753 2907 2819 2961 ad
2852 2906 3022 2961 Deum
3054 2906 3252 2961 dicitur
3282 2925 3294 2960 :
3326 2907 3545 2961 Percute
3573 2916 3762 2978 pasto-

2155 3019 2287 3067 rem,
2320 3012 2368 3056 et
2396 3002 2755 3075 dispergentur
2786 3020 2900 3057 ores
2927 3004 3093 3077 gregis
3119 3002 3301 3076 (Zach.
3327 3021 3441 3071 xm,
3478 3004 3553 3073 7).
3586 3002 3766 3059 Sexa-

2158 3097 2365 3165 gesima
2392 3110 2609 3164 quoque
2640 3105 2694 3149 et
2724 3104 2917 3149 octavo
2949 3096 3181 3165 psalmo,
3212 3097 3303 3166 qui
3336 3106 3479 3151 totus
3507 3111 3537 3149 a
3563 3093 3763 3150 Domi-

441 3188 534 3259 qui
563 3186 705 3242 inter
733 3193 954 3242 sanctos
982 3186 1160 3255 primo
1192 3201 1381 3241 mense
1410 3201 1608 3256 agnum
1637 3186 1928 3241 comedere
1944 3200 2048 3239 non
2080 3187 2123 3249 C
2159 3204 2230 3243 no
2248 3190 2485 3255 canitur,
2521 3188 2645 3244 huic
2675 3190 2855 3243 sensui
2892 3201 3233 3260 congruente
3264 3207 3279 3245 :
3310 3190 3569 3260 Quoniam
3606 3205 3767 3259 quem

442 3281 703 3351 potuerit,
728 3278 974 3336 secutido
997 3280 1141 3334 inter
1169 3280 1503 3349 ptenitentes
1531 3280 1745 3335 hmdum
1772 3279 2046 3335 comedat.

516 3373 702 3448 (Vers.
732 3373 852 3445 29.)
893 3373 1026 3428 Dico
1044 3384 1220 3428 autem
1250 3375 1414 3442 nobis,
1445 3391 1548 3428 non
1573 3376 1747 3429 bibam
1768 3374 1957 3428 amodo
1988 3374 2054 3427 de

445 3468 547 3527 hoc
564 3470 827 3541 genimina
848 3470 967 3523 vitis
986 3485 1149 3539 usque
1172 3470 1225 3522 in
1244 3470 1381 3523 diem
1404 3468 1580 3537 illum,
1598 3485 1715 3523 cum
1729 3469 1865 3523 illud
1886 3468 2053 3522 bibam

445 3561 709 3615 uobiscum
737 3578 924 3616 nouunt
970 3562 1023 3615 in
1064 3578 1222 3632 regno
1258 3561 1435 3615 Patris
1484 3562 1609 3615 mei.
1641 3562 1717 3615 De
1742 3560 2053 3616 carnalibus

450 3654 652 3713 “alsit
679 3651 751 3710 ad
776 3652 1105 3723 spiritantia,
1155 3654 1298 3722 quod
1330 3654 1487 3707 vinea
1518 3654 1587 3709 de
1612 3651 1851 3725 {Egypto
1874 3660 2057 3707 trans-

452 3744 696 3819 plantata
725 3745 799 3800 sit
825 3745 1057 3815 p0pulus
1086 3745 1273 3814 lsrael,
1300 3744 1391 3799 cui
1426 3761 1522 3812 per
1551 3744 1842 3801 Jeremiant
1868 3745 2056 3799 Domi-

453 3852 560 3899 nus
577 3837 848 3907 loquitur:
881 3836 995 3908 Ego
1019 3846 1067 3890 te
1091 3837 1324 3907 plantaoi
1345 3838 1546 3890 vineam
1577 3852 1769 3901 seram,
1800 3839 2058 3907 quomodo

452 3938 654 3989 mutata
682 3945 734 3984 es
777 3929 836 3984 in
871 3929 1276 3983 amaritudinem
1330 3929 1448 3983 vitis
1498 3930 1687 3983 alienae
1716 3929 1825 4001 [AL
1862 3930 2060 4002 aliena]

454 4019 676 4091 (Jerem.
707 4037 767 4089 ιι,
799 4017 930 4091 2t)?
958 4020 1024 4074 Et
1052 4018 1223 4075 Isaias
1262 4020 1529 4090 propheta
1577 4021 1630 4075 in
1667 4023 1882 4076 cantico
1913 4024 2057 4092 quod

456 4112 662 4171 dilecto
690 4114 861 4176 cauit,
889 4124 945 4169 et
970 4111 1153 4167 munis
1200 4114 1432 4181 sparsim
1466 4114 1746 4183 Scriptura
1807 4125 2056 4171 testatur.

400 4193 405 4197 ’
460 4205 603 4260 Dicit
651 4220 784 4275 ergo
837 4221 895 4260 se
932 4205 1196 4261 Dominus
1234 4206 1302 4261 de
1352 4208 1455 4262 hac
1498 4209 1659 4263 Vinea
1718 4227 2058 4281 nequaquam

458 4312 585 4355 esse
602 4297 926 4361 bibiturum,
950 4299 1053 4352 nisi
1081 4299 1134 4353 in
1161 4315 1326 4371 regno
1351 4299 1531 4355 Patris
1552 4303 1662 4358 sui.
1693 4303 1939 4373 Regnum
1962 4306 2064 4360 Pa-

458 4391 583 4461 tris,
623 4390 786 4469 217
837 4390 995 4449 ﬁdem
1042 4405 1172 4462 puto
1203 4409 1327 4449 esse
1382 4397 1747 4464 credentium,
1800 4398 2064 4468 Apostolo

462 4502 684 4560 quoque
723 4485 963 4555 idipsum
995 4487 1357 4543 conlirmaute
1384 4506 1397 4542 :
1428 4489 1668 4561 Regnum
1691 4490 1788 4545 Dei
1816 4493 1956 4547 intra
1980 4510 2066 4548 vos

2156 3295 2211 3339 tu
2242 3284 2565 3355 percussisti,
2614 3285 2713 3356 ipsi
2744 3286 2996 3356 persecuti
3050 3294 3191 3339 sunt.
3449 3284 3768 3340 Percutitnr

2156 3386 2337 3431 autem
2370 3386 2555 3445 pastor
2576 3374 2777 3446 bonus,
2804 3386 2863 3430 ut
2886 3386 3048 3449 ponat
3067 3377 3309 3433 animam
3336 3391 3491 3430 suam
3522 3389 3627 3448 pro
3645 3375 3769 3430 ovi-

2157 3467 2260 3522 bus
2290 3467 2518 3531 suis;et
2547 3465 2616 3521 de
2669 3467 2860 3522 multis
2914 3467 3175 3543 gregibus
3226 3484 3473 3522 errorum
3508 3465 3598 3521 ﬁat
3620 3482 3768 3522 unus

2158 3576 2315 3631 grex,
2341 3568 2398 3615 et
2425 3575 2565 3615 unus
2589 3573 2775 3629 pasmr
2801 3559 2985 3635 (Joan.
3018 3560 3096 3633 κ).
3131 3562 3206 3617 De
3236 3562 3336 3616 hoc
3367 3560 3682 3617 testimonio
3714 3563 3768 3616 in

2159 3652 2372 3718 libello,
2396 3668 2557 3722 quem
2581 3651 2650 3708 de
2666 3652 2887 3725 Optimo
2912 3662 2934 3689 ε
2959 3653 3177 3713 Genere
3204 3652 3596 3725 interpretandi
3624 3654 3773 3711 scri-

2165 3746 2395 3815 psimus,
2430 3744 2646 3814 plenius
2674 3744 2879 3799 dictum
2906 3753 3010 3801 est.

2239 3838 2421 3912 (Vers.
2454 3837 2573 3907 55.)
2616 3834 2953 3910 Respmdens
2984 3848 3152 3894 autem
3185 3838 3393 3906 Petrus,
3442 3839 3517 3894 ait
3537 3838 3620 3893 illi
3654 3834 3771 3893 :Et

2163 3936 2208 3988 si
2236 3950 2411 3987 omnes
2438 3931 2783 3986 scandalizati
2807 3932 2998 4003 fuerint
3023 3934 3160 4002 inte,
3192 3940 3289 4007 ego
3315 3948 3595 4001 numquam
3617 3948 3775 3986 scan-

2166 4027 2459 4081 daliz'zbor.
2493 4025 2608 4081 Non
2654 4035 2737 4080 est
2786 4026 3085 4094 temeritas,
3133 4042 3231 4080 nec
3259 4025 3638 4090 mendacium;
3672 4024 3773 4081 sed

2170 4121 2306 4175 ﬁdes
2334 4129 2422 4176 est
2449 4118 2683 4188 aposwli
2717 4117 2883 4185 Petri,
2927 4129 2981 4172 et
3027 4124 3224 4174 ardens
3254 4118 3476 4174 affectus
3506 4134 3631 4188 erga
3665 4119 3775 4174 Do-

2169 4216 2375 4269 minum
2409 4214 2769 4275 Salvatorcm.
2805 4214 2871 4271 de
2915 4229 3020 4281 (μω
3060 4229 3224 4281 supra
3253 4213 3511 4269 diximus.

2247 4308 2427 4378 (\‘ers.
2471 4309 2589 4374 ὅτι.)
2626 4306 2708 4359 Ait
2736 4304 2818 4357 illi
2846 4304 3002 4358 Jesus
3028 4320 3046 4359 :
3069 4308 3230 4358 Amen
3270 4308 3387 4358 dico
3411 4305 3523 4372 tibi,
3554 4305 3682 4374 quia
3720 4307 3775 4360 in

2172 4406 2268 4457 hac
2298 4412 2447 4456 nocte
2472 4412 2747 4470 antequam
2792 4400 2965 4472 gallus
2990 4412 3179 4468 cantet,
3219 4411 3291 4454 ter
3319 4418 3397 4454 me
3439 4400 3668 4474 negabis.
3705 4402 3778 4457 Ιίι

2173 4497 2366 4553 Petrus
2391 4494 2458 4550 de
2489 4492 2685 4548 ardore
2716 4492 2842 4547 ﬁdei
2870 4494 3246 4563 promittebat,
3276 4503 3331 4547 et
3358 4493 3607 4548 Salvator
3634 4511 3775 4564 qua-

456 4586 534 4633 est
566 4576 716 4649 (Luc.
746 4592 876 4642 xm,
903 4576 1022 4647 21).
1066 4577 1210 4648 Ergo
1250 4594 1375 4634 cum
1405 4578 1581 4637 Judmi
1626 4587 1938 4655 receperint
1977 4602 2063 4643 re-
2097 4579 2149 4641 D
2175 4588 2224 4644 si
2255 4589 2399 4644 Deus
2432 4588 2610 4644 futura
2644 4596 2890 4647 noverat.
2924 4586 2993 4643 Et
3020 4597 3147 4645 uota
3168 4587 3314 4656 quod
3345 4587 3536 4645 Petrus
3559 4586 3619 4642 in
3644 4604 3782 4643 noc-

538 4727 566 4790 ξι
598 4716 897 4790 Prtcierunt
923 4730 1057 4772 mss.
1089 4718 1259 4790 nostri
1289 4732 1505 4782 omnes,
1529 4721 1672 4790 quia.

539 4788 569 4835 lt
597 4790 675 4845 Ex
727 4789 837 4863 hoc
878 4788 1005 4863 loco
1035 4804 1201 4855 argue
1230 4787 1559 4863 imperitiam
1590 4792 1741 4847 scioli
1771 4793 2073 4863 cujusdam,

468 4863 559 4933 qui
585 4877 692 4915 non
724 4861 844 4915 vult
873 4859 1213 4915 Salvatorem
1255 4862 1379 4927 agni
1424 4878 1617 4917 carnes
1664 4879 1783 4916 cum
1810 4859 2076 4934 apostolis

470 4934 798 4993 comedisse,
828 4948 925 4985 uec
954 4934 1155 5001 pascha
1192 4935 1434 5002 typicnm
1467 4936 1794 4992 Ct‘leltrthsc.
1822 4938 1999 4994 ΜΑιιτ,

547 5009 569 5037 ε
595 5002 734 5059 Tres
765 5004 992 5058 Palatini
1018 5004 1179 5057 codd.
1212 5007 1545 5071 expressiori
1589 5023 1778 5074 sensu,
1808 5012 1875 5062 ei.
1925 5010 2075 5065 Unus

474 5077 762 5133 Dercettsis
794 5090 967 5145 penes
995 5074 1244 5129 Martian.
1273 5079 1606 5132 sacramenti.

544 5145 573 5184 ἀ
606 5151 775 5203 Antea
825 5156 944 5200 erat
1000 5146 1263 5200 veritatem
1295 5148 1492 5201 :noliis
1539 5165 1669 5204 mss.
1718 5150 1958 5204 omnium
2013 5152 2074 5205 li-

471 5221 596 5275 dem
649 5218 802 5288 sequi
867 5218 1096 5284 placuit,
1152 5232 1317 5272 sensu
1364 5220 1558 5273 eodem
1599 5232 1974 5288 permanente,
2009 5225 2077 5277 de

473 5290 706 5345 veritate
733 5292 865 5360 (non
902 5290 1099 5360 ligura,
1143 5298 1201 5360 ut
1230 5290 1418 5343 miseri
1465 5291 1705 5345 haeretici
1734 5293 2079 5349 recentiores

474 5362 715 5432 proiecta
746 5359 1071 5432 temeritate.
1101 5359 1534 5432 ealutnttiantur)
1586 5364 1837 5426 corporis
1872 5373 1928 5418 et
1954 5381 2080 5418 san-

469 5430 651 5505 guinis
668 5430 783 5505 sui,
817 5448 978 5505 quam
1010 5431 1060 5484 in
1089 5445 1226 5505 pane
1250 5446 1315 5505 ac
1349 5434 1475 5505 vino
1497 5430 1746 5487 Christus
1774 5449 2081 5503 repra-sen—

473 5501 626 5563 favit.
664 5502 870 5558 Placuit
915 5504 1080 5558 etiam
1137 5501 1253 5556 ha-c
1299 5503 1479 5567 lectio,
1511 5505 1652 5572 quod
1702 5501 2078 5574 superioribus

469 5578 525 5648 in
553 5576 998 5648 prazﬁguratione,
1016 5589 1083 5628 ex
1111 5575 1349 5648 adverso
1372 5575 1718 5642 respondeat.
1736 5605 1822 5648 7—-
1850 5577 1905 5631 lu
1940 5578 2075 5631 duo-

471 5645 576 5713 bus
601 5647 758 5701 codd.
796 5661 931 5700 mss.
964 5645 1284 5700 monasterii
1320 5645 1612 5700 Beccensis
1640 5659 1696 5701 et
1725 5647 1786 5701 S.
1824 5650 1967 5702 l’etri
1992 5665 2080 5713 su-

471 5733 569 5789 per
598 5716 787 5789 Diyam
809 5719 929 5771 hinc
963 5716 1217 5787 leguntur
1248 5733 1261 5769 :
1288 5716 1410 5787 Ipse
1449 5734 1649 5788 quoque
1672 5720 1728 5773 in
1757 5721 1973 5773 veritate
2003 5720 2086 5773 sui

474 5788 711 5867 corporis
736 5797 787 5845 et
809 5789 1086 5861 sanguinis
1112 5798 1504 5866 representare.
1526 5790 1708 5852 Habes
1740 5792 1925 5865 itaque
1945 5791 2090 5849 veri-

2182 4735 2347 4781 tatem
2381 4725 2630 4795 corporis
2660 4733 2717 4779 et
2739 4722 3267 4795 sanguinisChristi,
3295 4739 3400 4777 non
3431 4723 3605 4795 solam
3638 4720 3781 4788 ﬁgu-

2182 4814 2293 4851 rant
2320 4806 2371 4849 et
2406 4793 2599 4851 nudam
2638 4793 2904 4861 umbram,
2937 4806 2991 4847 ut
3014 4794 3304 4861 impudens
3327 4793 3781 4864 dogmaNorato-

2184 4882 2300 4923 tum
2335 4868 2489 4922 docet
2538 4867 2799 4921 advorsus
2850 4868 3169 4921 Ecclesium.
3212 4866 3405 4920 Nescio
3482 4880 3549 4927 an
3587 4875 3781 4934 posset,

2182 4940 2343 4995 hodie
2384 4942 2515 4993 tidcs
2546 4939 2810 4992 catholica
2865 4937 3213 4993 manifestius
3242 4939 3437 5004 exponi
3489 4952 3651 5005 quam
3693 4938 3781 4991 hic

2180 5027 2209 5063 a
2238 5012 2297 5066 S.
2329 5011 2658 5081 Hieronymo
2683 5009 2781 5063 fuit
2811 5011 3074 5075 erposita.
3105 5007 3258 5066 Unde
3282 5012 3474 5081 mirum
3506 5008 3637 5061 mihi
3668 5024 3782 5063 non

2180 5093 2286 5145 est,
2320 5083 2364 5135 si
2398 5079 2549 5135 tanto
2595 5081 2893 5150 supercilio
2938 5081 3318 5151 Hieronymum
3369 5079 3782 5135 Calnmnientur

2182 5153 2449 5215 harretici,
2485 5153 2785 5222 lll“l'St'l'lllll
2822 5150 3060 5221 imperiti
3106 5150 3310 5205 clerici.
3345 5152 3524 5222 Mau'r.

2256 5234 2279 5261 ε’
2311 5220 2561 5291 Epistola
2616 5224 2667 5275 in
2722 5220 2911 5275 nostra
2960 5223 3277 5276 recensione
3450 5220 3605 5276 Libet
3647 5235 3781 5277 vero

2182 5296 2322 5365 ipsa,
2354 5294 2550 5365 quibus
2577 5296 2951 5365 testimonium
2979 5292 3112 5348 illud
3144 5294 3455 5365 edisseruit,
3482 5292 3643 5365 verba
3679 5297 3778 5347 de-

2185 5361 2429 5422 scribere
2456 5384 2468 5418 :
2496 5363 2560 5419 In
2594 5364 2846 5419 Mattlttco
2876 5366 3115 5433 legimus,
3161 5361 3441 5417 Dominum
3490 5363 3783 5430 pra'dicen-

2186 5448 2284 5491 tem
2309 5435 2577 5506 Apostolis
2608 5437 2807 5507 fugam,
2837 5446 2882 5489 et
2906 5435 3003 5487 hoc
3041 5437 3208 5506 ipsum
3248 5434 3518 5489 chltaria:
3548 5436 3783 5491 testimo-

2189 5510 2275 5563 nio
2322 5506 2714 5580 conﬁrmantem
2744 5526 2761 5562 :
2790 5508 3067 5575 Scriptum
3096 5518 3199 5580 est,
3219 5509 3313 5580 ait,
3350 5506 3654 5580 Percntiatn
3684 5523 3783 5580 pgi-

2191 5577 2492 5640 storem,vet
2519 5580 3065 5649 dispergcntnrovrs.
3084 5579 3145 5630 At
3171 5579 3228 5632 in
3259 5577 3622 5649 Scpluagittta,
3654 5577 3703 5634 et
3724 5579 3781 5635 in

2196 5650 2418 5705 Πριηναό
2441 5651 2607 5703 multo
2628 5650 2813 5718 aliter;
2832 5666 2933 5704 non
2958 5650 3095 5719 enim
3115 5666 3178 5704 ea:
3200 5664 3414 5719 persona
3441 5650 3537 5704 Dei
3561 5650 3781 5719 dicitur,

2194 5730 2250 5776 ut
2276 5720 2609 5796 Evangeiista
2649 5722 2754 5775 rult
2780 5716 2799 5776 ἐ
2825 5721 2914 5776 sed
2941 5737 3003 5774 ea:
3024 5716 3303 5796 Pt'OpIieta:
3350 5717 3519 5779 Deam
3566 5716 3782 5779 Patrem

2196 5791 2444 5867 rogantis
2480 5791 2753 5852 :Percute
2793 5801 3092 5867 pastorem,
3120 5791 3178 5851 et
3201 5792 3582 5868 dispergentur
3620 5806 3779 5853 oves.
