3978 6338
492 298 599 364 I99

500 510 896 573 tentationibus
925 512 1303 583 deprecantes.
1340 509 1483 580 Ergo
1510 518 1564 565 et
1590 510 1643 564 iu
1685 510 2095 580 praesentiarum

500 621 612 664 non
635 607 748 661 ait:
786 604 1013 677 Vigilate
1056 613 1103 659 et
1131 611 1302 670 orate,
1332 618 1396 657 ne
1419 602 1688 658 teutemini
1707 617 1727 669 ;
1756 601 1881 669 sed,
1924 619 1987 655 ne
2012 602 2098 656 in-

496 701 642 757 tretis
667 700 724 755 in
748 700 1108 768 tentationem,
1141 697 1249 753 hoc
1269 707 1378 765 est,
1401 711 1471 753 ne
1491 696 1722 753 tentatio
1748 711 1850 752 vos
1876 703 2102 767 superet

502 806 561 849 et
585 791 792 860 vincat,
816 798 874 848 et
896 805 994 846 vos
1020 790 1161 845 intra
1191 803 1378 846 casses
1408 803 1539 845 suos
1565 796 1766 846 teneat.
1794 788 1958 845 Verbi
1981 804 2102 860 gra-

499 888 615 943 tia:
645 884 872 958 Martyr,
901 884 997 956 qui
1023 897 1123 956 pro
1150 882 1500 940 confessione
1530 882 1743 939 Domini
1782 883 2097 953 sanguinem

510 981 710 1051 l'undit,
745 989 992 1037 tentatus
1019 979 1237 1051 quidem
1284 988 1401 1046 est;
1445 978 1541 1034 sed
1588 978 1948 1032 tentationum
1988 974 2097 1049 [Αι.

505 1074 848 1149 tentationis]
876 1076 1080 1130 retibus
1109 1089 1218 1128 non
1250 1074 1465 1144 ligatur.
1500 1072 1601 1142 Qui
1630 1079 1809 1126 autem
1839 1081 2018 1142 negat,
2045 1071 2100 1123 in

514 1169 707 1241 plagas
729 1168 1044 1223 tentatiouis
1084 1167 1334 1222 incurrit.

580 1259 813 1333 Spiritus
841 1258 1053 1331 quidem
1085 1266 1355 1328 promptus
1384 1264 1491 1321 est,
1517 1273 1638 1311 caro
1667 1265 1837 1311 autem
1866 1255 2097 1321 in/irma.

520 1354 633 1409 lloc
655 1355 946 1408 adversum
976 1351 1320 1416 temerarios,
1346 1350 1438 1420 qui
1466 1350 1724 1420 quidquid
1748 1346 2100 1413 crediderint,

519 1457 710 1517 putant
731 1460 792 1500 se
815 1458 978 1514 posse
1007 1442 1293 1513 coiiscqni.
1317 1443 1500 1511 Itaque
1530 1449 1791 1512 quantum
1817 1440 1885 1494 de
1909 1440 2106 1495 ardore

511 1543 716 1597 mentis
746 1539 1097 1605 conﬁdimus,
1131 1547 1341 1592 tantum
1391 1539 1458 1590 de
1500 1538 1679 1591 euntis
1713 1534 2000 1605 fragilitate
2034 1533 2104 1587 ti-

516 1649 783 1691 meamus.
828 1631 936 1688 Sed
983 1642 1163 1686 tamen
1203 1632 1353 1698 juxta
1396 1628 1751 1696 Apostobnu,
1810 1630 1862 1681 in
1909 1628 2108 1696 spiritu

516 1728 702 1783 carnis
725 1740 888 1796 opera
920 1723 1321 1779 morttﬁrantur
1348 1722 1402 1791 (l
1435 1719 1580 1775 Petr.
1611 1723 1723 1788 ιιι).

1734 300 1792 357 S.
1840 293 2106 359 EUSEBII
2144 292 2529 357 HlERONYMl

492 412 700 479 tionem
731 418 947 491 penitus
974 407 1302 487 refutantes,
1352 405 1447 472 sed
1504 415 1647 472 vires
1686 414 1984 472 sustinendi
2038 417 2091 471 in
2121 419 2174 480 Α

3667 293 3764 358 Ἆῦο

2271 416 2454 487 (Vers.
2481 415 2603 487 49.)
2625 413 2695 469 Et
2719 408 2989 487 confestim
3014 404 3261 470 accedens
3288 412 3358 469 ad
3385 408 3583 482 Iesum,
3609 415 3764 473 dixit:

2199 506 2321 574 Are,
2355 504 2539 562 liubbi.
2576 504 2641 562 Et
2672 507 2937 561 osculatus
2962 517 3037 562 est
3068 524 3202 561 eum.
3235 506 3526 579 lmpudcns
3565 508 3761 577 quidem

2201 610 2258 656 et
2292 601 2559 657 scelerata
2606 601 2959 667 conlidentia,
3015 601 3336 672 magistrum
3363 616 3586 672 vocare,
3615 612 3667 659 ct
3692 591 3770 661 os;

2202 695 2386 752 culum
2434 696 2485 752 ei
2534 696 2810 767 ingerere,
2859 710 3021 766 quem
3062 693 3333 752 tradebat.
3360 694 3564 751 Tamen
3607 694 3771 754 adhuc

2203 788 2407 860 aliquid
2439 789 2604 846 habet
2631 791 2699 847 de
2727 791 3056 848 verecundia
3083 791 3356 861 discipuli,
3382 806 3508 847 cum
3530 805 3635 847 non
3659 807 3768 849 eum

2201 883 2378 954 palam
2406 884 2577 938 tradit
2608 885 3077 955 persecutoribus,
3111 884 3204 941 sed
3234 900 3331 955 per
3358 886 3570 955 signum
3596 885 3770 941 osculi.

2203 975 2319 1030 llnc
2349 986 2432 1031 est
2453 977 2689 1047 signum,
2713 976 2861 1048 quod
2898 977 3081 1046 posuit
3107 977 3251 1032 Deus
3291 977 3347 1031 in
3386 975 3544 1042 Cain,
3576 991 3643 1032 ne
3664 975 3773 1048 qui-

2204 1085 2439 1139 cumque
2467 1071 2789 1133 invenisset.
2818 1071 3154 1126 interﬁceret
3172 1084 3295 1125 eum
3329 1068 3540 1139 (Genes.
3568 1068 3664 1140 tv).

2280 1162 2463 1234 (Vers.
2495 1164 2618 1231 50.)
2666 1163 2914 1234 Dixitque
2953 1161 3034 1216 illi
3080 1160 3239 1216 Iesus
3267 1177 3288 1216 :
3312 1161 3506 1222 Amice.
3558 1160 3625 1214 ad
3666 1161 3776 1232 quid

2204 1255 2425 1309 venisti?
2457 1252 2601 1308 Tunc
2630 1265 2952 1308 accesserunt
2993 1263 3040 1308 et
3087 1269 3273 1308 manus
3310 1253 3598 1325 injecerunt
3626 1252 3677 1305 in
3698 1252 3778 1307 Je-

2207 1363 2319 1400 sum
2338 1387 2352 1412 ,
2379 1355 2427 1400 et
2446 1355 2716 1401 tenuerunt
2745 1362 2885 1401 eum.
2921 1345 3176 1410 Verbum,
3203 1344 3400 1410 Amice,
3431 1345 3518 1399 vel
3549 1348 3677 1401 κατά
3700 1347 3777 1401 ἄν·

2207 1442 2448 1515 τίφρασιν
2474 1439 2914 1509 intelligendum,
2934 1438 3019 1494 vel
3048 1449 3200 1494 certe
3224 1437 3377 1506 juxta
3398 1436 3530 1492 illud
3558 1438 3692 1508 quod
3709 1454 3781 1494 su-

2211 1547 2310 1599 pra
2338 1532 2571 1601 legimus
2605 1549 2621 1589 :
2652 1532 2849 1602 Amice,
2883 1531 3140 1603 quomodo
3167 1533 3270 1584 huc
3303 1531 3535 1600 intrasti,
3568 1549 3666 1585 non
3700 1530 3782 1584 ha-

2212 1628 2332 1681 bens
2353 1636 2539 1681 vestem
2570 1626 2857 1693 nuptialem
2881 1624 3064 1697 (Matt.
3096 1641 3226 1690 xstt,
3260 1624 3388 1695 12)?

2285 1720 2463 1788 (Vers.
2483 1721 2600 1788 51.)
2623 1719 2688 1773 Ει
2710 1736 2825 1775 ecce
2853 1737 2986 1774 unus
3008 1735 3073 1773 ea:
3099 1718 3207 1783 his,
3229 1719 3320 1790 qui
3338 1728 3486 1774 erant
3516 1734 3630 1773 cum
3648 1716 3782 1785 Iesu,

589 1818 772 1893 (Vers.
808 1818 921 1887 42.)
950 1818 1149 1870 Iterum
1179 1813 1409 1869 secunrlo
1436 1814 1559 1866 abiit
1590 1825 1636 1867 et
1665 1813 1827 1867 oravit
1847 1854 1862 1876 ,
1896 1812 2108 1866 dicens:
2140 1813 2189 1873 B
2217 1816 2377 1885 222
2402 1812 2682 1867 extendens
2712 1827 2927 1865 manum
2948 1811 3130 1866 exemit
3157 1810 3393 1884 gladium
3419 1827 3592 1874 suum,
3613 1820 3659 1865 et
3678 1826 3784 1879 per-

518 1911 682 1968 Pater
712 1911 782 1964 mi
804 1951 821 1977 ,
852 1910 895 1964 si
941 1925 1042 1962 non
1083 1918 1246 1980 potest
1287 1906 1371 1960 hic
1410 1908 1549 1960 calix
1577 1906 1799 1958 transire
1820 1905 1919 1959 nisi
1946 1903 2115 1957 bibam

520 2006 695 2070 illum,
729 2003 822 2072 ﬁat
863 2001 1099 2055 voluntas
1129 2012 1240 2054 tua.
1273 1998 1532 2054 Secundo
1557 2010 1701 2067 orat,
1746 2012 1806 2051 ut
1840 1998 1885 2050 si
1923 1996 2116 2051 Ninive

520 2098 681 2153 aliter
706 2097 908 2152 salvari
935 2114 1041 2149 non
1077 2103 1274 2164 potest,
1309 2094 1410 2148 nisi
1441 2092 1651 2147 aruerit
1681 2089 1981 2155 cucurbita,
2028 2089 2117 2142 ﬁat

531 2191 781 2245 voluntas
810 2190 987 2245 Patris
1012 2233 1026 2257 ,
1060 2204 1179 2258 quae
1224 2204 1329 2241 non
1366 2196 1449 2241 rst
1474 2189 1743 2241 contraria
1775 2184 1890 2239 Filii
1927 2185 2118 2237 vultui-

525 2285 640 2347 lati,
669 2280 886 2336 dit-eote
911 2283 1030 2348 ipso
1061 2297 1156 2350 per
1184 2280 1506 2350 prophetam
1535 2297 1547 2332 :
1585 2276 1650 2332 Ut
1684 2278 1906 2349 facerem
1933 2275 2117 2329 volun-

445 2375 451 2381 ’
525 2385 682 2430 tatem
723 2388 887 2440 tuam,
921 2372 1065 2427 Dcus
1092 2390 1253 2432 meus.
1285 2372 1420 2426 volui
1449 2370 1570 2444 (Ps.
1605 2386 1789 2431 xxxix.
1814 2368 1892 2440 9).

597 2468 780 2541 (Vers.
808 2469 898 2533 45,
931 2465 1052 2534 44.)
1085 2465 1153 2520 Et
1179 2466 1313 2519 venit
1337 2466 1552 2532 iterum,
1586 2474 1632 2517 et
1661 2465 1855 2519 int-enit
1884 2479 1969 2516 eos
2001 2461 2125 2515 dor-

525 2563 763 2621 mietues.
808 2559 973 2613 Erant
1008 2559 1144 2613 enim
1174 2558 1311 2612 oculi
1367 2574 1547 2612 eorum
1582 2558 1800 2627 gravati.
1835 2554 1903 2610 Et
1934 2552 2124 2609 relictis

532 2655 663 2721 illis,
694 2655 880 2707 iterum
909 2651 1055 2713 obiit,
1088 2662 1134 2705 et
1171 2652 1333 2705 oravit
1360 2649 1540 2713 tertio,
1569 2649 1807 2702 eumdem
1841 2662 2126 2701 sermonem

529 2748 724 2801 dicens.
759 2745 921 2799 Solus
950 2753 1073 2797 orat
1106 2760 1202 2810 pro
1228 2741 1505 2807 omnibus,
1537 2740 1681 2794 sicut
1718 2750 1769 2793 et
1808 2738 1956 2792 Solus
1984 2736 2125 2805 pati—

531 2849 619 2895 tur
651 2840 812 2910 221
857 2852 953 2906 pro
1006 2834 1296 2890 universis.
1347 2833 1793 2903 Langueseebaut
1841 2844 2020 2884 autem
2072 2836 2129 2882 et

533 2935 991 3002 Opprnnebantur
1022 2928 1394 2997 apostolorum
1427 2925 1570 2979 oculi
1605 2922 1894 2994 negatione
1925 2922 2124 2976 vicina.

606 3022 787 3097 (Vers.
813 3019 937 3091 45.)
966 3019 1113 3074 Tunc
1149 3019 1286 3073 venit
1323 3019 1393 3073 ad
1430 3016 1718 3088 discipulos
1749 3033 1900 3079 suos,
1930 3027 1978 3069 et
2001 3014 2128 3069 dicit

527 3113 639 3168 illis
667 3128 686 3167 :
719 3111 954 3166 Dormite
974 3114 1117 3183 jam,
1144 3122 1196 3165 et
1219 3111 1522 3181 requiescite
1551 3126 1566 3162 :
1590 3125 1705 3163 ecce
1733 3110 2125 3180 apprOpinqua-

2219 1907 2416 1959 cutiens
2442 1920 2643 1959 servum
2675 1904 2925 1975 principis
2949 1903 3310 1972 sacerdotum,
3342 1903 3633 1974 amputavit
3662 1903 3788 1957 auri-

2219 2001 2387 2053 culam
2421 2000 2556 2070 ejus.
2589 1996 2648 2053 ln
2680 1997 2788 2051 alio
2818 1996 3152 2065 evangelista
3183 1995 3294 2069 [ΑΙ.
3324 1993 3642 2069 Evangelio]
3674 1996 3789 2050 scri-

2220 2100 2371 2161 ptum
2403 2098 2518 2153 est,
2549 2089 2691 2160 quod
2720 2088 2914 2144 Petrus
2967 2088 3072 2144 hoc
3121 2089 3309 2144 iecerit
3331 2130 3347 2155 ,
3384 2087 3580 2144 eodem
3616 2088 3791 2143 tuentis

2221 2182 2418 2236 ardore
2447 2197 2558 2251 quo
2603 2194 2821 2237 caetera.
2852 2181 3053 2236 Servus
3102 2195 3317 2250 quoque
3345 2180 3602 2249 principis
3627 2193 3791 2234 sacer-

2223 2277 2411 2329 dotum
2456 2273 2698 2328 Malchus
2728 2274 3034 2344 appellatur
3060 2272 3167 2346 [ΑΙ.
3195 2272 3594 2348 appellabatur]
3622 2291 3637 2328 :
3665 2273 3794 2327 auri-

2223 2370 2343 2422 cula
2375 2383 2498 2439 qua:
2520 2377 2854 2437 amputatur,
2877 2366 3101 2422 dextera
3126 2376 3230 2423 est.
3265 2367 3600 2423 Transitorie
3630 2366 3798 2421 dicen-

2224 2464 2352 2517 dum
2376 2506 2387 2521 .
2421 2461 2565 2532 quod
2599 2460 2865 2526 Malchus,
2902 2461 2951 2515 td
2996 2474 3072 2515 est
3097 2503 3114 2527 ,
3145 2478 3237 2516 rex
3277 2461 3551 2531 quondam
3587 2460 3798 2531 papulus

2226 2556 2561 2618 Jttllaeorum,
2584 2570 2776 2609 servus
2801 2554 2972 2608 l‘actus
3003 2553 3073 2608 sit
3094 2552 3388 2621 impietatis
3413 2565 3468 2609 et
3504 2555 3800 2609 deroratio-

2230 2651 2312 2704 nis
2341 2647 2704 2703 sacerdotum.
2744 2647 3139 2717 Dexteratnque
3167 2646 3466 2716 perd'dcrit
3497 2646 3796 2710 auriculam,

2228 2753 2288 2797 nt
2312 2740 2337 2779 ι)
2369 2752 2534 2797 t0tam
2568 2742 2764 2795 littera:
2812 2741 3075 2795 vilitatem
3120 2741 3304 2795 audiat
3333 2740 3387 2793 iu
3421 2740 3645 2795 sinistra
3673 2756 3687 2791 :
3716 2738 3799 2794 sed

2234 2834 2494 2889 Dominus
2534 2835 2584 2888 in
2618 2832 2738 2899 his,
2788 2833 2877 2902 qui
2911 2848 2975 2887 ex
3006 2831 3212 2888 Judaais
3243 2832 3467 2888 credere
3506 2832 3798 2896 voluerunt,

2230 2927 2467 2983 reddidit
2510 2942 2696 2980 aurem
2745 2924 3017 2992 dextram,
3051 2935 3106 2980 et
3133 2927 3261 2981 iecit
3283 2940 3500 2981 servum
3527 2940 3690 2997 genus
3724 2938 3801 2980 re-

2230 3021 2350 3092 gule
2377 3030 2430 3074 et
2454 3018 2818 3075 sacerdotale.

2308 3112 2487 3186 (Vers.
2518 3111 2635 3183 δί.)
2666 3112 2810 3167 Tunc
2837 3113 2911 3167 ait
2958 3113 3039 3167 illi
3077 3112 3231 3167 Jesus
3255 3127 3274 3166 :
3311 3110 3564 3167 Converte
3591 3111 3805 3186 gladium

534 3208 601 3259 vit
635 3208 786 3270 hora,
818 3212 865 3257 et
888 3201 1060 3258 Filius
1086 3202 1308 3258 hominis
1337 3203 1568 3257 tractetur
1597 3204 1647 3256 in
1682 3218 1863 3255 manus
1897 3210 2129 3273 peccato-
2160 3185 2207 3251 C
2238 3218 2380 3260 tuum
2408 3206 2460 3260 in
2489 3204 2657 3259 locum
2683 3222 2852 3260 suum.
2888 3206 3077 3260 Omnes
3117 3206 3254 3261 enim
3281 3207 3375 3277 qui
3395 3185 3686 3278 acceperint
3709 3206 3807 3278 gla-

534 3314 650 3353 rum
686 3293 902 3368 (Matth.
949 3310 1081 3349 xvtn
1125 3305 1181 3350 et
1219 3294 1262 3349 ll
1293 3293 1412 3349 Cor.
1464 3296 1602 3363 xm).
1641 3295 1931 3364 Postquam
1971 3294 2130 3347 tertio

541 3400 830 3453 oraverat,
863 3398 919 3441 ut
952 3387 1005 3441 in
1030 3404 1125 3441 ore
1151 3387 1380 3441 duorum
1406 3387 1488 3441 vel
1523 3386 1683 3440 trium
1721 3386 1934 3440 teSIiutn
1962 3395 2135 3441 staret

539 3496 703 3536 omne
735 3479 993 3543 verbum,
1045 3488 1101 3534 et
1154 3478 1529 3549 apostolorqu
1581 3479 1831 3534 timorem
1885 3479 2134 3549 sequenti

536 3574 857 3645 pteuitentia
903 3573 1298 3642 impetraverat
1325 3571 1737 3642 corrigendum,
1788 3586 2015 3628 securus
2065 3572 2134 3627 de

539 3666 797 3738 passione
826 3679 922 3719 sua
955 3666 1134 3735 pergit
1160 3664 1225 3719 ad
1266 3675 1672 3735 persecutores,
1695 3676 1748 3718 et
1777 3665 1921 3719 ultro
1952 3680 2014 3721 se
2045 3665 2131 3720 in-

535 3759 913 3816 terliciendum
947 3758 1171 3828 praebet,
1205 3756 1446 3827 dicitque
1468 3757 1750 3826 discipulis
1779 3760 1893 3812 suis
1923 3774 1939 3813 :

610 3853 792 3926 (Vers.
816 3851 910 3917 46,
943 3848 1065 3920 47.)
1091 3848 1324 3920 Surgite,
1345 3864 1552 3912 eamus,
1584 3865 1699 3903 ecce
1744 3849 2138 3921 appropinqua-

538 3947 604 4001 vit
635 3946 726 4017 qui
749 3960 832 3999 me
863 3943 1054 3998 tradet.
1086 3942 1270 3997 Adhuc
1300 3958 1360 3997 eo
1385 3941 1641 4013 loquente,
1664 3958 1782 3996 ecce
1799 3940 1834 3996 J
1840 3943 1973 3996 udas
2002 3960 2136 3998 unus

540 4039 604 4093 de
625 4037 902 4092 duodecim
929 4036 1092 4101 venit,
1132 4044 1179 4090 et
1208 4051 1327 4089 cum
1349 4051 1409 4088 eo
1433 4035 1584 4088 turba
1605 4037 1770 4089 multa
1797 4052 1912 4089 cum
1942 4036 2138 4110 gladiis

539 4143 591 4188 et
619 4132 867 4203 fustibus,
892 4129 1032 4183 missi
1056 4147 1088 4181 α
1108 4128 1430 4199 principibus
1458 4128 1806 4194 sacerdotum,
1835 4141 1884 4182 et
1914 4131 2137 4184 seniori-

541 4230 633 4278 bus
666 4222 867 4293 populi.
907 4220 985 4276 Ne
1022 4235 1124 4275 nos
1152 4220 1432 4275 inveniant
1464 4220 1619 4290 quasi
1644 4222 1899 4275 timentes
1926 4231 1983 4277 et
2005 4231 2028 4258 ⁸
2052 4238 2141 4278 rc-

544 4317 846 4384 trahentes,
882 4315 1026 4369 ultro
1060 4330 1354 4384 pergamus
1383 4314 1450 4368 ad
1484 4324 1740 4381 mortem,
1776 4324 1832 4369 ut
1856 4316 2138 4372 conliden-

545 4418 674 4466 tiam
700 4417 755 4465 et
776 4407 1035 4479 gaudium
1071 4405 1291 4476 passuri
1323 4405 1561 4460 videant.

2232 3299 2401 3366 dium,
2426 3298 2607 3371 gladio
2633 3299 2899 3366 peribunt.
2931 3299 2999 3354 Et
3046 3299 3092 3354 si
3140 3313 3245 3354 non
3272 3300 3469 3354 frustra
3503 3308 3685 3372 portat
3708 3299 3809 3370 gla-

2232 3393 2421 3457 dium,
2466 3390 2558 3461 qui
2599 3392 2741 3445 ultor
2782 3391 3074 3447 Dominicae
3119 3390 3215 3446 irae
3244 3392 3452 3460 positus
3478 3391 3640 3447 estin
3668 3405 3805 3455 eum,

2233 3485 2326 3553 qui
2377 3483 2575 3537 malum
2606 3496 2865 3552 operatur
2896 3500 2910 3538 :
2945 3492 3182 3539 attamen
3213 3484 3543 3555 quicumque
3589 3484 3809 3556 gladium

2234 3575 2560 3643 sumpserit,
2594 3572 2779 3645 gladio
2806 3575 3026 3644 peribit.
3058 3575 3178 3644 Quo
3221 3575 3444 3645 gladio?
3500 3577 3598 3633 illo
3637 3590 3811 3647 nempe

2235 3670 2324 3737 qui
2371 3668 2559 3738 igneus
2602 3668 2837 3723 vertitur
2877 3677 3002 3724 ante
3044 3668 3352 3739 paradisum
3378 3667 3596 3742 (Genes.
3626 3668 3815 3741 ut):et

2236 3760 2416 3829 gladio
2470 3759 2725 3829 spiritus,
2774 3761 2865 3832 qui
2916 3761 2971 3816 in
3037 3759 3136 3817 Dei
3185 3760 3517 3819 describitur
3557 3772 3812 3820 armatura

2238 3850 2460 3925 (Ephes.
2490 3854 2585 3922 vr).

2314 3945 2495 4017 (Vers.
2529 3947 2619 4012 53,
2652 3946 2772 4018 54.)
2800 3947 2880 4001 Au
2910 3955 3063 4016 putas
3085 3948 3211 4021 quia
3256 3966 3360 4003 non
3397 3966 3615 4022 possum
3648 3963 3816 4021 rogare

2241 4036 2458 4092 Patrem
2485 4053 2674 4104 meum,
2730 4046 2779 4092 et
2840 4038 3097 4094 exhibebit
3143 4041 3272 4094 mihi
3316 4042 3467 4096 modo
3507 4042 3629 4115 plus
3678 4056 3817 4113 quant

2242 4128 2514 4182 duodecim
2547 4128 2772 4200 legiones
2816 4131 3121 4203 angelorum
3144 4131 3170 4186 ἓ)
3196 4131 3468 4196 Quomodo
3496 4150 3620 4205 ergo
3647 4129 3817 4203 intple-

2242 4219 2433 4274 buntur
2462 4219 2754 4291 Scriptura:
2780 4236 2798 4273 :
2829 4222 2951 4290 quia
2987 4222 3063 4276 sic
3093 4231 3292 4293 oportet
3328 4224 3481 4293 ﬁeri?
3526 4225 3644 4279 Non
3691 4224 3820 4279 iudi-

2242 4329 2342 4384 gen
2373 4311 2656 4367 duodecim
2711 4314 3084 4382 apostolorum
3136 4315 3356 4383 auxilio,
3400 4317 3616 4372 etiamsi
3648 4329 3822 4372 omnes

2245 4421 2330 4458 tuo
2360 4404 2732 4470 defenderent,
2761 4407 2852 4474 qui
2877 4420 3098 4476 possum
3124 4405 3332 4462 habere
3355 4407 3642 4465 duodecim
3671 4408 3827 4479 legio-

620 4501 805 4573 (Vers.
837 4497 956 4571 48.)
990 4498 1091 4564 Qui
1136 4506 1304 4551 autem
1337 4498 1555 4551 tradidit
1578 4514 1715 4565 eum,
1748 4498 1888 4551 dedit
1912 4498 2017 4553 illis
2037 4499 2143 4571 sig-
2168 4570 2205 4573 ᾳ
2247 4518 2343 4556 nes
2374 4499 2602 4569 angelici
2655 4500 2951 4556 exercitus.
2989 4501 3101 4557 Una
3133 4502 3274 4571 legio
3317 4504 3457 4573 apud
3488 4515 3703 4560 veteres
3739 4516 3821 4558 sex

548 4610 694 4658 nunt,
722 4591 901 4646 dicens
934 4606 952 4644 :
988 4590 1371 4661 Quemcumque
1397 4588 1660 4645 osculatus
1690 4595 1866 4660 fuero,
1899 4592 2010 4662 ipse
2035 4604 2137 4660 est,
2167 4570 2225 4634 Ῑ)
2251 4593 2488 4647 millibus
2516 4592 2891 4662 complebatur
2921 4592 3225 4649 hominum.
3256 4596 3357 4648 Pro
3387 4598 3657 4653 brevitate
3687 4607 3825 4652 tem-

550 4694 717 4739 teuete
741 4699 878 4738 eum.
907 4682 1071 4738 Miser
1100 4682 1293 4750 Judas,
1338 4694 1392 4738 et
1435 4691 1613 4739 tamen
1646 4700 1751 4738 ιιυη
1793 4686 2138 4757 miserabilis,

549 4776 743 4833 eadem
768 4774 1122 4840 inﬁdelitate,
1156 4790 1259 4846 qua
1285 4774 1603 4845 magistrum
1634 4785 1691 4830 et
1722 4775 2007 4832 Dominum
2031 4791 2143 4834 tra-

548 4871 707 4938 didit,
736 4870 960 4940 putabat
983 4869 1163 4940 sigua,
1191 4885 1311 4940 quae
1337 4868 1684 4925 Salvatorem
1708 4872 1917 4927 viderat
1938 4872 2142 4929 l‘acien-

550 4978 683 5025 tem,
710 4978 819 5019 non
842 4962 1127 5033 majestate
1150 4963 1355 5032 divina,
1380 4964 1478 5018 sed
1504 4965 1728 5034 inagicis
1749 4967 1961 5022 artibus
1984 4970 2141 5023 facta.

549 5057 615 5112 Et
643 5054 770 5125 quia
798 5069 922 5109 eum
944 5056 1089 5109 forte
1109 5053 1359 5108 audierat
1390 5056 1443 5108 in
1469 5063 1653 5110 monte
1677 5060 2139 5128 transﬁguratum,

550 5149 780 5204 timebat
808 5161 879 5201 ne
905 5146 1075 5202 simili
1108 5145 1596 5207 trausl’ormatione
1627 5146 1937 5204 elaberetur
1968 5170 1999 5206 e
2030 5169 2144 5207 ma-

547 5244 707 5296 nibus
751 5240 1153 5294 ministrorum.
1203 5240 1303 5293 Dat
1343 5253 1475 5309 ergo
1502 5239 1741 5310 signum,
1774 5249 1833 5296 ut
1861 5242 2036 5298 sciant
2064 5244 2145 5315 ip—

543 5350 665 5389 sum
699 5347 845 5398 esse,
878 5347 1041 5402 quem
1071 5331 1263 5386 osculo
1291 5330 1712 5387 demonstraret.

543 5523 666 5581 larii
699 5522 752 5575 in
785 5520 979 5589 psalm.
1019 5533 1212 5581 CVVIII,
1245 5517 1325 5570 lit.
1366 5520 1408 5574 ι,
1441 5527 1492 5570 ιρι
1545 5517 1816 5571 Ambrosii
1848 5519 1915 5572 de
1950 5521 2144 5575 Sacra-

548 5595 746 5650 ιυιειιιὶε
900 5607 951 5644 ν.

624 5680 641 5702 ιι
669 5663 947 5720 Rescribit
972 5660 1181 5717 Victor.
1206 5674 1271 5712 ex
1308 5657 1480 5711 tribus
1506 5657 1794 5714 Florentiae
1835 5662 2137 5732 codicibus,

539 5743 889 5795 retractantes
912 5750 933 5794 ε
962 5733 1248 5792 maluerim
1278 5745 1412 5804 ego,
1453 5738 1810 5791 retractantes.
1838 5733 1929 5792 Sic
1951 5734 2142 5791 libab-

533 5809 729 5883 bonus.

2248 4686 2396 4755 potis
2422 4695 2443 4723 ο
2470 4700 2755 4740 numerum
2811 4701 2920 4740 non
2959 4686 3299 4741 occurrimus
3341 4688 3636 4759 explicare,
3685 4699 3826 4761 typos

2251 4789 2456 4833 tantum
2487 4778 2691 4834 dixisse
2720 4776 2956 4832 sufﬁciat
2981 4796 2994 4833 :
3021 4780 3361 4850 septuaginta
3393 4780 3502 4834 duo
3530 4780 3699 4836 millia
3735 4796 3824 4835 an-

2247 4875 2519 4942 gelorum,
2556 4870 2611 4925 in
2642 4878 2773 4940 quot
2798 4878 2991 4940 gentes
3018 4870 3295 4926 hominum
3331 4873 3509 4943 lingua
3530 4873 3702 4929 divisa
3730 4881 3824 4938 est,

2247 4964 2534 5021 d-.:odecim
2565 4963 2872 5034 legionibus
2906 4963 3046 5018 ﬁeri.
3071 4963 3319 5035 Sequens
3347 4969 3619 5022 sententia
3656 4981 3825 5040 prom-

2251 5066 2397 5127 ptum
2430 5060 2496 5111 ad
2530 5056 2841 5125 patiendum
2871 5056 3213 5113 demonstrat
3240 5059 3505 5129 animum,
3531 5060 3679 5133 quod
3703 5061 3828 5116 frus-

2249 5163 2328 5205 tra
2377 5148 2663 5219 prophetae
2709 5149 3044 5215 cecinerint,
3101 5151 3200 5205 nisi
3246 5152 3505 5219 Dominus
3555 5170 3655 5211 eos
3711 5166 3829 5210 vere

2247 5242 2480 5307 dixisse,
2508 5241 2763 5312 passione
2801 5255 2899 5295 sua
2930 5245 3244 5299 asseruerit.

2321 5335 2504 5409 (Vers.
2543 5333 2660 5405 55.)
2692 5332 2762 5388 lu
2790 5333 2886 5389 illa
2914 5332 3046 5389 hora
3067 5334 3204 5390 dixit
3241 5335 3395 5391 Iesus
3429 5338 3597 5394 turbis
3630 5355 3650 5394 :
3689 5337 3834 5394 Tarn-

2322 5522 2346 5559 ¹¹
2379 5520 2608 5575 Palatini
2631 5533 2785 5579 nisa.
2814 5528 2869 5571 nt
2890 5528 3061 5570 notam
3084 5518 3265 5574 littera!
3286 5519 3569 5575 vilitatem:
3599 5536 3665 5577 ac
3692 5529 3832 5576 certe

2254 5604 2601 5664 pwstremum
2630 5591 2730 5664 hoc
2766 5593 2987 5664 verbuu
3034 5592 3405 5664 reponendum
3433 5594 3528 5646 luit
3564 5608 3669 5664 pro
3698 5593 3835 5647 utili-

2254 5660 2430 5727 tatem,
2461 5661 2604 5732 quod
2650 5661 2990 5715 Martianmus
3034 5660 3182 5730 legit.

2328 5746 2350 5773 ο
2381 5736 2435 5787 ln
2466 5748 2575 5787 uno
2606 5733 2866 5798 Palatino,
2899 5747 3230 5789 numerorum
3250 5750 3355 5790 non
3381 5734 3709 5796 occurrimus
3752 5750 3835 5795 ca-

2250 5804 2446 5913 plicare
2474 5813 2622 5881 typos
2647 5818 2668 5865 :
2693 5797 2932 5881 tantum,
2955 5811 3069 5867 etc.
3097 5871 3132 5887 η
3719 5797 3733 5811 ³
