3978 6338
213 318 297 375 201
649 319 1309 378 COMMENTARIORI‘M
1350 322 1416 377 IN
1460 323 1780 384 EVANGEL

1892 328 1904 382 Ι
1945 328 2283 388 ΜΑΤΊῚΙᾹΞΙ
2324 330 2451 387 LlB.
2496 333 2582 387 IV.
2626 334 2780 390 CAP.
2825 338 3016 395 XXVI.

3370 347 3477 404 202

212 453 348 506 quam
399 436 466 488 ad
515 436 766 491 latronem
815 440 994 492 existis
1050 456 1167 492 cum
1205 438 1397 510 gladiis
1460 452 1507 494 et
1553 443 1770 512 fustibus
1802 449 1850 507 Α
1881 447 2101 514 solvite,
2136 463 2240 503 non
2273 465 2420 518 ego:
2457 449 2583 518 quia
2638 453 2883 509 illicitum
2913 467 3018 522 cst,
3067 466 3138 512 ut,
3177 459 3276 529 ipsi
3319 465 3478 520 nobis

211 531 612 601 comprehendere
655 549 734 588 me
759 551 778 586 :
815 535 1045 602 quotidie
1092 536 1234 606 apud
1260 551 1348 588 ros
1378 536 1648 600 sedebam,
1680 538 1774 592 do-

211 643 314 681 cens
354 625 403 678 in
431 625 654 694 templo,
688 635 739 680 et
768 644 870 680 non
899 644 980 682 me
1005 628 1259 682 tenuistis.
1285 627 1518 683 Stultum
1549 641 1661 692 est,
1694 632 1771 685 in—

209 719 328 790 quit,
347 733 465 774 eum
479 735 598 774 cum
623 718 879 786 gladiiset
898 719 1132 776 fustibus
1150 737 1419 792 qnterere,
1437 723 1530 792 qui
1553 723 1690 777 ultro
1714 740 1774 780 se

211 812 571 868 tradatvestris
586 812 858 880 manibus,
875 825 928 869 et
955 813 1011 868 in
1028 824 1186 869 nocte
1199 815 1359 888 223
1371 815 1525 885 quasi
1551 815 1772 872 latitan-

209 913 320 967 tem,
346 914 397 959 et
425 919 454 958 a
484 905 678 960 vestris
710 906 883 961 oculis
907 905 1274 961 declinantem
1305 922 1404 977 per
1441 908 1772 978 proditorem

207 998 533 1068 investigare,
563 998 654 1069 qui
677 998 922 1068 quotidie
955 999 1006 1052 in
1037 999 1242 1067 templo
1271 999 1486 1055 doceat.
1513 1000 1620 1056 Sed
1653 1001 1774 1058 ideo

206 1091 472 1146 adversum
527 1107 613 1145 me
664 1091 719 1146 in
775 1091 1016 1148 tenebris
1045 1093 1480 1165 congregamini,
1517 1095 1638 1166 quia
1674 1113 1773 1167 po-

205 1194 354 1240 testas
387 1194 565 1238 vestra
595 1184 648 1238 in
677 1184 914 1240 tenebris
936 1194 1040 1240 est.

261 1276 426 1346 (Vers.
615 1276 728 1331 Hoc
757 1289 926 1332 autem
962 1286 1126 1332 totum
1164 1280 1358 1347 factum
1380 1290 1477 1345 est,
1512 1292 1566 1334 ut
1598 1281 1771 1334 adim-

202 1370 442 1441 plereutnr
467 1368 761 1438 Scriptura:
787 1370 1177 1438 pi'Opltetarum.
1211 1371 1361 1426 Tunc
1383 1373 1627 1445 discipuli
1659 1390 1773 1427 om-

202 1478 296 1528 nes,
321 1461 495 1515 relicto
517 1478 599 1529 eo,
623 1466 888 1536 fugerunt.
921 1464 1052 1532 Qua:
1075 1474 1200 1519 sunt
1225 1465 1522 1535 Scriptum
1542 1468 1776 1535 prophe-

201 1554 389 1609 tarum?
427 1553 699 1609 Foderunt
745 1573 928 1612 manus
976 1573 1136 1624 meas,
1191 1566 1239 1611 et
1289 1559 1443 1631 pedes
1475 1574 1614 1613 meos
1653 1557 1771 1631 (Ps.

201 1665 296 1717 xxt,
334 1649 447 1720 l7);
476 1664 530 1706 et
562 1651 696 1706 alibi
725 1668 740 1706 :
772 1651 921 1708 Sicut
953 1654 1058 1706 ovis
1095 1652 1164 1705 ad
1204 1654 1462 1707 uictimam
1492 1654 1675 1708 ductus
1704 1664 1777 1707 est

199 1742 335 1813 (Isai.
362 1759 470 1807 un,
506 1744 584 1813 7).
613 1744 680 1800 Et
719 1744 771 1799 in
809 1746 917 1799 alio
959 1745 1066 1818 [ΑΙ.
1101 1744 1321 1816 eodem]
1357 1747 1476 1800 loco
1511 1763 1524 1801 :
1561 1746 1633 1800 Ab
1671 1748 1776 1801 ini-

1879 537 2177 595 inl'eramus
2210 557 2422 596 manus.
2461 542 2670 598 Deinde
2723 545 2801 601 illi
2855 559 3072 603 vertunt
3105 567 3117 602 :
3149 562 3197 605 et
3236 564 3350 624 post
3384 557 3478 609 tri-

1877 632 2037 687 duum
2067 636 2383 706 recedi/icare
2428 636 2594 704 illud;
2654 650 2712 694 ut
2761 645 2982 710 prOprie
3022 644 3088 700 de
3119 647 3320 713 templo
3374 647 3474 704 Ju-

1875 724 2032 780 daico
2061 726 2266 784 dixisse
2315 729 2576 784 videatur.
2634 731 2895 788 Dominus
2936 747 3143 801 autem,
3186 750 3244 793 ut
3294 752 3480 797 osten-

1876 815 2031 873 deret
2053 819 2292 875 animale
2319 831 2373 875 et
2405 823 2618 890 spirans
2658 825 2942 894 templum,
2971 829 3184 883 dixerat
3217 848 3230 885 ε
3265 831 3331 884 Et
3380 850 3472 904 ego

1875 911 1929 964 in
1958 913 2132 968 triduo
2161 915 2419 970 suscitabo
2468 917 2622 971 illud.
2672 919 2830 974 Aliud
2878 930 2964 976 est
3007 921 3303 990 tedilicare,
3330 925 3478 982 aliud

1875 1019 2167 1061 SUSCIIM‘B.

1949 1097 2129 1170 (Vers.
2184 1099 2300 1170 62.)
2349 1101 2416 1156 Et
2465 1120 2681 1176 surgens
2727 1108 2964 1180 princeps
3013 1113 3362 1180 sacerdotum,
3403 1118 3476 1170 ait

1875 1193 1955 1246 illi
1982 1207 2000 1246 :
2025 1191 2178 1247 Nihil
2209 1197 2491 1266 respondes
2513 1197 2581 1250 ad
2604 1215 2662 1252 ea
2694 1216 2808 1266 quae
2835 1202 2919 1255 isti
2948 1203 3221 1258 adversum
3263 1217 3309 1258 te
3339 1209 3479 1262 testi—

1878 1285 2138 1350 ficantur?
2165 1284 2322 1340 les-ns
2362 1296 2532 1342 autem
2561 1290 2782 1346 tacebat.
2813 1292 2896 1347 lra
2946 1310 3190 1368 prmcrps
3221 1308 3273 1352 et
3316 1298 3340 1336 δ
3374 1300 3477 1355 im-

1879 1379 2091 1447 patiens
2129 1395 2235 1434 non
2272 1381 2556 1437 inveniens
2601 1384 2894 1440 calumniae
2929 1389 3128 1453 locum,
3180 1395 3387 1447 excutit
3415 1393 3486 1450 de

1878 1471 2018 1525 solio
2043 1473 2377 1542 pontificem,
2407 1483 2466 1529 ut
2505 1477 2781 1531 vesaniam
2825 1480 3020 1534 tuentis
3054 1495 3202 1536 tnotu
3233 1487 3482 1554 Corporis

1879 1565 2304 1622 demonstraret.
2352 1569 2567 1636 Quanto
2625 1571 2798 1644 _.lesus
2855 1575 3064 1628 tacebat
3109 1575 3176 1629 ad
3233 1578 3484 1650 indignos

1880 1657 2239 1727 responsione
2266 1674 2388 1723 sua,
2423 1660 2590 1716 falsos
2623 1671 2789 1718 teStes
2833 1675 2885 1718 et
2911 1665 3233 1723 sacerdotes
3265 1669 3481 1740 impios,

1881 1760 2034 1805 tanto
2080 1754 2254 1823 magis
2313 1753 2560 1824 pontifex
2613 1755 2800 1813 furore
2847 1772 3178 1830 superatus,
3234 1780 3355 1818 eum
3415 1766 3483 1821 ad

197 1837 452 1908 quitatibus
504 1837 691 1909 papuli
746 1839 844 1892 mei
892 1838 1076 1892 ductus
1107 1849 1183 1893 est
1208 1839 1276 1892 ad
1326 1848 1541 1892 mortem
1583 1835 1772 1908 (Ibid.,
1808 1848 1857 1908 B
1885 1844 2332 1914 respondendum
2387 1857 2651 1916 provocat
2681 1867 2694 1903 :
2724 1860 2782 1904 ut
2808 1866 2873 1906 ex
2904 1853 3148 1922 qualibet
3193 1858 3486 1914 occasione

199 1948 281 1986 sec.
304 1929 495 2000 LXX).

257 2026 422 2095 (Vers.
469 2025 590 2097 57.)
639 2028 703 2082 At
751 2028 831 2082 illi
872 2036 1099 2083 tenentes
1143 2024 1347 2096 Jesum,
1399 2027 1660 2082 duxerunt
1708 2029 1776 2083 ad

204 2118 425 2189 Caipham
446 2119 736 2192 principem
755 2119 1103 2185 sacerdotum,
1138 2119 1225 2172 ubi
1256 2118 1457 2176 Scribte
1485 2129 1532 2174 et
1552 2121 1776 2175 seniores

204 2222 532 2266 convenerant.
564 2212 805 2284 Moyses,
855 2213 966 2269 Deo
1013 2213 1261 2282 jubente,
1316 2223 1672 2282 praaceperat,
1721 2224 1780 2268 ut

204 2307 458 2377 pontiﬁces
508 2307 760 2377 patribus
806 2307 1184 2375 succederent,
1217 2316 1272 2362 et
1311 2308 1679 2376 generationis
1723 2308 1776 2364 in

201 2403 550 2459 sacerdotibus
604 2403 780 2458 series
811 2412 1090 2458 texeretur
1135 2401 1333 2474 (Exod.
1367 2405 1539 2474 xxix).
1592 2402 1781 2460 Refert

203 2496 444 2568 losephus
491 2499 660 2552 istum
691 2496 957 2568 Caipham
991 2495 1149 2551 unius
1179 2505 1388 2551 tantum
1420 2497 1549 2550 anni
1583 2508 1606 2533 υ
1640 2497 1780 2552 Ροιι-

206 2592 437 2646 tiftcattnn
489 2591 561 2645 ab
621 2590 839 2646 Herode
888 2590 1066 2660 pretio
1110 2587 1429 2644 redemisse.
1478 2587 1593 2642 Non
1649 2603 1780 2662 ergo

205 2686 380 2741 mirum
407 2695 510 2750 est,
542 2684 592 2740 si
628 2699 860 2757 nequam
895 2685 1138 2756 pontifex
1182 2683 1366 2756 inique
1396 2685 1503 2760 [ΑΙ.
1539 2683 1780 2756 iniquus]

203 2778 402 2849 iudicet.

261 2875 430 2944 (Vers.
457 2873 578 2944 58.)
616 2872 807 2928 Petrus
852 2882 1026 2927 autem
1054 2873 1359 2939 sequebatur
1386 2888 1502 2926 eum
1547 2889 1579 2926 a
1634 2872 1782 2944 longe

205 2983 336 3037 usque
356 2972 405 3021 in
427 2968 629 3022 atrium
669 2967 919 3039 principis
948 2966 1295 3039 sacerdotum.
1329 2966 1375 3022 Α
1397 2966 1558 3037 longe
1584 2981 1780 3036 seque-

203 3061 353 3126 batur,
385 3069 472 3134 qui
500 3061 802 3118 Dominum
835 3071 953 3117 erat
976 3070 1294 3133 negaturus.

263 3158 425 3228 (Veis.
471 3160 562 3223 59,
613 3156 732 3227 60.)
764 3155 834 3212 Et
881 3157 1146 3230 ingressus
1188 3157 1347 3219 intro,
1407 3155 1616 3210 sedebat
1666 3171 1782 3210 cum

205 3249 440 3315 ministris,
491 3261 549 3305 ut
601 3249 797 3304 videret
828 3249 1004 3318 ﬁnem.
1033 3248 1306 3320 Principes
1337 3256 1508 3302 autem
1537 3245 1780 3300 sacerdo-
1808 3257 1854 3321 (ς

205 3349 291 3393 tum
318 3352 360 3396 et
385 3357 533 3395 omne
560 3340 848 3394 concilium
879 3338 1176 3411 qua’rebant
1207 3338 1400 3408 falsum
1429 3339 1783 3392 testimonium

203 3450 355 3492 contra
374 3439 581 3506 Iesum,
628 3445 683 3492 ut
721 3439 876 3493 morti
905 3455 1020 3492 eum
1046 3439 1329 3491 traderent.
1363 3436 1428 3491 Et
1455 3453 1558 3492 non
1580 3437 1785 3490 invene-

206 3542 323 3593 rant,
358 3550 466 3587 cum
494 3533 654 3587 multi
683 3532 808 3603 falsi
855 3541 1006 3587 testes
1050 3531 1402 3586 accessissent.
1453 3530 1546 3585 Vel
1595 3545 1785 3586 amore

205 3623 445 3694 discipuli,
502 3625 592 3682 vel
651 3625 886 3680 humana
938 3625 1257 3681 curiOsitate
1305 3625 1448 3680 scire
1493 3624 1779 3693 cupiebat,

205 3717 309 3784 quid
345 3717 624 3786 judicaret
673 3716 743 3772 de
795 3716 1029 3771 Domino
1087 3717 1366 3786 pontifex:
1427 3723 1607 3771 utrum
1659 3733 1782 3771 eum

207 3809 302 3864 neci
343 3809 649 3876 addiceret,
701 3825 770 3864 an
825 3808 1058 3880 ﬂagellis
1105 3823 1305 3865 caesum
1357 3808 1675 3864 dimitteret.
1719 3810 1786 3863 Et

207 3900 251 3956 in
276 3902 367 3959 hoc
409 3903 707 3961 diversitas
751 3901 940 3958 decem
987 3903 1358 3971 apostolorum
1403 3909 1458 3956 et
1500 3901 1665 3956 Petri.
1700 3901 1783 3956 llli

207 3993 404 4065 fugiunt.
457 3998 592 4068 iste,
648 4011 979 4067 quamquam
1036 3996 1249 4066 procul,
1301 3995 1553 4065 sequitur
1599 4003 1780 4049 tamen

207 4088 541 4151 Salvatorem.

271 4185 433 4254 (Vers.
477 4187 602 4260 6i.)
655 4185 951 4241 Novissime
993 4195 1170 4240 autem
1216 4193 1457 4240 venerunt
1508 4185 1612 4238 duo
1661 4185 1784 4254 falsi

209 4288 352 4344 testes,
381 4292 425 4334 et
456 4282 711 4336 dixerunt
735 4296 751 4332 :
777 4278 882 4332 Hic
907 4279 1072 4333 dixit:
1097 4277 1323 4332 Possunt
1347 4277 1612 4332 destruere
1657 4286 1782 4331 tem-

207 4373 327 4440 plum
354 4372 469 4442 Dei,
499 4382 548 4430 et
577 4381 696 4448 post
723 4373 951 4426 triduum
979 4371 1298 4442 retudi/icore
1316 4369 1470 4425 illud.
1502 4369 1784 4437 Quomodo

209 4462 306 4519 lalsi
333 4478 491 4522 testes
532 4477 688 4533 sunt,
720 4465 767 4520 si
795 4479 858 4521 ea
894 4464 1100 4528 dicunt,
1137 4479 1259 4533 quae
1287 4463 1574 4518 Dominum
1619 4477 1781 4532 supra

211 4554 392 4626 dixisse
433 4559 706 4629 legimus?
738 4557 844 4615 Sed
891 4557 1062 4612 falsus
1107 4559 1261 4612 testis
1304 4567 1409 4621 est,
1441 4557 1531 4628 qui
1574 4571 1682 4611 non
1731 4556 1783 4611 in

1880 1940 2156 1992 sermonis
2220 1938 2400 1993 locum
2450 1940 2695 1996 inveniat
2757 1946 3071 2000 accusandi.
3122 1946 3486 2005 Nihilominus

1878 2031 2034 2087 lesus
2065 2033 2294 2089 tacebat.
2350 2034 2573 2091 Sciebat
2622 2039 2792 2102 enim,
2823 2041 2975 2110 quasi
3008 2040 3171 2103 Deus,
3216 2043 3477 2114 quidquid

1881 2127 2256 2196 respondisset
2286 2130 2649 2199 torquendum
2675 2131 2742 2187 ad
2771 2133 3121 2190 calumniam.

1954 2219 2137 2289 (Vers.
2200 2220 2317 2292 65.)
2348 2219 2414 2275 Et
2442 2224 2682 2296 princeps
2728 2226 3058 2281 sacerdotum
3103 2231 3178 2283 ait
3228 2231 3306 2284 illi
3338 2230 3488 2288 :Ad-

1876 2313 1999 2383 juro
2023 2322 2071 2366 te
2095 2329 2185 2384 per
2217 2311 2386 2369 Deum
2427 2317 2619 2385 vivum,
2650 2327 2705 2370 ut
2737 2318 2882 2373 dicas
2915 2322 3061 2374 nobis
3091 2322 3137 2374 si
3167 2332 3222 2376 tu
3254 2340 3304 2378 es
3335 2323 3487 2380 Chri-

1881 2416 1992 2459 stus
2024 2403 2198 2461 Fitius
2231 2406 2367 2462 Dei?
2405 2408 2548 2476 Quid
2594 2410 2834 2480 adjuras,
2870 2414 3191 2481 impiissime
3232 2419 3487 2474 sacerdo-

1885 2507 2018 2565 tum,
2051 2509 2108 2554 ut
2151 2515 2398 2566 accuses,
2446 2517 2513 2556 an
2548 2512 2607 2556 ut
2637 2503 2871 2558 credas?
2913 2506 2968 2561 Si
3016 2519 3072 2560 ιιι
3113 2524 3361 2574 accuses,
3396 2529 3488 2567 ar-

1884 2600 2056 2662 guunt
2109 2592 2200 2646 alii
2237 2610 2249 2646 :
2285 2603 2306 2631 ο
2340 2593 2704 2650 condemnate
2739 2605 3032 2652 tacentem.
3076 2600 3130 2654 Si
3179 2610 3237 2655 ut
3271 2603 3486 2671 credas,

1883 2702 2053 2758 quare
2079 2687 2359 2743 confitenti
2385 2689 2615 2745 credere
2642 2690 2899 2746 noluisti?

1957 2779 2141 2851 (Vers.
2184 2779 2299 2844 64.)
2330 2779 2476 2836 Dixit
2505 2782 2587 2836 illi
2614 2780 2770 2837 Iesus
2804 2799 2821 2837 :
2857 2783 2934 2837 Tu
2965 2785 3165 2840 dixisti.
3208 2786 3486 2842 Verumta-

1887 2891 2000 2929 men
2025 2875 2142 2928 dico
2174 2875 2312 2929 vobis
2345 2891 2363 2929 :
2395 2875 2582 2930 amodo
2611 2877 2849 2932 uidebitis
2896 2875 3096 2933 Filium
3140 2881 3366 2937 hominis
3409 2902 3489 2939 se-

1885 2968 2092 3022 dentem
2121 2984 2153 3021 a
2174 2968 2370 3022 dextris
2399 2969 2604 3023 virtutis
2639 2969 2756 3036 Dei,
2789 2982 2838 3024 et
2872 2973 3154 3027 venientem
3185 2975 3238 3027 in
3271 2976 3490 3032 nubibus

1886 3061 2041 3115 coeli?
2080 3061 2146 3116 Et
2190 3060 2480 3116 adversum
2516 3061 2779 3129 Pilatum,
2813 3073 2866 3118 et
2910 3064 3199 3120 adversum
3231 3067 3487 3137 Caipham

1887 3154 2084 3210 similis
2107 3155 2416 3224 responsio,
2434 3165 2488 3208 ut
2506 3157 2724 3225 propria
2743 3158 3015 3212 sententia
3032 3159 3486 3218 condemnentur.

1958 3247 2256 3319 (Vers.65,
2307 3247 2423 3316 (56.)
2471 3246 2619 3302 Tunc
2672 3250 2911 3318 princeps
2965 3253 3296 3308 sacerdotum
3337 3257 3488 3310 scidit

1886 3344 2184 3396 vestimenta
2231 3358 2347 3408 sua,
2393 3342 2569 3395 dicens
2611 3359 2627 3396 :
2671 3341 3077 3415 Blasphemavit.
3135 3348 3274 3413 Quid
3318 3349 3491 3404 adhuc

1885 3453 2088 3507 egemus
2129 3435 2383 3490 testibus?
2442 3433 2579 3490 Ecce
2628 3453 2768 3490 nunc
2823 3440 3043 3493 au'listis
3093 3439 3489 3513 blasphemiam.

1889 3531 2029 3595 Quid
2074 3529 2214 3584 vobis
2257 3531 2492 3584 ridetur?
2533 3531 2600 3583 At
2647 3531 2726 3584 illi
2772 3533 3163 3602 respondentes,
3193 3535 3440 3590 dixerunt
3474 3554 3488 3590 :

1886 3624 2028 3679 Reus
2057 3634 2130 3677 est
2174 3625 2373 3678 mortis.
2433 3623 2605 3692 Quem
2652 3624 2721 3678 de
2767 3624 2906 3678 Solio
2965 3627 3286 3682 sacerdotali
3341 3627 3492 3685 furor

1885 3725 2228 3781 excusserat,
2255 3715 2448 3771 eadem
2480 3714 2659 3771 rabies
2685 3715 2750 3771 ad
2783 3717 3109 3774 scindendas
3154 3731 3332 3776 vestes
3365 3737 3490 3791 pro-

1885 3820 2066 3865 vocat.
2091 3808 2261 3864 Scidit
2291 3817 2472 3864 autem
2508 3809 2827 3862 vestimenta
2858 3829 2976 3877 sua,
3017 3821 3076 3865 ut
3115 3812 3369 3866 ostendat
3397 3813 3491 3867 Ju-

1884 3903 2030 3958 daeos
2053 3902 2347 3958 sacerdotii
2369 3902 2600 3972 gloriam
2620 3901 2940 3970 perdidisse,
2958 3911 3012 3957 et
3029 3918 3252 3959 vacuam
3288 3904 3475 3959 sedem

1889 3995 2092 4052 habere
2126 3994 2150 4032 ἀ
2186 3995 2495 4064 pontifices.
2530 3993 2637 4049 Sed
2679 4004 2733 4050 et
2790 3995 3206 4050 consuetudinis
3248 3995 3489 4053 Judaica:

1888 4097 1998 4153 est,
2032 4105 2155 4143 cum
2188 4088 2389 4159 aliquid
2432 4085 2784 4158 blasphemia:
2835 4096 2890 4142 et
2920 4088 3076 4156 quasi
3099 4096 3290 4141 contra
3321 4089 3485 4144 Deum

1887 4183 2181 4246 audierint,
2206 4181 2367 4254 225
2393 4180 2648 4236 scindere
2672 4181 2998 4235 vestimenta
3028 4195 3145 4234 sua.
3170 4180 3325 4249 Quod
3355 4182 3489 4238 Pau.

1886 4278 1998 4332 lum
2030 4290 2244 4347 quoque
2275 4287 2325 4328 et
2357 4273 2685 4340 Barnabam,
2719 4271 2936 4342 quando
2967 4272 3020 4326 in
3055 4273 3322 4344 Lycaonia
3354 4273 3489 4330 deo-

1887 4385 2008 4424 rutn
2061 4368 2207 4424 cultu
2260 4365 2694 4428 bonorabautur,
2731 4364 2925 4420 fecisse
2962 4365 3211 4436 legimus.
3249 4366 3490 4423 Herodes

1887 4474 2094 4529 autent,
2125 4461 2249 4531 quia
2295 4474 2402 4512 non
2451 4458 2605 4514 dedit
2633 4459 2894 4513 honorem
2929 4459 3068 4526 Deo,
3100 4460 3195 4515 sed
3223 4461 3493 4531 acquievit

1888 4555 2248 4610 immoderato
2272 4552 2439 4608 favori
2474 4552 2678 4623 populi,
2713 4556 2898 4607 statim
2932 4553 3002 4607 ab
3023 4554 3218 4624 angelo
3262 4571 3488 4625 percus-

209 4651 372 4707 eodem
399 4667 564 4708 sensu
591 4652 739 4708 dicta
789 4652 1040 4722 intelligit
1065 4667 1175 4720 quo
1203 4651 1479 4706 dicuntur.
1525 4651 1784 4704 Dominus
1813 4659 1862 4717 ι)
1889 4667 1983 4707 sus
2004 4658 2106 4706 est.

211 4744 332 4798 enim
360 4745 572 4802 dixerat
607 4745 675 4801 de
708 4744 909 4814 templo
939 4742 1189 4812 corporis
1215 4744 1322 4799 Sui.
1351 4744 1456 4800 Sed
1483 4753 1539 4799 et
1570 4743 1622 4797 in
1647 4742 1780 4813 ipsis

211 4836 365 4892 verbis
393 4837 824 4902 calumniantur,
873 4846 927 4892 et
972 4837 1158 4906 paucis
1195 4836 1392 4892 additis
1423 4836 1506 4892 vel
1537 4837 1780 4902 mutatis,

211 4928 552 5001 quasijustatn
585 4930 913 4985 calumniam
965 4930 1190 4985 faciunt.
1242 4929 1492 4986 Salvator
1520 4930 1735 4985 dixerat
1768 4950 1778 4985 :

213 5020 386 5076 Solvite
435 5023 711 5093 Templum
763 5021 928 5095 224
978 5021 1110 5086 hoc;
1164 5021 1254 5075 isti
1303 5029 1677 5090 commutant,
1730 5031 1785 5076 ct

213 5111 372 5168 aiunt:
401 5114 626 5171 Possum
655 5115 920 5169 destruere
949 5113 1196 5184 templum
1244 5113 1361 5168 Dei.
1403 5113 1534 5180 Vos,
1581 5113 1778 5184 inquit,

273 5280 294 5306 ιι
323 5271 391 5327 De
422 5272 650 5343 Caipha,
685 5275 802 5330 sive
839 5273 1103 5342 Josepbo,
1130 5274 1216 5327 cui
1245 5282 1300 5327 et
1329 5270 1553 5343 Caiphte
1585 5289 1780 5328 nomen

214 5337 316 5416 ξιιὶι,
347 5337 586 5415 loquitur
613 5337 834 5416 quidem
864 5337 1137 5416 Iosephus
1165 5345 1304 5400 libro
1332 5337 1626 5415 Attt'iquilt.
1656 5361 1784 5400 xvtlt

215 5409 436 5483 bis,'cap'.
461 5420 494 5472 5
523 5428 580 5472 et
605 5409 670 5481 [ς
716 5427 772 5472 at
795 5433 920 5472 eum
955 5409 1130 5486 pretio
1157 5418 1224 5470 ab
1251 5409 1786 5486 Herode-pontifica-

218 5489 310 5556 lutn
334 5490 652 5556 redemisse,
702 5490 958 5544 traditum
991 5490 1058 5542 ab
1086 5487 1350 5543 hiStoriCo
1393 5506 1498 5541 non
1541 5487 1780 5544 invenio.

276 5551 298 5591 δ
321 5557 446 5631 Tres
478 5551 647 5625 mss”,
665 5571 715 5615 et
740 5563 1084 5628 impatientia,
1117 5577 1215 5629 pro
1245 5561 1537 5631 impatiens.

280 5635 298 5661 ε
329 5628 608 5697 Victorius,
630 5633 717 5686 cui
743 5633 965 5686 mutilus
996 5628 1151 5687 antea
1188 5631 1274 5685 hic
1311 5628 1482 5692 locus,
1512 5645 1784 5700 sensuque

218 5708 380 5752 carere
406 5701 556 5774 visus
577 5715 682 5767 est,
712 5704 778 5757 de
808 5719 907 5757 suo
937 5704 1020 5756 hic
1049 5703 1349 5769 interserit,
1384 5704 1675 5774 coluntque.
1709 5703 1785 5758 le-

219 5780 352 5836 gens,
408 5773 678 5843 roluntqne
735 5776 1076 5829 condemnare
1118 5783 1387 5828 tacentem.
1441 5779 1512 5828 At
1561 5773 1783 5844 pra'ter—

220 5852 360 5907 quam
405 5845 544 5914 quod
598 5845 735 5899 nihil
783 5860 945 5917 supra
995 5846 1154 5901 codtl.
1211 5863 1344 5900 mss.
1399 5847 1780 5902 auctoritatem

477 5943 752 6006 PATBOL.
803 5945 1039 6006 XXVI.

1959 4741 2140 4815 (Vers.
2174 4741 2289 4812 67.)
2320 4740 2468 4796 Tunc
2526 4749 2837 4809 exspuerunt
2864 4740 2916 4794 in
2947 4741 3132 4811 {aciem
3161 4746 3294 4814 ejus,
3325 4756 3371 4797 et
3399 4761 3488 4799 co—

1886 4835 2054 4906 laphis
2083 4851 2198 4888 eum
2223 4835 2564 4888 .cceciderunt.
2602 4831 3082 4900 Utadimpieretur
3111 4835 3256 4902 quod
3281 4835 3484 4892 dictutn

1886 4939 1963 4984 est
1990 4947 2002 4982 :
2034 4926 2167 4982 Dedi
2194 4926 2440 4981 maxillas
2463 4943 2599 4982 ineas
2629 4924 2737 4996 [AL
2775 4925 3045 4981 maxillam
3073 4927 3260 5001 mean
3293 4930 3484 5001 alapis,

1885 5034 1932 5076 et
1983 5023 2162 5093 faciem
2205 5037 2374 5074 meam
2420 5035 2519 5073 non
2559 5020 2720 5074 averti
2770 5036 2801 5072 a
2856 5020 3164 5090 confusione
3210 5032 3484 5090 spntorum

1887 5114 2103 5186 (Thren.
2135 5130 2214 5182 Ill,
2242 5113 2357 5184 30).

1887 5273 2059 5329 licere
2090 5273 2272 5340 debet,
2317 5273 2590 5341 superﬂua
2637 5271 2797 5340 plane
2845 5271 3097 5328 videatur
3134 5273 3340 5329 additio
3373 5279 3484 5342 illa,

1890 5357 2215 5420 contextum
2255 5355 2605 5420 mentemque
2635 5344 2692 5400 S.
2725 5344 2970 5420 Doctoris
3017 5345 3339 5420 attendenti,
3394 5353 3485 5420 qtti

1889 5417 2303 5471 accusatoribus
2327 5415 2627 5486 principem
2662 5416 3002 5469 sacerdotum
3026 5417 3281 5483 iungens,
3314 5429 3370 5473 ut
3400 5415 3492 5473 .Cn-

1891 5487 2152 5558 perﬂnam
2184 5488 2328 5542 illam
2361 5503 2485 5542 esse
2519 5499 2784 5541 monstret
2812 5487 3294 5556 interrogationem
3325 5506 3489 5545 aceti-

1892 5560 2044 5614 sandi
2091 5560 2223 5622 line,
2270 5559 2395 5612 aliis
2442 5558 2618 5626 palam
2670 5558 3041 5628 arguentibus,
3094 5560 3254 5613 simul
3300 5561 3484 5631 infert,

1891 5631 2229 5685 condemnate
2259 5639 2529 5684 tacentem.

1962 5699 1989 5739 ιι
2023 5701 2176 5775 Unus
2209 5717 2290 5775 ms
2322 5742 2336 5764 ,
2369 5699 2661 5769 Pontiﬁcis,
2695 5710 2804 5775 tum
2836 5699 2947 5768 pari
2981 5714 3172 5775 omnes
3191 5717 3485 5775 Consensn,

1891 5773 2094 5844 aliquid
2125 5771 2499 5843 blasphemnm,
2535 5780 2621 5823 aut
2650 5772 2799 5838 quasi
2821 5781 3000 5824 contra
3030 5772 3219 5836 Deum,
3245 5784 3352 5829 etc.

2951 5944 2991 6000 7
