3978 6338
450 324 560 389 205

1701 323 1762 381 8.
1806 317 2082 382 EUSEBII
2119 312 2510 382 HIERONYMI

3653 308 3755 380 aot

466 456 474 500 ξ
529 441 711 511 (Vers.
739 438 861 514 68.)
889 438 996 498 Alii
1022 447 1195 496 autem
1220 436 1425 510 palmas
1450 437 1507 494 in
1543 438 1730 511 faciem
1758 440 1874 511 ejus
1903 437 2058 493 dede-
2079 438 2133 501 Δ
2160 438 2436 497 consilium
2484 437 2714 494 inierunt
2759 451 2935 493 omnes
2967 436 3227 510 principes
3254 437 3583 494 sacerdotum
3608 447 3657 493 et
3680 454 3756 494 se-

453 543 599 601 runt,
656 533 881 591 dicentes
910 548 931 590 .°
960 531 1283 605 Prophetiza
1327 530 1503 598 nobis,
1555 527 1784 597 Christe,
1821 530 1940 602 quis
1982 537 2060 585 est

451 630 545 701 qui
572 636 619 683 te
647 628 944 700 peremit?
966 625 1206 685 Stultum
1228 634 1351 684 erat
1391 624 1809 683 verberantibus
1828 638 2059 695 respon-

448 720 611 787 dere,
642 730 699 777 et
748 719 1133 792 prophetizare
1158 729 1185 760 α
1211 718 1539 787 caedentem,
1573 735 1698 776 cum
1725 718 1905 790 palam
1933 731 2059 788 per-

449 813 718 873 cutientis
774 812 1054 875 videretur
1111 813 1344 871 insania.
1399 813 1509 873 Sed
1555 811 1699 871 sicut
1746 812 1853 869 hoc
1899 810 2059 868 vobis

449 924 562 969 non
592 907 957 982 prophetavit,
984 908 1065 966 sic
1091 908 1226 966 illud
1247 907 1696 965 manifestissime
1722 905 2058 962 vaticinatus

446 1021 555 1080 est,
586 1012 736 1083 quod
778 1009 1216 1067 circumdaretur
1246 1007 1555 1066 Jerusalem
1588 1005 1657 1063 ab
1700 1003 1970 1073 exercitu,
2002 1011 2058 1061 et

452 1120 565 1163 non
589 1103 1000 1176 relinqueretur
1025 1102 1165 1173 lapis
1194 1116 1361 1173 super
1384 1099 1621 1170 lapidem
1653 1098 1709 1155 in
1740 1097 1966 1168 templo.

520 1196 705 1272 (Vers.
729 1195 850 1268 69.)
874 1195 1067 1252 Petrus
1092 1211 1213 1251 vero
1236 1192 1449 1251 sedebat
1471 1193 1601 1266 foris
1624 1191 1681 1249 in
1709 1191 1866 1247 atrio.
1899 1187 2058 1245 Foris

444 1288 693 1355 sedebat,
746 1298 804 1345 ut
855 1288 1071 1346 videret
1118 1288 1329 1344 exitum
1372 1286 1479 1343 rei.
1530 1285 1599 1341 Et
1629 1299 1736 1341 non
1763 1282 2057 1356 appropin-

444 1383 648 1454 quabat
674 1380 828 1448 Jesu,
853 1396 924 1438 ne
950 1380 1218 1436 ministris
1240 1379 1423 1451 aliqua
1450 1377 1690 1450 suspicio
1714 1385 2053 1432 nasceretur.

516 1476 701 1551 (Vers.
731 1475 845 1549 72.)
873 1475 939 1531 Et
968 1475 1153 1531 iterum
1182 1475 1386 1547 negavit
1415 1489 1536 1529 eum
1568 1476 1899 1547 juramento,
1932 1471 2056 1543 quia

442 1585 548 1625 non
584 1568 701 1624 novi
732 1568 1010 1623 hominem.
1058 1565 1127 1621 Et
1162 1574 1279 1639 post
1309 1566 1561 1637 pusillum
1600 1570 1925 1621 accesserunt
1968 1563 2055 1636 qui

442 1663 674 1731 stabant,
708 1674 755 1719 et
771 1664 1019 1719 dixerunt
1042 1661 1221 1719 Petro.
1243 1661 1409 1720 ScioIb
1435 1660 1706 1736 quosdam
1729 1659 1803 1732 pii
1825 1659 2054 1718 affectus

443 1755 570 1828 [AL
616 1756 705 1828 pio
745 1754 978 1830 affectu]
1014 1771 1148 1827 erga
1194 1756 1521 1828 Apostolum
1574 1755 1829 1821 Petrum,
1874 1755 2051 1811 locum

2159 533 2331 590 niores
2355 533 2536 606 populi
2565 531 2810 588 adversus
2837 530 3043 601 Iesum,
3073 543 3129 587 ut
3157 548 3272 588 eunt
3301 532 3457 588 morti
3476 532 3753 588 traderent.

2158 623 2230 680 Et
2268 626 2498 682 vinctum
2543 624 2897 693 adduxerunt,
2940 633 2993 681 et
3030 624 3362 681 tradiderunt
3402 641 3520 680 eum
3567 623 3757 680 Pontio

2158 714 2336 773 Pilato
2364 717 2597 790 prwsidi.
2630 716 2747 775 Non
2777 718 2957 776 solum
2984 717 3051 776 ad
3078 718 3339 789 Pilatum,
3370 719 3468 777 sed
3501 722 3667 777 etiam
3692 719 3757 775 ad

2160 808 2431 867 Herodem
2459 810 2655 871 ductus
2704 819 2809 880 est,
2850 822 2911 869 ut
2956 820 3186 885 uterque
3214 811 3448 868 Domino
3477 811 3754 870 illuderet.

2157 901 2228 958 Et
2252 918 2418 959 cerne
2448 902 2877 961 sollicitudinem
2902 903 3253 962 sacerdotum
3276 905 3331 960 in
3361 905 3588 961 malum.
3617 903 3754 961 Tota

2159 1005 2323 1053 nocte
2348 996 2743 1068 vigilaverunt,
2773 1007 2831 1054 ut
2870 996 3223 1055 homicidium
3255 998 3516 1056 facerent.
3546 996 3617 1053 Et
3648 997 3760 1053 oin-

2157 1099 2295 1147 ctum
2338 1091 2672 1149 tradiderunt
2715 1091 2915 1149 Pilato.
2950 1093 3232 1150 Habebant
3276 1094 3428 1149 enim
3470 1093 3615 1149 hunc
3643 1107 3760 1148 mo-

2157 1199 2300 1253 rem,
2351 1194 2413 1241 ut
2451 1201 2613 1258 quem
2661 1186 3065 1259 adjudicassent
3108 1187 3296 1258 morti,
3330 1187 3558 1261 ligatum
3584 1185 3760 1259 judici

2159 1276 2464 1335 traderent.

2234 1371 2381 1428 Tunc
2407 1373 2583 1429 uidens
2611 1372 2805 1443 ludas,
2837 1374 2925 1447 qui
2960 1390 3077 1430 eum
3104 1374 3343 1442 tradidit,
3367 1374 3507 1445 quod
3539 1375 3762 1430 damna-

2159 1475 2243 1522 tus
2263 1475 2415 1537 esset,
2447 1469 2751 1539 poenitentia
2788 1469 2992 1538 ductus,
3045 1469 3226 1525 retulit
3257 1469 3469 1544 triginta
3495 1477 3764 1545 argenteos

2155 1559 2485 1633 principibus
2533 1562 2861 1617 sacerdotum
2889 1571 2939 1618 et
2963 1561 3277 1633 senioribus,
3319 1562 3495 1618 dicens
3519 1576 3539 1617 :
3564 1560 3765 1615 Pecca-

2158 1654 2229 1722 vi,
2262 1653 2473 1710 tradens
2508 1656 2808 1728 sanguinem
2837 1659 3063 1729 justum.
3114 1654 3379 1712 Avaritiae
3432 1653 3764 1726 magnitudi-

2159 1763 2283 1806 nem
2328 1749 2438 1822 [ΑΙ.
2490 1748 2888 1823 magnitudine]
2931 1749 3229 1822 impietatis
3259 1747 3475 1821 pondus
3501 1746 3760 1804 exclusit.

440 1847 592 1907 hunc
648 1851 720 1907 ita
774 1850 1168 1921 interpretatos
1193 1889 1210 1917 ,
1270 1859 1330 1906 ut
1374 1850 1622 1907 dicerent
1667 1848 1888 1907 Petrum
1943 1865 2054 1905 non
2084 1837 2135 1901 Β
2160 1841 2366 1901 Videns
2386 1843 2557 1900 Judas
2576 1844 2867 1900 Dominum
2899 1842 3279 1916 adiudicatum
3300 1842 3486 1910 morti,
3517 1842 3765 1925 pretium

443 1940 620 2000 Deum
655 1957 909 2014 negasse,
942 1942 1041 2000 sed
1099 1942 1402 2010 hominem,
1431 1950 1632 2000 etesse
1654 1956 1877 2000 sensum
1909 1959 1923 1996 :
1952 1941 2058 1999 Ne-

443 2035 562 2091 scio
590 2033 894 2103 hominem,
917 2036 1042 2105 quia
1077 2035 1192 2091 scio
1223 2036 1414 2093 Deum.
1442 2035 1558 2093 Hoc
1607 2050 1771 2107 quam
1798 2033 2055 2092 frivolum

442 2129 538 2197 sit,
563 2128 807 2201 prudens
858 2129 1037 2186 lector
1084 2128 1369 2201 intelligit;
1413 2128 1494 2185 sic
1518 2127 1629 2202 [AL
1653 2126 1724 2202 si]
1757 2128 2057 2185 defendunt

443 2224 856 2295 Apostolum,ut
866 2223 1034 2280 Deum
1050 2224 1318 2280 mendacii
1332 2238 1488 2280 reum
1500 2220 1785 2281 faciant.Si
1798 2222 1941 2279 enim
1952 2222 2057 2279 iste

442 2331 558 2372 non
584 2316 828 2387 negavit,
855 2330 995 2389 ergo
1017 2316 1284 2373 mentitus
1313 2325 1398 2373 est
1421 2315 1709 2384 Dominus,
1760 2315 1858 2386 qui
1895 2314 2053 2372 dixe-

439 2416 568 2464 rat:
603 2409 766 2463 Amen
790 2407 910 2464 dico
956 2409 1069 2477 tibi,
1101 2410 1223 2481 quia
1251 2409 1351 2464 hac
1388 2419 1561 2477 nocte,
1583 2418 1861 2481 antequam
1882 2408 2056 2482 gallus

443 2512 637 2572 cantet,
668 2513 745 2558 ter
770 2519 847 2559 nte
879 2504 1115 2577 negabis.
1149 2504 1327 2562 Cerne
1348 2503 1480 2576 quid
1512 2503 1678 2573 dicat,
1707 2521 1789 2560 me
1817 2505 2051 2578 negabis,

439 2609 552 2652 non
586 2595 892 2652 hominem.

512 2690 697 2763 (Vers.
731 2692 846 2765 73.)
884 2691 1017 2749 Vere
1052 2703 1100 2748 et
1146 2703 1203 2748 tu
1249 2709 1314 2748 ea:
1355 2693 1465 2749 illis
1497 2710 1551 2750 es
1581 2709 1602 2748 :
1626 2709 1751 2748 nam
1780 2703 1827 2747 et
1853 2693 2058 2765 loquela

437 2792 529 2840 tua
555 2795 602 2840 te
628 2786 965 2858 manifestum
996 2788 1144 2858 facit.
1176 2786 1297 2843 Non
1340 2786 1486 2859 quod
1518 2786 1748 2842 alterius
1775 2786 2053 2842 sermonis

439 2889 593 2935 esset
626 2880 843 2947 Petrus,
876 2888 970 2934 aut
998 2879 1176 2950 gentis
1199 2890 1424 2936 exterae.
1459 2880 1664 2937 Omnes
1709 2879 1913 2950 quippe
1943 2879 2053 2935 He-

441 2974 577 3031 braei
603 2984 785 3039 erant,
814 2983 871 3029 et
897 2974 988 3045 qui
1019 2974 1340 3045 arguebant,
1374 2984 1432 3030 et
1459 2974 1551 3045 qui
1582 2973 1911 3045 arguebatur
1941 2972 2051 3045 (At.

435 3065 828 3138 arguebantur]
844 3082 859 3131 ;
876 3066 971 3120 sed
993 3066 1143 3137 quod
1167 3080 1508 3136 unaquaeque
1522 3065 1799 3136 provincia
1822 3076 1876 3121 et
1904 3065 2055 3137 regio

440 3163 647 3218 habeat
696 3160 1062 3233 proprietates
1121 3176 1274 3229 suas,
1328 3169 1383 3216 et
1433 3158 1543 3232 [Αι.
1576 3160 1657 3234 ut]
1698 3161 2053 3218 vernaculum

2162 1936 2352 1994 retulit
2401 1936 2816 2005 sacerdotibus,
2861 1938 3018 2009 quasi
3057 1940 3111 1993 in
3152 1943 3428 2008 potestate
3471 1951 3568 1992 sua
3614 1941 3767 1991 esset

2160 2040 2575 2102 persecuturum
2603 2042 2819 2088 mutare
2862 2031 3218 2088 sententiam.
3249 2029 3438 2101 itaque
3474 2029 3604 2085 licet
3639 2044 3766 2085 mu-

2161 2127 2356 2184 taverit
2383 2125 2731 2200 voluntatem
2781 2141 2956 2197 suam,
3011 2137 3192 2183 tamen
3237 2124 3535 2182 voluntatis
3575 2125 3768 2195 prima:

2158 2221 2366 2279 exitum
2391 2237 2501 2279 non
2528 2222 2781 2280 mutavit.
2815 2222 2873 2280 Si
2917 2230 3101 2279 autem
3135 2221 3380 2294 peccavit
3411 2220 3505 2277 ille
3528 2221 3620 2292 qui
3652 2227 3768 2274 tra-

2158 2314 2296 2373 didit
2316 2317 2888 2390 sanguinemjustum,
2920 2324 3130 2388 quanto
3167 2314 3340 2386 magis
3360 2312 3531 2369 Judaei
3567 2326 3771 2382 pecca-

2158 2421 2373 2477 verunt,
2406 2411 2499 2482 qui
2531 2419 2786 2467 emerunt
2814 2408 3136 2481 sanguinem
3153 2408 3388 2479 justum,
3408 2415 3462 2461 et
3483 2403 3769 2461 offerendo

2156 2506 2417 2577 pretium,
2454 2505 2521 2561 ad
2568 2504 2941 2576 proditionem
2984 2502 3311 2575 discipulum
3358 2499 3769 2571 provocarent?

2156 2598 2257 2666 Qui
2303 2598 2550 2655 diversas
2600 2607 2826 2654 naturas
2872 2605 3141 2654 conantur
3176 2594 3552 2664 introducere,
3596 2602 3654 2653 et
3686 2594 3767 2652 di-

2156 2702 2285 2748 cunt
2327 2691 2524 2747 Judam
2573 2691 2917 2763 proditorem
2972 2691 3131 2747 malae
3180 2689 3345 2746 fuisse
3386 2699 3619 2756 naturae,
3674 2704 3771 2747 nec

2156 2785 2429 2841 electione
2489 2784 2598 2857 [Αι.
2649 2782 2979 2840 electionem
3030 2793 3077 2837 et
3127 2780 3373 2854 servare]
3418 2781 3769 2852 apostolatus

2156 2878 2403 2950 potuisse
2430 2878 2664 2947 servari,
2698 2876 3077 2948 respondeant
3098 2876 3372 2948 quomodo
3398 2883 3598 2931 natura
3628 2874 3768 2931 mala

2156 2972 2332 3044 egerit
2360 2972 2763 3044 ptenitentiam.

2230 3064 2415 3136 (Vers.
2448 3062 2528 3135 5.)
2549 3064 2616 3117 At
2641 3062 2724 3118 illi
2745 3062 2992 3117 dixerunt
3019 3077 3039 3115 :
3072 3060 3215 3128 Quid
3236 3060 3305 3114 ad
3335 3062 3468 3115 nos?
3506 3058 3586 3115 Tu
3619 3061 3769 3116 vide-

2156 3160 2250 3216 ris.
2289 3159 2356 3215 Et
2406 3158 2652 3232 projectis
2689 3157 2949 3231 argenteis
2974 3157 3028 3211 in
3059 3156 3273 3226 templo,
3314 3155 3474 3228 227
3504 3156 3770 3210 recessit:

432 3252 696 3326 loquendi
724 3268 921 3309 sonum
950 3254 1125 3309 vitare
1149 3268 1255 3308 non
1285 3252 1481 3325 possit.
1512 3251 1670 3310 Unde
1697 3263 1754 3310 et
1781 3264 1806 3293 ε
1837 3251 2052 3322 Ephra-
2079 3239 2128 3308 C
2155 3264 2206 3311 et
2232 3254 2433 3320 abiens,
2481 3251 2668 3324 laqueo
2699 3268 2753 3308 se
2777 3249 3071 3322 suspendit.
3114 3248 3259 3305 Nihil
3304 3248 3554 3320 profuitti
3588 3250 3770 3320 egisse

434 3348 565 3404 ιιιωί
593 3348 648 3403 in
681 3345 934 3403 iudicum
956 3344 1098 3402 libro
1127 3346 1271 3417 (cap.
1298 3345 1397 3418 xu)
1426 3359 1535 3402 non
1568 3354 1797 3417 possunt
1818 3348 2054 3418 σύνθημα

438 3443 648 3502 dicere.

510 3538 693 3611 (Vers.
726 3536 813 3604 74,
847 3536 970 3610 75.)
990 3535 1139 3591 Tunc
1170 3537 1319 3607 carpit
1342 3534 1590 3590 detestari
1617 3545 1663 3590 et
1695 3539 1906 3610 jurare,
1929 3536 2056 3604 quia

437 3649 544 3688 non
568 3632 735 3704 226
754 3631 978 3687 novisset
998 3630 1284 3687 hominem.
1307 3628 1375 3684 Et
1400 3631 1649 3686 continuo
1677 3629 1848 3703 gallus
1870 3639 2053 3685 canta-

437 3727 529 3781 vit.
559 3724 627 3779 Et
654 3725 952 3781 recordatus
978 3735 1051 3781 est
1085 3726 1277 3781 Petrus
1306 3725 1445 3780 verbi
1468 3724 1616 3791 Jesu,
1643 3726 1784 3795 quod
1804 3724 2006 3779 dixerat
2034 3741 2051 3779 :

439 3815 761 3889 Priusquam
811 3818 985 3890 gallus
1041 3827 1233 3885 cantet,
1298 3828 1377 3872 ter
1427 3833 1508 3871 me
1552 3816 1783 3888 negabis.
1834 3815 1893 3871 lu
1941 3815 2052 3870 alio

436 3912 733 3983 Evangelia
765 3912 1001 3983 legimus
1035 3929 1049 3966 :
1095 3910 1221 3983 quia
1254 3922 1378 3981 post
1410 3908 1761 3981 negationem
1793 3908 1966 3973 Petri,
1999 3917 2053 3963 et

436 4014 658 4061 cantum
688 4004 846 4075 galli,
871 4006 1178 4076 respexerit
1199 4003 1452 4061 Salvator
1482 4004 1732 4071 Petrum,
1765 4013 1821 4059 et
1850 4004 2048 4058 intuitu

438 4109 540 4152 suo
568 4111 696 4152 eum
723 4096 791 4152 ad
819 4112 1035 4153 amaras
1066 4096 1342 4169 lacrymas
1389 4096 1720 4169 provocarit.
1768 4095 1882 4152 Nec
1930 4095 2050 4153 ﬁeri

432 4197 673 4260 poterat,
706 4198 765 4245 ut
790 4190 842 4244 in
864 4190 1170 4261 negationis
1195 4190 1440 4247 tenebris
1472 4199 1846 4262 permaneret,
1886 4203 2046 4260 quem

440 4280 534 4337 lux
566 4292 891 4354 respexerat
917 4284 1133 4340 mundi.

510 4374 581 4429 Et
607 4392 842 4447 egressus
881 4377 1045 4447 foras,
1091 4377 1233 4447 ﬂevit
1281 4393 1478 4431 amare.
1532 4375 1591 4431 in
1637 4377 1777 4432 atrio
1822 4375 2046 4445 Caipbm

431 4467 669 4537 sedens,
718 4483 829 4524 non
863 4478 1075 4538 poterat
1103 4483 1265 4539 agerc
1315 4469 1715 4539 paenitentiam.
1753 4468 2048 4539 Egreditur

2157 3346 2562 3421 paenitentiam,
2596 3360 2694 3419 per
2716 3360 2878 3417 quam
2906 3344 3092 3401 scelus
3114 3343 3396 3415 corrigere
3427 3356 3534 3398 non
3567 3342 3767 3412 potuit.

2160 3441 2218 3499 Si
2247 3439 2464 3513 quando
2495 3440 2574 3495 sic
2604 3438 2773 3496 frater
2800 3446 2989 3510 peccat
3016 3437 3072 3494 in
3104 3437 3355 3503 fratrem,
3383 3445 3438 3491 ut
3463 3434 3769 3491 emendare

2159 3534 2336 3589 valeat
2367 3531 2512 3602 quod
2550 3531 2813 3602 peccarit,
2861 3539 3041 3601 potest
3084 3531 3135 3585 ei
3176 3528 3402 3584 dimitti.
3433 3526 3531 3585 Sin
3579 3535 3765 3584 autem

2158 3637 2479 3697 permanent
2504 3640 2693 3696 opera,
2732 3623 2933 3680 frustra
2978 3637 3111 3679 voce
3158 3622 3455 3678 assumitur
3487 3623 3766 3693 paeniten-

2156 3720 2251 3776 tia.
2282 3722 2398 3776 lloc
2428 3729 2512 3776 est
2539 3720 2682 3791 quod
2714 3720 2768 3774 in
2800 3720 3011 3789 psalmo
3036 3718 3105 3773 de
3134 3717 3327 3772 eodem
3373 3716 3769 3773 infelicissimo

2155 3811 2295 3869 Juda
2317 3812 2564 3869 dicitur:
2602 3811 2671 3865 Et
2725 3811 2897 3866 oratio
2937 3812 3051 3881 ejus
3109 3810 3201 3879 ﬁat
3244 3810 3296 3863 in
3343 3818 3611 3880 peccatum
3646 3807 3766 3881 (Ps.

2154 3921 2310 3969 cvm,
2340 3903 2426 3976 7);
2455 3915 2515 3960 ut
2554 3920 2661 3960 non
2689 3904 2870 3960 solum
2899 3903 3198 3959 emendare
3244 3903 3549 3974 nequiverit
3579 3902 3772 3972 prodi-

2156 4001 2320 4056 tionis
2348 3999 2524 4068 nefas,
2571 3998 2675 4055 sed
2717 3998 2786 4055 ad
2822 3999 2977 4069 prius
3006 3997 3191 4054 scelus
3217 3998 3384 4054 etiam
3419 3998 3633 4069 proprii
3666 3998 3764 4053 lio—

2153 4094 2363 4150 micidii
2389 4094 2596 4150 crimen
2643 4092 2937 4149 addiderit.
2970 4092 3103 4149 Tale
3127 4091 3257 4164 quid
3288 4101 3343 4148 et
3370 4091 3682 4163 Apostolus
3714 4093 3768 4149 iu

2159 4189 2397 4246 secunda
2431 4188 2498 4244 ad
2526 4186 2840 4243 Corinthios
2872 4185 3118 4257 Epistola
3151 4185 3394 4257 loquitur
3427 4203 3442 4242 :
3490 4184 3575 4240 Ne
3602 4188 3769 4241 abun-

2153 4280 2387 4336 dantiori
2411 4278 2625 4334 tristitia
2654 4277 2992 4334 absorbeatur
3024 4280 3183 4350 frater
3213 4286 3236 4314 θ
3270 4276 3337 4350 (ll
3365 4276 3487 4332 Cor.
3519 4293 3577 4343 u,
3613 4276 3696 4348 7).

2228 4373 2414 4445 (Vers.
2443 4371 2523 4444 6.)
2572 4372 2853 4443 Principes
2898 4381 3076 4427 autem
3132 4370 3499 4441 sacerdotum,
3541 4370 3775 4443 acceptis

2152 4468 2413 4542 argenteis
2436 4511 2450 4537 ,
2495 4466 2743 4522 dixerunt
2770 4483 2787 4521 :
2822 4465 2948 4521 Non
2985 4467 3105 4521 licet
3134 4483 3224 4521 eos
3252 4467 3452 4521 mittere
3482 4466 3538 4520 in
3578 4466 3761 4521 carbo-

434 4561 589 4617 foras
643 4560 714 4617 de
763 4560 1055 4632 impiorum
1101 4561 1444 4629 concilio,ut
1497 4562 1710 4633 pavidae
1740 4562 2103 4635 negationis_
2149 4579 2271 4618 nam
2317 4563 2439 4635 [ΑΙ.
2489 4560 2849 4635 corbanam],
2897 4562 3017 4633 quia
3054 4561 3277 4632 pretium
3325 4559 3600 4631 sanguinis
3658 4568 3755 4614 est.

437 4654 631 4711 sordes
656 4653 861 4709 amaris
888 4653 1106 4710 ﬂetibus
1134 4654 1302 4710 lavet.

438 4808 443 4813 ,
510 4747 668 4821 (Cap.
698 4745 1165 4805 XXVll.—Vers.
1190 4747 1217 4802 1
1251 4746 1445 4821 seqq.)
1478 4747 1635 4821 Mane
1665 4758 1839 4806 autent
1878 4754 2041 4824 facto,

515 4964 541 4992 ιι
582 4956 756 5011 Antea
798 4952 1109 5026 legebatur,
1159 4953 1494 5009 cwdentibus.
1531 4954 1728 5010 Verior
1766 4969 1929 5026 quam
1964 4970 2056 5011 re-

440 5028 734 5098 posuimus
766 5024 834 5081 ad
860 5027 919 5081 S.
950 5024 1132 5082 Patris
1160 5036 1399 5082 mentem
1442 5027 1686 5081 omnium
1721 5024 1853 5083 mss.
1883 5026 2052 5083 lectio

444 5106 552 5155 est.

518 5168 544 5207 δ
576 5169 650 5225 Ex
686 5168 770 5223 his
817 5182 961 5223 unus
993 5168 1209 5224 videtur
1250 5170 1306 5224 S.
1348 5167 1697 5238 Ambrosius,
1735 5167 1891 5238 cujus
1934 5170 2052 5225 haec

441 5242 714 5298 sententia
758 5239 854 5297 lib.
880 5256 914 5296 ι
946 5241 996 5295 iu
1028 5240 1231 5297 Lucam
1252 5281 1264 5302 .
1301 5256 1356 5294 η.
1389 5238 1463 5295 82
1495 5236 1684 5311 :Bene
1713 5236 1916 5311 negauit
1957 5241 2053 5295 ho-

440 5315 653 5379 minem,
681 5313 804 5383 quia
823 5312 1014 5367 sciebat
1040 5312 1227 5367 Deum.
1258 5311 1322 5369 Et
1348 5310 1560 5383 pridem
1587 5309 1824 5367 fortasse
1846 5310 1903 5369 S.
1934 5312 2053 5380 ipsa

442 5379 703 5450 Hilarius,
738 5384 831 5452 qui
864 5385 920 5438 in
952 5387 1096 5439 hunc
1132 5379 1433 5455 locum,'Et
1464 5397 1578 5439 vere
1597 5383 1907 5455 prop_e,ait,
1927 5384 2048 5455 jam

441 5457 555 5511 sine
594 5450 801 5525 piaculo
839 5456 1101 5513 hominem
1136 5453 1375 5526 negabat,
1401 5469 1556 5526 quam
1584 5450 1679 5526 Dei
1701 5450 1760 5505 'F
1764 5454 1909 5509 ilium
1927 5450 2047 5524 'pri-

439 5543 558 5582 mus
583 5522 880 5597 agnoverat.
929 5522 1528 5585 Dixerint'cxcusandi
1578 5522 1799 5593 affectu,
1845 5522 1958 5582 non
1989 5536 2049 5585 ut

442 5598 659 5666 culpam
691 5607 976 5667 negarent.

518 5678 540 5706 ο
568 5666 800 5725 Tessera
833 5669 1112 5734 militaris,
1141 5667 1301 5735 vulgo
1324 5666 1465 5737 apud
1487 5684 1584 5725 nos
1608 5668 1655 5721 Ie
1675 5677 1781 5725 mot
1804 5668 1875 5729 du
1901 5682 2042 5737 guet,

443 5738 723 5795 dicebatur
748 5741 983 5813 adagium
1011 5740 1098 5813 vel
1128 5737 1651 5813 abpéolov,_signum
1676 5740 1821 5810 quod
1853 5737 1923 5797 ad
1946 5755 2047 5813 pu-

442 5823 618 5897 gnam
635 5809 963 5897 aequalibus
991 5809 1228 5897 dabatur
1249 5809 1478 5897 vitanda:
1495 5809 1838 5897 confusionis
1854 5809 2012 5897 causa
2026 5852 2040 5865 .

442 5877 754 5936 Gabaadita:
786 5895 917 5952 ergo
949 5881 1229 5945 habebant
1270 5896 1370 5951 pro
1414 5880 1571 5953 signo
1600 5897 1665 5939 ac
1693 5882 2041 5955 syntbemate

2065 4632 2122 4695 Ῑ)
2154 4656 2292 4714 Vere
2319 4632 2552 4713 culicem
2583 4632 2860 4727 liquantes
2882 4632 2915 4722 ,ί
2948 4662 3005 4711 et
3025 4654 3292 4710 camelmn
3324 4652 3651 4725 glutientes.
3697 4650 3762 4708 Si

2151 4751 2301 4808 enim
2330 4748 2456 4807 ideo
2488 4764 2597 4806 non
2630 4749 2854 4805 mittunt
2884 4747 3176 4820 pecuniam
3211 4746 3264 4803 in
3296 4745 3630 4815 corbonam,
3666 4744 3774 4802 hoc

2153 4972 2348 5014 vocem
2378 4940 2566 5025 n‘ma,
2589 4956 2935 5026 schibboleth,
2970 4971 3131 5028 quam
3162 4953 3484 5026 Eplnratbaei
3514 4970 3772 5027 pronun-

2159 5053 2366 5108 tiabant
2409 5036 2593 5117 115:9,
2632 5050 2907 5107 sibboleth.
2943 5049 3082 5106 Vide
3121 5049 3371 5107 indicum
3408 5049 3497 5103 lib.
3536 5064 3663 5119 cap.
3694 5065 3773 5107 xu

2156 5140 2303 5180 vers.
2353 5122 2406 5179 6.
2436 5122 2615 5178 MART.
2651 5154 2722 5164 —
2764 5121 2951 5177 Videri
2998 5122 3175 5191 possit
3204 5124 3381 5191 ipsum
3424 5118 3769 5177 Schibboleth

2155 5197 2415 5261 verbum,
2464 5208 2563 5265 pro
2604 5210 2711 5267 quo
2762 5192 3774 5267 Sibbolethﬁpliratbteipronuntia-

2156 5267 2309 5335 bant,
2344 5263 2685 5339 propositum
2716 5265 2993 5335 exemplo.
3027 5264 3175 5339 Mss.
3195 5273 3373 5339 tamen
3405 5263 3605 5339 habent
3641 5267 3772 5323 σύν-

2156 5342 2311 5413 θημα,
2346 5336 2439 5413 ant
2462 5338 2655 5413 Latine
2675 5339 2968 5410 sgnthema,
2987 5338 3132 5413 quod
3166 5336 3498 5413 lLic‘propi-ie
3525 5338 3767 5413 signum,

2158 5406 2305 5479 nota,
2348 5412 2463 5467 sive
2491 5406 2742 5464 indicium
2773 5421 2877 5469 est.
2910 5425 3019 5480 quo
3059 5407 3128 5464 ab
3176 5406 3522 5478 Epitrathazis
3561 5409 3769 5464 Calas-

2155 5483 2284 5538 ditte
2309 5483 2802 5552 distinguebantur.
2829 5481 3078 5535 Diximus
3098 5480 3169 5536 de
3196 5480 3299 5552 hoc
3319 5480 3488 5536 verbo
3524 5480 3663 5552 alibi
3694 5481 3765 5533 ad

2153 5554 2314 5640 epist.
2346 5551 2595 5640 “8,;a‘d
2634 5552 2909 5640 Juliam‘t‘m
2940 5552 3138 5640 initio,
3179 5551 3271 5640 ubi
3317 5560 3497 5607 tamen
3533 5551 3765 5605 diverso

2151 5626 2429 5695 paulisper
2455 5625 2525 5681 ab
2552 5627 2655 5680 hoc
2687 5623 2993 5696 significatu
3025 5623 3308 5694 accipitur.

2221 5695 2250 5737 ἀ
2292 5698 2467 5755 Penes
2500 5696 2802 5752 Victoriam
2826 5739 2841 5762 ,
2882 5694 3015 5751 nihil
3044 5697 3241 5769 profuit
3270 5695 3316 5750 si
3346 5708 3463 5750 sera
3489 5693 3752 5765 pteniten-a

2150 5777 2248 5879 "at;
2281 5777 2791 5898 ⁸ιῖοῗῐῗῖιιιί
2823 5854 2985 5907 mss.,
3009 5839 3097 5911 qui
3122 5837 3379 5911 ejusmodi
3405 5844 3501 5893 est.
