3978 6338
423 348 529 406 207

1682 334 1742 394 s.
1786 332 2061 394 ausas"
2082 327 2484 419 .HIERONYMI

3622 314 3729 372 208

427 474 535 527 est,
564 460 658 532 qui
690 473 785 515 rex
816 465 1007 515 vester
1031 464 1135 512 est.
1176 454 1421 525 Cumque
1448 450 1874 523 responderent,
1899 450 2030 506 Cru-
2054 454 2112 515 Α
2136 466 2255 505 cens
2294 464 2388 520 ego
2433 462 2549 501 sum
2585 461 2619 500 a
2655 444 2911 515 sanguine
2929 441 3065 516 justi
3105 439 3261 512 hujus
3283 477 3298 504 ,
3326 446 3383 492 et
3402 443 3594 508 postea
3628 433 3727 489 ﬂa-

429 557 702 627 ciﬁgatur,
734 568 846 609 non
875 551 1059 608 statim
1081 550 1352 621 acquievit
1378 566 1397 617 ;
1421 548 1517 605 sed
1542 547 1695 617 juxta
1721 545 2034 617 suggestio-

433 666 559 707 nem
618 646 845 712 uxoris,
894 662 1014 717 qua:
1063 643 1462 699 mandaverat:
1513 640 1667 708 Nihil
1696 641 1787 694 tibi
1811 648 1859 695 et
1882 640 2032 710 justo

433 743 517 798 illi
545 785 560 810 ,
594 741 713 811 ipse
748 753 968 810 quoque
1008 735 1331 808 respondit:
1367 734 1505 801 Quid
1548 734 1685 787 enim
1721 731 1845 786 mali
1873 730 2035 803 fecit?

435 839 551 893 lloc
577 834 848 899 dicendo,
884 832 1091 888 Pilatus
1131 831 1371 886 absolvit
1401 831 1609 885 Jesum.
1653 826 1723 883 At
1755 826 1833 882 illi
1862 825 2036 897 magis

432 930 788 995 clamabant,
831 927 1114 982 dicentes:
1159 924 1533 994 (.‘ruciﬁgatur.
1594 920 1665 978 Ut
1707 919 2033 989 impleretur

427 1026 577 1094 quod
632 1023 686 1079 in
725 1022 992 1093 vigesimo
1024 1020 1201 1091 primo
1231 1018 1443 1089 psalmo
1486 1016 1733 1072 dixerat:
1797 1013 2034 1069 Circum-

424 1120 677 1177 dederunt
717 1135 799 1174 me
834 1133 987 1171 canes
1025 1116 1215 1170 multi:
1263 1122 1313 1169 et
1366 1114 1698 1185 congregatio
1736 1109 2033 1181 malignan-

435 1215 565 1269 tium
599 1212 795 1268 obsedit
831 1228 909 1266 me
948 1208 1123 1282 (Psal.
1152 1224 1272 1276 xxt,
1304 1205 1416 1279 l2).
1478 1206 1543 1261 Et
1573 1205 1706 1261 illud
1734 1202 2027 1260 Ieremia:

430 1305 605 1361 Facta
634 1315 711 1360 est
740 1302 868 1359 mihi
885 1301 1165 1358 hereditas
1189 1318 1301 1357 mea
1326 1301 1459 1357 sicut
1487 1300 1567 1356 leo
1596 1301 1649 1353 in
1677 1298 1848 1355 silva:
1878 1298 2032 1353 dede-

431 1411 555 1456 runt
581 1416 738 1471 super
767 1416 845 1455 me
870 1414 1044 1453 uocem
1065 1415 1213 1452 suam
1242 1396 1460 1469 (Jerem.
1492 1412 1590 1462 xu,
1621 1396 1698 1466 8).
1730 1392 1869 1449 Isaia
1897 1408 2032 1464 quo-

433 1510 542 1567 que
573 1494 627 1549 in
656 1492 759 1548 hac
785 1491 1057 1548 sententia
1089 1498 1456 1562 congruente:
1485 1486 1795 1560 Emspectavi
1816 1493 1869 1539 ut
1897 1487 2033 1557 face-

427 1595 544 1640 rent
565 1585 860 1657 judicium,
905 1582 1133 1653 fecerunt
1162 1591 1335 1636 autem
1365 1580 1705 1651 iniquitatem,
1732 1586 1779 1633 et
1810 1593 1912 1632 non
1935 1579 2030 1650 ju-

428 1680 650 1745 stitiam,
678 1678 769 1731 sed
794 1675 1074 1731 clamorem
1105 1674 1261 1746 (Isai.
1288 1692 1344 1745 v,
1379 1673 1456 1745 7).

503 1771 690 1843 (Vers.
718 1769 841 1842 24.)
889 1768 1078 1823 Videas
1106 1776 1281 1823 autem
1322 1765 1533 1821 Pilatus
1562 1770 1685 1833 quia
1706 1765 1841 1820 nihil
1867 1764 2032 1837 proﬁ-

2132 543 2390 613 gellatum
2444 537 2737 594 tradidisse
2780 536 2966 593 Jesum
3016 544 3074 590 ut
3132 529 3580 601 cruciﬁgeretur?
3623 525 3728 583 Sed

2134 636 2418 692 sciendum
2487 640 2577 689 est
2625 632 2889 689 Romanis
2928 646 3053 687 eum
3104 629 3317 700 legibus
3361 626 3731 689 ministrasse,

2135 730 2335 799 quibus
2378 727 2647 783 sancitum
2694 734 2808 791 est,
2855 725 3029 796 utqui
3061 721 3418 792 cruciﬁgitur,
3461 718 3614 790 prius
3635 716 3732 773 ﬂa-

2133 820 2293 893 gellis
2322 820 2662 875 verberetur.
2723 818 2983 873 Traditus
3022 828 3105 872 est
3137 815 3325 886 itaque
3353 812 3517 868 .lesus
3544 810 3733 866 militi-

2134 916 2235 972 bus
2281 913 2705 981 verberandus,
2755 923 2809 969 et
2862 911 2989 966 illud
3032 910 3459 965 sacratissimum
3505 920 3729 977 corpus,

2133 1019 2432 1081 pectusque
2465 1008 2557 1063 Dci
2583 1022 2779 1077 capax,
2810 1004 3020 1074 ﬂagella
3053 1010 3365 1061 secuerunt.
3403 1001 3515 1057 Hoc
3544 1012 3731 1055 autem

2130 1104 2335 1160 factum
2379 1112 2501 1169 est,
2554 1109 2613 1157 ut
2658 1100 2785 1172 quia
2838 1100 3105 1167 scriptum
3134 1105 3284 1152 erat:
3318 1092 3495 1149 Multa
3521 1091 3736 1164 ﬂagella

2132 1203 2459 1267 peccatorum
2498 1192 2677 1262 (Psal.
2718 1207 2867 1258 XXXI,
2913 1191 3027 1259 10),
3081 1188 3181 1244 illo
3222 1186 3527 1257 ﬂagellato,
3573 1197 3677 1239 nos
3704 1199 3735 1239 a

2134 1289 2456 1345 verberibus
2489 1286 2877 1349 liberaremur,
2925 1284 3085 1357 231
3114 1291 3141 1321 α
3188 1280 3408 1338 dicente
3445 1278 3734 1348 Scriptura

2133 1385 2200 1439 ad
2227 1384 2404 1439 virum
2436 1382 2643 1452 justum
2678 1400 2690 1436 :
2728 1378 3030 1452 Flagellum
3058 1395 3162 1434 non
3186 1376 3623 1451 appropinquabit
3648 1382 3734 1429 ta-

2133 1479 2412 1535 bernaculo
2436 1486 2527 1532 tuo
2554 1476 2733 1549 (Psal.
2767 1491 2857 1541 xc,
2883 1475 3016 1546 10).⁴

2204 1570 2387 1639 (Vers.
2417 1570 2487 1625 27
2509 1567 2697 1641 seqq.)
2738 1566 2889 1623 Tunc
2915 1566 3106 1622 milites
3131 1565 3373 1637 praesidis
3401 1563 3736 1636 suscipientes

2131 1663 2314 1719 Jesum
2338 1665 2395 1718 in
2422 1662 2451 1702 δ
2473 1662 2737 1733 prtetorio,
2787 1667 3225 1733 congregaverant
3252 1657 3322 1712 ad
3353 1674 3464 1712 eum
3522 1657 3733 1712 univer-

2131 1774 2244 1812 sam
2273 1757 2560 1823 cohortem,
2589 1764 2638 1811 et
2657 1766 2903 1810 canentes
2930 1770 3071 1821 eum,
3095 1750 3421 1823 chlamydem
3443 1750 3739 1805 coccineam

431 1874 599 1932 ceret,
644 1863 733 1918 sed
762 1863 929 1936 magis
957 1861 1208 1916 tumultus
1232 1860 1407 1929 ﬁeret,
1442 1868 1657 1932 accepta
1684 1858 1849 1931 23o
1873 1873 2031 1927 aqua,
2064 1848 2112 1909 Β
2138 1850 2595 1906 circumdederunt
2629 1851 2695 1908 ei.
2727 1849 2794 1904 Et
2817 1848 3100 1922 plectentes
3144 1861 3392 1901 coronam
3438 1844 3503 1899 de
3544 1843 3731 1915 spinis,

431 1958 557 2014 lauit
590 1973 777 2012 manus
804 1971 981 2011 coram
1008 1952 1226 2027 populo,
1264 1953 1477 2008 dicens:
1509 1950 1765 2006 Innocens
1792 1964 1886 2021 ego
1916 1965 2031 2005 sum

432 2069 465 2105 a
488 2050 743 2121 sanguine
763 2047 925 2121 hujus
939 2050 1076 2121 justi
1100 2064 1119 2103 :
1159 2062 1250 2102 vos
1270 2046 1526 2101 uideritis.
1589 2045 1798 2100 Pilatus
1826 2044 2033 2114 accepit

435 2158 658 2214 aquam,
687 2141 842 2210 juxta
870 2140 1001 2195 illud
1036 2140 1447 2210 propheticum:
1488 2137 1697 2192 Lavabo
1719 2138 1852 2191 inter
1878 2138 2031 2192 inno-

430 2244 603 2291 centes
644 2250 832 2288 manus
873 2248 1011 2287 meas
1049 2230 1169 2302 (Ps.
1203 2246 1342 2298 xxv,
1368 2228 1461 2303 6);
1490 2240 1551 2285 ut
1581 2231 1632 2284 in
1666 2229 1883 2286 lavacro
1913 2245 2029 2285 ma-

434 2343 601 2385 nuum
645 2325 766 2398 ejus
808 2322 1108 2381 Gentilium
1138 2339 1309 2395 opera
1340 2333 1728 2396 purgarentur,
1759 2331 1813 2379 et
1838 2324 1907 2378 ab
1931 2323 2032 2378 im-

433 2424 641 2493 pietate
674 2418 989 2477 Judtcorum
1013 2460 1028 2483 ,
1061 2419 1155 2490 qui
1183 2421 1598 2488 clamaverunt,
1628 2419 1869 2490 cruci/iga
1892 2435 2031 2485 eum,

435 2531 536 2573 nos
573 2515 784 2572 alienos
823 2514 1068 2580 laceret,
1110 2511 1518 2582 quodammodo
1555 2512 1662 2568 hoc
1691 2520 2028 2580 contestans,

434 2624 489 2667 et
520 2610 745 2666 dicens:
787 2608 904 2680 Ego
940 2607 1159 2678 quidem
1202 2608 1550 2663 innocentem
1584 2608 1731 2662 volui
1762 2607 2032 2674 liberare;

436 2704 533 2765 sed
561 2701 820 2774 quoniam
869 2701 980 2775 [Αι.
1010 2699 1205 2774 etiam]
1232 2701 1431 2757 seditio
1460 2701 1667 2766 oritur,
1702 2708 1756 2756 et
1778 2700 2034 2771 perduel-

436 2797 603 2854 lionis
624 2795 759 2853 mihi
783 2808 976 2851 contra
1004 2793 1279 2850 Caesarem
1302 2795 1510 2851 crimen
1537 2794 1894 2865 impingitur:
1940 2794 2037 2849 ln-

437 2907 629 2946 nocens
657 2906 749 2962 ego
771 2904 889 2943 sum
919 2904 953 2941 a
979 2887 1231 2956 sanguine
1244 2887 1381 2959 justi
1404 2885 1587 2957 hujus.
1628 2886 1804 2943 Judex
1831 2888 1918 2958 qui
1944 2903 2038 2944 co-

436 2984 583 3055 gitur
623 2990 817 3037 contra
857 2977 1135 3034 Christum
1185 2978 1515 3033 sententiam
1567 2976 1750 3045 ferre,
1799 2994 1907 3035 non
1940 2979 2037 3036 da-

436 3083 591 3131 mnat
625 3072 913 3137 oblatum;
964 3068 1063 3124 sed
1108 3071 1289 3140 arguit
1332 3067 1649 3137 oﬂ‘erentes,
1676 3069 1881 3140 justum
1912 3086 2036 3128 esse

434 3166 799 3241 pronuntians
842 3163 935 3235 qui
980 3162 1384 3234 cruciﬁgendus
1412 3171 1517 3219 est.
1571 3163 1700 3234 Vos,
1734 3164 1932 3234 inquit,
1961 3166 2038 3220 vi-

2133 1953 2416 2016 posuerunt
2445 1960 2607 2013 super
2634 1953 2789 2016 caput
2820 1948 2956 2016 ejus,
2990 1952 3039 1997 et
3066 1941 3379 1996 arundinem
3423 1939 3480 1993 in
3518 1938 3738 1992 dextera

2132 2042 2245 2109 ejus
2270 2054 2292 2094 :
2312 2048 2361 2093 et
2390 2055 2526 2112 genu
2552 2041 2689 2109 ﬂexo
2715 2047 2834 2092 ante
2866 2052 3005 2100 eum,
3037 2034 3328 2089 illudebant
3352 2033 3419 2097 ei,
3463 2031 3694 2086 dicentes
3717 2046 3738 2084 :

2133 2132 2258 2200 Ave,
2282 2148 2375 2187 rea:
2392 2129 2725 2187 Judworum.
2760 2130 2957 2185 Milites
2973 2127 3215 2201 quidem,
3248 2126 3374 2198 quia
3402 2140 3501 2181 rex
3520 2122 3740 2180 Judae-

2133 2241 2256 2281 rum
2280 2223 2457 2280 fuerat
2479 2224 2791 2295 appellatus
2817 2263 2834 2289 ,
2866 2231 2922 2277 et
2952 2222 3059 2277 hoc
3085 2222 3134 2277 ei
3162 2220 3371 2277 Scriba:
3399 2228 3453 2274 et
3481 2216 3742 2273 sacerdo-

2136 2327 2218 2376 tes
2251 2320 2460 2376 crimen
2494 2318 2838 2389 obiecerant,
2862 2316 3008 2386 quod
3048 2315 3151 2372 sibi
3208 2314 3264 2368 in
3313 2312 3515 2384 populo
3566 2310 3738 2367 Israel

2136 2421 2433 2484 usurparet
2464 2410 2782 2481 imperium,
2818 2409 3116 2466 illudentes
3145 2407 3255 2464 hoc
3290 2406 3517 2473 faciunt,
3549 2414 3609 2460 ut
3636 2420 3741 2458 nu-

2134 2506 2321 2563 datum
2348 2506 2594 2577 pristinis
2616 2504 2886 2572 vestibus,
2918 2503 3148 2558 induant
3179 2498 3510 2572 chlamyden
3550 2497 3741 2553 cocci-

2136 2616 2295 2658 neam
2323 2615 2426 2672 pro
2457 2610 2479 2639 ο
2502 2599 2622 2654 rufo
2651 2598 2842 2663 limbo,
2871 2612 2980 2669 quo
2998 2612 3155 2669 reges
3177 2606 3394 2655 veteres
3409 2598 3739 2656 utebantur:

2135 2702 2191 2751 et
2220 2710 2319 2765 pro
2346 2692 2653 2749 diademate
2685 2701 2887 2763 ponant
2917 2692 2969 2746 ei
3017 2706 3282 2747 coronam
3314 2692 3561 2762 spineam
3595 2710 3610 2748 :
3639 2708 3742 2764 pro

2134 2796 2353 2857 sceptro
2375 2786 2539 2856 regali
2554 2784 2687 2841 dent
2706 2784 3004 2848 calamum,
3028 2792 3085 2840 et
3104 2784 3337 2841 adorent
3357 2786 3513 2857 quasi
3528 2801 3739 2858 regem.

2135 2879 2245 2936 Nos
2270 2892 2452 2936 autem
2489 2880 2605 2935 haac
2644 2880 2827 2936 omnia
2860 2879 3237 2950 intelligamus
3281 2883 3533 2954 mystice.
3589 2882 3746 2950 Quo-

2137 2972 2301 3028 modo
2331 2973 2477 3027 enim
2529 2970 2765 3043 Caiphae
2794 2972 2975 3027 dixit:
3001 2971 3221 3043 Oportet
3270 2989 3432 3029 unum
3479 2975 3747 3031 hominem

2134 3068 2266 3121 mori
2298 3084 2391 3137 pro
2419 3065 2657 3121 omnibus
2679 3064 2862 3140 (Ioan.
2889 3080 2966 3128 xt.
2993 3066 3109 3135 50),
3140 3066 3396 3124 nesciens
3426 3068 3558 3139 quid
3590 3068 3750 3126 dice-

2137 3167 2223 3213 ret
2250 3175 2267 3214 :
2295 3159 2373 3215 sic
2396 3166 2450 3214 et
2479 3158 2571 3213 isti
2596 3173 2957 3230 qutecumque
2982 3157 3252 3226 fecerunt,
3278 3160 3405 3217 licet
3425 3162 3529 3217 alia
3552 3174 3750 3222 mente

434 3238 638 3318 dei-itis.
686 3259 804 3331 Ego
853 3258 1108 3314 minister
1148 3273 1269 3314 sum
1315 3257 1539 3330 legum:
1576 3266 1757 3314 vestra
1788 3273 1891 3314 vox
1915 3274 2035 3316 san-
2060 3238 2108 3304 Ο
2140 3250 2389 3317 fecerint.
2434 3260 2613 3307 tamen
2673 3253 2853 3321 nobiS,
2910 3253 3001 3323 qui
3052 3253 3351 3324 credimus,
3393 3266 3749 3313 sacramenta

434 3356 651 3428 guinem
684 3350 880 3407 tundit.

511 3447 692 3519 (Vers.
725 3443 846 3517 25.)
875 3442 943 3497 Et
970 3442 1288 3516 respondens
1308 3443 1576 3498 uniuersus
1602 3443 1849 3515 populus,
1869 3444 2036 3500 dixit:

443 3540 677 3612 Sanguis
702 3541 817 3612 ejus
847 3554 1005 3607 super
1039 3548 1133 3592 nos
1160 3547 1210 3592 et
1239 3554 1392 3608 super
1412 3537 1553 3608 ﬁlios
1573 3547 1797 3592 nostros.
1841 3536 2038 3594 Perse-

440 3642 599 3690 verat
634 3646 808 3703 usque
835 3631 888 3686 in
914 3640 1245 3702 praesentem
1274 3630 1419 3685 diem
1449 3630 1568 3687 tuaac
1599 3631 1919 3701 imprecatio
1950 3647 2040 3688 su-

438 3744 539 3801 per
563 3724 806 3792 Judaeos,
838 3734 894 3778 et
920 3723 1147 3794 sanguis
1174 3722 1394 3778 Domini
1424 3739 1530 3778 non
1564 3722 1819 3779 aufertur
1840 3724 1908 3781 ab
1936 3725 2036 3779 eis.

445 3818 599 3877 Unde
628 3833 727 3888 per
750 3815 944 3872 Isaiam
976 3815 1219 3885 loquitur
1246 3834 1256 3866 :
1304 3814 1368 3870 Si
1412 3815 1698 3870 levaveritis
1725 3816 1794 3870 ad
1824 3832 1904 3871 me
1927 3832 2042 3871 ma-

440 3931 559 3981 nus,
590 3928 696 3967 non
721 3909 1000 3965 exaudiam
1020 3924 1131 3965 vos.
1160 3906 1353 3963 Manus
1376 3908 1515 3963 enim
1538 3918 1719 3963 vestrm
1742 3908 2044 3978 plentesunt

438 4006 692 4081 sanguine
734 4001 890 4077 (Isai.
919 4019 960 4069 ι,
987 4003 1101 4070 15).
1149 4001 1421 4074 Optimam
1454 4001 1831 4058 hacreditatem
1868 4001 2044 4059 Judaei

443 4106 572 4160 ﬁliis
593 4101 909 4171 relinquunt
932 4099 1048 4173 [Αἰ.
1083 4098 1477 4172 reliquerunt],
1506 4098 1786 4155 dicentes:
1813 4098 2046 4172 Sanguis

443 4198 556 4267 ejus
583 4209 739 4267 super
756 4209 871 4259 nos,
902 4202 949 4246 et
976 4208 1134 4260 super
1166 4190 1307 4261 filios
1333 4200 1559 4247 nostros.

520 4285 704 4356 (Vers.
723 4283 844 4355 26.)
867 4281 1013 4337 Tunc
1033 4283 1226 4337 dimisit
1248 4283 1356 4339 illis
1383 4282 1728 4352 Barrabbam,
1744 4286 1928 4341 Iesum
1951 4303 2047 4341 au-

447 4388 548 4434 tem
561 4376 887 4449 ﬂagellatam
904 4375 1122 4430 tradidit
1138 4375 1213 4431 eis
1232 4386 1287 4430 ut
1308 4378 1719 4450 crucifigeretur.
1746 4379 2047 4437 Barrabbas

443 4472 716 4542 latro,qui
740 4469 1038 4526 seditiones
1061 4469 1296 4527 faciebat
1322 4472 1374 4526 in
1403 4474 1596 4535 turbis,
1614 4473 1707 4545 qui
1725 4474 2049 4531 homicidio-

446 4584 567 4625 rum
602 4554 793 4622 auctor
810 4573 951 4631 erat,
988 4565 1246 4620 dimissus
1265 4575 1352 4622 est
1378 4568 1580 4638 populo
1605 4566 1952 4635 Iudaeorum,
1993 4571 2048 4627 id

2136 3346 2471 3402 tribuerunt.
2503 3346 2564 3402 ln
2608 3345 2901 3419 chlamyde
2940 3352 3222 3416 coccinea,
3280 3364 3448 3421 opera
3492 3353 3750 3424 gentium

2138 3447 2363 3495 cruenta
2396 3448 2709 3496 sustentat:
2763 3440 2816 3494 in
2874 3454 3081 3496 corona
3126 3442 3338 3514 spinea,
3389 3444 3750 3500 maledictum

2138 3535 2304 3590 solvit
2333 3534 2615 3605 antiquum
2653 3551 2667 3589 :
2697 3534 2749 3590 in
2782 3535 3017 3603 calamo,
3046 3545 3320 3593 venenata
3369 3537 3575 3593 occidit
3620 3539 3752 3595 ani-

2140 3630 2327 3687 malia.
2360 3631 2485 3686 Sive
2515 3631 2785 3685 calamum
2820 3630 3042 3687 tenebat
3080 3631 3136 3686 in
3186 3645 3372 3696 manu,
3414 3640 3475 3686 ut
3520 3633 3754 3690 sacrile-

2140 3727 2287 3795 gium
2320 3723 2586 3779 scriberet
2610 3722 2946 3779 Judmorum.

2213 3815 2396 3889 (Vers.
2430 3818 2546 3887 50.)
2572 3814 2641 3871 Et
2667 3826 2976 3888 exspuentes
3001 3818 3055 3871 in
3077 3831 3218 3887 eum,
3242 3826 3558 3888 acceperunt
3578 3835 3755 3875 arun-

2145 3912 2339 3979 dinem,
2361 3921 2406 3967 et
2427 3913 2784 3985 percutiebant
2814 3922 2969 3988 caput
3013 3915 3145 3980 eius.
3197 3913 3279 3969 Eo
3317 3924 3569 3987 tempore
3597 3932 3759 3974 com-

2146 4006 2355 4078 pletum
2389 4016 2472 4062 est
2502 4022 2516 4073 ;
2550 4004 2677 4061 Non
2719 4007 2881 4062 averti
2921 4008 3108 4080 faciem
3143 4022 3311 4061 meam
3357 4025 3391 4061 a
3440 4010 3761 4080 conlusione

2144 4109 2417 4175 sputorum
2446 4099 2602 4171 (lsai.
2637 4117 2689 4169 ι,
2724 4100 2805 4174 6),
2853 4112 2907 4158 et
2945 4111 3123 4158 tamen
3144 4117 3266 4159 cum
3295 4113 3458 4173 caput
3483 4101 3607 4173 ejus
3628 4120 3763 4171 per-

2146 4195 2359 4250 cutiant
2385 4193 2672 4259 arundine,
2697 4194 2935 4249 sustinet
2957 4204 3152 4251 cuncta
3184 4195 3474 4265 patienter,
3497 4204 3560 4250 ut
3588 4197 3763 4271 233

2149 4289 2305 4345 Isaia:
2340 4304 2525 4346 verum
2567 4289 2821 4347 ostendat
2857 4290 3196 4359 vaticinium,
3218 4291 3482 4348 dicentis:
3515 4292 3768 4349 Arundi.

2148 4402 2266 4440 nem
2287 4395 2590 4457 quassatam
2615 4403 2719 4441 non
2749 4386 3041 4460 confringet
3069 4384 3226 4457 (Isai.
3254 4402 3388 4453 xw,
3416 4386 3496 4460 '5).

2222 4479 2407 4551 (Vers.
2429 4480 2549 4552 51.)
2573 4479 2642 4535 Et
2670 4490 2942 4554 postquam
2962 4481 3239 4537 illuserunt
3259 4482 3331 4551 ei,
3352 4492 3612 4537 exuerunt
3637 4499 3767 4539 eum

2152 4575 2447 4647 chlamyde,
2474 4583 2523 4630 et
2545 4576 2832 4631 induerunt
2856 4593 2975 4631 eum
3000 4577 3316 4633 vestimentis
3343 4579 3483 4650 ejus,
3508 4585 3559 4631 et
3589 4578 3769 4634 duxe-

447 4672 555 4730 est,
580 4658 855 4723 diabolus,
874 4656 968 4729 qui
986 4673 1158 4729 usque
1180 4658 1347 4715 hodie
1370 4670 1559 4733 regnat
1580 4662 1747 4733 iueis,
1767 4675 1821 4719 et
1844 4663 2050 4720 idcirco
2076 4648 2130 4710 Ῑ)
2153 4678 2277 4723 runt
2308 4685 2448 4740 eum,
2480 4678 2536 4725 ut
2562 4670 2946 4744 cruciﬁgerent.
2975 4670 3204 4739 Quando
3233 4648 3540 4743 ﬂagellatur
3569 4669 3765 4740 Jesus,

449 4769 642 4826 pacem
663 4752 865 4806 habere
888 4765 995 4805 non
1013 4760 1260 4820 possunt.
1287 4750 1446 4809 Jesus
1462 4764 1643 4811 autem
1666 4772 1695 4811 a
1715 4758 1916 4814 Judaais
1941 4767 2049 4815 tra-

450 4848 621 4913 ditus,
637 4841 936 4899 absolvitur
950 4841 1018 4897 ab
1034 4857 1204 4897 uxore
1221 4842 1405 4912 Pilati,
1430 4854 1485 4901 et
1506 4847 1576 4901 ab
1593 4850 1714 4919 ipso
1737 4851 2054 4922 prtesideju-

448 4948 568 4993 stus
596 4934 921 5005 appellatur.
941 4935 1006 4990 Et
1030 4937 1282 4992 centurio
1309 4937 1603 4995 conﬁtetur
1623 4940 1769 5013 quod
1798 4958 1927 5000 vere
1956 4942 2050 5001 Dei

451 5032 624 5089 Filius
644 5031 737 5087 sit.
764 5035 982 5096 Quaerat
1003 5030 1254 5088 eruditus
1282 5032 1476 5102 lector,
1496 5036 1775 5106 quomodo
1796 5039 1899 5095 sibi
1919 5054 2053 5096 con.

446 5123 874 5181 vcniatPilatum
904 5122 1108 5180 lavisse
1139 5139 1338 5180 manus
1368 5141 1518 5194 suas,
1542 5135 1598 5183 et
1618 5127 1822 5186 dixisse
1846 5148 1861 5187 :
1887 5128 2054 5187 Inno-

522 5297 545 5321 ιι
580 5285 690 5338 Pro
730 5283 891 5354 hisce
931 5284 1114 5341 verbis
1138 5328 1154 5352 ,
1197 5285 1401 5342 dicente
1449 5288 1730 5354 Scriptura
1773 5293 1843 5345 ad
1882 5294 2051 5348 virum

440 5360 675 5431 justum,
710 5353 1076 5435 duo_P_alatin.
1122 5371 1279 5424 mss.,
1311 5353 1598 5416 secundum
1632 5363 1772 5431 quod
1797 5366 2048 5435 scriptum

451 5424 551 5492 est,
577 5435 784 5481 tantum
815 5424 1039 5481 habent.

519 5497 845 5580 {Victorius
865 5508 976 5580 tam
1004 5498 1056 5551 in
1092 5507 1264 5580 textu,
1288 5516 1451 5580 quam
1478 5502 1533 5580 in
1564 5504 1934 5560 Commentar.
1963 5522 2051 5561 re-

446 5568 624 5647 ponit,
658 5568 1007 5647 Plaetorium:
1038 5573 1199 5647 quod
1220 5568 1414 5647 melior
1439 5574 1628 5647 isthmc
1656 5578 1729 5632 sit
1758 5577 1941 5647 lectio,
1970 5578 2047 5633 uti

450 5640 536 5723 gat
576 5643 644 5723 in.
665 5640 900 5709 vulgatis
929 5642 1400 5723 emendatioribns
1436 5646 1713 5723 codicibus
1744 5640 2044 5721 impressis.

449 5712 589 5794 Eant
632 5712 860 5781 in~uper
900 5713 1181 5794 retineant
1213 5714 1392 5770 omnia
1433 5715 1606 5773 ferme
1648 5723 1790 5790 apud
1823 5712 1884 5776 se
1911 5737 2045 5775 mss.

448 5783 1139 5866 Btbliornmexentpla‘ria,
1168 5786 1395 5866 [incest
1411 5805 1639 5866 numero
1669 5783 2047 5862 quadraginta,

452 5856 595 5911 inter
620 5869 741 5924 qua:
771 5854 968 5910 librum
996 5855 1245 5915 Cmnobii
1278 5860 1337 5917 S.
1361 5860 1540 5933 Pauli,
1567 5854 1714 5933 saepe
1733 5879 1764 5919 a
1793 5878 1853 5920 se
1874 5854 2051 5921 nomi-

2156 4773 2212 4820 et
2232 4762 2573 4834 conspuitur,
2598 4772 2654 4820 et
2679 4763 2966 4829 irridetur,
3000 4778 3107 4818 non
3137 4762 3304 4819 habet
3329 4763 3551 4833 propria
3582 4763 3769 4820 vesti-

2159 4863 2338 4910 menta
2366 4872 2379 4909 :
2423 4855 2519 4910 sed
2549 4869 2610 4910 ea
2638 4869 2763 4925 qua:
2792 4862 3010 4925 propter
3037 4861 3221 4910 nostra
3252 4866 3473 4925 peccata
3502 4867 3771 4926 sumpse-

2156 4958 2260 5003 rat.
2310 4948 2448 5004 Cum
2493 4956 2676 5004 autem
2727 4946 3102 5019 cruciﬁgitur,
3154 4956 3209 5002 et
3261 4945 3533 5002 illusionis
3589 4958 3771 5020 atque

2155 5041 2429 5097 irrisionis
2481 5054 2677 5111 pompa
2719 5039 3090 5111 praeterierit,
3120 5046 3255 5095 tunc
3282 5035 3540 5107 pristinas
3572 5046 3772 5098 vestes

2156 5134 2387 5204 recipit,
2442 5142 2497 5189 et
2554 5131 2835 5204 pr0prium
2882 5131 3114 5188 assumit
3174 5137 3428 5187 ornatum
3470 5146 3482 5183 :
3534 5133 3771 5190 statim-

2159 5305 2344 5368 natum
2369 5338 2383 5363 ,
2413 5295 2629 5363 plurimi
2666 5295 2814 5368 facit.
2841 5295 3224 5368 Assentiantur
3246 5311 3463 5368 quoque
3488 5295 3617 5355 huic
3639 5297 3773 5357 lec-

2154 5367 2292 5441 tioni
2322 5367 2680 5441 antiquissimi
2708 5367 2905 5422 Montis
2929 5367 3145 5425 Cassini
3168 5367 3405 5437 codices,
3434 5367 3773 5441 Longobar-

2156 5437 2294 5494 dicis
2342 5437 2752 5495 characterihus
2797 5441 3136 5509 conscripti,
3194 5455 3421 5495 numero
3466 5437 3666 5498 decem
3711 5455 3773 5500 et

2156 5520 2366 5576 septem
2400 5553 2413 5572 .
2471 5519 2527 5566 et
2588 5510 3012 5566 Lovaniensium
3068 5510 3470 5582 Theologorum
3529 5527 3767 5571 omnes.

2156 5581 2378 5657 timens
2412 5583 2581 5657 codex
2623 5583 2867 5649 ejusdem
2916 5581 3167 5637 lectionis
3197 5581 3351 5651 fons,
3386 5585 3504 5653 ipse
3530 5599 3770 5657 quoque

2159 5652 2326 5732 legat,
2359 5656 2431 5715 εἰς
2460 5656 2519 5710 τὸ
2540 5662 2883 5732 grpott‘rc‘bptpv:

2234 5734 2256 5762 ο
2289 5724 2508 5780 Rectius
2537 5723 2766 5780 fni-tame
2793 5725 2964 5780 Palat.
3000 5739 3130 5780 mss.
3160 5723 3388 5788 habent.
3412 5741 3588 5781 russo.
3623 5726 3774 5783 Tre-

2159 5794 2358 5870 bellius
2383 5799 2434 5850 in
2464 5797 2714 5870 Claudio,
2747 5807 2802 5854 et
2831 5797 3094 5865 V0piscus
3141 5798 3192 5851 in
3225 5796 3527 5854 Aureliano
3564 5798 3771 5870 hujus-

2158 5866 2309 5923 modi
2331 5882 2515 5923 russas
2547 5869 2762 5924 tunicas
2795 5884 2981 5941 regum
3014 5876 3341 5924 memorant.
