3978 6338
253 337 350 394 (ιέοθ

695 329 1348 391 COMMENTARIORUM
1389 329 1452 386 IN
1497 328 1949 388 EVANGELIUM
1988 327 2331 384 MAT'I‘HIEI
2371 326 2502 383 LIB.
2544 326 2630 385 IV.
2674 327 2829 383 CAP.
2875 326 3095 385 XXVII.

3421 334 3528 391 910

251 470 352 526 que
371 454 634 509 elementa
658 451 965 518 turbantur,
983 459 1036 504 et
1060 446 1432 505 testimonium
1454 446 1704 504 Creatori
1729 446 1822 502 dat
1848 450 1893 508 Α
1926 447 2164 512 mixtum,
2188 456 2234 500 et
2265 461 2382 499 cum
2411 454 2686 516 gustasset,
2713 447 2878 501 noluit
2903 448 3093 504 bibere.
3112 449 3252 505 Deus
3284 445 3529 524 loquitur

251 557 510 603 creatura.

315 639 484 713 (Vere.
515 637 628 707 32.)
669 636 929 692 Exeuntes
961 645 1162 704 autem,
1211 635 1514 690 invenerunt
1564 633 1824 688 hominem

250 732 564 803 Cymaeam,
611 732 817 785 nomine
860 731 1172 786 Simonem:
1216 730 1353 784 hunc
1393 729 1821 800 angariaverunt,

247 838 294 882 ut
315 827 508 880 tolleret
537 841 739 879 crucem
771 828 906 897 ejus.
936 825 1012 880 Ne
1034 825 1157 895 quis
1191 832 1343 894 putet
1370 823 1634 878 luticloco
1660 822 1825 877 Joan-

245 919 322 977 nis
343 918 697 990 Evangelista:
725 918 1005 973 historiam
1029 932 1152 972 esse
1175 915 1528 973 contrariam.
1558 914 1648 970 Ille
1677 913 1820 969 enim

244 1013 406 1082 dixit,
446 1023 740 1068 exeuntem
793 1011 1084 1067 Dominum
1141 1012 1210 1066 de
1267 1011 1527 1081 praetorio
1577 1020 1823 1081 portasse

244 1119 440 1160 crucem
481 1117 672 1168 suam;
706 1103 992 1158 Mattltmus
1018 1110 1200 1157 autem
1231 1102 1402 1158 refert
1426 1101 1568 1172 quod
1594 1105 1820 1157 invene-

243 1207 357 1255 runt
379 1199 653 1254 hominem
686 1199 1031 1270 Cyrenzeum,
1066 1197 1287 1253 nomine
1317 1196 1624 1262 Simonem,
1657 1211 1819 1263 quem

241 1295 570 1366 angariantes
615 1294 996 1364 imposuerunt
1031 1294 1081 1348 ei
1128 1308 1346 1348 erucem
1385 1291 1535 1347 Jesu.
1571 1291 1677 1346 Sed
1719 1291 1822 1346 hoc

240 1385 636 1457 intelligendum
663 1395 748 1444 est
773 1386 916 1457 quod
944 1385 1234 1458 egrediens
1264 1387 1332 1442 de
1359 1385 1618 1457 praetorio
1637 1385 1818 1453 Jesus,

238 1484 344 1552 ipse
374 1482 672 1552 portaverit
697 1497 915 1538 crucem
941 1497 1124 1537 suam:
1155 1491 1345 1553 postea
1369 1481 1589 1536 obvium
1619 1481 1821 1536 habue-

236 1576 335 1633 rint
362 1577 678 1645 Simonem,
717 1576 806 1632 cui
830 1575 1150 1646 portandam
1180 1591 1397 1632 crucem
1431 1576 1815 1645 imposuerint.

235 1667 380 1724 Juxta
438 1682 724 1738 anagogen
795 1683 972 1733 vero,
1033 1682 1251 1723 crucem
1316 1667 1446 1724 Jesu
1509 1668 1819 1738 suscipiunt

233 1765 489 1833 nationes,
521 1772 577 1820 et
608 1763 930 1835 peregrinus
956 1763 1223 1821 obediens
1253 1773 1432 1835 portat
1464 1764 1816 1836 ignominiam

234 1858 534 1914 Salvatoris.

295 1950 476 2020 (Vera.
507 1949 630 2021 33.)
663 1949 733 2005 Et
773 1963 1016 2006 venerunt
1053 1954 1105 2008 in
1139 1954 1312 2008 locum
1350 1955 1438 2024 qui
1467 1953 1662 2008 dicitur
1693 1954 1820 2010 Gol-

231 2046 406 2117 gotha,
449 2047 593 2116 quod
640 2056 718 2102 est
767 2045 1022 2102 Calvaria:
1072 2049 1236 2103 locus.
1280 2049 1476 2104 Audivi
1522 2051 1814 2121 quemdam

233 2150 253 2177 ι
279 2141 598 2210 exposuisse
640 2141 906 2196 Calvariae
951 2141 1168 2208 locum,
1204 2143 1258 2198 in
1307 2159 1416 2214 quo
1458 2144 1704 2212 sepultus
1733 2157 1818 2202 est

229 2231 381 2287 Adam
404 2275 418 2297 ,
449 2242 506 2290 et
542 2233 670 2289 ideo
700 2235 779 2288 sic
808 2235 1137 2304 appellatum
1169 2250 1312 2300 esse,
1348 2236 1470 2307 quia
1501 2236 1573 2292 ibi
1607 2239 1815 2309 antiqui

228 2325 446 2380 hominis
480 2327 559 2381 sit
591 2325 872 2382 conditum
903 2337 1100 2397 caput,
1129 2337 1182 2384 et
1224 2328 1325 2384 hoc
1353 2343 1474 2384 esse
1499 2330 1643 2400 quod
1670 2329 1818 2401 Apo-

226 2417 380 2471 stolus
400 2417 554 2473 dicat
571 2409 594 2472 εΔ
611 2418 785 2490 Surge
808 2422 894 2490 qui
920 2419 1140 2482 dormis.
1157 2429 1202 2475 et
1226 2438 1445 2494 exsurge
1461 2440 1492 2476 a
1515 2426 1751 2492 mortuis,
1767 2433 1815 2478 et

221 2509 522 2565 illuminabit
566 2521 616 2566 te
653 2511 815 2584 233
862 2511 1119 2568 Christus.
1153 2512 1489 2570 Favorabilis
1541 2516 1811 2584 interpre-

226 2603 340 2659 tatio
377 2613 432 2659 et
489 2605 748 2660 mulcens
792 2621 980 2662 aurem
1036 2607 1263 2677 populi,
1299 2621 1398 2663 nec
1447 2618 1628 2664 tamen
1663 2625 1811 2666 vera.

222 2693 368 2750 Extra
392 2697 588 2752 urbem
611 2701 758 2754 enim
778 2709 832 2755 et
849 2698 997 2756 foras
1021 2715 1252 2771 portam,
1270 2704 1384 2758 loca
1402 2715 1528 2759 sunt
1550 2705 1813 2776 inquibus

223 2797 530 2846 truncantur
559 2793 740 2863 capita
771 2793 1174 2862 damnatorum,
1204 2805 1260 2851 et
1300 2797 1582 2867 Calvariae,
1620 2799 1670 2853 id
1701 2809 1809 2868 est,

220 2884 608 2942 decoliatorum
637 2903 921 2959 sumpsere
953 2905 1175 2946 nomen.
1203 2891 1493 2962 Propterea
1518 2902 1696 2949 autem
1739 2894 1810 2949 ibi

220 2979 497 3036 cruciﬁxus
527 2991 618 3036 est
645 2982 938 3046 Dominus.
979 2994 1037 3038 ut
1067 2987 1156 3040 ubi
1187 2988 1336 3056 prius
1364 2997 1480 3042 erat
1508 3003 1633 3043 area
1659 2988 1812 3044 dam-

219 3083 477 3138 natorum,
506 3075 585 3132 ibi
616 3078 958 3145 erigerentur
977 3079 1174 3136 vexilla
1197 3083 1464 3154 martyrii.
1491 3082 1559 3137 Et
1583 3099 1813 3152 quomo-

219 3165 278 3218 do
305 3182 397 3235 pro
423 3170 597 3226 nobis
631 3172 979 3228 maledictum
1001 3176 1181 3230 crucis
1211 3177 1381 3232 factus
1412 3187 1516 3243 est,
1543 3188 1597 3233 et
1624 3178 1811 3249 ﬂagel-

1848 1845 1895 1905 Β
1923 1857 2304 1928 prOphetatnm
2355 1875 2368 1910 :

1925 537 1992 592 ad
2020 537 2356 594 Jerusalem:
2386 536 2500 610 Ego
2531 549 2576 592 te
2604 537 2838 609 plantavi
2862 541 3064 595 vineam
3095 559 3292 610 verum,
3317 562 3531 616 quomo-

1925 633 1994 687 do
2031 633 2170 702 facta
2195 653 2246 688 es
2286 635 2339 688 in
2368 636 2769 689 amaritudinem
2809 637 2926 692 uitis
2957 636 3146 692 aliena:
3174 639 3294 712 [ΑΙ.
3328 641 3525 716 aliena]

1927 723 2156 797 (Jercm.
2192 742 2259 790 tt.
2291 725 2431 792 21)?
2471 730 2670 782 Amara
2715 729 2838 784 vitis
2870 745 3112 786 amarum
3145 732 3329 786 viuum
3363 732 3524 801 facit,

1925 819 2072 889 quod
2121 822 2372 890 prapinat
2424 819 2654 876 Domino
2700 821 2832 879 Jesu
2863 865 2878 889 ,
2937 835 2998 879 ut
3041 826 3333 896 impleatur
3375 829 3523 898 quod

1924 912 2184 983 scriptum
2213 923 2295 967 est
2320 929 2338 966 :
2373 912 2636 968 Dederunt
2663 916 2715 970 in
2747 933 2915 970 escam
2946 934 3114 972 meam
3143 920 3248 988 fel,
3278 930 3326 974 et
3357 921 3407 974 in
3439 922 3528 976 siti

1924 1021 2036 1058 mea
2069 1015 2373 1076 potaverunt
2402 1023 2480 1060 me
2504 1016 2648 1061 aceto
2674 1007 2844 1080 (Psal.
2874 1026 3065 1078 vam,
3089 1008 3207 1082 22).
3241 1011 3395 1078 Quod
3427 1029 3527 1068 au-

1926 1109 2033 1154 tem
2082 1099 2320 1154 dicitur:
2373 1099 2436 1153 Et
2482 1117 2597 1153 cum
2637 1112 2931 1172 gustasset,
2976 1102 3144 1157 noluit
3181 1104 3385 1171 bibere,
3418 1105 3526 1162 ltoc

1924 1191 2164 1256 indicat,
2197 1191 2343 1264 quod
2382 1193 2692 1263 gustaverit
2735 1194 2952 1264 quidem
2988 1212 3084 1264 pro
3126 1195 3283 1252 nobis
3329 1199 3524 1254 mortis

1923 1285 2362 1354 amaritudinem,
2395 1285 2489 1340 sed
2523 1287 2680 1341 tertia
2710 1287 2800 1342 die
2827 1291 3207 1345 resurrexerit.

1994 1379 2177 1451 (Vers.
2211 1378 2330 1450 55.)
2359 1378 2642 1451 Postquam
2667 1392 2843 1435 autem
2869 1384 3237 1447 cruciﬁxerunt
3268 1401 3405 1454 eum,
3437 1386 3523 1440 di-

1924 1474 2148 1526 viserunt
2183 1475 2474 1527 restimenta
2503 1475 2638 1546 ejus,
2668 1489 2859 1529 sortem
2889 1477 3168 1543 mittentes,
3197 1487 3252 1531 ut
3281 1478 3526 1551 implere-

1922 1574 2007 1618 tur
2027 1566 2165 1635 quod
2189 1567 2382 1621 dictum
2415 1576 2488 1622 est
2518 1584 2609 1637 per
2637 1568 2965 1640 prophetam,
2993 1569 3286 1626 dicentem:
3324 1571 3527 1627 Divise-

1922 1674 2039 1718 runt
2093 1663 2190 1717 sibi
2242 1666 2542 1720 vestimenta
2591 1682 2705 1719 mea
2735 1707 2752 1734 ,
2807 1676 2857 1720 et
2913 1684 3069 1738 super
3121 1678 3307 1722 restem
3361 1687 3522 1723 meam.

1922 1763 2172 1816 miserunt
2218 1774 2431 1818 sortem.
2466 1763 2535 1818 Et
2580 1765 2681 1818 hoc
2741 1763 2794 1818 in
2845 1764 3037 1819 eodem
3089 1765 3299 1834 psalmo
3348 1763 3527 1821 fuerat

2451 1855 2748 1911 Diviserunt
2826 1858 2923 1911 sibi
2993 1859 3295 1912 vestimenta
3365 1873 3477 1912 mea
3507 1903 3520 1926 ,

1920 1963 1971 2007 et
2010 1969 2164 2024 super
2200 1963 2387 2008 vestem
2428 1969 2593 2008 meam
2637 1953 2887 2008 miserunt
2927 1963 3118 2009 sortem
3158 1952 3345 2028 (Psal.
3391 1970 3519 2021 ut,

1924 2044 2040 2116 ιθ).

1993 2142 2174 2214 (Vers.
2207 2140 2324 2214 56.)
2375 2140 2443 2195 Ει
2472 2143 2704 2197 sedentes
2751 2144 3025 2198 seruabant
3063 2158 3201 2197 eum.
3235 2141 3524 2212 Diligentia

1921 2235 2154 2291 militum
2201 2246 2256 2291 et
2303 2235 2650 2291 sacerdotum
2691 2236 2850 2290 nobis
2890 2235 3132 2305 prolicit,
3169 2243 3229 2292 ut
3257 2237 3433 2307 major
3469 2246 3525 2292 et

1918 2331 2162 2400 apertior
2187 2330 2526 2399 resurgentis
2557 2329 2735 2384 virtus
2761 2341 3042 2400 appareat.

1993 2424 2172 2496 (Vers.
2200 2425 2319 2494 57.)
2342 2423 2410 2478 Et
2435 2426 2790 2496 imposuerunt
2815 2443 2972 2496 super
2996 2435 3147 2499 caput
3172 2443 3283 2499 ejus
3303 2442 3519 2480 causam

1915 2519 2081 2591 ipsius
2125 2520 2402 2591 scriptam,
2445 2516 2547 2572 Hic
2576 2529 2648 2572 est
2678 2515 2868 2586 Iesus,
2913 2535 3008 2572 rea:
3042 2516 3369 2574 Juda'orum.
3403 2519 3521 2575 Non

1919 2626 2138 2680 possum
2182 2611 2344 2683 digne
2389 2612 2646 2666 admirari
2675 2628 2772 2682 pro
2806 2611 2970 2684 234
3009 2615 3085 2668 rei
3118 2613 3518 2684 magnitudine,

1917 2705 2062 2777 quod
2085 2703 2110 2742 ά
2137 2705 2432 2775 redemptis
2457 2706 2632 2775 pretio
2660 2705 2811 2760 falsis
2841 2706 3095 2774 testibus,
3115 2717 3170 2761 et
3191 2706 3257 2760 ad
3285 2705 3514 2761 seditio-

1916 2815 2040 2856 nem
2064 2801 2470 2868 clamoremque
2504 2799 2712 2854 infelici
2746 2800 2945 2870 populo
2976 2801 3274 2869 concitato,
3312 2799 3518 2855 nullam

1916 2896 2076 2950 aliam
2123 2893 2429 2950 invenerint
2481 2908 2703 2949 causam
2759 2893 3162 2949 interfectionis
3203 2893 3363 2963 ejus,
3415 2894 3520 2949 nisi

1915 2991 2058 3063 quod
2098 3007 2188 3045 rex
2219 2991 2531 3046 Judzenrum
2562 3001 2729 3045 esset.
2767 2988 2836 3044 Et
2864 2989 2940 3044 illi
2971 2988 3198 3044 for-itan
3227 2989 3518 3043 illudentes

1915 3086 2271 3155 ridentesque
2322 3084 2422 3139 hoc
2479 3081 2725 3138 fecerint.
2777 3081 3048 3138 Caeterum
3098 3082 3303 3138 Pilatus
3349 3083 3515 3138 etiam

1915 3178 2228 3234 nolentibus
2261 3177 2575 3248 respondit:
2621 3175 2774 3243 Quod
2806 3177 3025 3247 scripsi,
3056 3177 3263 3245 scripsi.
3301 3176 3511 3244 Velitis,

217 3256 341 3314 latus
368 3271 470 3327 est,
499 3273 566 3319 et
592 3265 920 3325 crueitixus:
953 3269 1030 3322 sic
1066 3285 1164 3338 pro
1191 3272 1434 3326 omnium
1457 3274 1633 3327 salute
1653 3246 1806 3343 quasi
1837 3246 1880 3308 Ο
1916 3271 2120 3333 nolitis.
2142 3246 2544 3336 Jndzeipomnis
2558 3269 2713 3324 vobis
2733 3246 2978 3339 gentium
3006 3271 3161 3325 turba
3186 3271 3514 3339 respondet:

219 3354 390 3409 noxius
433 3357 586 3412 inter
617 3359 809 3413 noxios
837 3361 1268 3431 crucifigeretur.
1300 3365 1396 3420 Sin
1441 3374 1622 3420 autem
1652 3368 1805 3437 quis-

216 3447 340 3515 piam
393 3451 742 3510 contendere
768 3456 1017 3520 voluerit,
1050 3457 1175 3513 ideo
1206 3459 1276 3512 ibi
1311 3459 1601 3516 Dominum
1631 3463 1810 3516 cruci-

217 3537 386 3608 ﬁxum,
414 3553 472 3599 ut
497 3547 730 3616 sanguis
754 3549 923 3618 ipsius
943 3564 1110 3620 super
1130 3552 1260 3607 Adae
1289 3555 1551 3609 tumulum
1577 3556 1807 3610 distilla.

217 3647 321 3701 ret,
369 3638 782 3712 interrogemus
813 3658 937 3699 eum
965 3689 980 3712 ,
1027 3660 1198 3714 quare
1244 3657 1298 3702 et
1344 3648 1435 3701 alii
1477 3648 1720 3703 latrones
1751 3650 1803 3702 in

218 3729 389 3784 eodem
414 3733 542 3788 loco
565 3735 821 3791 crucifixi
843 3737 985 3791 sint?
1014 3739 1088 3792 Ex
1115 3755 1224 3810 quo
1251 3751 1476 3811 apparet
1497 3742 1800 3798 Calvariam

220 3833 311 3874 non
332 3825 648 3893 sepulcrum
675 3826 835 3897 primi
869 3830 1128 3895 hominis,
1159 3833 1252 3886 sed
1289 3835 1463 3887 locum
1496 3834 1803 3903 signiﬁcare

220 3910 631 3985 decollatorum,
666 3930 724 3973 ut
763 3921 856 3974 ubi
897 3922 1196 3978 abundavit
1240 3938 1523 3996 peccatum
1550 3971 1562 3990 ,
1608 3943 1803 3997 super-

219 4004 498 4065 abundaret
523 4012 701 4082 gratia
718 4013 898 4082 (Rom.
919 4014 993 4086 v).
1012 4016 1183 4072 Adam
1215 4034 1344 4074 vero
1363 4021 1631 4089 sepultum
1647 4021 1800 4090 juxta

221 4093 470 4158 l’llebron
529 4114 586 4161 et
638 4106 858 4172 Arbee,
910 4111 963 4163 in
1011 4109 1139 4165 Jesu
1193 4112 1284 4165 lilii
1330 4112 1474 4167 Nare.
1525 4115 1800 4171 volumine

220 4187 425 4262 legimus
450 4195 594 4267 (los.
631 4199 768 4271 xlv).

281 4285 456 4353 (Vers.
479 4291 600 4362 54.)
631 4292 700 4346 Et
720 4294 972 4349 dederunt
995 4297 1043 4349 ei
1077 4307 1097 4337 ο
1129 4310 1330 4353 acetum
1355 4301 1520 4355 bibere
1547 4320 1660 4356 cum
1689 4305 1808 4376 felle

283 4457 302 4484 "
320 4452 492 4521 Atque
516 4453 589 4506 ita
615 4453 836 4514 quidem
864 4465 1154 4510 senserunt
1179 4455 1343 4511 Paula
1367 4468 1426 4513 et
1444 4458 1800 4516 Eustochium

221 4517 377 4588 Epist.
403 4517 575 4601 :inter
619 4524 1225 4601 IlierOnymianasMi,
1253 4529 1322 4601 ad
1358 4529 1684 4598 Marcellam,
1718 4533 1802 4587 cui

220 4596 620 4674 conscribendae
650 4596 848 4674 seu_~ns
877 4596 1200 4674 p'rajstitisse
1249 4596 1806 4674 liierOuymum,'vul-

219 4677 351 4744 garts
377 4668 568 4744 opinio
597 4677 702 4720 est.
733 4666 930 4744 Locus,
979 4671 1264 4744 inquiunt,
1297 4673 1350 4726 in
1393 4666 1493 4744 qu'o
1524 4676 1805 4744 cruciﬁxus

222 4745 286 4818 est
314 4735 563 4818 Dominus
597 4752 770 4818 noster
790 4735 1638 4818 Δϐᾳιυίινξτιἰιρρειιαιιιικ’δεξιὴ-ει,
1667 4735 1804 4818 quod

219 4805 288 4881 ibi
315 4809 377 4860 sit
416 4812 619 4881 antiqui
660 4811 884 4865 hominis
909 4805 1153 4866 Calt'aria
1187 4805 1428 4878 condita,
1463 4827 1518 4869 ut
1549 4805 1803 4872 secundus

220 4877 366 4956 Adam
385 4922 398 4941 ,
422 4883 478 4934 id
523 4877 630 4947 est,
659 4885 870 4953 sanguis
893 4882 1087 4938 Christi
1114 4885 1176 4938 de
1204 4903 1355 4940 cruce
1379 4877 1584 4941 stillans
1602 4932 1613 4948 .
1651 4892 1805 4956 primi

219 4948 367 5027 fidam
398 4962 444 5027 et
464 4956 698 5027 jacentis
735 4948 1044 5027 prolaplasti
1073 4971 1284 5024 peccata
1324 4959 1564 5014 dilueret.
1606 4948 1801 5015 Verum

222 5018 342 5099 [nunc
360 5018 527 5078 veluti
554 5018 792 5099 fabulam
818 5018 935 5099 ipse
966 5018 1094 5081 alilii
1120 5028 1489 5099 Hieronymus
1525 5031 1800 5086 exsufﬂat.

219 5087 377 5170 Quem
405 5111 546 5170 vero
574 5097 662 5170 lue
691 5113 750 5153 se
781 5087 917 5152 dicit
950 5099 1225 5154 audivisse
1246 5146 1258 5166 ,
1294 5087 1353 5154 in
1387 5099 1804 5158 Commentariis

222 5163 265 5213 itt
290 5163 455 5239 Epist.
475 5167 548 5239 _nd
575 5169 840 5238 Ephesios
864 5171 1025 5234 v.14,
1051 5163 1360 5239 diligentius
1384 5173 1662 5229 describit.
1681 5174 1804 5229 Scio

222 5248 310 5318 me,
341 5237 541 5318 inquit,
573 5237 840 5318 audivisse
880 5237 1173 5318 quemdam
1189 5244 1252 5294 de
1279 5245 1373 5297 hoc
1397 5243 1511 5298 loco
1537 5245 1807 5318 disputan-

222 5310 330 5370 tem,
353 5312 523 5384 quiin
556 5313 812 5366 theatrale
840 5313 1470 5384 miraculummumquum
1498 5310 1808 5374 ante'risam

225 5383 400 5454 populo
426 5382 648 5450 formam
673 5384 925 5449 exhibuit,
952 5395 1005 5437 ut
1028 5383 1284 5451 placeret:
1311 5382 1659 5442 testimonium
1688 5388 1808 5454 hoc,

224 5453 576 5530 inquiens,_qd
605 5456 773 5508 Adam
806 5457 997 5530 dicitur
1022 5457 1074 5508 in
1105 5456 1220 5509 loco
1244 5457 1500 5530 Caluaria:
1526 5453 1806 5530 sepultum,

225 5518 305 5571 ubi
351 5524 635 5597 crucifixus
684 5537 760 5581 est
810 5525 1058 5580 Dominus
1086 5569 1098 5587 ,
1153 5530 1243 5597 qui
1294 5528 1548 5583 Calvuria:
1582 5518 1808 5584 'idcirro

225 5593 509 5669 appellatus
533 5607 625 5661 est,
651 5599 793 5668 quod
820 5599 888 5650 ibi
914 5599 1114 5669 antiqui
1142 5593 1366 5653 hominis
1393 5613 1520 5654 esset
1545 5603 1808 5656 conditum

227 5675 389 5730 caput.
421 5664 532 5721 ιιιο
566 5664 686 5740 ergo
731 5683 988 5738 fentpore,
1036 5664 1137 5735 quo
1187 5671 1470 5740 cruriﬁaus
1521 5674 1808 5740 Dominus,

239 5749 383 5813 super
405 5742 521 5810 ejus
548 5742 706 5810 pend.
722 5742 806 5794 bat
835 5744 1129 5811 sepulcrum
1155 5788 1167 5809 ,
1212 5741 1322 5797 hwc
1367 5746 1640 5813 praphetia
1683 5763 1826 5799 com-

244 5806 369 5871 pleta
397 5806 503 5877 est,
543 5806 758 5868 dicens:
787 5806 994 5884 Surge,
1028 5806 1199 5869 Adam
1222 5859 1237 5881 ,
1270 5806 1621 5880 nui'doi'nns.
1655 5830 1709 5872 et
1740 5833 1828 5872 ex-

1912 3367 2072 3424 Jesus
2100 3383 2193 3422 rex
2214 3367 2526 3422 Iudaeorum
2552 3374 2659 3430 est,
2691 3365 2791 3420 hoc
2812 3375 2918 3432 est,
2956 3367 3254 3437 imperator
3283 3365 3515 3421 creden-

1913 3465 2046 3518 tium
2079 3473 2135 3517 et
2160 3459 2556 3517 contltentium.

1985 3557 2164 3625 (Vers.
2185 3557 2303 3627 58.)
2325 3556 2468 3610 Tunc
2493 3556 2731 3626 cruci/ixi
2755 3565 2873 3610 sunt
2896 3573 3014 3609 cum
3036 3573 3095 3611 eo
3121 3557 3227 3612 duo
3257 3559 3510 3623 latrones,

1914 3669 2047 3706 unus
2076 3669 2108 3705 a
2138 3651 2353 3718 dextris,
2389 3660 2434 3704 et
2467 3667 2601 3704 unus
2627 3667 2658 3703 a
2680 3650 2922 3704 sinistris.
2945 3650 2999 3703 Si
3031 3649 3300 3722 Golgotha
3334 3661 3513 3707 tumu-

1911 3745 1997 3800 lus
2038 3756 2121 3800 est
2165 3744 2337 3800 Adam
2365 3787 2378 3809 ,
2428 3755 2484 3798 et
2536 3760 2643 3798 non
2686 3743 3066 3798 damnatorum
3104 3746 3277 3810 locus,
3309 3754 3361 3800 et
3389 3745 3510 3800 ideo

1914 3839 2172 3892 Dominus
2204 3837 2276 3891 ibi
2305 3837 2668 3907 crucifigitur,
2701 3845 2759 3889 ut
2789 3837 3016 3891 suscitet
3054 3836 3251 3903 Adam,
3287 3838 3396 3892 duo
3428 3838 3508 3890 Ia-

1911 3942 2095 3986 troncs
2117 3945 2284 4000 quare
2310 3929 2361 3983 in
2389 3929 2507 3982 loco
2538 3929 2648 3984 isto
2676 3928 2870 3984 eodem
2901 3928 3341 3997 cruciﬁguntur?

1985 4024 2165 4092 (Vers.
2188 4025 2256 4076 59
2274 4025 2452 4091 seqq.)
2480 4020 2860 4075 Prtetereuntes
2882 4020 3514 4092 autemzblasphemabant

1913 4133 2026 4173 eum
2075 4126 2332 4171 moventes
2363 4117 2536 4187 capita
2565 4131 2690 4181 sua,
2730 4122 2777 4166 et
2807 4115 3072 4167 dicentes:
3110 4112 3228 4166 Vah
3254 4113 3275 4166 ,ν
3300 4114 3388 4182 qui
3413 4114 3509 4166 de-

1910 4210 2070 4266 struis
2093 4211 2334 4278 templum
2365 4207 2482 4269 Dei,
2508 4218 2554 4261 et
2579 4208 2632 4260 in
2664 4206 2836 4260 triduo
2858 4206 2991 4260 illud
3017 4207 3308 4276 rewdiﬁcas
3327 4251 3342 4273 ,
3368 4207 3511 4261 salva

1912 4306 2272 4376 temetipsum;
2303 4303 2346 4357 si
2379 4301 2557 4356 Filius
2590 4301 2689 4354 Dei
2719 4317 2770 4354 es
2790 4343 2804 4366 ,
2839 4301 3091 4355 descende
3119 4301 3185 4354 de
3215 4317 3386 4356 cruce.
3424 4302 3485 4357 Si
3503 4334 3519 4346 ο

1912 4462 2168 4531 Χριστὸς,
2200 4459 2253 4511 id
2274 4467 2377 4531 est,
2409 4454 2737 4531 orietnr‘tibi
2769 4453 3051 4531 Christus,
3075 4457 3168 4531 sed
3205 4458 3510 4531 ἐπιφαύσει.

1915 4481 1953 4516 λ
1993 4482 2168 4525 ιστος,
2200 4481 2250 4511 tu
2274 4481 2377 4519 eu,
2409 4481 2615 4511 urtcutr
2644 4481 2737 4509 ιιυι
2769 4481 3051 4522 υιιιΊδιυδ,
3075 4481 3161 4512 seu
3205 4481 3510 4531 επιψαυσει,

1915 4481 1987 4586 ili
2012 4542 2086 4586 est
2116 4574 2130 4595 ,
2177 4529 2453 4598 continget
2503 4538 2553 4582 te
2598 4527 2868 4581 Christus.
2901 4526 3037 4594 Quia
3084 4530 3321 4584 videlicet
3369 4540 3510 4582 tactu

1913 4605 2179 4673 sanguinis
2207 4601 2404 4667 ipsius,
2447 4612 2491 4652 et
2539 4599 2767 4670 corporis
2813 4598 3163 4673 dependentis
3190 4600 3505 4670 ririﬁcetur.

1913 4671 2066 4745 atque
2089 4681 2368 4743 consurgat
2390 4714 2419 4745 ._
2452 4681 2500 4724 et
2510 4682 2647 4745 _tunc
2679 4683 2855 4739 typum
2881 4688 3079 4740 quoque
3104 4671 3254 4724 illum
3297 4673 3510 4725 veritate

1913 4741 2163 4814 compleri
2191 4786 2203 4806 .
2244 4741 2454 4815 quando
2501 4741 2724 4815 Elisa’us
2769 4754 3004 4796 mortuus
3047 4756 3303 4796 mortuum
3345 4745 3511 4815 susci-

1914 4813 2056 4873 tavit.
2085 4815 2211 4870 Ha'c
2253 4813 2425 4868 utrum
2463 4831 2578 4867 veru
2621 4813 2752 4873 sint,
2794 4829 2881 4865 nec
2923 4831 2985 4866 ne
3011 4855 3025 4878 ,
3056 4815 3262 4868 lectoris
3291 4814 3510 4868 arbitrio

1912 4889 2236 4956 derelinquo.
2259 4885 2405 4940 Certe
2441 4896 2562 4939 tunc
2602 4885 2652 4936 in
2697 4885 2887 4954 popqu
2929 4885 3069 4938 dicta
3108 4885 3436 4951 placuerunt,
3461 4895 3508 4939 et

1911 4959 2135 5032 quodam
2153 4957 2351 5032 plausu
2380 4974 2440 5032 ac
2467 4956 2696 5032 tripudio
2723 4964 2838 5032 sun_t
2865 4956 3228 5032 ea'cepta._an
3256 4957 3504 5032 quaidam

1911 5026 2328 5087 observabimus
2371 5029 2436 5082 ad
2485 5026 2758 5095 ltujusmet
2796 5028 3048 5096 Epistolas
3099 5026 3286 5082 locum
3321 5046 3333 5081 :
3368 5029 3505 5080 asti-

1913 5104 2222 5175 pulatorem
2289 5101 2434 5175 enim
2483 5099 2564 5175 _S.
2632 5097 2979 5175 Ambrosium
3055 5101 3224 5175 inter
3279 5109 3506 5175 tu-teros

1915 5169 2099 5244 inagui
2155 5174 2394 5244 nominis
2445 5173 2592 5224 viros
2651 5170 3004 5244 lnrc__opinio
3065 5171 3282 5244 habu_it_.
3318 5169 3505 5244 7Com-

1915 5241 2150 5302 menlar.
2184 5247 2238 5298 in
2288 5243 2488 5298 Lucam
2531 5257 2700 5305 χχιιι,
2746 5241 2832 5296 ubi
2861 5251 2948 5310 et,
2981 5244 3123 5312 quod
3163 5241 3384 5295 difficile
3422 5249 3507 5296 est

1911 5317 2126 5373 creditu
2156 5362 2170 5384 ,
2218 5325 2534 5387 prognatam
2586 5314 2653 5368 ab
2701 5313 2947 5369 ilebraais
2989 5313 3153 5368 tradit
3185 5312 3351 5368 fuisse
3381 5327 3506 5367 sen-

1913 5392 2160 5446 tentiam.

1988 5460 2015 5499 ι)
2039 5459 2239 5514 Confer
2271 5457 2469 5511 librum
2504 5457 2573 5511 de
2603 5456 2760 5511 Locis
2788 5455 2855 5510 ad
2885 5471 3073 5510 vocem
3104 5453 3512 5510 Arboc.Viden-

1919 5533 2022 5587 dus
2054 5545 2271 5597 quoque
2305 5528 2363 5583 S.
2400 5528 2736 5597 Epiphanius
2763 5539 2948 5582 contra
2980 5527 3290 5581 Tatianum.

1998 5615 2018 5641 ε
2049 5603 2301 5665 Plerique
2329 5614 2518 5652 omnes
2541 5615 2674 5652 tuss.
2695 5641 2708 5656 .
2741 5599 2912 5650 uiuum
2943 5613 3039 5667 pro
3068 5608 3214 5650 aceto
3249 5597 3336 5652 hic
3375 5611 3519 5665 pra:-

1923 5675 2126 5730 ferunt.
2162 5673 2266 5727 Sed
2297 5680 2350 5724 et
2379 5669 2554 5724 Cra-ci
2587 5669 2865 5736 archetypi
2898 5669 3105 5722 variant
3137 5669 3516 5738 exemplaria:

1925 5746 2044 5800 aliis
2074 5741 2220 5805 οἶνον,
2255 5743 2376 5795 aliis
2409 5737 2520 5806 ὅξος
2550 5739 2979 5809 praeferentibus.

2001 5815 2029 5853 ιι
2053 5816 2204 5872 Unus
2230 5815 2523 5876 Palatinus,
2552 5810 2688 5879 quod
2711 5810 2968 5866 credentes
2992 5811 3141 5884 falsis
3163 5812 3409 5870 testibus:
3430 5810 3523 5866 alii

247 5889 398 5949 surge
447 5896 476 5936 a
523 5885 752 5941 mortuis
777 5928 791 5953 ,
830 5897 877 5940 et
902 5883 1020 5941 non
1070 5896 1124 5940 ut
1165 5885 1416 5958 legimus,
1458 5889 1725 5956 ἐπιφαύσει
1755 5912 1837 5945 σοι
1935 5903 2125 5946 vocem
2157 5888 2321 5954 pretio
2350 5893 2558 5941 tantum
2591 5883 3067 5957 pra'termittunt._
