3978 6338
456 323 566 381 215

1710 327 1770 384 S.
1814 327 2085 386 EUSEBII
2124 329 2501 390 HIERONYMI

3660 334 3765 393 illi

459 439 695 497 nobilem
722 450 888 512 atque
911 440 1236 498 ditissimmn
1277 441 1482 498 referat
1507 441 1667 499 Iesus
1697 440 1866 498 fuisse
1896 443 2067 501 disci-
2092 445 2146 507 Α
2171 445 2467 503 diceretur.
2495 446 2652 514 Quod
2680 456 2861 503 autem
2902 447 2955 504 in
2986 448 3237 516 sepulcro
3267 448 3549 521 ponendus
3575 462 3763 518 esset,

460 536 687 607 pulum;
731 536 829 591 sed
853 545 911 592 ut
943 536 1196 593 ostendat
1217 551 1435 592 causam
1474 552 1643 608 quare
1677 553 1706 591 a
1742 537 1918 595 Pilato
1944 555 2067 595 cor-

463 641 566 697 pus
585 625 715 683 Iesu
733 627 967 697 poluerit
991 627 1305 700 impetrare.
1355 628 1614 699 Pauperis
1640 631 1787 686 enini
1815 642 1869 686 et
1901 632 2066 703 ignoti

466 734 573 775 non
613 728 733 775 erat
777 719 844 775 ad
873 719 1110 775 Pilatum
1162 720 1448 790 praesidem
1477 720 1740 778 Romana:
1780 723 2069 793 potestatis

463 813 749 879 accedere,
780 825 835 870 et
855 813 1100 870 cruciﬁxi
1130 815 1743 885 corpusimpetrareJn
1762 817 1871 873 alio
1893 817 2066 874 Evan-

468 907 659 977 gelista
689 906 843 977 (Luc.
891 908 1054 975 χχιιι)
1083 907 1286 979 Ioseph
1329 908 1432 964 iste
1454 918 1479 946 α
1505 910 1787 983 βουλευτὴς
1820 913 2066 982 appella-

472 1009 581 1066 tus,
612 1001 663 1055 id
692 1009 818 1071 est,
873 999 1208 1057 consiliarius
1231 1044 1246 1069 ,
1293 1010 1350 1056 et
1384 1002 1452 1057 de
1488 1003 1607 1072 ipso
1631 1004 1851 1073 quidam
1882 1014 2075 1075 putant

468 1093 702 1161 primum
746 1094 1010 1160 psalmum
1052 1109 1175 1149 esse
1220 1094 1580 1165 compositum
1607 1112 1626 1151 :
1665 1094 1856 1151 Beatus
1886 1098 1963 1151 vir
1982 1098 2072 1167 qui

469 1203 572 1242 non
601 1188 725 1241 abiit
756 1188 808 1242 in
830 1190 1049 1243 consilio
1079 1189 1379 1259 impiorum,
1412 1201 1465 1247 et
1493 1192 1720 1262 reliqua.

540 1279 726 1351 (Vers.
744 1280 859 1351 39.)
883 1278 953 1333 Et
973 1289 1185 1354 accepto
1203 1282 1474 1355 corpore}
1488 1284 1684 1357 Ioseph
1705 1284 1920 1340 involvit
1938 1286 2074 1343 illud

470 1378 525 1430 in
566 1376 785 1430 sindone
832 1377 1047 1431 munda.
1096 1376 1172 1431 Ex
1221 1376 1458 1447 simplici
1505 1379 1782 1448 sepultura
1818 1380 2070 1448 Domini,

471 1467 697 1523 ambitio
720 1468 942 1522 divitum
970 1468 1387 1538 condemnatur,
1417 1470 1507 1541 qui
1535 1487 1603 1526 ne
1631 1472 1682 1525 in
1708 1474 1930 1529 tumulis
1953 1474 2076 1545 qui—

470 1560 596 1616 dem
627 1572 853 1630 possunt
879 1576 1071 1617 carere
1109 1561 1336 1618 divitiis.
1389 1563 1685 1620 Possumus
1713 1575 1893 1623 autem
1918 1567 2075 1638 juxta

471 1652 887 1722 intelligentiam
901 1654 1237 1725 spiritualein
1262 1666 1318 1710 et
1346 1653 1450 1712 hoc
1465 1656 1671 1713 sentire
1684 1702 1693 1722 ,
1708 1659 1855 1727 quod
1880 1674 2077 1730 corpus

479 1744 689 1799 Domini
723 1759 830 1799 non
864 1762 1019 1812 auro,
1050 1746 1280 1816 gemmis
1303 1757 1359 1803 et
1386 1750 1596 1813 serico,
1626 1749 1723 1807 sed
1756 1752 2077 1836 Ieiiteainine

2172 538 2451 608 prophetae
2480 539 2848 596 testimonium
2874 551 2980 606 est,
3013 541 3281 597 dicentis:
3321 541 3421 597 Hic
3442 542 3694 598 habitabit
3715 545 3770 600 iis

2169 631 2342 687 excisa
2383 632 2629 705 spelunca
2656 644 2815 705 petris
2854 634 3152 704 fortissima:
3182 633 3202 706 (
3227 631 3357 688 Isai.
3391 650 3558 690 xxxiii
3584 677 3600 702 ,
3633 635 3767 707 i6).

2171 722 2475 794 Statimque
2501 732 2620 794 post
2643 723 2781 780 duos
2804 724 3102 781 versiculos
3122 726 3365 797 sequitur
3390 744 3404 780 :
3436 726 3637 801 Regem
3656 744 3774 783 cuni

2170 815 2339 889 gloria
2363 816 2600 871 videbitis
2627 814 2822 891 (Ibid.,
2849 818 2965 888 17).

2244 910 2373 979 Cap.
2403 909 2639 965 XXVIII.
2660 941 2732 951 —
2753 909 2913 966 Vers.
2942 911 3021 983 1.)
3090 910 3307 986 Vespere
3359 923 3533 969 autem
3572 915 3775 971 sabbati

2172 1018 2287 1073 qua:
2316 1002 2522 1058 lucescit
2547 1003 2602 1058 in
2625 1004 2793 1075 prima
2814 1002 3012 1059 sabbati
3035 1046 3051 1069 ,
3102 1007 3239 1060 venit
3263 1004 3438 1060 Maria
3459 1006 3778 1080 Hagdalene

2174 1104 2220 1148 et
2250 1097 2416 1149 altera
2458 1094 2632 1150 Maria
2669 1095 2841 1152 videre
2868 1098 3181 1169 sepulcrm».
3215 1098 3367 1167 Quod
3389 1099 3606 1155 diversa
3637 1110 3778 1157 tetu-

2176 1201 2306 1255 pora
2350 1188 2575 1243 istarum
2607 1189 2897 1245 mulierum
2926 1191 2982 1243 iii
3008 1189 3319 1261 Evangeliis
3347 1191 3777 1260 describuntur,

2178 1299 2284 1340 non
2328 1285 2596 1341 mendacii
2627 1285 2841 1357 signum
2883 1297 2967 1342 est
2993 1326 3009 1352 ,
3057 1296 3115 1341 ut
3144 1285 3298 1357 impii
3322 1287 3591 1358 objiciunt
3617 1330 3634 1353 ,
3681 1286 3781 1343 sed

2177 1375 2384 1431 sedulae
2418 1376 2745 1433 visitationis
2768 1376 3004 1432 ofﬁcium
3031 1422 3043 1446 ,
3091 1377 3219 1432 dum
3246 1377 3442 1433 crebro
3483 1377 3691 1433 abeunt
3721 1394 3784 1433 ac

2179 1477 2466 1523 recurrunt
2492 1508 2507 1534 ,
2558 1481 2611 1526 et
2648 1485 2755 1525 nou
2796 1470 3125 1540 patiuntura
3165 1471 3414 1541 sepulcro
3446 1469 3783 1527 Doniiuidiu

2180 1560 2375 1618 abesse
2399 1562 2480 1616 vel
2501 1562 2736 1631 longius.

2252 1652 2434 1726 (Vers.
2458 1653 2517 1722 2,
2545 1652 2627 1726 ὅ.)
2659 1652 2727 1710 Et
2753 1671 2866 1710 ecce
2886 1663 3206 1710 terrtvniotus
3247 1656 3414 1726 factus
3438 1666 3511 1711 est
3536 1672 3785 1727 magnus.

2182 1745 2407 1816 Angelus
2434 1746 2575 1801 enim
2607 1744 2820 1801 Domini
2847 1747 3109 1801 descendit
3137 1747 3200 1802 de
3231 1753 3357 1803 caelo
3381 1789 3395 1813 ,
3421 1756 3469 1803 et
3495 1750 3787 1816 accedens,

474 1853 613 1908 puro
641 1839 1044 1895 obvolvendum
1076 1841 1171 1909 sit,
1206 1857 1536 1912 quamquam
1567 1855 1620 1897 ei
1651 1844 1757 1900 hoc
1781 1846 2071 1916 signiticet,
2108 1853 2153 1913 Β
2179 1837 2386 1893 revolvit
2405 1839 2712 1913 lnpidem,et
2737 1839 3105 1913 sedebatsuper
3122 1858 3259 1896 eum.
3284 1839 3415 1896 Erat
3435 1851 3610 1898 autem
3634 1858 3789 1909 aspe-

475 1930 619 2001 quod
648 1931 740 1986 ille
770 1932 821 1986 in
846 1931 1074 1987 sindone
1099 1932 1297 1990 munda
1324 1934 1553 1991 involvit
1581 1935 1791 2006 Iesum,
1822 1940 1914 2010 qui
1943 1955 2078 2011 pura

485 2031 669 2079 mente
698 2038 823 2079 eum
856 2027 1183 2094 susceperit.

551 2114 732 2186 (Vers.
764 2116 879 2187 60.)
915 2117 977 2171 Et
1002 2119 1178 2189 posuit
1205 2120 1341 2175 illud
1369 2122 1419 2175 in
1448 2134 1778 2179 monumento
1804 2142 1899 2180 suo
1925 2143 2079 2193 novo,

477 2209 615 2279 quod
642 2210 906 2264 exciderat
935 2213 990 2265 in
1013 2224 1179 2284 petra,
1210 2224 1259 2268 et
1284 2215 1509 2270 advolvit
1534 2234 1720 2272 saxum
1740 2236 1987 2290 magnum
2013 2220 2082 2274 ad

481 2303 671 2358 ostium
701 2311 1061 2374 monumenti,
1107 2317 1152 2361 et
1180 2308 1330 2365 abiit.
1383 2309 1439 2365 In
1467 2326 1611 2367 novo
1642 2315 1862 2383 ponitur
1890 2329 2083 2371 monti-

480 2406 666 2451 mento
684 2438 698 2464 ,
732 2412 799 2453 ne
830 2407 949 2466 post
978 2401 1435 2458 resurrectionem
1457 2450 1471 2474 ,
1512 2407 1729 2462 caeteris
1757 2408 2081 2478 corporibus

485 2490 933 2558 remanenlihus,
960 2493 1327 2550 resurrexisse
1359 2495 1497 2552 alius
1530 2497 1847 2568 fingeretur.
1897 2500 2083 2557 Potest

481 2590 728 2638 autemet
744 2601 941 2640 novuin
966 2589 1276 2657 sepulcrum
1310 2588 1491 2647 Maria:
1518 2594 1837 2665 virginalem
1866 2606 2079 2652 uterum

481 2675 860 2735 demonstrare
892 2697 905 2732 :
938 2695 1239 2749 saxumque
1267 2683 1411 2738 ostio
1438 2686 1772 2755 appositum,
1805 2696 1861 2741 et
1890 2705 2077 2744 saxum

480 2783 736 2838 magnum
760 2771 1052 2827 ostendere
1077 2773 1496 2843 absqueauxilio
1520 2776 1876 2846 plurimorum
1900 2780 2081 2851 sepul-

477 2877 633 2918 crum
667 2880 772 2919 non
808 2867 1055 2933 potuisse
1083 2869 1343 2924 reserari.

553 2955 734 3029 (Vers.
766 2958 831 3013 61
856 2964 1039 3030 seqq.)
1068 2959 1200 3016 Erat
1246 2972 1420 3019 autem
1450 2965 1518 3019 ibi
1547 2964 1723 3021 Maria
1767 2968 2083 3041 Magdalene

480 3062 526 3105 et
567 3051 732 3105 altera
782 3050 957 3107 Maria
984 3096 1000 3119 ,
1048 3055 1285 3111 sedentes
1322 3066 1504 3111 contra
1534 3059 1848 3132 sepulcrum.
1900 3062 2082 3118 Altera

480 3153 655 3197 autem
684 3143 767 3199 die
789 3162 906 3216 quin
947 3155 1022 3201 est
1048 3156 1164 3220 post
1194 3166 1525 3219 parasceven,
1558 3164 1898 3209 convenerunt
1929 3157 2079 3227 prin-

2185 1940 2295 1987 ctus
2316 1935 2427 2006 ejus
2443 1934 2574 1987 sicut
2595 1934 2770 2004 fulgur
2812 1931 2922 2004 [AL
2940 1930 3140 2006 fulgor]
3163 1974 3178 1999 ,
3211 1944 3257 1988 et
3295 1934 3657 1989 vestimentum
3679 1936 3792 2004 ejus

2183 2024 2315 2079 sicut
2337 2027 2449 2082 nix.
2481 2025 2745 2082 Dominus
2771 2040 2958 2083 noster
2975 2041 3117 2083 unus
3140 2037 3301 2099 atque
3323 2025 3464 2083 idem
3486 2026 3664 2083 Filius
3693 2026 3790 2083 Dei

2184 2129 2233 2174 et
2266 2118 2438 2174 Filius
2477 2119 2738 2185 hominis,
2777 2120 2933 2190 juxta
2965 2130 3255 2188 utramque
3278 2130 3547 2183 naturam,
3582 2119 3790 2175 divini-

2186 2213 2312 2268 tatis
2338 2224 2393 2270 et
2429 2216 2642 2275 carnis.
2678 2213 2836 2287 241
2870 2231 3011 2270 nunc
3041 2213 3427 2285 magnitudinis
3456 2229 3607 2281 suae,
3642 2228 3793 2269 nunc

2188 2305 2512 2363 humilitatis
2540 2307 2692 2376 signa
2735 2308 3098 2362 demonstrat.
3148 2305 3304 2364 Unde
3331 2316 3387 2362 et
3429 2310 3482 2361 in
3527 2306 3792 2376 praesenti

2186 2397 2328 2465 loco,
2358 2414 2682 2471 quamquam
2712 2400 2875 2456 homo
2902 2400 2975 2455 sit
3001 2401 3091 2470 qui
3120 2399 3418 2456 cruciﬁxus
3443 2409 3550 2467 cst,
3583 2402 3681 2471 qui
3705 2416 3795 2456 se-

2186 2494 2371 2565 pultus
2410 2504 2531 2562 est,
2562 2495 2653 2567 qui
2683 2494 2906 2550 clausus
2937 2494 3178 2562 tumulo,
3210 2510 3369 2562 quem
3398 2494 3535 2565 lapis
3568 2493 3796 2564 opposi-

2186 2596 2271 2642 tus
2300 2588 2537 2655 cohibet,
2574 2600 2753 2644 tamen
2784 2605 2905 2658 quae
2931 2588 3062 2643 foris
3093 2597 3345 2659 aguntur,
3372 2588 3682 2643 ostendunt
3707 2587 3795 2643 Fi-

2185 2682 2315 2738 lium
2367 2684 2495 2751 Dei,
2537 2684 2620 2739 sol
2660 2683 2909 2754 fugietis,
2966 2686 3203 2740 tenebras
3242 2685 3594 2754 ingrueiites,
3643 2694 3793 2740 terra

2184 2785 2478 2842 Commota,
2511 2778 2689 2832 velunt
2719 2778 2971 2841 scissum,
3004 2791 3133 2831 saxa
3158 2776 3400 2847 dirupta,
3433 2774 3637 2832 mortui
3669 2792 3796 2832 sus-

2185 2868 2357 2936 citati,
2381 2872 2700 2940 angelorum
2715 2870 3038 2936 ministeria,
3062 2886 3186 2941 quae
3206 2870 3274 2925 ab
3297 2870 3456 2927 initio
3481 2869 3794 2925 nativitatis

2184 2962 2302 3033 ejus
2326 2964 2491 3019 Deum
2516 2966 2836 3035 probabant.
2866 2964 2948 3021 Ad
2977 2964 3197 3021 Mariam
3221 2964 3440 3022 Gabriel
3462 2965 3631 3030 venit,
3661 2979 3794 3020 cum

2184 3054 2385 3124 Ioseph
2418 3057 2641 3128 angelus
2673 3058 2946 3129 loquitur;
2993 3057 3138 3113 idem
3168 3057 3485 3130 pastoribus
3524 3059 3790 3123 nuntiat,

2183 3149 2501 3219 angelorum
2521 3160 2705 3217 postea
2723 3149 2942 3205 auditur
2969 3152 3170 3205 chortis
3213 3149 3513 3206 dicentium
3544 3167 3559 3204 :
3592 3146 3792 3204 Gloria

480 3234 619 3308 cipes
645 3235 979 3291 sacerdotum
1000 3248 1046 3293 et
1078 3237 1333 3295 Pharisaei
1351 3240 1515 3314 250
1533 3250 1604 3298 ad
1630 3244 1882 3316 Pilatum,
1906 3248 2081 3303 dicen.
2111 3243 2157 3307 (ζ
2187 3241 2241 3295 in
2270 3242 2482 3297 excelsis
2512 3240 2638 3304 Deo,
2669 3252 2715 3298 et
2736 3242 2789 3296 in
2816 3252 2952 3298 terra
2972 3259 3076 3315 pax
3103 3240 3398 3297 hominibus
3419 3242 3566 3297 bona!
3594 3245 3792 3296 volun-

480 3338 557 3383 tes
585 3346 604 3384 :
634 3328 876 3396 Domine,
904 3331 1162 3387 recordati
1190 3351 1390 3402 sumus,
1422 3337 1543 3407 quia
1566 3337 1811 3393 seductor
1836 3337 1925 3395 ille
1950 3341 2083 3396 dixit

478 3420 654 3476 adhuc
672 3423 845 3478 vivens
877 3438 896 3477 :
931 3422 1057 3478 Post
1086 3433 1187 3481 tres
1211 3425 1320 3481 dies
1341 3443 1628 3500 resurgam.
1663 3428 1892 3487 (laeteris
1918 3434 2083 3489 relin-

478 3515 772 3586 quenlibus
802 3516 1114 3581 Dominum,
1139 3518 1392 3575 mulieres
1420 3520 1471 3574 iii
1500 3519 1685 3577 ofﬁcio
1706 3536 2079 3594 perseverant,

477 3616 859 3677 exspectantes
881 3608 1023 3680 quod
1052 3611 1377 3680 promiserat
1403 3610 1560 3668 Iesus
1586 3657 1601 3683 ,
1625 3622 1683 3670 et
1708 3614 1834 3671 ideo
1861 3632 2078 3674 merue-

479 3710 609 3756 runt
640 3703 828 3773 primre
856 3702 1044 3759 videre
1074 3715 1476 3777 resurgentem,
1506 3708 1635 3779 quia
1666 3710 1756 3780 qui
1785 3726 2082 3778 persevera-

478 3797 606 3851 verit
642 3814 804 3869 usque
838 3799 894 3853 in
928 3799 1087 3868 ﬁnem
1109 3842 1124 3869 ,
1158 3801 1244 3855 llic
1271 3802 1445 3858 salvus
1472 3803 1568 3858 erit
1602 3804 1839 3875 (Matth.
1874 3823 1939 3871 χ,
1969 3805 2076 3873 2'2;

480 3902 630 3951 xxiv,
664 3888 734 3944 15
754 3889 793 3961 ).

551 3981 734 4053 (Vers.
758 3984 828 4039 64
852 3983 1177 4058 seqq.)Iube
1198 4002 1322 4058 ergo
1344 3989 1595 4043 custodiri
1614 3992 1907 4062 sepulcrum
1919 4010 2080 4062 usque

480 4077 536 4129 in
566 4076 703 4130 diem
730 4080 957 4146 tertium,
1001 4097 1063 4133 ne
1095 4083 1226 4148 forte
1247 4082 1452 4136 veniant
1477 4084 1723 4156 discipuli
1748 4089 1886 4154 eius,
1920 4098 1966 4142 et
1996 4090 2079 4159 fu-

474 4178 657 4220 rentur
686 4184 824 4234 eum,
868 4180 913 4223 et
940 4171 1118 4226 dicant
1145 4172 1299 4244 plebi,
1332 4176 1554 4229 surrexit
1581 4194 1614 4231 a
1639 4178 1876 4246 mortuis,
1908 4192 1955 4232 et
1983 4182 2079 4234 erit

477 4262 789 4318 novissimus
816 4282 960 4319 error
987 4270 1134 4339 pejor
1161 4268 1349 4339 priore.
1375 4269 1576 4324 Aitillis
1600 4268 1838 4328 Pilatus:
1862 4272 2077 4329 Habetis

474 4356 782 4411 custodiant.
819 4357 922 4424 Ite,
950 4361 1199 4415 custodite
1222 4361 1355 4416 sicut
1384 4365 1548 4420 scitis.
1575 4364 1603 4418 Ι
1612 4364 1670 4419 lli
1685 4376 1856 4420 autem
1878 4367 2075 4422 abeun-

474 4457 570 4514 tes,
601 4451 896 4504 munierunt
925 4451 1240 4524 sepulcrum,
1272 4458 1535 4527 signantes
1561 4457 1788 4530 lapidem
1815 4476 1931 4513 cum
1962 4476 2075 4515 cus-

473 4540 696 4596 todibus.
739 4540 855 4596 Non
901 4543 1189 4599 suffecerat
1220 4548 1554 4618 principibus
1582 4550 1927 4606 sacerdotum
1955 4593 1972 4617 ,
2019 4561 2075 4607 et

2187 3340 2308 3393 tatis
2324 3336 2477 3412 (Luc.
2498 3337 2579 3409 ii).
2601 3338 2862 3394 'l‘entalur
2880 3341 2932 3394 in
2950 3338 3263 3403 solitudine,
3289 3348 3346 3394 et
3364 3348 3483 3409 post
3499 3337 3791 3393 victoriam

2186 3435 2369 3490 statim
2408 3434 2654 3490 serviunt
2694 3434 2897 3505 angeli.
2933 3433 3086 3489 Nunc
3110 3448 3329 3504 quoque
3359 3432 3605 3504 Angelus
3631 3432 3793 3487 venit

2184 3534 2367 3581 custos
2430 3525 2666 3596 sepulcri
2716 3525 3022 3595 Dotninici,
3098 3534 3153 3580 et
3202 3526 3255 3578 in
3295 3525 3496 3581 vestitu
3545 3523 3792 3579 candido

2185 3617 2362 3687 signat
2387 3617 2617 3689 gloriam
2649 3618 3062 3688 triumphantis.
3100 3616 3324 3674 Necnon
3351 3616 3693 3673 ascendente
3722 3617 3791 3671 ad

2184 3710 2354 3765 caelos
2384 3710 2611 3765 Domino
2630 3752 2646 3776 ,
2683 3710 2792 3765 duo
2819 3710 2996 3780 angeli
3024 3712 3078 3765 in
3105 3709 3301 3765 Oliveti
3333 3717 3517 3764 monte
3545 3724 3794 3764 cernun-

2185 3811 2294 3871 tur,
2346 3803 2668 3874 pollicentes
2703 3803 2965 3873 apostolis
3011 3801 3314 3859 secuuduin
3348 3801 3650 3859 Salvatoris
3684 3802 3790 3857 ad-

2187 3907 2403 3953 ventum
2426 3896 2566 3967 (Act.
2591 3898 2655 3968 ι).

2257 3989 2439 4061 (Vers.
2468 3992 2519 4057 ι,
2549 3990 2630 4054 5.)
2666 3987 2786 4043 Prae
2812 3989 2998 4043 timore
3023 3998 3195 4043 autem
3225 3989 3360 4058 ejus,
3394 3996 3550 4042 exter.
3564 3986 3630 4040 iti
3662 3994 3791 4039 sunt

2183 4084 2453 4151 custodes,
2482 4094 2526 4139 et
2557 4084 2682 4155 facti
2699 4094 2816 4138 sunt
2837 4085 2974 4140 velut
2999 4083 3208 4138 mortui.
3242 4081 3579 4153 Respondeas
3603 4091 3789 4134 autem

2181 4179 2417 4251 angelus,
2444 4179 2575 4234 dixit
2592 4178 2890 4243 mulieribus
2909 4193 2927 4233 :
2948 4174 3125 4231 Nolite
3148 4176 3328 4230 timere
3357 4190 3463 4228 vos.
3492 4172 3618 4228 Scio
3638 4172 3787 4227 enim

2180 4271 2318 4343 quod
2347 4271 2548 4333 Iesum,
2573 4272 2661 4335 qui
2682 4270 2959 4341 cruciﬁxus
2990 4278 3084 4338 est,
3116 4269 3386 4340 qitteritis:
3419 4264 3538 4321 Non
3561 4275 3635 4320 est
3671 4265 3782 4329 Ιιὶ··,

2178 4368 2400 4420 surrexit
2429 4366 2567 4420 enim
2593 4365 2723 4419 sicut
2753 4362 3216 4428 dixit.(lustodes,
3245 4362 3439 4415 timore
3465 4360 3783 4429 perterriti,

2180 4458 2356 4514 instar
2373 4470 2712 4513 mortuorum
2728 4455 3019 4526 stupefacti
3046 4454 3311 4523 jacent,et
3339 4463 3519 4506 tamen
3548 4452 3786 4520 angeius

2178 4567 2285 4607 non
2319 4550 2563 4616 illos,sed
2586 4545 2841 4605 mulieiks
2867 4548 3201 4602 consolatur.
3236 4545 3412 4600 Nolite
3432 4545 3624 4598 timere
3658 4557 3782 4597 vos.

476 4632 684 4690 Scribis
726 4649 791 4691 ac
818 4635 1105 4694 Pliarisasis
1133 4641 1469 4697 cruciﬁxisse
1501 4641 1790 4698 Dominum
1821 4643 2068 4699 Salvato-
2105 4647 2153 4707 ι)
2178 4641 2712 4713 llli,inqnit,timeant
2735 4630 2832 4695 :in
2854 4638 2938 4693 his
2959 4647 3263 4709 perseveret
3291 4651 3479 4703 pavor,
3506 4634 3787 4704 inquibus

474 4740 591 4782 rem
614 4768 629 4791 ,
673 4728 775 4783 nisi
801 4729 1107 4795 sepulcrum
1140 4732 1493 4800 custodirent,
1527 4734 1811 4791 cohortem
1850 4737 2067 4806 accipe-

473 4828 622 4887 rent,
646 4822 1198 4893 signarentlapidem,
1229 4840 1491 4894 quantum
1521 4826 1576 4882 in
1602 4826 1709 4883 illis
1723 4836 1827 4897 est,
1851 4843 2068 4883 utamini

472 4923 814 4980 Opponerent
852 4918 1186 4988 resurgenti,
1228 4928 1285 4972 ut
1324 4918 1601 4990 diligentia
1636 4938 1822 4976 eorum
1868 4930 2070 4977 nostra:

470 5004 597 5061 ﬁdei
643 5007 973 5076 proliceret:
1022 5012 1238 5076 Quanto
1271 5013 1415 5066 enim
1456 5015 1692 5084 amplius
1732 5027 2066 5087 reservatur,

465 5104 618 5154 tanto
640 5102 809 5171 magis
837 5103 1253 5157 resurrectionis
1277 5104 1448 5160 virtus
1472 5108 1799 5163 ostenditur.
1833 5108 1988 5165 Unde
2018 5120 2073 5165 et

466 5186 522 5243 in
555 5198 907 5247 monumento
938 5209 1097 5259 novo,
1141 5194 1286 5265 quod
1314 5197 1560 5251 excisum
1590 5198 1762 5254 fuerat
1795 5201 1847 5253 in
1879 5211 2064 5271 petra,

466 5284 719 5339 conditus
748 5293 834 5340 est
881 5306 897 5343 :
944 5301 1012 5341 ne
1041 5286 1088 5342 si
1118 5303 1183 5343 ex
1223 5289 1408 5345 multis
1438 5291 1709 5361 lapidibus
1740 5292 2063 5350 tedificatuin

467 5385 645 5445 esset,
682 5377 931 5435 suﬁ'ossis
970 5380 1161 5435 tumuli
1203 5380 1612 5452 fundamentis,
1664 5384 1878 5441 ablatus
1924 5386 2066 5441 furto

541 5502 576 5571 ᾗ
599 5495 728 5571 Mss.
750 5506 1002 5571 sortitio,
1024 5496 1643 5571 pariconsensuleguut.
1669 5499 1842 5557 Porro
1860 5503 2057 5558 nedum

464 5565 791 5640 quibusdam
820 5609 834 5631 ,
872 5569 966 5621 sed
1002 5571 1186 5623 multis
1210 5565 1669 5638 placuisse'hanc
1711 5573 1781 5627 de
1816 5573 2059 5640 Iosepho

464 5637 799 5694 sententiam
829 5680 843 5700 ,
897 5647 1126 5712 testatur
1156 5637 1437 5709 Expositio
1483 5642 1811 5710 psalmorum
1842 5637 2014 5700 altera
2037 5686 2054 5712 ,

458 5723 619 5778 quam
643 5725 709 5763 ex
737 5718 887 5779 ptrte
918 5710 1195 5786 Breviario
1218 5713 1534 5786 ingusalinos
1582 5714 1910 5786 Hieronymo
1936 5710 2057 5786 per;

461 5795 646 5849 peram
684 5786 938 5857 iiscripto
960 5825 975 5849 ,
1026 5783 1165 5857 falso
1195 5792 1250 5840 et
1279 5784 1453 5855 ipsam
1489 5786 1745 5843 tributam
1777 5783 2058 5857 subjungi-

464 5865 583 5906 mus
615 5867 632 5905 :
674 5849 997 5909 Generaliter
1022 5853 1087 5909 de
1116 5849 1342 5927 quolibet
1379 5858 1527 5929 justo
1554 5860 1662 5914 viro
1688 5849 1902 5925 dicitur,
1937 5849 2065 5915 licet

2180 4744 2458 4805 permanet
2482 4733 2857 4789 incredulitas.
2876 4731 3148 4786 Caeterum
3169 4744 3265 4784 vos
3277 4728 3403 4800 quia
3426 4727 3612 4783 Iesum
3627 4743 3783 4797 quie-

2176 4828 2294 4883 rilis
2320 4829 2640 4883 cruciﬁxum
2669 4871 2684 4895 ,
2728 4824 2912 4880 audite
2963 4824 3107 4896 quod
3142 4821 3508 4879 resurrexerit
3548 4832 3604 4877 et
3651 4837 3784 4892 pro-

2175 4922 2338 4976 missa
2371 4919 2681 4991 perfecerit.

2246 5013 2430 5085 (Vers.
2460 5014 2515 5080 6,
2544 5015 2626 5084 7.)
2662 5012 2842 5068 Venite
2863 5057 2877 5081 ,
2924 5023 2971 5066 et
3006 5011 3174 5066 videte
3198 5022 3220 5051 ο
3254 5012 3422 5065 locum
3453 5009 3542 5064 ubi
3573 5010 3780 5081 positus

2173 5118 2280 5162 erat
2311 5106 2581 5161 Dominus.
2618 5104 2686 5159 Et
2712 5106 2815 5159 cito
2834 5113 3031 5167 euntes,
3061 5106 3223 5158 dicite
3248 5103 3520 5175 discipulis
3539 5105 3674 5174 ejus.
3705 5100 3780 5156 Ut

2172 5201 2217 5257 si
2250 5200 2385 5256 meis
2409 5200 2587 5255 verbis
2617 5214 2725 5255 non
2749 5199 2996 5264 creditis,
3025 5212 3197 5253 vacuo
3217 5196 3456 5253 credatis
3478 5196 3737 5265 sepulcro
3755 5236 3774 5260 ,

2176 5303 2227 5349 et
2255 5291 2426 5364 gradu
2458 5292 2671 5347 concito
2702 5292 2909 5363 pergite
2938 5306 3001 5347 ac
3034 5291 3282 5345 nuntiate
3310 5289 3593 5357 discipulis
3619 5292 3769 5363 ejus.

2250 5386 2387 5455 Quia
2420 5387 2682 5453 surrexit,
2715 5396 2762 5440 et
2781 5382 2807 5422 ιι
2831 5402 2949 5440 ecce
2974 5384 3217 5458 pra-cedit
3241 5400 3330 5439 vos
3357 5384 3411 5439 in
3439 5382 3721 5439 Galilaani
3753 5401 3775 5439 :

2135 5474 2142 5482 .
2168 5504 2319 5557 multi
2348 5512 2526 5574 putent
2556 5502 2621 5555 de
2644 5501 2838 5570 Ioseph
2867 5503 3201 5574 dictumresse
3225 5499 3323 5556 illo
3349 5501 3420 5555 ab
3453 5500 3769 5570 Arimatltia,

2165 5576 2255 5647 qui
2286 5573 2387 5647 non
2422 5576 2605 5647 abierit
2634 5575 2690 5628 in
2718 5574 2938 5647 consilio
2968 5573 3301 5647 Iudaeorum.

2239 5644 2265 5683 δ
2298 5646 2402 5700 Pro
2428 5645 2622 5714 Ioseph
2655 5646 2894 5705 nomine.
2932 5654 3043 5702 tres
3075 5645 3307 5699 Palatini
3340 5659 3470 5700 mss.
3506 5640 3637 5698 Iesu
3670 5645 3768 5698 lia-

2165 5716 2319 5778 bent,
2353 5716 2403 5770 id
2435 5727 2514 5771 est
2543 5733 2756 5787 corpore
2784 5716 2935 5773 Iesu.

2240 5801 2262 5827 ε
2299 5788 2495 5843 Vocem
2527 5789 2697 5845 locum
2728 5789 2955 5844 Palatini
2992 5802 3126 5844 mss.
3159 5789 3435 5858 ignorant.

2237 5861 2260 5896 ἀ
2297 5858 2396 5915 Hic
2419 5874 2636 5930 quoque
2657 5861 2879 5921 verbum
2908 5877 3022 5916 ecce
3043 5857 3215 5918 Palat.
3244 5873 3377 5917 mss.
3402 5857 3687 5915 omittunt.
