3978 6338
186 345 276 403 917

594 331 1247 395 COMMENTARIORUM
1285 332 1351 389 IN
1395 326 1847 388 EVANGFLIUM
1887 324 2215 384 lllA'I‘TIIASI
2257 322 2388 379 LIB.
2434 320 2525 379 IV.
2567 319 2728 378 CAP.
2773 315 3014 375 XXVIII.

3347 314 3458 373 218

186 465 246 522 ibi
266 480 374 518 sunt
392 459 623 516 videbitis
651 475 669 513 :
715 473 829 512 ecce
858 454 1078 529 praedixi
1107 451 1270 507 vobis.
1328 450 1442 505 lloc
1462 458 1545 503 est
1574 449 1629 502 in
1657 462 1753 501 vo-
1778 448 1833 506 Λ
1857 451 2076 501 vertunt
2100 443 2154 497 in
2186 439 2615 510 redemptionem
2642 435 2911 493 mendacii
2938 475 2955 500 ,
3006 432 3146 489 sicut
3175 439 3332 487 antea
3366 431 3466 486 tri-

187 560 430 617 lutabrum
458 553 726 627 gentium,
762 550 852 606 tibi
889 559 1017 605 ante
1045 562 1199 604 error
1228 553 1348 601 erat
1372 552 1426 600 et
1447 542 1711 598 lubricum
1737 581 1752 605 ,

188 661 235 708 rt
260 651 405 707 ﬁrmo
436 664 499 703 ac
524 646 707 704 stabili
740 643 875 714 pede
904 641 1194 713 vestigium
1224 655 1336 694 non
1366 636 1626 710 ponebat.

246 744 412 818 (Vere.
438 742 531 813 8.)
568 739 637 795 Et
666 740 902 794 exierunt
934 738 1035 791 cito
1064 735 1129 790 de
1158 742 1487 788 monumento
1526 747 1645 785 cum
1691 728 1759 783 ti-

189 855 309 894 more
332 846 379 891 et
404 834 595 907 gaudio
621 831 822 905 'magno
845 873 861 897 ,
904 838 1163 884 currentes
1209 827 1449 881 nuntiare
1486 823 1757 896 discipulis

188 935 302 1007 ejus.
319 930 520 1001 Duplex
546 935 762 983 mentes
779 925 1072 981 mulierum
1088 924 1308 978 tenebat
1325 919 1573 985 allectus,
1599 917 1730 972 timo
1744 947 1757 956 -

186 1028 251 1083 ris
275 1036 325 1082 et
344 1022 520 1096 gaudii
557 1041 570 1077 :
605 1021 749 1077 alter
775 1019 843 1075 de
876 1016 1118 1073 miraculi
1146 1013 1522 1085 magnitudine
1546 1053 1562 1079 ,
1594 1009 1757 1086 242

188 1117 306 1173 alter
329 1130 390 1170 ex
417 1112 689 1169 desiderio
720 1109 1082 1181 resurgentis;
1115 1116 1172 1163 et
1201 1117 1383 1163 tamen
1413 1114 1643 1176 uterque
1680 1103 1760 1160 l‘e-

187 1209 401 1266 mineum
421 1204 735 1262 concitabat
755 1203 1008 1275 gradum.
1033 1201 1342 1272 Pergebant
1363 1199 1429 1255 ad
1453 1199 1753 1272 apostolos,

190 1311 242 1359 ut
264 1318 349 1373 per
376 1302 491 1355 illos
524 1298 650 1355 ﬁdei
679 1297 1034 1355 seminarium
1067 1304 1437 1367 spargeretur.

248 1391 510 1469 (Vers.9.)
537 1393 603 1448 Et
625 1410 744 1449 ecce
764 1391 917 1447 Jesus
938 1392 1158 1446 occurrit
1181 1388 1312 1453 illis,
1338 1387 1517 1443 dicens
1540 1405 1558 1442 :
1583 1386 1756 1441 Aucte.

187 1490 301 1560 Quae
323 1489 399 1543 sic
424 1487 767 1558 quierebant,
801 1499 922 1555 quae
954 1485 1026 1539 ita
1054 1482 1373 1546 currebant,
1408 1479 1760 1536 merebantur

185 1584 377 1639 obvium
409 1581 615 1637 habere
648 1579 936 1635 Dominum
965 1583 1343 1647 resurgentem
1372 1618 1385 1640 ,
1439 1582 1493 1629 et
1522 1571 1756 1638 primum

186 1675 371 1739 audire,
403 1673 551 1728 Aucte
579 1688 599 1728 :
624 1681 686 1727 ut
716 1669 1060 1726 maledictum
1110 1668 1238 1724 Evrc
1280 1666 1529 1722 mulieris
1559 1665 1613 1719 in
1641 1678 1758 1720 mu-

187 1768 393 1824 lieribus
412 1766 849 1822 subverteretur.

1860 536 2004 609 ginta
2044 543 2334 605 argenteos
2379 531 2647 588 dederant
2702 527 2861 587 Iudae
2916 526 3204 599 proditori.
3255 523 3462 579 Omnes

1859 631 2027 703 igitur
2038 628 2127 700 qui
2143 628 2283 698 stipe
2298 626 2505 696 templi.
2538 635 2592 681 et
2613 623 2699 679 bis
2721 638 2845 694 qlia:
2865 621 3222 677 conferuntur
3242 617 3308 673 ad
3331 632 3462 673 usus

1863 722 2121 779 Ecclesiae
2151 719 2514 775 abutunturin
2532 716 2656 773 aliis
2685 715 2868 781 rebus,
2895 712 3057 787 25.3
3082 711 3279 782 quibus
3299 724 3452 765 suam

1860 816 2114 886 expleant
2142 813 2475 868 voluntatem
2502 854 2516 874 ,
2572 808 2777 864 similes
2804 813 2935 863 sunt
2966 804 3268 861 scribarum
3295 812 3346 858 et
3375 817 3463 857 sa-

1853 909 2144 966 cerdotum
2171 949 2187 973 ,
2220 904 2603 963 redimentium
2635 897 2981 959 mendacium
3011 941 3026 962 ,
3062 904 3119 953 et
3161 894 3461 951 Salvatoris

1861 1002 2204 1073 sanguinem.

1936 1095 2120 1170 (Vers.
2149 1093 2237 1163 16,
2272 1090 2385 1165 I7.)
2430 1089 2686 1146 Undecim
2728 1095 2902 1143 autem
2937 1083 3184 1157 discipuli
3224 1082 3466 1137 abierunt

1860 1195 1918 1249 in
1941 1191 2239 1251 Galilteam,
2277 1188 2332 1242 in
2362 1194 2592 1240 montem
2636 1182 2725 1237 ubi
2763 1181 3103 1236 constituerat
3136 1177 3243 1233 illis
3284 1174 3461 1231 Jesus.

1864 1285 1932 1341 Et
1961 1285 2190 1341 videntes
2211 1296 2354 1349 eum,
2383 1279 2768 1341 adoraoerunt;
2807 1272 3027 1344 quidam
3052 1278 3226 1325 autent
3255 1268 3466 1322 dubita-

1862 1388 2065 1434 verunt.
2118 1375 2249 1431 Post
2282 1370 2745 1430 resurrectionem
2775 1367 2936 1422 Jesus
2987 1365 3041 1419 in
3093 1371 3280 1418 monte
3311 1359 3465 1418 Gali-

1863 1473 1980 1530 lzea:
2007 1469 2373 1539 conspicitur,
2401 1465 2587 1534 ibique
2615 1463 2873 1517 adorator
2899 1477 2912 1513 :
2961 1457 3090 1514 licet
3113 1455 3334 1529 quidam
3365 1453 3466 1510 du“-

1861 1567 2059 1629 bitent,
2104 1571 2163 1619 et
2203 1560 2473 1618 dubitatio
2520 1570 2710 1613 eorum
2756 1562 2998 1608 nostram
3030 1558 3229 1621 augeat
3277 1547 3462 1603 ﬁdem.

1861 1659 2015 1715 Tunc
2042 1654 2384 1712 manifestius
2411 1648 2721 1707 ostenditur
2742 1645 2995 1707 Thomas,
3027 1652 3083 1696 et
3112 1642 3254 1696 Iattts
3278 1640 3467 1695 lancea

1870 1753 2246 1812 vulneratum,
2278 1756 2334 1804 et
2377 1759 2569 1801 manus
2602 1740 2744 1797 lixas
2770 1738 3110 1794 demonstrat
3132 1733 3322 1791 clavis.

247 1858 355 1915 lllte
379 1871 545 1913 autem
570 1866 898 1913 accesserunt
921 1898 937 1924 ,
980 1863 1027 1910 et
1056 1862 1329 1910 tenuerunt
1348 1852 1499 1925 pedes
1521 1854 1635 1922 ejus
1656 1893 1672 1917 ,
1701 1860 1751 1906 et
1781 1851 1830 1914 Β
1928 1847 2111 1922 (Vers.
2143 1843 2258 1914 18.)
2296 1841 2360 1896 Et
2385 1839 2637 1895 accedens
2658 1833 2833 1897 Jesus
2875 1832 3079 1887 locutus
3124 1839 3201 1885 est
3246 1829 3342 1890 eis.
3384 1824 3467 1880 di-

185 1952 501 2007 odorotterunt
530 1965 671 2004 eum.
703 1948 820 2004 Istic
844 1948 1112 2005 accedunt
1136 1956 1192 2002 et
1218 1953 1406 2002 tenent
1429 1942 1598 2015 pedes
1622 1943 1761 2014 ejus,

186 2047 295 2117 quia
322 2044 681 2100 adoraverunt
705 2057 849 2098 eum.
879 2040 1153 2098 Cietcrum
1188 2038 1303 2105 illa,
1334 2054 1460 2110 qua:
1487 2036 1765 2108 quzcrebat

183 2142 431 2196 viventem
458 2154 584 2194 cum
631 2137 860 2193 mortuis
887 2180 902 2206 ,
950 2146 1006 2192 et
1054 2134 1336 2192 nesciebat
1363 2131 1541 2189 adhuc
1569 2132 1762 2187 Filium

187 2234 276 2290 Dei
304 2232 638 2297 surrexisse,
672 2230 872 2286 merito
899 2229 1051 2284 audit
1083 2245 1096 2281 :
1132 2225 1214 2282 Ne
1241 2234 1428 2297 tangas
1458 2240 1538 2278 me
1561 2266 1577 2291 ,
1630 2239 1764 2276 nou-

186 2326 299 2381 dum
321 2325 448 2380 enim
478 2323 689 2380 escendi
711 2323 779 2377 ad
808 2321 1022 2377 Patrem
1051 2336 1218 2375 meum
1244 2317 1426 2390 (Joan.
1449 2334 1544 2383 xx,
1576 2316 1691 2388 17).

250 2418 420 2488 (Vers.
446 2417 559 2490 I0.)
578 2416 728 2473 Tunc
753 2418 829 2471 ait
851 2416 958 2471 illis
982 2414 1169 2471 Iesus:
1186 2414 1363 2470 Nolite
1384 2414 1585 2468 timere.
1619 2412 1689 2466 Et
1711 2412 1763 2465 in

190 2513 347 2568 veteri
371 2521 425 2568 et
446 2512 503 2567 in
530 2525 675 2567 novo
707 2511 1079 2578 Testamento,
1106 2510 1207 2565 boc
1231 2523 1449 2575 semper
1471 2511 1738 2563 observan
1755 2545 1770 2553 -

189 2605 299 2663 dum
320 2614 397 2661 est
414 2623 427 2659 :
443 2604 587 2674 quod
605 2603 823 2676 quando
844 2603 1123 2674 augustior
1138 2601 1245 2676 [AL
1271 2598 1571 2673 angustior]
1585 2599 1765 2672 aliqua

190 2699 478 2771 apparuerit
500 2698 661 2765 visio,
685 2697 916 2767 primum
942 2697 1106 2751 timor
1128 2696 1455 2767 pellitur,ut,
1486 2694 1566 2751 sic
1583 2704 1767 2751 mente

193 2793 394 2864 placata,
435 2793 652 2863 possint
682 2807 802 2862 quae
842 2791 1097 2847 dicuntur
1137 2789 1243 2865 [ΑΙ.
1284 2789 1518 2863 dicunt],
1564 2789 1761 2846 audiri.

250 2885 360 2954 Ite,
399 2886 633 2941 nuntiate
656 2886 906 2959 fratribus
934 2886 1061 2940 meis
1083 2927 1099 2951 ,
1131 2894 1184 2939 ut
1214 2894 1329 2939 eant
1358 2884 1412 2940 in
1442 2882 1716 2940 Galilatam
1748 2926 1763 2951 ,

191 2978 251 3033 ibi
269 2995 344 3033 me
363 2978 623 3034 videbunt.
682 2980 810 3047 Qua:
839 2994 957 3032 cum
982 2978 1228 3032 abiissent
1247 3020 1263 3044 ,
1320 2994 1435 3033 ecce
1461 2978 1677 3047 quidam
1702 2975 1767 3030 de

192 3074 459 3130 custodibus
484 3083 733 3129 venerunt
764 3074 817 3128 in
844 3073 1119 3137 civitatem,
1146 3085 1192 3130 et
1221 3075 1590 3130 nuntiaverunt
1618 3073 1764 3142 prin-

192 3166 364 3232 cipibus
391 3168 722 3222 sacerdotum
750 3169 925 3221 omnia
952 3182 1067 3237 qua
1097 3168 1235 3239 facta
1267 3168 1495 3239 fuerant.
1533 3166 1627 3220 llis
1656 3166 1764 3220 lra-

1866 1920 1983 1995 cens
2007 1957 2026 1995 :
2052 1938 2192 1993 Data
2213 1946 2287 1992 est
2310 1934 2437 1990 mitti
2460 1930 2628 1987 omnis
2652 1936 2880 2002 potestas
2901 1926 2957 1980 in
2995 1923 3123 1981 ctelo
3151 1932 3198 1977 et
3218 1920 3274 1976 in
3305 1928 3468 1976 terra.

1867 2031 1945 2088 Illi
1980 2039 2221 2101 potestas
2260 2028 2385 2084 data
2429 2036 2533 2095 est,
2559 2023 2649 2094 qui
2674 2020 2837 2093 paulo
2866 2026 2993 2074 ante
3022 2015 3343 2081 cruciﬁxus,
3375 2011 3468 2084 qui

1865 2126 2113 2198 sepultus
2142 2126 2196 2180 in
2222 2121 2457 2187 tumulo,
2483 2117 2576 2189 qui
2600 2125 2848 2171 mortuus
2867 2113 3133 2181 iacuerat,
3155 2107 3246 2179 qui
3279 2114 3467 2176 postea

1864 2219 2188 2278 resurrexit.
2222 2216 2279 2273 Iit
2310 2215 2454 2272 cmlo
2482 2220 2662 2268 autem
2705 2218 2761 2264 et
2791 2208 2844 2261 in
2880 2215 3025 2261 terra
3069 2210 3315 2274 potestas
3342 2198 3467 2254 data

1865 2325 1969 2378 est,
1999 2322 2057 2370 ut
2080 2313 2172 2384 qui
2203 2319 2329 2366 ante
2355 2306 2622 2379 regnabat
2651 2304 2703 2358 in
2737 2299 2899 2363 ctelo,
2931 2312 3026 2369 per
3051 2295 3213 2352 tidem
3242 2290 3469 2349 creden-

1872 2409 2004 2465 tium
2031 2416 2221 2477 regnet
2245 2404 2299 2458 in
2332 2400 2514 2456 terris.

1939 2499 2122 2574 (Vers.
2162 2496 2274 2565 l9.)
2301 2493 2496 2549 Euntes
2517 2507 2663 2562 ergo,
2692 2489 2868 2543 docete
2894 2501 3072 2540 omnes
3103 2491 3278 2557 gentes
3304 2523 3319 2547 ,
3345 2480 3470 2554 bap-

1865 2598 2088 2652 tizantes
2137 2608 2223 2646 eos
2265 2591 2318 2643 in
2360 2586 2570 2642 nomine
2603 2582 2807 2648 Patris,
2859 2590 2909 2636 et
2937 2578 3088 2646 Filii,
3139 2588 3190 2633 et
3238 2575 3472 2649 Spiritus

1865 2690 2061 2746 sancti.
2098 2686 2342 2742 Primum
2374 2682 2569 2735 docent
2602 2690 2796 2732 omnes
2816 2681 3033 2746 gentes,
3058 2669 3258 2725 deinde
3279 2667 3474 2722 doctas

1869 2782 2146 2854 intingunt
2166 2793 2328 2849 aqua.
2351 2775 2467 2832 Non
2492 2772 2637 2828 enim
2655 2776 2835 2840 potest
2857 2766 2974 2821 ﬁeri
3004 2772 3060 2818 ιιι
3082 2774 3283 2832 corpus
3305 2756 3470 2832 Μ

1865 2852 2122 2946 baptismi
2150 2873 2383 2944 recipiat
2410 2874 2835 2925 sacramentum.
2858 2861 2964 2917 nisi
2992 2867 3120 2913 ante
3142 2857 3320 2910 anima
3344 2852 3467 2907 lidei

1868 2969 2173 3041 susceperit
2200 2968 2510 3023 veritatem.
2546 2960 2899 3030 B-tptizantur
2928 2963 3113 3008 autem
3160 2952 3212 3004 in
3246 2945 3469 3004 nomine

1866 3065 2068 3130 Patris,
2101 3072 2157 3118 et
2183 3060 2327 3127 Filii,
2370 3069 2424 3114 et
2465 3057 2708 3125 Spiritus
2750 3050 2962 3118 sancti,
3004 3056 3060 3102 ut
3088 3058 3316 3116 quorum
3363 3055 3467 3096 una

1869 3169 1952 3219 est
1973 3157 2251 3222 divinitas,
2298 3169 2404 3209 una
2433 3152 2501 3207 sit
2532 3147 2785 3219 largitio:
2821 3154 3128 3213 nomenque
3155 3136 3467 3201 Trinitatis,

193 3260 341 3317 tribus
358 3260 424 3317 de
447 3261 643 3331 quibus
666 3260 718 3316 in
748 3259 856 3315 alio
883 3261 1001 3315 loco
1022 3238 1188 3316 dixit:
1216 3238 1549 3315 Annuntiabo
1572 3275 1757 3314 nomen
1792 3238 1839 3303 (ἶ
1869 3270 2015 3312 unus
2047 3254 2187 3309 Deus
2207 3260 2314 3310 est.

190 3361 318 3408 tuum
343 3354 585 3427 fratribus
617 3355 742 3409 meis
770 3351 950 3422 (Psal.
976 3368 1063 3407 ut
1091 3395 1105 3417 ,
1130 3352 1226 3423 23)
1254 3371 1265 3406 2
1296 3352 1387 3424 qui
1416 3352 1757 3408 Salvatorem

195 3460 509 3517 nequaquam
558 3445 617 3502 in
645 3445 835 3502 Judara
866 3445 1211 3517 conspiciunt
1233 3489 1248 3514 ,
1301 3444 1398 3501 sed
1431 3446 1482 3501 in
1513 3445 1758 3517 gentium

190 3536 531 3595 multitudine.
1197 3529 1203 3535 ’

248 3629 418 3699 (Vers.
448 3633 512 3687 12
536 3632 727 3704 seqq.)
763 3631 827 3686 Et
845 3634 1146 3704 congregati
1166 3647 1282 3686 cum
1304 3632 1615 3701 senioribus,
1638 3649 1763 3688 con-

188 3722 290 3777 silio
313 3735 521 3796 accepto
544 3772 559 3796 ,
589 3727 859 3797 pecuniam
896 3728 1159 3799 capiosam
1188 3725 1441 3782 dederunt
1468 3725 1720 3781 militibus
1742 3768 1759 3795 ,

188 3814 387 3869 dicentes
414 3835 432 3873 :
465 3815 639 3871 Dicite
667 3862 683 3886 ,
716 3818 839 3889 quia
868 3817 1114 3888 discipuli
1154 3820 1267 3887 eius
1296 3830 1444 3873 nocte
1471 3829 1714 3873 uenerunt
1743 3865 1758 3887 ,

189 3914 229 3957 et
246 3909 397 3978 [arati
420 3918 537 3964 sunt
561 3926 703 3977 eum,
731 3909 880 3964 nobis
903 3910 1299 3967 dormientibus.
1334 3910 1402 3966 Et
1422 3913 1466 3966 si
1486 3913 1579 3967 hoc
1607 3913 1761 3966 audi-

188 4006 279 4052 tum
299 4002 448 4069 fuerit
475 4020 507 4057 a
526 4002 773 4073 praeside,
801 4019 895 4056 nos
920 4003 1250 4057 suadebimus
1274 4006 1342 4072 ei,
1375 4013 1423 4058 et
1444 4020 1653 4060 securos
1674 4021 1761 4058 vos

187 4088 430 4156 faciemus.
461 4093 527 4147 At
559 4093 641 4148 illi
670 4102 881 4166 accepta
909 4095 1153 4164 pecunia,
1188 4096 1419 4166 fecerunt
1451 4097 1584 4150 sicut
1612 4105 1758 4151 erant

185 4182 349 4237 edocti.
389 4183 456 4239 Et
486 4185 813 4256 divulgatum
847 4195 918 4240 est
965 4187 1173 4253 verbum
1202 4187 1344 4241 istud
1375 4187 1516 4260 apud
1543 4187 1760 4242 Judaros

186 4288 326 4345 usque
349 4277 401 4330 in
428 4276 747 4333 hodiernum
768 4277 929 4334 diem.
973 4278 1241 4335 Custodes
1273 4280 1596 4336 miraculum
1629 4298 1762 4337 con-

186 4364 384 4425 ﬁtentur
413 4387 428 4424 :
483 4372 552 4426 ad
578 4372 772 4427 urbem
801 4371 1001 4429 conciti
1034 4374 1268 4430 redeunt
1292 4393 1304 4429 :
1334 4376 1590 4431 nuntiant
1613 4376 1760 4446 prin-

184 4463 370 4533 cipibus
396 4467 748 4523 sacerdomm
795 4482 915 4538 quia
947 4467 1222 4530 viderint,
1268 4485 1389 4539 qua:
1423 4470 1562 4525 facta
1617 4485 1753 4527 con-

182 4560 452 4625 spexerint.
471 4559 553 4616 llli
574 4561 669 4632 qui
689 4560 989 4615 debuerant
1003 4563 1248 4618 converti
1268 4564 1334 4619 ad
1360 4564 1754 4634 paenitentiam,

1938 3349 2123 3422 (Vers.
2154 3346 2275 3416 20.)
2309 3343 2561 3398 Docentes
2589 3355 2677 3395 eos
2703 3350 2907 3391 servare
2935 3330 3113 3387 omnia
3137 3340 3472 3402 natorumque

1865 3442 2109 3498 mandavi
2145 3440 2305 3495 vobis.
2336 3436 2482 3493 Ordo
2514 3433 2823 3505 praecipuus
2852 3446 2864 3481 :
2918 3426 3092 3483 Iussit
3124 3421 3383 3494 apostolis
3412 3428 3472 3474 ut

1866 3537 2101 3608 primum
2132 3534 2393 3590 docerent
2424 3529 2709 3585 universas
2738 3533 2955 3597 gentes,
2997 3518 3202 3577 deinde
3234 3517 3356 3574 lidei
3387 3516 3473 3571 iu-

1865 3632 2139 3701 tingerent
2167 3633 2537 3687 sacramento,
2569 3630 2595 3657 ει
2637 3628 2691 3674 et
2720 3627 2841 3689 post
2877 3615 3036 3670 {idem
3084 3627 3145 3668 ac
3175 3610 3466 3680 baptisma,

1865 3740 1985 3796 quia
2010 3728 2196 3778 essent
2222 3713 2562 3772 observanda
2591 3709 2978 3783 praeciperent.
3017 3704 3094 3761 Ac
3120 3720 3187 3758 ne
3215 3709 3468 3770 putemus

1867 3792 2006 3870 levia
2035 3827 2156 3869 esse
2186 3825 2307 3881 quae
2329 3807 2481 3878 jussa
2530 3815 2655 3860 sunt
2687 3812 2743 3857 et
2772 3814 2969 3870 pauca,
3000 3796 3241 3851 addidit:
3278 3792 3468 3847 Omnia

1864 3921 2202 3977 quaecumque
2220 3899 2463 3957 mandavi
2484 3895 2640 3953 vobis.
2666 3893 2739 3951 Ut
2760 3892 3085 3963 quicumque
3108 3886 3463 3949 crediderint,

1866 4003 1955 4075 qui
1988 4001 2040 4055 in
2060 3999 2325 4054 Tt-initate
2355 3994 2559 4050 fuerint
2588 3985 2873 4060 baptizati,
2902 3982 3085 4039 omnia
3119 3979 3312 4035 iaciant
3341 3992 3460 4048 quin

1865 4108 2137 4171 praecepta
2168 4099 2310 4148 sunt.

1937 4187 2003 4242 Et
2025 4202 2142 4242 ecce
2160 4201 2254 4255 ego
2282 4183 2544 4236 vobiscum
2573 4193 2688 4231 tum
2712 4173 2944 4229 omnibus
2974 4169 3177 4237 diebus,
3210 4183 3371 4237 usque
3392 4164 3462 4218 ad

1863 4278 2361 4337 consummationem
2383 4272 2582 4328 steculi.
2617 4270 2717 4335 Qui
2751 4255 2922 4337 usque
2944 4264 3009 4317 ad
3036 4259 3465 4318 consummatio-

1863 4369 2186 4430 nemsscculi
2215 4383 2339 4424 cum
2362 4362 2652 4434 discipulis
2682 4375 2741 4414 se
2770 4358 3011 4412 futurum
3031 4368 3152 4410 esse
3172 4351 3467 4423 promittit,

1864 4478 1921 4525 et
1950 4468 2072 4521 illos
2097 4461 2566 4529 ostenditsemper
2587 4470 2711 4511 esse
2731 4453 2998 4517 victuros,
3021 4460 3071 4505 et
3090 4464 3151 4504 se
3166 4462 3459 4513 numquam

1865 4575 1896 4615 a
1925 4556 2279 4615 credentibus
2303 4565 2666 4609 recessurum.
2699 4548 2799 4616 Qui
2831 4554 3011 4600 autem
3046 4557 3215 4612 usque
3239 4539 3303 4595 ad
3332 4556 3466 4593 cou-

183 4648 423 4706 etlesum
451 4667 702 4723 quatere
730 4664 1129 4723 resurgentem,
1177 4666 1532 4723 perseverant
1563 4657 1613 4711 in
1642 4674 1751 4711 ma-
1783 4639 1838 4701 Ι)
1861 4654 2279 4711 summationem
2320 4646 2505 4704 mundi
2534 4646 2617 4700 sui
2644 4640 2990 4714 praesentiam
3022 4639 3333 4710 pollicetur,
3360 4648 3465 4691 non

184 4736 282 4796 litia
304 4788 318 4813 ,
348 4752 405 4800 et
433 4744 717 4815 pecuniam
745 4760 867 4816 qua:
902 4746 971 4800 ad
1002 4760 1132 4801 usus
1166 4747 1351 4817 templi
1383 4747 1506 4803 data
1536 4749 1708 4808 luerat
1737 4792 1751 4817 ,

243 4874 260 4894 '
280 4876 432 4951 ﬂunc
464 4879 782 4951 Hieronymi
817 4881 995 4936 locum
1041 4883 1288 4937 noiinnlli
1330 4898 1453 4937 cum
1484 4883 1753 4942 Garnerio

183 4944 238 5027 ad
278 4947 405 5004 Mar.
435 4944 820 5027 Mercato'rem,
854 4969 1018 5027 unum
1046 4968 1111 5007 ex
1142 4953 1327 5027 trib_us
1362 4955 1470 5010 illis
1497 4971 1622 5013 esse
1653 4973 1754 5027 pu-

187 5024 305 5105 tant,
331 5038 465 5105 quos
494 5021 555 5079 S.
586 5023 939 5105 Augustinus
966 5024 1106 5079 libro
1136 5025 1204 5080 de
1233 5024 1367 5081 Fide
1391 5035 1449 5105 et
1486 5021 1754 5105 Uperibns

184 5101 329 5179 nonat,
361 5097 771 5179 impugnatque.
818 5097 982 5178 tacito
1013 5107 1193 5179 tamen
1226 5099 1465 5152 auctoris
1508 5104 1749 5166 nomine,

184 5175 275 5229 pra!
292 5166 590 5240 reuerentia,
625 5166 967 5240 ut‘ait,rtanti
992 5167 1108 5221 viri.
1145 5168 1294 5223 llanc
1325 5184 1521 5239 nempe
1554 5173 1751 5240 ipsam,

187 5238 443 5319 precedere
469 5237 651 5292 debere
677 5237 923 5319 baptismi
956 5248 1352 5319 sacramentum,
1381 5250 1435 5294 ut
1458 5237 1649 5297 deinde
1674 5237 1753 5298 seé

186 5313 348 5388 nitatur
385 5309 503 5365 viae
542 5325 848 5381 morumque
875 5309 1132 5373 doctrina.
1166 5317 1492 5367 sententiam
1535 5312 1593 5370 S.
1641 5313 1751 5369 Au-

187 5386 403 5451 gustinus
432 5395 746 5451 perversam
776 5396 841 5436 ac
866 5392 1259 5450 praeposteram
1293 5398 1415 5439 esse
1445 5387 1747 5442 contendit.

298 5444 769 5536 .quemadmodutn
805 5444 954 5521 prior
976 5444 1062 5536 es
1099 5454 1164 5508 iis
1209 5456 1540 5536 ξςιιῑιιεθχιιιί⁸
1562 5464 1649 5511 est
1685 5458 1751 5513 de

188 5522 413 5605 inanibus
435 5524 569 5578 citra
596 5522 894 5605 discrimen
922 5524 1277 5605 admittendis
1306 5522 1747 5605 ad‘baptismutn,

191 5597 319 5677 itaut
347 5597 507 5677 etiam
529 5596 976 5677 gravissimorum
1007 5597 1299 5677 crit_t_tinutn
1325 5599 1423 5663 rei,
1458 5600 1601 5667 iiqtte
1630 5596 1752 5666 per-

193 5664 388 5740 glaces,
413 5670 504 5735 qui
524 5668 688 5740 vitam
704 5667 1002 5740 emendare
1023 5668 1222 5731 nolint,
1246 5684 1355 5724 non
1387 5664 1743 5739 repellantur,

189 5726 488 5819 gleronva
533 5737 721 5819 attingi
771 5738 1080 5794 nullatenus
1130 5726 1524 5819 potest,.queu_t
1577 5726 1748 5819 penes

190 5805 301 5891 nillil
343 5805 1145 5891 huic_errori'_consentaneu‘ni
1194 5821 1278 5891 est
1325 5805 1624 5869 invenire:
1672 5814 1745 5869 ita

191 5886 339 5944 neque
385 5880 436 5935 in
482 5879 584 5937 Itoc
613 5880 919 5952 culpandus
959 5892 1043 5940 est
1088 5882 1148 5939 S.
1181 5881 1401 5951 doctor,
1446 5886 1599 5956 isque
1642 5901 1745 5955 pu—

1863 4752 2075 4822 iguorat
2089 4761 2213 4804 eam
2228 4743 2375 4799 diem
2395 4743 2449 4796 in
2464 4753 2569 4812 qua
2586 4754 2645 4794 se
2657 4738 2764 4793 scit
2778 4736 3018 4791 futurum
3043 4748 3170 4790 cum
3184 4730 3461 4803 apostolis.

1862 4884 2061 4942 tandus
2105 4882 2197 4952 qui
2231 4881 2297 4936 ab
2328 4878 3019 4952 Attgustino,_quamqttan_i
3058 4870 3280 4952 nomine
3312 4868 3474 4951 dissi-

1861 4943 2610 5023 mulato,'reprehendititr.
2673 4943 3069 5023 Neque___enim
3129 4944 3182 5023 id_
3249 4943 3471 5023 proprie

1863 5012 2305 5089 Hierondsenlit,
2336 5021 2478 5093 quod
2512 5012 2815 5093 EpiscOpiis
2848 5016 3217 5086 Hipponensis
3248 5012 3466 5093 culpat:

1861 5082 1916 5154 ut
1946 5116 2010 5155 ex
2039 5082 2433 5166 superioribus
2457 5082 2620 5166 atque
2655 5082 2878 5166 integro
2902 5082 3163 5143 contextu
3205 5082 3466 5166 titaitiles-

1863 5181 1976 5226 tum
2004 5155 2122 5236 est;
2136 5169 2225 5222 ubi
2250 5165 2376 5222 lidei
2405 5155 2710 5236 doctrinam
2733 5155 2997 5236 continuo
3022 5157 3266 5236 praeponi
3283 5155 3467 5236 jubet;

1859 5242 2042 5313 Neque
2087 5227 2244 5303 enim,
2290 5234 2489 5306 inquit,
2524 5242 2689 5313 potest
2720 5232 2869 5300 ﬁeri,
2914 5240 2983 5313 .ut
3014 5245 3199 5313 corpus
3229 5227 3474 5307 baptismi

1857 5297 2074 5386 recipiat
2103 5297 2506 5386 sacramentum,
2524 5297 2535 5303 ⁷
2553 5304 2653 5359 nisi
2692 5297 2811 5386 ante
2838 5297 3013 5384 anima
3040 5297 3161 5370 ﬁdei
3185 5297 3470 5386 susceperit

1860 5370 2144 5440 veritatem.
2178 5384 2254 5438 De
2284 5396 2493 5435 morum
2536 5387 2717 5430 autem
2750 5373 2997 5430 doctrina
3031 5388 3222 5441 parum
3268 5370 3475 5425 sollici-

1861 5466 1977 5516 tus.
2011 5456 2054 5510 si
2084 5456 2353 5524 baptismo
2384 5450 2770 5518 praeminatur,
2817 5452 3225 5524 tantunucurat
3257 5458 3327 5524 ne
3356 5455 3475 5522 oni-

1860 5512 1988 5583 nino
2041 5512 2521 5601 pranierntrilltllur;
2573 5532 2745 5601 eaque
2777 5529 2927 5601 certe
2970 5514 3058 5568 vel
3097 5526 3212 5596 post
3258 5512 3468 5601 blaptis-

1860 5616 2007 5655 mum
2041 5583 2303 5653 'tradentla
2333 5604 2438 5650 est.
2472 5583 2702 5646 Accedit
2745 5589 2890 5658 quod
2931 5594 2987 5640 et
3033 5586 3251 5658 tertium
3286 5583 3465 5658 locum

1853 5654 1991 5726 falso
2014 5678 2257 5725 notatum
2288 5668 2396 5723 dici
2427 5666 2495 5717 ab
2526 5654 3223 5731 Augustino,7ostendimus
3248 5656 3318 5731 ad
3344 5654 3469 5731 dia-

1852 5743 1962 5814 Iog.
1994 5743 2019 5797 l
2051 5750 2241 5814 contra
2275 5726 2702 5807 Pelagianosfet
2734 5730 2800 5786 ad
2833 5730 3208 5786 Cotntnentar.
3247 5729 3297 5781 in
3344 5726 3466 5783 Isai.

1854 5812 1976 5885 cap.
2005 5812 2276 5869 ultimum.
