3978 6338
177 349 260 405 Eii
825 337 1186 395 ΤιιΑΝέιιλι
1199 339 1261 392 lU
1302 331 1731 391 IIOMILIARUM

1834 330 2092 389 RIGENIS
2135 329 2199 389 ΙΝ
2242 331 2500 389 LUCAM.
2563 332 2730 386 llOM.
2774 332 2811 386 l.

3341 326 3448 384 222

177 440 3418 480 Mm

585 595 1196 686 INCIPIUNT
1272 593 1698 680 XXXIX
1772 591 2307 675 HOMILI/E
2380 592 2502 676 IN
2577 588 2998 676 LUCAM

1308 755 1517 811 DICTZE
1551 754 1616 807 IN
1651 752 1883 807 DlEBUS
1917 749 2266 804 DOMINICIS.

1542 876 1953 890 .—..__._._—._.

751 1011 1040 1071 HOMILIA
1079 1010 1120 1067 ι.

171 1157 220 1216 1η
241 1155 546 1232 prooemium
569 1150 1055 1232 Δξλιιριιιξ..ιιείιιιθιιιά
1084 1166 1209 1232 eum
1261 1147 1439 1232 locum
1473 1146 1560 1203 ubi
1613 1146 1685 1200 ait
1717 1161 1730 1201 :

459 1226 700 1284 Scribere
726 1224 841 1292 tibi,
872 1219 1063 1298 optime
1102 1219 1406 1292 TheOphile.

226 1388 365 1446 Sicut
393 1388 520 1443 olim
551 1388 605 1442 in
628 1387 826 1458 populo
851 1384 1165 1440 Judteoru
1201 1382 1353 1437 multi
1389 1379 1732 1451 prophetiam

169 1485 562 1556 pollicebantur,
609 1492 666 1540 et
708 1482 930 1554 quidam
956 1489 1112 1536 erant
1146 1477 1655 1548 pseudoprophettr,
1699 1489 1732 1529 e

169 1578 336 1650 quibus
369 1591 512 1632 unus
541 1576 647 1632 fuit
674 1577 917 1630 Ananias
943 1573 1087 1629 ﬁlius
1114 1574 1292 1643 Agot:
1326 1571 1418 1625 alii
1452 1584 1577 1624 κει-0
1607 1583 1731 1639 pro-

169 1671 338 1742 phetae;
365 1677 422 1725 et
445 1677 566 1725 erat
592 1668 768 1740 gratia
797 1668 852 1723 in
879 1666 1078 1738 p0pu|o
1108 1663 1597 1720 discernendornm
1620 1661 1732 1731 spi-

167 1769 356 1832 rituum,
389 1781 484 1836 per
503 1779 669 1837 quem
692 1762 782 1819 alii
812 1763 955 1818 inter
981 1760 1273 1834 prOpbetas
1300 1757 1728 1827 recipiebantur,

167 1859 382 1916 Manlii
423 1858 580 1930 quasi
614 1856 684 1912 ab
711 1853 1193 1912 exercitatissimis
1233 1850 1512 1921 trapezitis
1538 1863 1730 1919 reproo

165 1953 404 2009 habentur
432 1969 445 2007 :
477 1951 550 2007 ita
600 1958 661 2006 et
687 1964 832 2006 nunc
880 1949 935 2004 in
993 1962 1138 2003 novo
1183 1947 1535 2001 Testamento
1576 1941 1728 1998 multi

161 2046 313 2102 conati
354 2052 485 2100 sunt
512 2043 767 2100 scribere
802 2040 1130 2113 Evangelia;
1162 2038 1259 2095 sed
1288 2053 1394 2093 non
1423 2051 1615 2093 omnes
1644 2051 1731 2092 re~

162 2139 302 2209 septi.
349 2137 415 2194 Et
445 2145 506 2193 ut
553 2136 767 2206 sciatis,
803 2146 910 2189 non
938 2135 1119 2190 solum
1147 2141 1381 2204 quatuor
1409 2130 1728 2202 Evangelia,

162 2230 242 2286 sed
262 2230 486 2300 plurima
507 2241 634 2286 esse
659 2225 996 2297 conscripta,
1029 2241 1060 2280 e
1093 2223 1288 2296 quibus
1316 2223 1452 2289 hate,
1485 2237 1604 2293 quae
1632 2222 1729 2276 lia-

163 2326 345 2391 bennts,
393 2323 569 2380 electa
620 2331 774 2388 sunt,
827 2330 882 2376 et
933 2319 1128 2376 tradita
1159 2318 1443 2382 Ecclesiis,
1487 2331 1554 2373 ex
1607 2315 1728 2386 ipso

1756 1005 1806 1064 Α
1837 1001 1988 1057 tione
2013 1008 2364 1073 cognoverat,
2389 1018 2566 1074 neque
2592 1003 2645 1058 in
2687 1004 2874 1076 aliquo
2905 1005 3230 1076 ﬁuctuabat,
3261 1014 3444 1066 utrum

1835 1093 1908 1149 ita
1937 1105 2103 1161 esset,
2133 1110 2203 1150 an
2235 1096 2414 1152 aliter.
2455 1095 2568 1152 Hoc
2597 1103 2780 1154 autem
2809 1098 2916 1154 illis
2936 1101 3153 1170 ,evenit,
3183 1100 3277 1172 qui
3309 1101 3444 1159 tide-

1836 1187 2038 1243 lissime
2067 1188 2444 1254 crediderunt,
2479 1199 2533 1246 et
2581 1190 2635 1245 id
2670 1193 2812 1262 quod
2855 1195 3117 1265 propheta
3169 1195 3440 1266 obsecrat,

1833 1283 2112 1336 consecuti
2147 1292 2299 1350 sunt,
2327 1291 2381 1339 et
2419 1283 2607 1338 dicunt
2637 1301 2651 1337 :
2687 1283 2953 1356 Con/inira
2985 1304 3064 1342 me
3101 1289 3154 1342 in
3180 1292 3440 1345 sermoni-

1834 1374 1927 1427 bus
1955 1376 2060 1429 tuis
2088 1373 2264 1446 (Petti.
2317 1376 2531 1448 cxvnt);
2567 1377 2710 1433 unde
2732 1386 2788 1433 et
2815 1381 3108 1449 Apostolus
3142 1383 3209 1439 de
3233 1383 3320 1440 bis
3345 1384 3440 1457 qui

1831 1479 1986 1522 erant
2016 1467 2178 1532 ﬁrmi,
2213 1479 2376 1539 atque
2419 1470 2652 1537 robusti,
2686 1471 2762 1526 ait
2797 1491 2807 1525 :
2843 1471 2913 1528 Ut
2956 1474 3071 1528 sitis
3118 1478 3343 1532 radianti
3387 1488 3437 1536 et

1832 1562 2037 1631 fundati
2067 1563 2121 1616 in
2148 1564 2253 1632 ﬁde
2282 1561 2500 1634 (Ephes.
2536 1563 2636 1637 ιιι).
2669 1565 2724 1622 Si
2756 1565 2879 1638 quis
2902 1568 3048 1623 enim
3074 1570 3350 1628 radicatus
3382 1572 3436 1629 iit

1832 1655 1936 1712 ﬁde
1958 1667 2065 1721 est,
2087 1666 2247 1728 atque
2270 1657 2544 1725 fundatus,
2568 1659 2700 1727 licet
2722 1667 3012 1731 tempestas
3028 1660 3191 1718 fuerit
3216 1675 3429 1735 exorta,

1832 1752 1960 1807 licet
1991 1752 2134 1807 venti
2178 1752 2449 1820 ﬂaverint,
2504 1752 2634 1807 licet
2674 1765 2735 1809 se
2783 1755 2957 1810 imber
3001 1755 3272 1824 eﬁ'nderit,
3327 1775 3436 1815 non

1830 1847 2198 1912 convelletur,
2233 1862 2334 1904 nec
2363 1856 2607 1916 corruet,
2654 1849 2779 1919 quia
2828 1863 2992 1920 super
3024 1859 3235 1922 petram
3266 1853 3438 1908 atdillo

1829 1941 1972 1996 cium
2004 1939 2179 1996 solida
2204 1939 2346 1995 mole
2374 1939 2657 1995 fundatum
2678 1951 2758 1997 est
2791 1941 3010 2014 (Matth.
3040 1943 3162 2016 vn).
3196 1944 3306 2002 Nec
3336 1961 3438 2017 pu-

1831 2045 2010 2090 temus
2056 2034 2229 2090 oculis
2261 2036 2381 2091 istis
2408 2035 2718 2091 carnalibus
2746 2036 3059 2093 ﬁrmitatem
3110 2037 3235 2095 ﬁdei
3291 2039 3431 2107 dari,

1828 2143 1988 2200 quam
2019 2142 2176 2184 mens
2200 2136 2254 2184 et
2283 2128 2425 2182 ratio
2454 2127 2664 2183 tribuit.
2692 2129 2945 2187 inﬁdeles
2973 2131 3176 2203 quique
3204 2131 3434 2188 credant

1827 2222 2018 2291 signis,
2043 2232 2208 2292 atque
2226 2221 2513 2292 portentis,
2534 2237 2655 2291 quae
2678 2221 2915 2282 humana
2937 2225 3084 2282 acies
3105 2235 3422 2286 contuetur.

1828 2316 2031 2374 Fidelis
2075 2333 2205 2374 vero
2236 2319 2404 2388 magis
2439 2317 2677 2389 prudens
2731 2329 2892 2391 atque
2939 2321 3197 2378 robustus
3254 2321 3425 2378 ratio-

166 2415 402 2487 promtnio
429 2415 621 2482 Lucae,
649 2413 792 2486 quod
824 2413 895 2468 ita
928 2410 1256 2480 contexitur,
1284 2422 1677 2480 cognoscamus
1710 2425 1725 2464 :
1755 2400 1804 2461 Β
1834 2428 1954 2468 nem
1974 2419 2235 2482 sequatur
2257 2421 2312 2468 et
2332 2412 2578 2480 verbum,
2601 2421 2658 2468 et
2683 2413 2763 2468 sic
2790 2413 3052 2484 dijudicet
3073 2415 3200 2486 quid
3219 2431 3428 2484 verum,

166 2509 388 2577 Quoniam
412 2507 626 2580 quidem
669 2506 819 2561 multi
853 2505 1024 2560 conati
1051 2514 1171 2558 sunt
1200 2503 1443 2557 ordinare
1472 2501 1734 2556 narratio-

165 2621 258 2658 nent
283 2603 427 2677 (Luc.
456 2603 520 2674 ι).
579 2602 694 2657 Hoc
741 2600 886 2673 quod
914 2601 993 2656 ait
1026 2617 1039 2654 :
1084 2598 1269 2655 Conati
1298 2607 1437 2662 sunt,
1470 2597 1731 2652 latentem

163 2697 300 2754 habet
326 2695 734 2754 accusatione
761 2709 977 2758 eorum,
1007 2696 1099 2763 qui
1123 2692 1325 2762 absque
1354 2691 1529 2761 gratia
1561 2688 1733 2759 Spiri-

165 2797 234 2844 tus
259 2787 420 2844 saneti
447 2787 514 2843 ad
546 2785 836 2844 scribenda
861 2784 1160 2856 Evangelia
1187 2782 1565 2854 prosilierunt.
1600 2781 1733 2836 idat-

165 2882 308 2936 tlutus
336 2882 561 2952 quippe,
592 2889 649 2936 et
680 2881 914 2946 Marcus,
963 2888 1018 2933 et
1043 2879 1303 2944 Joannes,
1335 2887 1390 2932 et
1419 2877 1593 2933 Lucas
1625 2891 1732 2935 non

162 2985 268 3030 sunt
290 2975 463 3030 conati
493 2975 772 3038 scribere;
814 2973 914 3031 sed
955 2972 1164 3044 Spiritu
1191 2981 1386 3029 sancto
1428 2972 1572 3043 pleni
1597 2971 1736 3028 serio

163 3077 361 3137 pserunt
385 3069 706 3140 Evangelia.
737 3067 892 3122 Multi
927 3066 1095 3137 igitur
1115 3067 1298 3122 conati
1327 3077 1451 3121 sunt
1478 3066 1734 3123 ordinare

163 3161 500 3219 narrationem
530 3160 604 3218 de
643 3161 729 3216 his
763 3160 948 3228 rebus,
983 3175 1106 3231 quae
1150 3159 1599 3218 maniieStissime
1641 3174 1733 3215 co—

163 3260 300 3330 gnita:
327 3269 450 3316 sunt
502 3261 558 3316 in
609 3259 788 3315 nobis.
823 3259 1066 3315 Ecclesia
1093 3268 1332 3330 quatuor
1361 3259 1524 3314 habet
1553 3259 1734 3316 Evan-

162 3353 302 3425 gelia,
324 3355 559 3410 haereses
583 3363 609 3391 ⁸
644 3353 877 3424 plurima
910 3368 922 3407 :
957 3369 987 3408 e
1013 3353 1210 3424 quibus
1239 3353 1512 3424 quoddam
1542 3353 1734 3410 scribi~

165 3456 235 3501 tur
253 3447 539 3504 secundum
563 3446 878 3519 Egyptios,
911 3445 1056 3501 aliud
1094 3445 1248 3516 juxta
1278 3445 1565 3501 duodecim
1592 3447 1736 3515 Apoc

162 3539 321 3596 stolos.
353 3541 533 3596 Ausus
569 3539 671 3595 fuit
696 3547 750 3594 et
772 3538 1039 3594 Basilides
1066 3538 1312 3594 scribere
1357 3539 1734 3610 Evangeliuin,

164 3641 210 3688 et
232 3649 322 3688 suo
349 3634 480 3691 illud
511 3635 739 3690 nomine
776 3632 1020 3689 titulare.
1054 3631 1205 3688 Hulti
1233 3632 1413 3688 conati
1444 3644 1571 3686 sunt
1602 3633 1738 3688 scri-

164 3727 314 3783 bere:
343 3728 434 3784 sed
484 3737 542 3784 et
573 3727 731 3783 multi
782 3725 967 3782 conati
1007 3735 1132 3782 sunt
1169 3725 1442 3782 ordinare.
1490 3727 1738 3794 Quatuor

165 3828 348 3875 tantum
365 3818 660 3891 Evangelia
689 3827 814 3874 sunt
841 3817 1090 3888 probata,
1115 3834 1146 3873 e
1163 3817 1358 3888 quibus
1382 3818 1482 3872 sub
1503 3832 1732 3888 persona

166 3910 354 3968 Domini
369 3920 421 3969 et
439 3911 743 3970 Salvatoris
765 3911 933 3968 nostri
953 3910 1276 3982 proferenda
1303 3922 1425 3967 sunt
1453 3911 1730 3983 dogmata.

162 4001 269 4060 Scio
301 4005 565 4077 quoddam
594 4004 981 4076 Evangelium,
1008 4005 1152 4075 quod
1191 4005 1494 4075 appellatur
1533 4020 1729 4062 secun-

162 4095 269 4152 dum
298 4097 579 4166 Thomam,
609 4109 665 4155 et
690 4099 842 4169 juxta
867 4096 1173 4165 Matthiam,
1204 4109 1258 4154 et
1283 4100 1384 4154 alia
1413 4099 1567 4170 plura
1595 4099 1731 4170 legi~

163 4204 286 4261 mus,
317 4209 379 4250 ne
405 4193 536 4267 quid
585 4195 842 4265 ignorare
891 4191 1227 4259 videremur,
1268 4202 1488 4263 propter
1513 4209 1608 4251 eoa
1642 4194 1734 4266 qui

160 4297 210 4340 se
232 4293 412 4355 putant
428 4287 635 4360 aliquid
657 4287 825 4354 scire,
858 4287 906 4342 si
923 4286 1027 4342 ista
1049 4287 1422 4358 cognoverint.
1441 4287 1545 4344 Sed
1571 4288 1624 4344 in
1650 4287 1733 4346 bis

161 4377 388 4436 omnibus
431 4379 566 4436 nihil
600 4378 748 4438 aliud
775 4380 1091 4452 probamus,
1143 4381 1244 4437 nisi
1272 4380 1416 4452 quod
1466 4381 1730 4450 Ecclesia,

161 4472 204 4527 id
229 4483 305 4530 est
329 4487 558 4546 quatuor
583 4485 793 4532 tantum
821 4475 1117 4545 Evangelia
1147 4476 1480 4546 recipienda.
1507 4477 1631 4534 llaec
1655 4477 1734 4533 id-

160 4567 305 4634 circo,
333 4567 826 4643 quiamaso
848 4569 898 4624 in
924 4569 1194 4639 principio
1217 4568 1416 4627 lectum
1445 4568 1733 4627 estzMulti

162 4663 320 4716 conati
335 4672 451 4718 sunt
473 4665 723 4720 ordinare
735 4668 1092 4719 narrativum
1113 4664 1176 4719 a'e
1195 4662 1276 4719 his
1290 4664 1462 4730 rebus,
1477 4677 1592 4736 qna
1602 4682 1700 4720 con
1713 4697 1729 4708 -

161 4755 360 4823 ﬁrmatae
379 4771 497 4815 sunt
539 4760 597 4813 in
625 4758 794 4814 nobis.
846 4757 928 4814 Illi
958 4765 1305 4816 tentaverunt
1347 4767 1510 4830 atque
1550 4762 1732 4816 ennati

162 4862 267 4906 sunt
293 4853 358 4908 de
385 4854 470 4910 his
500 4853 668 4911 rebus
696 4850 964 4919 scribere,
993 4869 1112 4924 qua:
1143 4854 1194 4908 in
1225 4853 1381 4909 nobis
1405 4853 1734 4909 manifestis.

159 4945 278 5003 sitne
309 4958 434 5004 sunt
475 4959 796 5020 compertae.
827 4950 1090 5006 Eil‘ectum
1121 4963 1278 5004 suum
1323 4948 1498 5004 Lucas
1530 4949 1734 5005 indicat

159 5052 212 5093 ex
234 5053 500 5112 sermone,
547 5059 656 5115 quo
705 5045 825 5098 ait:
858 5044 926 5099 In
964 5045 1112 5099 nobis
1155 5045 1573 5116 manifestissime
1617 5052 1732 5098 sunt

1829 2506 2029 2578 quidve
2058 2504 2252 2562 falsum
2284 2505 2379 2561 sit.
2405 2505 2560 2560 Sicut
2589 2506 2912 2561 tradiderunt
2940 2508 3105 2572 nobis,
3129 2508 3220 2580 qui
3241 2509 3304 2563 ab
3328 2509 3434 2563 ini-

1827 2601 1898 2655 tio
1925 2600 2023 2671 ipsi
2040 2598 2297 2667 t'iderunt,
2327 2610 2374 2654 et
2396 2599 2619 2653 ministri
2645 2601 2851 2670 fuerunt
2873 2600 3145 2656 sermonis.
3167 2601 3223 2655 Ιιι
3243 2601 3433 2657 Exodo

1826 2694 2084 2763 scriptum
2119 2709 2133 2747 :
2170 2691 2404 2764 Pupulus
2455 2692 2656 2748 videbat
2703 2709 2876 2746 vocem
2917 2692 3017 2748 Dei
3059 2693 3258 2765 (Exod.
3293 2694 3431 2767 xix).

1829 2786 1895 2840 Et
1925 2796 2076 2841 certe
2106 2802 2204 2840 vox
2254 2784 2469 2840 auditur
2500 2784 2648 2856 prius
2680 2801 2839 2856 quant
2873 2786 3129 2853 videtur;
3162 2787 3256 2842 sed
3303 2802 3430 2858 pro-

1827 2889 2012 2949 ptetea
2040 2878 2300 2950 scriptum
2330 2886 2437 2944 est,
2469 2887 2529 2933 ut
2551 2878 2933 2934 ostenderetur
2961 2879 3117 2935 nobis
3148 2880 3270 2934 aliis
3296 2895 3430 2935 ocu-

1829 2974 1894 3029 lis
1919 2973 2110 3029 videre
2132 2988 2323 3028 vocem
2357 2973 2475 3036 Dei,
2508 2973 2708 3042 quibus
2730 2972 2879 3027 illaut
2909 2975 3176 3045 aspiciunt
3203 2975 3291 3045 qtti
3323 2988 3435 3029 me—

1829 3079 2038 3124 rentur.
2084 3067 2258 3123 Porto
2287 3067 2342 3123 in
2375 3066 2673 3138 Evangelio
2721 3081 2828 3122 n0n
2880 3083 2983 3122 vox
3029 3068 3292 3137 cernitur,
3336 3065 3434 3122 sed

1831 3180 2038 3232 sermo,
2068 3163 2160 3234 qui
2191 3177 2322 3218 voce
2351 3162 2695 3233 praestantior
2717 3169 2820 3217 est.
2847 3161 2998 3220 Unde
3025 3177 3168 3217 nunc
3195 3162 3431 3218 dicitur:

1834 3260 1981 3314 Sicut
2008 3259 2074 3313 ab
2108 3259 2260 3312 initio
2305 3258 2633 3312 tradiderunt
2665 3257 2832 3325 nobis,
2875 3259 2963 3329 qui
2990 3274 3023 3310 ιι
3051 3257 3306 3328 principio
3335 3257 3437 3328 ipsi

1830 3355 2085 3418 viderunt,
2112 3364 2158 3407 et
2191 3353 2412 3406 ministri
2439 3353 2647 3423 fuerunt
2683 3353 2953 3408 sermonis.
2985 3351 3151 3422 Igitur
3193 3351 3438 3424 Apostoli
3533 3375 3538 3381 ·

1831 3447 1930 3518 ipsi
1954 3447 2213 3502 viderunt
2234 3461 2574 3502 sermonem:
2603 3461 2710 3500 non
2737 3447 2863 3515 quia
2889 3458 3217 3518 aspexerant
3241 3460 3438 3510 corpus

1836 3542 2047 3597 Domini
2098 3541 2438 3605 Salvatoris;
2493 3541 2587 3598 sed
2629 3539 2755 3611 quia
2808 3541 3033 3595 verbum
3070 3541 3328 3596 viderunt
3379 3540 3439 3596 Si

1832 3635 1975 3691 enim
1998 3636 2152 3705 juxta
2193 3648 2389 3704 corpus
2419 3631 2689 3689 vidissent
2725 3633 2934 3699 desunt,
2971 3635 3076 3688 huc
3106 3642 3213 3702 est,
3238 3632 3337 3688 Dei
3365 3634 3443 3689 vi—

1839 3731 2049 3786 dissent
2070 3743 2406 3794 sermonem,
2440 3743 2573 3798 ergo
2600 3738 2653 3784 et
2678 3727 2882 3784 Pilatus
2905 3727 2995 3798 qni
3034 3727 3442 3794 condemnavit,

1838 3841 2146 3884 sermonem
2174 3827 2269 3884 Dei
2295 3827 2448 3895 vidit,
2480 3837 2535 3884 et
2562 3827 2732 3884 Judas
2759 3826 3026 3898 proditor,
3059 3834 3114 3881 ct
3136 3839 3328 3880 omnes
3350 3825 3442 3894 qni

1833 3919 2214 3976 clamaverunt
2240 3939 2254 3977 :
2288 3919 2566 3992 Cruciﬁge,
2595 3921 2842 3991 crrtciﬁge
2880 3934 2996 3972 eum
3023 3916 3239 3988 (Matth.
3268 3917 3436 3987 xxvi),

1837 4011 1967 4067 tolle
1979 4012 2047 4067 de
2069 4020 2237 4078 terra,
2251 4011 2414 4068 talem
2431 4011 2524 4068 Dei
2545 4011 2802 4066 viderunt
2823 4024 3154 4065 sermonem.
3175 4007 3281 4064 Sed
3299 4008 3442 4064 absit

1838 4115 1891 4160 ut
1915 4107 2202 4176 quisquam
2227 4104 2542 4161 incredulus
2565 4117 2874 4159 sermonem
2895 4102 2984 4156 Dei
3001 4100 3221 4157 viderit.
3239 4099 3439 4157 Videre

1835 4215 2142 4257 sermonem
2171 4200 2287 4267 Del,
2324 4200 2430 4256 tale
2454 4211 2535 4255 est
2563 4199 2721 4270 quale
2749 4198 3000 4254 Salvator
3025 4197 3100 4251 ait
3131 4216 3144 4252 :
3175 4196 3278 4266 Qui
3306 4195 3442 4252 videt

1835 4310 1936 4360 me,
1970 4293 2102 4348 videt
2127 4301 2178 4348 et
2205 4291 2422 4347 Patren
2459 4292 2548 4363 qui
2599 4291 2735 4346 misit
2788 4305 2887 4344 me.
2924 4287 3073 4344 Sicut
3107 4288 3440 4344 tradiderunt

1836 4387 1980 4442 nobis
2006 4387 2096 4458 qui
2121 4403 2153 4441 a
2174 4387 2433 4460 principio
2460 4385 2561 4454 ipsi
2604 4383 2866 4449 viderunt,
2895 4390 2942 4436 et
2969 4382 3193 4435 ministri
3233 4382 3444 4453 fuerunt

1835 4482 2082 4537 sermonis
2113 4480 2293 4553 (Joau.
2327 4479 2456 4550 xiv).
2486 4479 2639 4534 Clam
2671 4477 2832 4532 Lucae
2861 4475 3207 4532 sermonibus
3234 4473 3437 4534 edoce-

1838 4591 1977 4641 mur,
2010 4573 2152 4645 quod
2175 4572 2458 4644 cujusdam
2489 4571 2754 4627 doctrina:
2778 4569 2900 4624 ﬁnis
2927 4569 2996 4623 sit
3024 4568 3137 4639 ipsa
3165 4567 3436 4636 doctrina,

1836 4668 2064 4725 alterius
2111 4681 2242 4723 vero
2285 4665 2553 4721 doctrina:
2604 4664 2728 4720 linis
2780 4663 2832 4717 in
2861 4677 3030 4733 opere
3076 4667 3440 4731 computetur.

1837 4761 1998 4816 Verbi
2028 4760 2200 4831 gratia
2227 4777 2240 4814 :
2265 4758 2507 4815 Scientia
2529 4757 2852 4830 geometriae
2877 4756 3040 4812 linem
3073 4753 3238 4810 habet
3267 4753 3439 4825 ipsam

1836 4867 2044 4912 tantum
2071 4855 2353 4911 scientiam
2382 4864 2545 4923 atque
2571 4853 2898 4908 doctrinam.
2945 4850 3068 4906 Alia
3095 4864 3227 4906 vero
3254 4849 3440 4904 scien-

1835 4949 1907 5005 tia
1938 4957 2043 5015 est,
2076 4948 2231 5019 cujus
2262 4948 2386 5003 linis
2429 4963 2566 5019 opus
2609 4947 2824 5018 exigit:
2861 4944 3010 5002 velut
3063 4945 3118 4999 in
3169 4942 3439 4999 medicina

1834 5053 2052 5116 oportet
2073 5057 2160 5099 me
2188 5044 2455 5098 rationem
2479 5051 2536 5097 et
2554 5040 2806 5111 dogmata
2829 5038 2972 5094 scire
3000 5037 3301 5106 medicinae,
3326 5052 3437 5091 non

161 5143 369 5202 cateruis,
395 5136 446 5192 id
490 5145 596 5202 est,
627 5138 1150 5215 πεπληροφορημένων
1179 5137 1204 5176 δ
1233 5138 1400 5211 (quod
1431 5153 1537 5193 uno
1566 5137 1730 5194 verbo
1759 5177 1809 5237 D
1837 5148 1896 5194 ιιι
1921 5138 2296 5194 tantummodo
2321 5138 2564 5194 noverim
2595 5136 2722 5208 quid
2762 5136 2991 5194 debeam
3022 5135 3224 5200 facere,
3251 5133 3347 5189 sed
3381 5141 3438 5188 ut

162 5224 360 5285 Latinus
400 5245 580 5286 sermo
610 5245 720 5288 non
751 5232 1033 5304 explicat).
1063 5232 1220 5289 Certa
1247 5234 1393 5290 enim
1427 5233 1532 5288 ﬁde
1563 5243 1616 5289 et
1642 5248 1728 5287 ra-

166 5393 246 5464 H'
267 5385 464 5464 Vitiose
513 5389 885 5464 praferebant
903 5390 1234 5464 editiantea
1266 5390 1413 5456 libri,
1447 5393 1727 5464 plurimas,

166 5454 207 5509 id
229 5465 324 5526 est,
346 5454 607 5534 ba:r_eses,
648 5476 778 5534 cum
807 5461 874 5516 de
900 5454 1612 5534 Pseudo-Evangeliis'lotus
1645 5454 1732 5520 hic

163 5540 320 5608 sermo
342 5533 428 5586 sit.
448 5531 622 5587 Porro
645 5532 763 5588 haec
785 5547 923 5608 pene
943 5533 1008 5588 ad
1041 5533 1265 5590 verbum
1294 5531 1351 5589 in
1377 5551 1470 5590 sua
1498 5547 1734 5593 transtu-

168 5597 216 5676 lit
255 5601 631 5676 Hieronymus,
673 5597 816 5676 quod
868 5619 1030 5674 supra
1063 5615 1302 5660 notatum
1349 5618 1454 5674 est,
1510 5607 1729 5662 Prrel'at.

165 5670 498 5749 Qommeuta'r.
555 5670 624 5731 in
657 5670 995 5732 Mattbaeum.
1045 5679 1247 5734 llecole
1293 5695 1411 5749 qua:
1442 5670 1495 5735 et
1529 5694 1628 5735 nos
1658 5680 1732 5736 ibi

166 5740 508 5802 observamus.

225 5813 248 5852 δ
273 5816 578 5893 llieronymi
605 5819 712 5876 hoc
737 5833 862 5877 esse
884 5820 1340 5889 additamentum,
1369 5823 1508 5893 quod
1540 5838 1734 5892 paren-

169 5882 288 5948 lhesi
308 5882 646 5966 inclusimus,
683 5908 845 5954 nemo
877 5907 984 5956 nou
1026 5896 1211 5956 sentit.
1239 5893 1294 5952 Id
1318 5882 1490 5970 genus
1516 5882 1623 5956 alia
1647 5896 1734 5958 itt-

1836 5234 2049 5302 iaciam,
2075 5233 2127 5290 id
2149 5243 2256 5304 est,
2283 5244 2341 5288 ιιι
2364 5248 2545 5290 secem
2568 5233 2815 5298 vulnera,
2843 5233 3043 5288 victum
3071 5229 3438 5296 moderatum,

1843 5394 2008 5451 terius
2039 5401 2348 5459 occurrunt,
2384 5407 2503 5463 quae
2548 5391 2930 5448 audacioribus
2983 5389 3192 5463 criticis
3241 5391 3443 5463 Dalltco

1841 5467 1909 5522 de
1939 5466 2158 5535 scriptis
2195 5465 2380 5534 lgnatii
2401 5461 2468 5532 _p.
2497 5464 2605 5535 459
2633 5473 2688 5518 et
2713 5480 2892 5535 seqq.,
2929 5472 2984 5518 et
3029 5461 3444 5535 MattliaeorLar-

1842 5534 2084 5606 rnquano
2109 5538 2160 5590 in
2187 5534 2766 5592 Animadversionibus
2783 5534 2847 5589 ad
2873 5534 3270 5589 Pearsonianas
3293 5534 3442 5604 lgna-

1842 5610 1904 5664 tii
1928 5609 2190 5664 vindicias
2224 5623 2344 5679 pag.
2368 5607 2437 5663 94
2460 5617 2515 5662 et
2547 5623 2700 5678 seqq.
2736 5607 2908 5679 traudi
2939 5606 3178 5679 luerunt,
3201 5606 3444 5679 uthasce

1845 5680 2100 5736 ltotnillas
2132 5677 2461 5735 Adatiiantio
2491 5677 2774 5748 perperam
2800 5677 3202 5746 abjudicarent,
3240 5678 3444 5735 Latini-

1843 5767 1949 5822 que
2005 5767 2128 5809 esse
2185 5751 2425 5808 hominis
2483 5749 2652 5806 fetum
2708 5751 3134 5810 contenderent.
3185 5751 3294 5806 Nos
3341 5766 3442 5808 suo

1841 5821 2253 5898 quamquetoco
2281 5823 2644 5898 objectionem
2677 5830 2868 5880 contra
2894 5826 3078 5896 operis
3107 5821 3440 5897 germanita-

1845 5907 1951 5957 tem
1975 5896 2310 5956 refellemus.
