3978 6338
490 323 598 382 θεῖ»

1731 326 1790 384 S.
1836 325 2108 385 EUSEBII
2145 325 2527 387 HIERONYMI

3681 333 3780 391 θέει

492 443 924 515 castigatumque
952 441 1261 515 disponam,
1311 452 1479 499 aestus
1525 442 1755 500 febrium
1782 442 1836 498 in
1868 443 2083 514 pulsum
2112 439 2169 505 Α
2192 443 2397 516 absque
2425 455 2674 517 peccato,
2706 456 2765 502 ut
2794 457 2997 519 negent
3033 448 3345 518 quempiam
3388 457 3520 521 post
3552 449 3685 505 vitia
3717 450 3780 507 ita

494 555 757 597 venarum
788 540 1045 607 sentiam,
1074 547 1130 597 ut
1157 538 1528 596 curationibus
1549 537 1774 612 cyclicis
1804 541 2089 594 humerum

497 632 887 690 abundantiam
917 632 1141 698 siccem,
1181 641 1505 703 temperem,
1547 644 1712 704 atque
1742 632 2090 702 restringam.

498 728 631 798 Qum
660 729 706 783 si
732 728 853 800 quis
882 733 1088 783 tantum
1117 726 1325 791 scierit,
1358 736 1415 782 et
1443 742 1549 781 non
1575 740 1741 797 opere
1781 725 1943 780 fuerit
1967 723 2096 780 sub-

496 831 741 892 secutus,
773 835 928 877 cassa
959 821 1063 876 erit
1086 819 1206 890 eius
1233 819 1484 876 scientia.
1532 818 1726 876 Simile
1757 818 1887 890 quid
1917 819 2097 874 scien-

502 917 591 972 tia:
621 914 907 972 medicina:
932 923 987 971 et
1013 915 1188 985 operi,
1210 916 1372 971 etiam
1399 915 1451 969 in
1474 913 1667 970 notitia
1684 913 2097 984 ministerioque

499 1008 770 1065 sermonis
791 1014 915 1063 est:
947 1006 1099 1064 Sicut
1130 1007 1461 1062 tradiderunt
1486 1005 1630 1061 nobis
1655 1006 1743 1077 qui
1768 1022 1801 1060 a
1843 1005 2096 1076 principio

498 1103 601 1175 ipsi
626 1101 889 1167 viderunt,
938 1111 986 1156 et
1034 1100 1262 1155 ministri
1291 1102 1504 1171 fuerunt
1532 1100 1801 1154 sermonis.
1835 1097 1907 1156 Ut
1935 1114 2000 1153 ex
2031 1113 2097 1154 eo

501 1195 644 1269 quod
674 1196 844 1252 dixit:
878 1194 993 1266 Ipsi
1011 1195 1271 1259 viderunt,
1296 1193 1603 1249 doctrinam
1628 1200 1686 1249 et
1707 1193 1994 1249 scientiam
2024 1193 2100 1248 si-

501 1288 766 1361 gniﬁcari,
798 1297 852 1345 et
876 1303 946 1343 ex
977 1302 1045 1343 eo
1102 1286 1246 1357 quod
1294 1286 1471 1342 dixit:
1497 1284 1729 1342 Hinistri
1754 1286 2099 1357 {ueruntser-

503 1383 694 1447 monis,
727 1381 1085 1438 demonstrari
1130 1395 1298 1449 opera
1327 1392 1743 1451 cognoscamus.
1775 1377 2023 1433 Assecuto
2068 1396 2099 1432 α

504 1478 761 1550 principio
790 1493 809 1532 :
844 1475 1025 1532 Visum
1055 1484 1128 1531 est
1173 1486 1220 1531 et
1264 1475 1393 1530 mihi
1413 1486 1649 1531 assecuta
1682 1473 1745 1528 ab
1789 1474 1938 1529 initio
1969 1491 1987 1527 :
2019 1474 2102 1528 in-

504 1572 704 1637 culcat,
746 1586 809 1626 ac
839 1571 1091 1641 replicat,
1126 1568 1378 1637 quoniam
1418 1583 1482 1624 ea
1512 1583 1633 1639 quas
1664 1567 1964 1639 scripturus
1992 1574 2098 1631 est,

507 1681 615 1724 non
646 1681 867 1722 rumore
886 1664 1232 1737 cognoverit,
1250 1661 1347 1719 sed
1374 1665 1443 1719 ab
1468 1663 1625 1719 initio
1655 1664 1770 1734 ipse
1792 1660 1955 1717 fuerit
1972 1675 2104 1716 eon-

506 1773 745 1817 secutus.
781 1760 937 1817 Unde
981 1770 1036 1817 et
1085 1759 1155 1815 ab
1198 1758 1461 1830 Apostolo
1514 1758 1710 1816 merito
1739 1756 2097 1823 collaudatur,

2194 551 2255 593 se
2284 537 2350 592 ad
2379 538 2617 596 virtutes
2646 540 2874 611 referre,
2903 530 3289 611 ut‘numquam
3320 546 3549 599 omnino
3581 554 3782 615 peccet,

2197 631 2326 687 falsa
2358 647 2550 689 eorum
2582 636 2859 691 sententia
2889 644 2992 691 est.
3034 636 3218 693 Potest
3246 638 3394 694 enim
3428 638 3580 705 ﬁeri,
3616 652 3667 695 ut
3700 640 3786 710 qui

2198 736 2325 781 ante
2353 729 2693 796 peccaverit,
2736 738 2791 784 et
2834 745 3065 799 peccare
3092 730 3387 798 desiverit,
3419 731 3544 787 sine
3575 743 3788 801 peccato

2197 834 2319 876 esse
2346 820 2577 876 dicatur.
2609 822 2701 877 Sic
2739 833 2794 877 et
2829 823 3089 879 Dominus
3132 832 3321 880 noster
3357 823 3517 881 Jesus
3544 825 3791 880 Christus

2199 914 2450 970 exhibuit
2477 914 2579 971 sibi
2620 916 2921 985 gloriosam
2956 917 3295 988 Ecclesiam,
3343 932 3449 973 non
3501 917 3791 973 habentem

2201 1007 2470 1063 maculam
2518 1007 2747 1080 (Ephes.
2794 1008 2862 1079 ν)
2900 1030 2912 1064 ;
2945 1024 3052 1065 non
3084 1011 3209 1077 quia
3258 1011 3671 1067 ecclesiasticus
3719 1011 3795 1067 vir

2201 1117 2496 1172 numquam
2530 1102 2783 1158 habuerit
2812 1104 3080 1159 maculam
3114 1120 3128 1171 ;
3172 1104 3268 1161 sed
3300 1106 3424 1174 quia
3455 1120 3795 1177 nequaquam

2202 1195 2343 1249 ultra
2377 1196 2685 1252 maculetur
2717 1214 2729 1250 :
2765 1212 2873 1251 non
2902 1195 3195 1253 habentem
3248 1213 3436 1268 rugam
3458 1240 3474 1265 ,
3507 1213 3620 1252 non
3658 1198 3798 1267 quod

2202 1304 2335 1360 ruga
2359 1290 2560 1345 veteris
2584 1288 2822 1344 hominis
2856 1291 2908 1343 in
2935 1306 3001 1346 eo
3023 1290 3319 1360 aliquando
3345 1307 3449 1345 non
3476 1289 3678 1357 fuerit;
3707 1289 3800 1346 sed

2202 1384 2347 1454 quod
2386 1400 2507 1439 eam
2540 1383 2743 1440 habere
2781 1384 3030 1440 desierit.
3068 1384 3125 1440 In
3161 1386 3309 1441 hunc
3337 1384 3559 1440 modum
3588 1396 3646 1440 et
3675 1384 3801 1441 illud

2205 1478 2347 1549 quod
2373 1482 2645 1548 sequitur,
2676 1487 2763 1533 est
2789 1477 3231 1548 intelligendum,
3260 1487 3317 1533 ut
3342 1478 3410 1532 sit
3432 1487 3615 1533 sancta
3640 1487 3691 1533 et
3709 1479 3805 1532 im-

2205 1570 2500 1635 maculata,
2532 1585 2643 1624 non
2670 1570 2818 1641 quod
2850 1585 2880 1625 a
2912 1571 3184 1640 principio
3212 1572 3564 1625 immaculata
3596 1571 3759 1626 fuerit
3787 1586 3804 1628 :

2206 1665 2313 1721 hoc
2341 1666 2488 1721 enim
2520 1668 2789 1737 suspicari
2820 1667 3046 1738 quidem
3080 1666 3150 1723 de
3178 1667 3406 1723 homine
3446 1682 3554 1722 non
3599 1676 3806 1737 potest,

2208 1762 2351 1832 quod
2379 1762 2560 1817 anima
2588 1762 2706 1833 ejus
2736 1762 3011 1818 maculosa
3043 1776 3151 1817 non
3178 1760 3386 1829 luerit;
3421 1761 3517 1817 sed
3548 1759 3695 1832 quod
3724 1776 3812 1815 re-

507 1856 726 1914 dicente
754 1875 769 1912 :
795 1853 958 1929 Cujus
986 1856 1101 1911 laus
1122 1856 1176 1909 in
1204 1852 1488 1927 Evangelia
1511 1864 1583 1908 est
1613 1870 1704 1926 per
1724 1868 1898 1907 omnes
1926 1850 2106 1907 Eccle-
2139 1843 2186 1903 B
2213 1863 2437 1926 putetur
2465 1869 2596 1924 pura
2624 1864 2789 1925 atque
2818 1856 3034 1910 sincera
3052 1896 3067 1917 .
3099 1868 3224 1925 qum
3257 1853 3519 1910 maculari
3547 1854 3691 1909 ultra
3716 1851 3814 1909 de-

507 1952 614 2006 sias
644 1949 709 2022 (ll
739 1948 861 2007 Cor.
890 1946 1029 2019 vui).
1067 1948 1180 2003 Hoc
1208 1947 1352 2003 enim
1379 1946 1449 2003 de
1473 1946 1623 2002 nullo
1663 1945 1772 2001 alio
1794 1943 2019 2015 dicitur,
2051 1955 2107 2001 et

512 2042 614 2101 nisi
636 2043 705 2099 de
737 2043 876 2099 Luca
909 2043 1115 2098 dictum
1148 2041 1382 2096 traditur
1411 2058 1425 2096 :
1465 2039 1649 2095 Visum
1672 2048 1748 2094 est
1775 2046 1826 2092 et
1870 2037 1998 2092 mihi
2023 2055 2098 2090 os-

510 2149 682 2195 secuta
705 2154 738 2192 a
768 2137 1024 2210 principio
1065 2137 1241 2191 omnia
1264 2135 1536 2207 diligenter
1562 2149 1627 2188 ea:
1645 2134 1827 2187 ordine
1859 2131 1953 2186 tibi
1976 2130 2109 2185 scri-

512 2233 647 2300 bere,
678 2233 867 2305 optime
895 2230 1203 2305 TlteOpItile.
1238 2231 1395 2286 Putat
1417 2229 1635 2300 aliquis,
1668 2229 1813 2300 quod
1840 2228 1906 2283 ad
1930 2226 2109 2284 Theo—

513 2326 722 2398 philum
746 2325 1055 2397 quempiam
1088 2323 1440 2395 Evangeliom
1462 2322 1752 2394 scripserit
1775 2336 1997 2377 :omnes
2016 2320 2107 2391 qui

515 2433 618 2475 nos
645 2418 847 2474 auditis
872 2417 1180 2488 loquentes,
1221 2417 1268 2473 si
1303 2416 1437 2472 tales
1480 2414 1690 2472 fueritis
1719 2424 1777 2471 ut
1804 2412 2107 2487 diligamini

511 2527 543 2568 a
576 2513 709 2580 Deo,
735 2525 789 2569 et
821 2526 917 2567 vos
942 2510 1228 2583 Theophili
1254 2513 1409 2577 estis,
1454 2522 1510 2566 et
1535 2511 1601 2566 ad
1632 2525 1730 2566 vos
1757 2507 2105 2579 Evangelium

513 2607 788 2663 scribitur.
840 2606 896 2663 Si
944 2605 1068 2678 quis
1104 2604 1445 2676 Theophilus
1473 2616 1579 2674 est,
1632 2605 1735 2659 iste
1766 2604 2010 2673 optimus
2056 2611 2110 2657 ct

510 2697 843 2757 fortissimus
897 2709 1000 2764 est,
1052 2698 1158 2753 hoc
1185 2707 1211 2736 *ι
1239 2699 1440 2769 quippe
1485 2697 1886 2768 signiﬁcantius
1916 2694 2109 2751 erco

513 2806 771 2848 sermone
817 2790 1017 2847 dicitur
1042 2793 1338 2871 κράτιστος.
1374 2788 1545 2845 Nemo
1591 2787 1928 2852 Theophilus
1957 2786 2103 2840 inlir-

514 2901 635 2943 mus
683 2895 787 2943 est.
824 2886 894 2943 Et
938 2890 1213 2957 quomodo
1241 2885 1502 2954 scriptum
1533 2896 1611 2939 est
1644 2882 1998 2956 εει-252
2042 2881 2110 2936 de

513 2980 715 3051 populo
732 2979 915 3041 Israel.
935 2979 1151 3050 quando
1166 2977 1547 3049 egrediebatur
1565 2991 1629 3032 ex
1649 2975 1888 3048 A‘ngpto
1905 2973 2106 3042 (Exod.

519 3072 653 3144 Juv),
672 3072 818 3144 quod
841 3089 946 3128 non
972 3072 1131 3128 fuerit
1155 3074 1207 3126 in
1233 3071 1480 3126 tribubus
1505 3085 1694 3126 eorum
1716 3070 1990 3125 inﬁrmus:
2008 3069 2107 3134 sic,

519 3176 577 3220 ut
595 3166 853 3221 audacter
875 3166 1086 3237 loquar,
1109 3165 1285 3221 dicam
1303 3165 1445 3237 quod
1465 3164 1643 3220 omnis
1667 3165 1756 3235 qui
1776 3162 2108 3233 Theophilus

516 3269 621 3328 est,
653 3261 723 3315 sit
754 3222 1034 3327 robustius,
1069 3258 1278 3314 habens
1321 3222 1700 3313 lortitudineni
1749 3222 2027 3312 robustam
2078 3270 2107 3309 a
2135 3222 2182 3289 ο

521 3351 657 3419 Deo,
687 3364 963 3416 tamquam
990 3368 1019 3406 a
1044 3367 1304 3408 sermone
1324 3354 1469 3420 ejus,
1494 3363 1551 3406 ut
1571 3365 1908 3421 cognoscere
1936 3348 2111 3421 possit

518 3461 709 3503 eorum
749 3447 1063 3515 verborum,
1112 3447 1309 3519 quibus
1356 3447 1609 3503 conditus
1641 3454 1749 3513 est,
1798 3445 2108 3510 veritatem,

518 3538 831 3610 intelligens
854 3554 1160 3596 sermonem
1209 3539 1486 3611 Evangelii
1519 3540 1571 3596 in
1600 3538 1845 3607 Christo,
1877 3539 1963 3595 cui
1991 3537 2108 3608 glo-

519 3631 597 3687 ria
628 3630 685 3688 in
713 3632 911 3688 saecula
939 3633 1292 3701 surculorum,
1319 3630 1517 3688 Amen.

1120 3745 1401 3802 HOMILIA
1444 3746 1510 3802 ll.

520 3838 598 3896 lle
622 3853 689 3893 eo
716 3840 858 3910 quod
892 3838 1161 3913 scriptum
1185 3850 1266 3913 est
1298 3859 1313 3893 :
1346 3838 1512 3894 Erant
1539 3849 1710 3913 autem
1728 3841 1864 3913 justi
1888 3840 2113 3894 amboin

591 3908 867 3983 conspectu
894 3908 1019 3983 Dei,
1056 3910 1383 3983 ambulantes
1421 3914 1476 3966 in
1507 3908 1745 3983 omnibus
1783 3912 2043 3967 mandatis
2067 3921 2115 3967 et

580 3981 1048 4058 justiﬁcationibus
1074 3981 1287 4038 Domini
1315 3984 1428 4039 sine
1453 3984 1681 4054 querela.
1714 3982 1847 4055 Cap.
1871 3983 1914 4038 1.

592 4098 696 4168 Qui
724 4099 916 4154 volunt
946 4100 1182 4169 peccatis
1205 4100 1320 4155 suis
1348 4099 1649 4156 obtendere
1677 4099 1914 4171 aliquam
1946 4114 2116 4156 excu-

520 4194 825 4259 smionem,
856 4193 1170 4248 existimant
1219 4192 1428 4247 nullum
1466 4207 1591 4247 esse
1631 4193 1838 4263 absque
1869 4206 2115 4262 peccato,

522 4298 577 4344 et
617 4299 840 4344 utuntur
888 4291 1205 4345 testimonio
1240 4290 1385 4361 quod
1430 4290 1482 4346 in
1528 4289 1633 4346 Job
1673 4292 1936 4361 scriptum
1990 4303 2115 4347 est:

526 4379 695 4436 Nemo
720 4382 946 4436 mundus
966 4399 997 4435 a
1019 4383 1203 4451 sorde,
1246 4398 1308 4437 ne
1343 4383 1389 4437 si
1426 4384 1581 4437 unius
1605 4383 1815 4455 quidem
1838 4383 1940 4438 diei
1964 4386 2120 4454 fuerit

521 4474 622 4528 vita
647 4474 759 4545 ejus
785 4490 942 4544 super
972 4482 1182 4529 terram.
1212 4474 1263 4529 Ν
1267 4476 1574 4530 umerabiles
1600 4488 1767 4530 autem
1791 4491 1986 4529 menses
2007 4478 2118 4545 ejus

526 4565 673 4638 (Job.
698 4564 832 4638 xlv).
866 4566 1034 4636 Cujus
1066 4581 1261 4621 sonum
1292 4566 1670 4624 tantummodo
1703 4568 2008 4637 proferunt,
2038 4569 2118 4621 in-

526 4662 972 4729 terpretationcm
1021 4661 1237 4732 penitus
1277 4661 1612 4729 ignorantes.
1659 4662 1938 4718 Adversus
1979 4678 2115 4730 quos

526 4757 767 4812 breviter
817 4755 1303 4826 respondebimus,
1335 4756 1592 4823 quoniam
1637 4755 1845 4825 absque
1893 4764 2118 4827 peccato

528 4853 737 4908 essein
781 4850 1080 4920 Scripturis
1120 4849 1410 4921 dupliciter
1449 4850 1811 4922 intelligitur:
1846 4858 1906 4905 ut
1944 4851 2015 4906 sit
2041 4850 2121 4906 al-

528 4956 738 5012 terum,
772 4960 1063 5016 numquam
1095 4944 1319 4998 omnino
1351 4957 1607 5013 peccasse
1639 4961 1653 4997 :
1684 4944 1915 4998 alterum
1935 4989 1950 5012 ,
1986 4959 2117 5013 pec-

528 5054 657 5096 care
686 5039 918 5095 desisse.
961 5037 1018 5093 Si
1070 5038 1233 5108 igitur
1269 5036 1422 5090 aiunt
1468 5050 1595 5091 eum
1642 5035 1853 5106 abSqne
1892 5050 2120 5106 peccato

529 5135 668 5197 dici,
700 5136 787 5205 qui
822 5147 1112 5203 numquam
1144 5114 1484 5201 peccaverit.
1524 5141 1580 5184 et
1626 5144 1727 5184 nos
1763 5132 2117 5197 assentimus,

531 5233 740 5289 nullum
767 5246 891 5287 esse
920 5229 1127 5298 absque
1155 5238 1402 5298 peccato,
1435 5228 1558 5295 quia
1590 5240 1787 5281 omnes
1815 5224 1846 5263 δ
1876 5226 2126 5283 homines

532 5324 826 5398 aliquando
857 5322 1240 5395 peccavimus,
1286 5320 1411 5375 licet
1442 5329 1632 5391 postea
1665 5321 1921 5375 virtutem
1954 5322 2129 5378 secuti

533 5433 743 5475 sumus.
777 5415 833 5474 Si
885 5429 1014 5471 vero
1057 5414 1137 5470 sic
1184 5412 1499 5483 intelligunt
1551 5412 1833 5467 hominem
1869 5428 1975 5467 non
2008 5429 2130 5469 esse

605 5614 631 5642 η
654 5604 851 5660 lterum
871 5618 934 5656 ex
956 5595 1267 5668 interpretis
1291 5593 1406 5648 cala
1418 5608 1528 5668 mo,
1550 5608 1656 5648 non
1675 5591 1937 5668 auctoris.
1957 5590 2126 5647 hocce

532 5678 750 5736 additur
771 5690 982 5731 comma
1013 5691 1026 5727 :
1052 5665 1194 5741 quod
1220 5669 1364 5722 enim
1395 5668 1460 5741 in_
1477 5665 1668 5741 Graeco
1693 5665 2126 5741 etaperto-cog,

531 5735 589 5808 et
612 5748 831 5822 proprie
858 5735 1202 5830 fortissimum
1225 5746 1407 5803 sonat,
1439 5737 1647 5793 Latinae
1679 5735 1953 5792 versio'nis
1977 5735 2131 5791 codi—

530 5821 625 5881 ces
650 5826 900 5948 oﬁtimum
925 5821 1382 5885 interpretantur.
1419 5858 1455 5898 .'
1637 5883 1649 5894 _
1720 5881 1733 5894 .
2034 5878 2045 5891 ⁸
2110 5880 2124 5894 .

599 5892 630 5931 ιη
722 5890 969 5948 onendus
1010 5896 1098 5945 cst
1128 5888 1299 5942 lector
1329 5882 1553 5939 Mariam
1588 5881 1870 5954 Virginem
1900 5879 2127 5952 specnalt

2206 1948 2383 2002 sierit.
2410 1947 2536 2003 Ha‘c
2564 1947 2770 2002 idcirco
2795 1945 3061 2015 diximus,
3088 1955 3146 2001 ut
3165 1947 3491 2003 duceremus
3523 1961 3688 2017 posse
3713 1944 3815 2002 ho-

2209 2042 2411 2097 minem
2441 2042 2513 2098 ob
2545 2042 2597 2098 id
2628 2042 2773 2114 quod
2819 2058 3052 2113 peccare
3088 2042 3328 2112 desivit,
3376 2046 3559 2098 vocari
3606 2041 3813 2113 absque

2206 2147 2471 2207 peccato,
2505 2145 2561 2193 et
2601 2138 3035 2193 immaculatum.
3086 2136 3242 2194 Unde
3269 2146 3328 2193 et
3354 2136 3815 2194 manifestissime

2207 2231 2276 2287 de
2303 2231 2566 2287 Zacharia
2595 2240 2651 2289 et
2683 2231 2956 2287 Elisabeth
2982 2232 3242 2287 scrihitur
3268 2248 3282 2285 :
3315 2230 3484 2285 Erant
3499 2232 3634 2305 justi
3660 2230 3815 2285 ambo

2207 2329 2261 2382 in
2293 2339 2567 2394 conspectu
2596 2323 2693 2379 Dei
2723 2325 3068 2381 ambulantes.
3102 2324 3171 2379 In
3199 2324 3436 2380 omnibus
3463 2333 3640 2379 autem
3664 2331 3816 2378 erant

2199 2421 2333 2494 justi
2362 2419 2515 2474 ambo
2543 2429 2661 2474 ante
2690 2416 2974 2473 Dominum
2995 2459 3009 2484 ,
3050 2417 3340 2473 incedentes
3382 2418 3438 2472 in
3466 2417 3736 2471 mandatis
3766 2424 3816 2471 et

2200 2512 2667 2585 justi/icationibus
2690 2509 2902 2566 Domini
2931 2513 3042 2567 sine
3070 2509 3305 2583 querela.
3335 2510 3662 2582 Diligentius
3691 2510 3810 2565 lau-

2210 2606 2308 2662 des
2338 2606 2621 2661 Zachariae
2652 2616 2706 2662 et
2753 2604 3040 2662 Elizaheth
3062 2650 3077 2671 ,
3112 2621 3248 2677 quas
3297 2613 3521 2662 sanctus
3549 2603 3730 2661 Lucas
3759 2604 3816 2659 in

2210 2715 2306 2756 sua
2340 2700 2531 2757 scribit
2560 2700 2809 2769 historia,
2844 2700 3285 2770 contemplemur
3319 2718 3331 2753 :
3365 2715 3473 2755 non
3507 2707 3725 2753 tantum
3758 2706 3820 2753 ut

2211 2792 2449 2847 sciamus
2481 2792 2605 2847 illos
2637 2792 2806 2847 fuisse
2838 2791 3177 2858 laudabiles;
3213 2791 3311 2847 sed
3346 2798 3407 2846 ut
3434 2801 3684 2846 sanctum
3719 2804 3817 2845 ze-

2211 2885 2324 2940 lum
2357 2895 2735 2951 assmnentes,
2767 2884 2931 2940 etiam
2965 2883 3070 2953 ipsi
3103 2884 3264 2940 laude
3293 2884 3443 2955 digni
3472 2883 3811 2940 efﬁciamur.

2213 2976 2472 3033 Potuemt
2499 2978 2818 3048 simpliciter
2848 2977 3092 3033 scribere
3112 3019 3127 3042 ,
3160 2987 3307 3032 erant
3326 2979 3462 3048 justi
3497 2977 3672 3043 ambo,
3704 2993 3820 3030 am-

2214 3072 2444 3127 bulantes
2470 3073 2522 3127 in
2544 3072 2779 3126 omnibus
2807 3072 3105 3138 mandatis;
3122 3086 3267 3127 nunc
3292 3082 3474 3127 autem
3501 3072 3821 3127 necessario

2213 3164 2450 3233 additur,
2474 3166 2610 3239 justi
2638 3165 2791 3218 ambo
2830 3166 2882 3219 in
2922 3175 3199 3235 conspectu
3246 3163 3361 3219 Dei.
3397 3164 3580 3219 Potest
3615 3163 3821 3234 quippe

2214 3256 2357 3324 ﬁeri,
2382 3268 2442 3312 ut
2471 3257 2543 3311 sit
2563 3256 2761 3325 aliquis
2778 3255 2959 3327 justus
2991 3257 3042 3310 in
3067 3264 3366 3321 c0nspectu
3393 3255 3820 3323 hominum,sed

2213 3352 2270 3407 in
2290 3360 2589 3424 conspectu
2621 3351 2719 3406 Dci
2749 3365 2883 3407 non.
2910 3349 3076 3406 Verbi
3107 3349 3305 3421 gratia,
3335 3348 3555 3419 quando
3583 3365 3692 3403 non
3722 3348 3823 3403 ha-

2214 3445 2308 3501 bet
2333 3444 2498 3499 homo
2527 3443 2671 3513 quod
2700 3443 2769 3499 de
2802 3458 2889 3498 me
2923 3443 3067 3497 male
3098 3442 3377 3512 loquatur,
3406 3452 3463 3496 et
3489 3443 3541 3497 in
3574 3458 3663 3498 me
3695 3442 3824 3497 uni-

2214 3552 2368 3593 versa
2400 3537 2759 3593 considerans
2788 3535 2923 3591 nihil
2951 3535 3039 3591 cui
3070 3535 3351 3602 detrahat,
3386 3535 3614 3604 reperit,
3635 3534 3826 3604 justus

2215 3647 2335 3689 sum
2367 3632 2421 3687 in
2470 3639 2763 3702 conspectu
2812 3629 3125 3684 hominum.
3159 3627 3330 3698 Finge
3375 3643 3567 3683 omnes
3614 3626 3686 3682 de
3733 3642 3826 3683 me

2216 3727 2484 3799 a-qualem
2512 3726 2715 3781 habere
2741 3724 3098 3789 sententiam,
3121 3731 3176 3778 et
3202 3736 3455 3793 quaerere
3485 3721 3611 3790 quid
3638 3721 3830 3776 drtra-

2217 3821 2348 3878 hant
2373 3820 2528 3883 mihi,
2548 3830 2601 3876 et
2630 3831 2810 3875 tamen
2840 3817 3093 3873 invenire
3116 3831 3225 3872 non
3250 3831 3431 3885 posse,
3453 3815 3546 3869 sed
3575 3829 3829 3871 consono

2219 3931 2307 3972 me
2333 3931 2430 3969 ore
2454 3913 2680 3969 laudare
2709 3929 2723 3967 :
2754 3912 2935 3984 justus
2967 3926 3087 3965 sum
3121 3910 3174 3965 in
3205 3919 3502 3979 conspectu
3528 3906 3822 3964 hominum

2217 4011 2611 4084 plurimorum;
2645 4022 2836 4063 verum
2879 4005 3160 4062 hominum
3192 4019 3299 4060 non
3328 4013 3411 4059 cst
3438 4010 3646 4058 certum
3665 4002 3825 4070 judi-

2217 4102 2657 4161 cium.Nesciuut
2679 4100 2824 4155 enim
2850 4108 3029 4153 utrum
3062 4097 3113 4151 in
3145 4096 3469 4150 abscondito
3497 4093 3684 4149 cordis
3713 4094 3829 4149 mei

2218 4198 2511 4271 aliquando
2541 4194 2879 4268 peccaverim
2900 4238 2913 4262 ,
2946 4203 3133 4246 utrum
3166 4190 3393 4246 viderim
3429 4188 3717 4243 mulierem
3752 4187 3824 4242 ad

2219 4290 2721 4363 concupiscendum
2749 4305 2869 4344 eam
2894 4284 3113 4358 (Matth.
3139 4284 3216 4357 v),
3244 4294 3303 4339 et
3327 4281 3659 4338 adulterium
3691 4281 3832 4335 mihi

2220 4389 2275 4443 in
2306 4387 2474 4442 corde
2504 4386 2576 4438 sit
2603 4391 2812 4437 natum.
2855 4380 3119 4451 Ignorant
3165 4375 3521 4452 253-254
3570 4375 3834 4431 homines

2222 4497 2344 4537 cum
2372 4496 2461 4535 me
2482 4478 2721 4533 viderint
2743 4475 3042 4531 secundum
3070 4474 3220 4528 vires
3242 4487 3392 4528 meas
3415 4474 3836 4543 eleemosynam

2223 4576 2439 4640 facere,
2486 4587 2667 4629 utrum
2696 4578 2924 4643 propter
2969 4568 3287 4624 mandatum
3323 4567 3416 4622 Dei
3458 4564 3719 4630 fecerim,
3761 4581 3837 4620 an

2229 4667 2511 4723 hominum
2546 4664 2760 4721 laudem
2793 4664 3153 4732 favoremque
3199 4658 3533 4730 quaesierim.
3581 4656 3838 4711 Diflicilis

2230 4777 2319 4818 res
2357 4772 2439 4816 est
2480 4760 2533 4814 in
2573 4764 2871 4827 conspectu
2916 4753 3008 4809 Dei
3046 4753 3257 4821 justum
3298 4766 3457 4815 esse,
3513 4759 3573 4804 ut
3614 4763 3723 4803 non
3762 4748 3841 4804 ob

2225 4856 2388 4912 aliam
2418 4868 2636 4909 causam
2668 4849 2800 4922 quid
2845 4848 2970 4903 boni
3019 4845 3194 4901 facias
3227 4844 3329 4899 nisi
3376 4851 3606 4915 propter
3653 4842 3840 4912 ipsum

2227 4949 2436 5005 bonum
2452 4989 2466 5011 ,
2483 4958 2537 5002 et
2567 4947 2733 5000 Deum
2757 4951 2969 4997 tantum
2997 4952 3214 5011 qumras
3241 4936 3369 4991 boni
3393 4933 3577 5004 operis
3597 4932 3843 4989 retribu-

2229 5053 2425 5098 torem.
2479 5037 2609 5094 Tale
2652 5034 2779 5105 quid
2821 5043 2877 5089 et
2922 5030 3224 5102 Apostolus
3274 5028 3519 5097 loquitur
3550 5044 3564 5080 :
3598 5025 3841 5090 Quorum

2230 5135 2347 5191 laus
2376 5149 2481 5187 non
2506 5146 2570 5185 ea:
2593 5127 2910 5191 hominibus,
2935 5124 3026 5179 sed
3055 5140 3119 5179 ex
3153 5121 3258 5175 Deo
3285 5129 3360 5174 est
3384 5117 3562 5188 (Rom.
3588 5114 3672 5188 ιι).
3703 5116 3842 5170 Bea-

2232 5239 2321 5284 tus
2348 5225 2442 5297 qui
2473 5224 2526 5279 in
2552 5230 2855 5292 conspectu
2876 5219 2970 5274 Dei
2995 5220 3175 5288 justus
3197 5226 3307 5281 est,
3338 5222 3500 5282 atque
3522 5211 3839 5269 laudabilis.

2231 5320 2494 5377 Homines
2516 5317 2686 5380 enim,
2713 5311 2960 5383 quamvis
2985 5318 3193 5366 certum
3220 5307 3488 5378 judicium
3520 5304 3724 5359 habere
3756 5304 3843 5356 vi-

2229 5415 2490 5479 deantur,
2524 5422 2703 5466 tamen
2733 5423 2839 5462 non
2883 5413 3113 5477 possunt
3159 5403 3224 5456 ad
3275 5399 3541 5473 liquidum
3588 5414 3838 5471 pronun-

2222 5590 2329 5645 Dei
2368 5582 2659 5660 privilegio
2684 5584 2753 5639 ab
2771 5584 2900 5660 _hac
2934 5594 3255 5660 exemplain
3275 5595 3509 5660 censura
3538 5596 3559 5660 _:
3595 5579 3837 5660 ideoque

2234 5651 2723 5728 monéndus,vqnia
2762 5656 3026 5725 Origenes
3083 5651 3137 5708 ut
3172 5656 3402 5728 inferius
3439 5651 3506 5706 ad
3538 5651 3747 5728 homil._
3774 5653 3835 5707 li

2232 5730 2527 5789 dicendum
2555 5721 2677 5798 est,
2708 5721 2881 5799 ipsam
2911 5740 3135 5799 quoque
3163 5725 3264 5781 sub
3296 5725 3399 5780 hac
3443 5724 3690 5780 omnium
3733 5721 3837 5778 ho-

2235 5806 2439 5863 minum
2468 5803 2791 5861 inﬁrmitate
2811 5800 2980 5871 impie
2999 5806 3349 5856 annumerat.
