3978 6338
497 366 605 433 2‘17

498 482 815 560 intuebatur
839 479 1061 536 Patrem
1084 519 1099 545 ,
1145 490 1245 533 nec
1297 471 1544 548 proditor
1572 467 1739 526 ludas
1775 486 1789 524 :
1819 468 1945 540 quia
2002 478 2102 521 nec
2130 473 2177 534 Α

501 580 621 653 ipse
668 577 876 636 Pilatus
901 618 917 643 ,
974 589 1077 632 nec
1134 571 1302 630 Judas
1340 567 1617 626 Christum
1660 562 1960 625 secundum
2001 560 2105 616 hoc

496 672 644 748 quod
683 680 808 729 erat
842 669 1099 731 Christus
1134 665 1398 724 videbant
1424 706 1438 731 ,
1507 677 1612 721 nec
1650 656 1948 717 multitudo
1984 671 2106 728 quze

501 764 822 824 coarctabat
859 778 1005 820 eum.
1050 760 1131 817 illi
1169 768 1384 816 tantum
1425 754 1683 812 videbant
1721 753 1907 810 Jesum
1930 792 1943 815 ,
1968 761 2108 819 quos

500 870 732 932 aspectu
755 874 857 916 suo
885 856 1081 929 dignos
1106 870 1233 913 esse
1256 852 1491 910 sciebat.
1526 849 1868 906 Laboremus
1895 858 2023 915 ergo
2054 850 2109 897 et

506 970 642 1021 nos,
709 962 769 1009 ut
806 960 862 1009 et
898 949 1398 1021 imprmsentiarum
1444 944 1601 1000 nobis
1640 942 1786 998 Deus
1825 944 2104 1010 appareat.

503 1046 737 1105 Sanctus
768 1044 968 1116 quippe
998 1042 1409 1115 Scripturarum
1440 1051 1629 1094 sermo
1657 1033 1932 1107 promisit,
1961 1029 2107 1102 quod

503 1140 812 1199 invenietur
838 1138 909 1193 ab
939 1136 1028 1195 Itis
1056 1136 1148 1208 qui
1176 1151 1285 1192 non
1314 1139 1529 1190 tentant
1554 1145 1681 1187 eum
1712 1145 1728 1184 :
1759 1132 1989 1198 apparet
2014 1138 2110 1177 au-

506 1241 618 1292 tem
646 1232 729 1288 his
757 1231 855 1303 qui
883 1246 993 1288 non
1022 1240 1154 1287 sunt
1185 1228 1451 1285 increduli
1485 1227 1540 1283 in
1568 1240 1692 1281 eum
1722 1240 1735 1277 :
1763 1230 1817 1279 et
1843 1221 1896 1277 in
1930 1218 2111 1274 futuro

506 1342 619 1384 non
641 1325 1016 1382 abscondatnr
1032 1339 1063 1379 a
1085 1323 1276 1389 nobis;
1302 1320 1396 1377 sed
1419 1318 1706 1376 videamus
1733 1329 1856 1371 eum
1886 1311 2020 1368 facie
2043 1308 2109 1365 ad

502 1420 722 1488 faciem,
765 1428 823 1475 et
850 1417 1153 1475 habeamus
1187 1416 1437 1471 itduciam
1479 1414 1637 1469 bonae
1665 1409 1813 1473 vitae,
1846 1406 2112 1463 fruamur-

508 1529 615 1587 que
638 1522 942 1586 conspectu
974 1510 1373 1583 omnipotentis
1403 1507 1503 1564 Dei
1541 1507 1598 1565 in
1623 1503 1846 1561 Christo
1872 1500 2029 1562 Jesu,
2058 1507 2115 1554 et

506 1613 715 1687 Spiritu
745 1623 963 1680 sancto,
991 1613 1081 1668 cui
1108 1620 1191 1668 est
1224 1608 1400 1683 gloria
1432 1615 1485 1663 et
1515 1604 1799 1677 imperium
1830 1600 1884 1656 in
1914 1597 2109 1655 szecttla

508 1707 861 1776 saeculorum,
885 1706 1084 1762 Amen.

1100 1836 1400 1905 'HOMILIA
1439 1833 1528 1905 iV.

513 1959 592 2017 De
636 1972 702 2023 eo
743 1957 890 2031 quad
933 1955 1194 2031 scriptum
1226 1959 1322 2031 est.
1356 1968 1397 2031 =.
1424 1947 1510 2031 Ns
1551 1947 1766 2031 ἕίηιοαεο
1820 1940 2108 2031 ZEC’WT‘R:

584 2011 847 2098 usitus'id
868 2011 1006 2083 eum
1027 2011 1202 2085 locum
1230 2011 1428 2098 lubiait
1448 2020 1518 2077 de
1526 2011 1760 2098 joanne
1790 2033 1809 2073 :
1846 2011 2112 2098 iirwcedet

584 2086 757 2158 coram
778 2101 892 2171 ipso
923 2101 974 2154 in
1003 2098 1191 2171 spiritu
1217 2104 1267 2150 et
1300 2096 1493 2149 virtute
1519 2089 1676 2145 Elite.
1704 2087 1842 2161 Cap.
1876 2086 1921 2141 l.

581 2234 896 2302 Zacharias,
929 2246 1053 2293 cum
1104 2229 1364 2302 angelum
1395 2225 1644 2295 vidisset,
1679 2221 1916 2293 expavit.
1963 2218 2112 2281 Nova

515 2331 721 2404 quippe
745 2327 914 2393 iacies
946 2324 1202 2389 humanis
1231 2321 1513 2393 obtutibus
1540 2334 1602 2383 se
1653 2316 1904 2389 praebens
1937 2312 2116 2377 turbat

514 2434 789 2490 mentem,
838 2422 1190 2492 animumque
1254 2424 1594 2483 consternat.
1651 2410 1808 2475 Unde
1866 2407 2114 2480 angelus,

514 2519 699 2585 sciens
728 2517 870 2577 hanc
913 2529 1038 2575 esse
1071 2516 1367 2579 humanam
1401 2517 1673 2570 naturam,
1714 2506 1947 2576 primum
1993 2514 2118 2572 per-

515 2610 810 2673 turbationi
836 2608 1090 2669 medetur
1115 2606 1305 2667 dicens
1346 2619 1365 2661 :
1400 2600 1527 2659 Noli
1557 2602 1756 2666 timere,
1802 2593 2065 2659 Zacharia
2098 2606 2115 2646 :

520 2715 578 2764 et
606 2702 973 2775 trepidantem
1010 2698 1303 2764 refocillat,
1353 2707 1614 2765 novoque
1662 2689 1901 2747 laetiﬁcat
1929 2687 2119 2747 nuntio

523 2798 767 2859 inferens
795 2814 808 2855 :
840 2793 1110 2859 Exaudita
1133 2800 1206 2849 est
1238 2789 1405 2853 oratio
1435 2799 1548 2856 tua,
1572 2794 1619 2845 et
1650 2799 1782 2851 tutor
1812 2792 1905 2839 tua
1931 2776 2118 2835 Elizav

523 2892 642 2955 betlt
674 2892 839 2963 pariet
882 2890 1074 2962 ﬁliuni,
1114 2896 1162 2943 et
1206 2884 1409 2953 vocabis
1456 2896 1642 2941 nomen
1685 2879 1796 2950 ejus
1834 2874 2117 2943 Joannem,

516 2997 566 3044 et
587 2987 686 3049 erit
708 2985 800 3042 tibi
817 2982 1070 3056 gaudium
1095 2989 1144 3043 et
1166 2978 1465 3043 exsultatio.
1488 2972 1717 3044 Quando
1732 2973 1911 3045 justus
1934 2968 2123 3042 257-

519 3077 686 3163 358
733 3076 857 3155 quis
917 3074 1093 3131 oritur
1142 3069 1380 3134 mundo,
1425 3078 1479 3125 et
1519 3066 1755 3127 stadium
1797 3064 1961 3134 hujus
1998 3063 2124 3117 vita:

519 3172 851 3244 ingreditur,
885 3169 1122 3227 tninistri
1153 3164 1462 3229 nativitatis
1489 3164 1608 3239 ejus
1659 3161 1942 3227 lattantur,
1982 3169 2037 3217 et
2063 3172 2124 3215 se

1776 352 1837 412 S.
1878 334 2152 409 EUSEBii
2188 334 2569 404 HIERONYMI

3685 310 3780 388 tas

2206 456 2375 524 scias,
2418 452 2565 524 quod
2598 448 2854 511 minimus
2897 454 2955 504 et
2995 456 3194 519 parvus
3239 454 3350 501 non
3401 438 3620 498 fortuitu
3653 440 3784 495 dica-

2213 560 2339 617 tur;
2372 547 2466 604 sed
2496 562 2621 603 cum
2652 560 2716 607 ea
2748 543 2985 609 ratione,
3019 554 3179 613 quam
3209 536 3517 610 posuimus,
3542 532 3782 604 scriptum

2211 656 2299 707 est
2336 664 2354 702 :
2398 647 2720 718 Quicumque
2785 639 3211 698 scandalimerit
3251 652 3413 693 unum
3463 634 3530 690 de
3581 633 3785 689 minimis

2210 742 2326 798 istis
2381 738 2597 812 (Matth.
2650 735 2830 808 xvm).
2876 733 3130 791 Minimus
3177 728 3599 797 scandalizatur,
3643 739 3786 797 gran-

2211 835 2299 893 dis
2334 849 2442 890 non
2497 841 2677 904 potest
2731 826 3047 889 scandalum
3093 823 3391 882 sustinere.
3439 819 3694 891 Sequitur
3729 819 3789 876 ds

2211 930 2420 988 Joanne
2451 946 2462 982 :
2495 927 2563 984 Et
2613 926 2818 998 Spiritu
2842 934 3023 982 sancto
3054 921 3334 995 replebitur
3361 919 3536 974 adhuc
3561 916 3624 971 de
3658 926 3788 972 utero

2211 1022 2397 1076 matris
2425 1035 2553 1077 sua.
2587 1018 2660 1075 Et
2682 1018 2940 1074 nativitas
2963 1014 3191 1072 Joannis
3219 1012 3379 1083 plena
3410 1008 3672 1066 miraculo
3696 1018 3787 1064 est.

2212 1113 2499 1182 Quomodo
2527 1110 2676 1168 enim
2709 1109 2923 1167 Domini
2957 1107 3131 1165 nostri
3160 1120 3224 1161 ac
3260 1100 3567 1161 Salvatoris
3605 1100 3790 1156 adven-

2213 1216 2326 1265 tum
2368 1205 2731 1278 archangelus
2769 1202 3037 1259 nuntiavit
3074 1218 3088 1256 ι
3141 1201 3216 1255 ita
3261 1207 3317 1255 et
3356 1195 3582 1254 Jonnnls
3627 1203 3788 1249 ortum

2213 1298 2574 1371 archangelns
2605 1297 2820 1353 nuntiat
2850 1294 3097 1367 :Spiritu
3122 1301 3303 1349 sancto
3331 1288 3619 1364 replebitur
3639 1286 3792 1342 adhuc

2215 1394 2281 1450 de
2310 1403 2456 1451 utero
2486 1393 2670 1448 matria
2701 1408 2827 1447 sum.
2877 1389 3119 1462 Populus
3158 1386 3473 1446 Judmorum
3524 1383 3793 1439 facientem

2214 1486 2512 1546 Dominum
2566 1494 2810 1542 nostrum
2840 1483 2993 1556 signa
3026 1490 3189 1553 atque
3221 1486 3493 1551 portenta,
3524 1485 3583 1533 et
3618 1490 3795 1532 curan-

2219 1592 2328 1638 tem
2363 1579 2715 1636 inﬁrmitates
2744 1593 2965 1647 eorum,
2998 1590 3336 1647 nequaquam
3361 1570 3583 1629 videbat
3613 1588 3625 1623 :
3653 1569 3801 1626 Joan-

2217 1689 2317 1730 nes
2345 1688 2476 1729 vero
2500 1673 2679 1729 adhuc
2707 1674 2761 1729 in
2792 1684 2949 1729 utero
2989 1671 3183 1728 matris
3211 1668 3543 1726 constitutus
3563 1666 3801 1734 exsultat,

2217 1769 2420 1826 etenim
2455 1783 2563 1824 non
2598 1776 2799 1839 potest,
2836 1778 2891 1823 et
2920 1765 2988 1822 ad
3033 1764 3331 1821 adventum
3374 1761 3564 1820 Matris
3600 1760 3723 1817 Jesu
3748 1760 3807 1817 ds

2144 1876 2191 1939 ῃ
2220 1871 2378 1919 utero
2402 1866 2573 1933 gestit
2596 1876 2907 1933 erumpere.
2947 1859 3080 1914 Ecce
3104 1859 3262 1928 enim,
3307 1856 3385 1913 ait
3431 1853 3733 1921 Elizabeth,
3759 1863 3808 1909 ut

2215 1961 2359 2030 facta
2390 1966 2464 2012 est
2516 1957 2770 2012 salutatio
2818 1966 2908 2011 tua
2959 1956 3016 2010 in
3044 1970 3196 2010 aures
3237 1969 3400 2018 meas,
3452 1950 3727 2007 exsultavit
3762 1949 3809 2005 itt

2218 2052 2418 2123 gaudio
2463 2052 2642 2122 infans
2687 2053 2739 2106 in
2772 2059 2920 2106 utero
2948 2066 3079 2105 meo.
3122 2048 3312 2105 Adhuc
3357 2047 3409 2102 in
3455 2044 3646 2102 matris
3674 2053 3810 2100 utero

2222 2156 2345 2202 erat
2371 2146 2647 2213 Joannes,
2681 2155 2733 2203 et
2776 2144 2887 2217 jam
2928 2145 3190 2214 Spiritum
3229 2153 3478 2213 sanctum
3518 2147 3809 2213 acceperat.

2217 2238 2339 2295 Non
2385 2240 2531 2296 enim
2585 2238 2720 2295 illud
2771 2237 3097 2317 principium
3148 2245 3271 2293 erat
3319 2235 3641 2293 substantia:
3683 2233 3807 2303 ejus,

2222 2342 2387 2407 atque
2415 2342 2643 2399 naturas,
2674 2332 2744 2388 dc
2774 2347 2879 2404 qua
2908 2328 3186 2402 Scriptura
3230 2327 3491 2401 loquitur,
3537 2326 3686 2399 quod
3711 2327 3815 2398 plu-

2219 2427 2389 2483 rimos
2416 2425 2656 2483 ﬁliorum
2686 2423 2853 2481 israel
2890 2434 3172 2480 convertet
3220 2423 3285 2477 ad
3311 2421 3609 2478 Dominum
3653 2420 3810 2476 Deum

2224 2518 2473 2590 ipsorum
2498 2516 2714 2592 (Matth.
2735 2519 2831 2589 tv).
2858 2517 3094 2574 Joannes
3119 2517 3383 2587 plurimos
3405 2512 3701 2581 convertit,
3724 2514 3815 2569 Do-

2221 2611 2403 2668 minus
2422 2621 2606 2669 autem
2626 2627 2733 2667 non
2763 2611 2967 2687 plures,
2995 2609 3090 2667 sed
3114 2624 3324 2666 omnes.
3348 2608 3461 2665 Hoc
3493 2624 3636 2680 opus
3652 2607 3804 2675 illius,

2226 2714 2285 2759 ut
2310 2719 2501 2759 omnes
2541 2712 2829 2759 convertat
2855 2702 2923 2759 ad
2960 2704 3126 2760 Deum
3178 2701 3420 2758 Patrem.
3478 2700 3546 2757 Et
3580 2700 3817 2774 prteccdet

2224 2812 2402 2851 coram
2441 2797 2557 2869 ipso
2587 2797 2641 2850 in
2688 2796 2873 2869 spiritu
2929 2804 2976 2851 et
3020 2796 3208 2851 uirtute
3254 2793 3408 2850 Elite.
3469 2793 3591 2850 Non
3647 2795 3720 2851 ait
3767 2793 3815 2851 in

2226 2892 2405 2946 anima
2438 2891 2599 2957 Elim,
2642 2889 2739 2945 sed
2786 2890 2841 2944 in
2869 2890 3058 2961 spiritu
3086 2898 3137 2944 ct
3181 2890 3367 2944 virtute
3419 2885 3575 2944 Elite.
3608 2888 3731 2945 Fttit
3768 2887 3816 2943 in

2228 2985 2348 3042 Elia
2383 2984 2580 3052 virtus,
2607 2991 2662 3039 et
2706 2983 2935 3053 spiritus
2962 2983 3106 3038 sicut
3152 2985 3205 3037 in
3234 2980 3490 3038 omnibus
3521 2980 3813 3055 prophetis,

2227 3089 2283 3137 et
2306 3078 2605 3135 secundum
2634 3077 3101 3149 dispensationem
3125 3078 3375 3149 corporis
3396 3078 3448 3133 in
3469 3078 3592 3148 ipso
3616 3090 3819 3149 quoque

2231 3173 2459 3229 Domino
2487 3171 2809 3229 Salvatore:
2840 3170 2905 3226 de
2934 3187 3040 3243 quo
3063 3181 3183 3241 post
3212 3170 3487 3243 pauluittnt
3518 3170 3587 3226 ad
3613 3168 3818 3231 Mariam

520 3266 761 3337 eliernnt
803 3268 857 3327 in
890 3264 1148 3331 Sttblitlle-
1180 3260 1415 3331 Quando
1439 3273 1572 3329 vero
1611 3257 1701 3315 me
1731 3256 1995 3320 ηθεείιυνο
2029 3252 2120 3323 ίιυῖ
2151 3281 2198 3346 C
2229 3266 2429 3324 dicitur
2460 3282 2477 3319 :
2510 3266 2738 3341 Spiritus
2766 3277 2976 3321 sanctus
3012 3266 3339 3338 superveniet
3370 3266 3424 3320 in
3465 3275 3534 3333 te,
3582 3275 3630 3321 et
3673 3265 3820 3333 rirttts

518 3360 680 3427 malae
713 3358 835 3421 vitae
868 3366 1209 3432 praeparatus
1236 3364 1343 3420 est.
1389 3362 1445 3411 et
1472 3352 1625 3425 quasi
1657 3350 1726 3406 οἱ)
1759 3362 1944 3419 P031135
1993 3346 2020 3376 ⁸
2067 3346 2121 3403 in
2227 3362 2483 3417 Altissimi
2528 3359 2854 3415 obumbrabit
2909 3361 3021 3415 tibi.
3058 3359 3302 3432 Spiritus
3343 3375 3474 3432 ergo
3516 3361 3607 3437 qui
3660 3360 3822 3415 fuerat

522 3452 857 3525 ergastulum
882 3450 1180 3521 relegatus,
1208 3447 1459 3507 minister
1477 3451 1881 3509 consternatur,
1911 3452 1965 3498 et
1991 3455 2123 3499 cou-

524 3546 679 3605 cidit.
707 3545 803 3611 Vis
832 3544 1143 3616 exemplum
1168 3543 1419 3614 accipere
1442 3539 1623 3597 sancti
1651 3539 1779 3607 viri,
1820 3536 1978 3608 cujus
2005 3550 2126 3593 om-

527 3642 616 3698 nis
658 3640 870 3707 iructus
937 3641 994 3697 in
1046 3638 1208 3703 laude
1261 3637 1365 3697 sit?
1423 3636 1562 3693 Vide
1611 3633 1783 3691 Jacob
1836 3631 2123 3693 duodecim

522 3734 780 3811 genuisse
804 3749 1005 3802 mares,
1029 3734 1122 3805 qui
1152 3746 1343 3793 omnes
1368 3731 1556 3803 populi
1580 3729 1678 3791 Dei
1702 3739 1757 3791 et
1782 3730 1949 3799 partis
1978 3727 2125 3789 illius

522 3829 850 3901 patriarcha:
881 3838 937 3885 et
955 3828 1231 3901 principes
1259 3826 1594 3889 exstiterunt
1620 3841 1634 3881 :
1670 3825 1725 3883 iu
1759 3823 1843 3881 his
1871 3822 2127 3885 munibus

524 3922 698 3980 Jacob
737 3921 1028 3979 lmtabatur
1072 3927 1254 3992 pater,
1295 3918 1437 3985 sicut
1488 3927 1542 3985 et
1592 3933 1735 3981 nunc
1778 3914 1850 3977 de
1901 3914 2128 3977 Joannis

530 4017 822 4087 nativitate
848 4016 1059 4079 cunctis
1085 4013 1341 4092 gaudium
1389 4014 1671 4081 nuntiatur
1701 4029 1716 4069 :
1748 4018 1803 4069 et
1829 4010 1921 4081 qui
1957 4008 2129 4066 semel

526 4110 598 4167 ob
622 4108 911 4183 utilitatem
938 4107 1172 4167 aliorum
1205 4105 1274 4165 ad
1305 4106 1606 4167 liberorum
1629 4118 1795 4175 opera
1828 4100 2128 4163 descende.

529 4202 622 4270 rit,
647 4210 702 4261 et
730 4215 789 4259 se
823 4200 1063 4257 voluerit
1091 4199 1219 4255 huic
1247 4197 1559 4263 ministerio
1596 4197 1929 4268 mancipare,
1968 4196 2133 4259 obsc-

532 4304 652 4361 cret
676 4295 870 4367 Deum,
916 4305 975 4353 ttt
1022 4295 1145 4355 talis
1171 4294 1221 4351 ei
1273 4294 1420 4353 illius
1462 4292 1804 4369 ingrediatur
1845 4291 2129 4369 smculutn,

532 4404 700 4463 super
727 4390 884 4461 cujus
915 4389 1200 4451 nativitate
1242 4388 1422 4453 lautior
1469 4387 1561 4453 sit.
1591 4386 1863 4451 Scribitur
1892 4400 2026 4456 ergo
2067 4384 2133 4445 de

531 4468 744 4543 Joanne
772 4500 789 4537 :
823 4483 940 4539 Erit
970 4499 1185 4556 magnus
1229 4484 1285 4539 in
1323 4490 1603 4553 conspectu
1630 4478 1846 4545 Domini
1871 4479 2029 4552 (Luc.
2067 4477 2130 4549 ι).

531 4575 966 4649 Magnitudinem
1000 4576 1197 4633 animae
1232 4574 1461 4637 Joannis
1502 4573 1765 4641 ostendit,
1814 4588 1937 4645 quin
1962 4572 2135 4633 oculis

2227 3456 2279 3510 in
2301 3455 2532 3523 Joanne,
2563 3464 2619 3511 et
2647 3454 2820 3510 virtus
2850 3470 2972 3525 qum
3003 3457 3056 3511 in
3088 3455 3187 3511 illo
3212 3466 3356 3525 erat,
3391 3457 3443 3511 in
3476 3440 3584 3513 hoc
3615 3467 3822 3529 quoque

2223 3550 2495 3620 apparuit.
2541 3547 2639 3604 ille
2670 3547 2969 3602 translatus
3018 3555 3105 3604 est
3155 3547 3293 3604 :hic
3340 3563 3469 3615 vero
3516 3548 3826 3604 Prmcnrsor

2225 3642 2441 3698 Domini
2475 3640 2595 3708 fuit,
2626 3650 2681 3697 et
2706 3651 2952 3699 mortuus
2978 3652 3061 3699 cst
3097 3650 3226 3698 ante
3260 3656 3407 3711 eum,
3442 3651 3501 3696 ut
3529 3639 3598 3709 ad
3628 3639 3827 3711 inferna

2227 3733 2575 3792 descendens
2608 3733 2754 3790 illius
2791 3735 3115 3808 praedicaret
3160 3735 3479 3797 adventum,
3531 3733 3649 3808 Ego
3686 3743 3826 3809 puto,

2228 3831 2372 3902 quod
2404 3841 2804 3887 sacramentum
2851 3830 3077 3888 Joannis
3117 3845 3287 3902 usque
3336 3830 3505 3903 hodie
3547 3830 3829 3901 expleatur

2230 3926 2284 3981 in
2312 3923 2535 3981 mundo.
2568 3926 2914 3997 Quicumque
2959 3925 3268 3982 crediturus
3317 3935 3403 3982 est
3451 3926 3504 3981 in
3557 3925 3828 3997 Christum

2230 4021 2444 4087 Jesum,
2474 4019 2760 4089 pra-currit
2791 4029 2920 4074 ante
2945 4019 3170 4091 spiritus
3211 4030 3262 4076 et
3293 4020 3464 4076 virtus
3502 4018 3732 4077 Joannis
3770 4015 3830 4089 ad

2231 4115 2472 4168 animam
2511 4113 2681 4183 illius,
2710 4124 2764 4170 ct
2805 4124 3078 4185 praeparat
3122 4114 3355 4170 Domino
3400 4114 3664 4187 populum
3719 4130 3832 4185 per-

2233 4208 2455 4273 lectum,
2484 4216 2539 4264 et
2564 4209 2616 4263 iu
2648 4209 2831 4263 cordis
2875 4206 3264 4280 asperitatibus
3296 4208 3487 4280 planas
3533 4209 3668 4266 facit
3697 4208 3830 4281 vias,

2234 4310 2290 4358 et
2319 4301 2503 4373 dirigit
2551 4302 2796 4367 semitas,
2829 4318 3017 4374 parare
3051 4300 3271 4356 Domino
3323 4302 3521 4375 plebem
3559 4308 3835 4376 perfectam

2238 4394 2458 4468 (Matth.
2484 4396 2550 4465 ι).
2583 4394 2700 4451 Non
2728 4396 2822 4451 illo
2851 4404 3059 4451 tantum
3090 4405 3337 4467 tempore
3368 4407 3693 4468 prmparata:
3718 4404 3837 4454 sunt

2238 4488 2362 4554 vise,
2392 4497 2448 4544 et
2489 4488 2715 4545 directa:
2760 4491 2992 4561 semitae,
3028 4490 3124 4547 sed
3155 4506 3328 4561 usque
3356 4490 3518 4545 hodie
3547 4492 3835 4549 adventum

2240 4570 2454 4641 Domini
2482 4583 2785 4643 Salvatoris
2828 4584 3057 4656 spiritus
3085 4584 3309 4641 Joannis
3358 4584 3651 4657 virtusque
3702 4600 3838 4657 pre-

536 4668 636 4727 Dci
657 4679 838 4742 pateat
869 4688 882 4724 ε
908 4678 965 4729 el
994 4670 1198 4742 aliquid
1220 4672 1424 4743 minus,
1453 4669 1599 4743 (ιιιοά
1624 4669 1845 4741 proprie
1866 4670 1918 4723 in
1938 4669 2135 4729 anima:
2160 4672 2212 4735 Ι)
2239 4676 2405 4735 cedit.
2447 4678 2492 4733 0
2542 4694 2735 4750 magna
2770 4680 3025 4752 mysteria
3062 4678 3301 4745 Domini,
3332 4687 3388 4735 et
3413 4677 3839 4753 dispensationis

534 4760 743 4818 virtute
772 4762 1133 4834 conSpicitur.
1180 4763 1295 4839 Ego
1326 4764 1398 4827 ita
1431 4761 1675 4834 intelligo
1702 4770 1761 4827 et
1797 4760 1953 4830 illud,
1984 4761 2131 4831 quod

535 4854 591 4921 in
643 4854 943 4937 Evangelio
991 4854 1211 4927 dicitur,
1261 4854 1443 4919 Nolite
1487 4866 1811 4917 aottteamere
1860 4870 2021 4909 unum
2071 4854 2135 4915 de

534 4949 763 5006 minimis
799 4950 935 5025 istis,
984 4950 1075 5022 qui
1119 4951 1176 5005 in
1204 4947 1442 5011 Ecclesia
1485 4958 1626 5015 sunt.
1679 4946 1937 5009 Minimus
1965 4946 2036 5003 ibi
2065 4945 2134 5004 ad

536 5042 947 5113 distinctionem
975 5044 1206 5121 majoris
1236 5042 1578 5115 intelligitur.
1607 5040 1724 5105 Non
1763 5040 1897 5107 mihi
1939 5041 2131 5113 pracciv

537 5140 705 5211 pitur,
735 5147 794 5194 ut
822 5154 948 5195 eum
978 5139 1066 5208 qui
1090 5138 1317 5209 grandis
1344 5145 1430 5192 est
1458 5146 1842 5201 contemnam,
1867 5136 1993 5207 quia
2024 5151 2131 5191 non

538 5242 721 5306 potest
757 5233 1036 5290 contemni
1082 5232 1175 5288 ille
1218 5231 1311 5313 qui
1357 5231 1580 5307 grandis
1627 5240 1748 5299 est;
1790 5231 1886 5291 sed
1935 5231 2134 5293 dicitur

539 5325 699 5396 mihi,
740 5342 806 5383 ne
836 5334 1156 5387 contemnas
1205 5340 1371 5385 unum
1418 5339 1485 5381 ex
1535 5323 1796 5387 minimis.
1832 5322 1904 5385 Ut
1947 5334 2132 5383 autem

615 5471 644 5502 ι
668 5452 786 5521 Non
824 5474 907 5523 est
931 5480 1029 5525 cur
1071 5463 1257 5523 multis
1296 5463 1499 5523 hancce
1549 5463 1803 5536 Origenis
1834 5462 2134 5533 reprehen-

542 5537 1137 5609 datnnssententiatn,
1172 5551 1273 5609 qua
1312 5536 1388 5609 ab
1412 5538 1622 5609 angelis
1663 5536 1851 5593 statuit
1889 5538 2137 5606 corpori-

543 5608 647 5665 bus
689 5608 891 5689 illigari
926 5607 1137 5681 animas
1164 5607 1365 5689 e'cgelo
1392 5607 1764 5689 depromptu,
1816 5622 2030 5689 easque.
2046 5618 2140 5689 aut

543 5696 644 5755 pro
676 5680 912 5760 perdatis
942 5696 1164 5760 sursum
1208 5680 1462 5750 admissis
1510 5681 1567 5741 in
1611 5680 1839 5751 corpora
1879 5680 2033 5760 quasi
2083 5681 2139 5739 in

544 5751 881 5827 ergastulum
925 5752 1303 5827 demittiqu
1351 5751 2140 5827 propterrgreeteantevitam

544 5822 719 5897 gesta,
750 5825 917 5891 variis
956 5841 1020 5885 ac
1072 5822 1238 5895 variis
1287 5822 1737 5897 iu'cor'poribns,
1762 5822 2000 5897 decretis
2041 5823 2141 5882 Dei

548 5892 911 5969 Exsequendis
938 5913 1143 5957 navare
1173 5892 1420 5971 cperam.
1451 5892 1629 5956 llocce
1651 5892 1981 5969 0rigeuismi
2016 5909 2141 5965 pro-

2237 4769 2379 4840 ejus.
2414 4769 2606 4842 Angeli
2640 4779 2983 4840 prmcurruut
3010 4770 3195 4828 Jesum
3223 4786 3243 4825 :
3270 4771 3449 4842 angeli
3476 4772 3728 4842 quotidie
3752 4779 3841 4829 aut

2240 4864 2563 4931 ascendunt,
2591 4874 2690 4921 aut
2713 4865 3059 4922 descendunt
3084 4879 3251 4935 super
3274 4864 3507 4921 salutem
3532 4866 3839 4931 hominum,

2239 4960 2296 5016 in
2317 4958 2538 5015 Christo
2564 4958 2691 5016 Jesu
2718 4958 2901 5033 (Joan.
2932 4958 2997 5029 ι),
3028 4958 3115 5014 cui
3164 4965 3249 5014 est
3276 4956 3448 5030 gloria
3472 4967 3529 5015 et
3549 4957 3840 5032 imperium

2241 5052 2295 5109 in
2322 5053 2519 5109 saecula
2550 5052 2896 5118 smeulornm,
2927 5051 3125 5108 Amen.

2631 5143 3031 5218 259—260
3070 5143 3357 5201 noutLtA
3383 5145 3449 5201 v.

2423 5237 2500 5294 De
2526 5251 2596 5297 eo
2624 5239 2769 5308 quod
2795 5238 3093 5296 Zacharias
3112 5238 3404 5296 obmutuit.
3436 5240 3565 5313 Cap.
3600 5242 3646 5297 I.

2312 5331 2604 5388 Zacharias
2633 5332 2916 5400 sacerdos,
2940 5348 3063 5390 cum
3089 5333 3142 5389 in
3168 5333 3379 5417 templo
3405 5333 3635 5394 oﬂ‘errct
3666 5337 3847 5396 inccn-

2245 5471 2536 5554 pemodum
2567 5473 3058 5554 characteristicon
3090 5476 3631 5554 innumeri__ve_teres,
3654 5494 3845 5537 recen-

2247 5548 2523 5623 tioresque
2568 5556 2821 5623 auctores
2841 5549 3244 5623 impugnarunt
3281 5566 3295 5603 :
3344 5548 3588 5623 diximus
3632 5560 3699 5623 et
3744 5565 3834 5611 nos

2244 5616 2496 5704 quaedam
2551 5633 2673 5704 cum
2724 5620 2877 5704 alibi,
2930 5616 3040 5675 tum
3086 5621 3355 5704 prmcipue
3413 5620 3485 5691 ad
3525 5621 3845 5704 synodicatn

2246 5687 2535 5770 epistolam
2589 5690 2734 5770 inter
2766 5686 3589 5770 _Hieronymiztna§'_92,quam
3648 5693 3847 5766 publici

2244 5760 2388 5843 juris
2402 5760 2654 5843 primum.
2676 5760 2838 5843 facim
2849 5778 2932 5831 us,
2957 5760 3171 5843 quaque
3200 5760 3539 5839 Ori‘genia‘nm
3566 5760 3847 5839 haeremus

2251 5829 2447 5900 placita
2471 5831 2587 5890 fere
2611 5832 2828 5905 singula
2856 5829 3307 5893 condemnamur:
