  <div class='ocr_page' id='page_1' title='image "/cluster/home/n/w/nwhite01/storage/ocr_20150623/26/hvd.32044015471402/121.png"; bbox 0 0 3978 6338; ppageno 0'>
   <div class='ocr_carea' id='block_1_1' title="bbox 471 280 572 336">
    <p class='ocr_par' dir='ltr' id='par_1_1' title="bbox 471 280 572 336">
     <span class='ocr_line' id='line_1_1' title="bbox 471 280 572 336; baseline 0 0"><span class='ocrx_word' id='word_1_1' title='bbox 471 280 572 336; x_wconf 67' lang='grc'><strong>251</strong></span> 
     </span>
    </p>
   </div>
   <div class='ocr_carea' id='block_1_2' title="bbox 1713 275 2518 337">
    <p class='ocr_par' dir='ltr' id='par_1_2' title="bbox 1713 275 2518 337">
     <span class='ocr_line' id='line_1_2' title="bbox 1713 275 2518 337; baseline 0.006 -4"><span class='ocrx_word' id='word_1_2' title='bbox 1713 277 1774 333; x_wconf 84' lang='lat' dir='ltr'><strong>S.</strong></span> <span class='ocrx_word' id='word_1_3' title='bbox 1817 275 2089 332; x_wconf 69' lang='lat' dir='ltr'><strong>EL&#39;SEBII</strong></span> <span class='ocrx_word' id='word_1_4' title='bbox 2133 276 2518 337; x_wconf 67' lang='grc' dir='ltr'><strong>ΗΙΕΚΟΝἹΞΙΙ</strong></span> 
     </span>
    </p>
   </div>
   <div class='ocr_carea' id='block_1_3' title="bbox 3671 291 3770 349">
    <p class='ocr_par' dir='ltr' id='par_1_3' title="bbox 3671 291 3770 349">
     <span class='ocr_line' id='line_1_3' title="bbox 3671 291 3770 349; baseline 0 -3"><span class='ocrx_word' id='word_1_5' title='bbox 3671 291 3770 349; x_wconf 70' lang='lat'><strong>252</strong></span> 
     </span>
    </p>
   </div>
   <div class='ocr_carea' id='block_1_4' title="bbox 472 396 3770 476">
    <p class='ocr_par' dir='ltr' id='par_1_4' title="bbox 472 396 3770 476">
     <span class='ocr_line' id='line_1_4' title="bbox 472 396 3770 476; baseline 0.002 -22"><span class='ocrx_word' id='word_1_6' title='bbox 472 402 565 470; x_wconf 86' lang='lat' dir='ltr'><strong>qui</strong></span> <span class='ocrx_word' id='word_1_7' title='bbox 621 401 672 453; x_wconf 86' lang='lat' dir='ltr'><strong>in</strong></span> <span class='ocrx_word' id='word_1_8' title='bbox 733 402 1118 466; x_wconf 51' lang='lat' dir='ltr'><strong>[tersecutione</strong></span> <span class='ocrx_word' id='word_1_9' title='bbox 1162 403 1350 456; x_wconf 73' lang='lat' dir='ltr'><strong>Roma:</strong></span> <span class='ocrx_word' id='word_1_10' title='bbox 1401 401 1660 470; x_wconf 77' lang='lat' dir='ltr'><strong>pugnavit</strong></span> <span class='ocrx_word' id='word_1_11' title='bbox 1709 397 1774 449; x_wconf 89' lang='lat' dir='ltr'><strong>ad</strong></span> <span class='ocrx_word' id='word_1_12' title='bbox 1827 396 2027 450; x_wconf 73' lang='lat' dir='ltr'><strong>bestias</strong></span> <span class='ocrx_word' id='word_1_13' title='bbox 2062 413 2075 446; x_wconf 91' lang='lat'>:</span> <span class='ocrx_word' id='word_1_14' title='bbox 2106 397 2160 456; x_wconf 76' lang='grc' dir='ltr'><strong>Α</strong></span> <span class='ocrx_word' id='word_1_15' title='bbox 2189 397 2388 452; x_wconf 85' lang='lat' dir='ltr'><strong>tidiana</strong></span> <span class='ocrx_word' id='word_1_16' title='bbox 2451 401 2808 461; x_wconf 73' lang='lat' dir='ltr'><strong>meditatione</strong></span> <span class='ocrx_word' id='word_1_17' title='bbox 2856 416 3223 476; x_wconf 78' lang='lat' dir='ltr'><strong>cognoverat,</strong></span> <span class='ocrx_word' id='word_1_18' title='bbox 3277 421 3569 474; x_wconf 78' lang='lat' dir='ltr'><strong>numquam</strong></span> <span class='ocrx_word' id='word_1_19' title='bbox 3622 407 3770 476; x_wconf 84' lang='lat' dir='ltr'><strong>quasi</strong></span> 
     </span>
    </p>
   </div>
   <div class='ocr_carea' id='block_1_5' title="bbox 478 488 2074 561">
    <p class='ocr_par' dir='ltr' id='par_1_5' title="bbox 478 488 2074 561">
     <span class='ocr_line' id='line_1_5' title="bbox 478 488 2074 561; baseline -0.003 -13"><span class='ocrx_word' id='word_1_20' title='bbox 478 491 788 561; x_wconf 80' lang='lat' dir='ltr'><strong>Principem</strong></span> <span class='ocrx_word' id='word_1_21' title='bbox 847 494 1031 548; x_wconf 70' lang='lat' dir='ltr'><strong>saeculi</strong></span> <span class='ocrx_word' id='word_1_22' title='bbox 1083 495 1242 560; x_wconf 82' lang='lat' dir='ltr'><strong>hujus</strong></span> <span class='ocrx_word' id='word_1_23' title='bbox 1302 494 1459 545; x_wconf 76' lang='lat' dir='ltr'><strong>latuit</strong></span> <span class='ocrx_word' id='word_1_24' title='bbox 1511 488 1794 561; x_wconf 77' lang='lat' dir='ltr'><strong>virginitas</strong></span> <span class='ocrx_word' id='word_1_25' title='bbox 1843 490 2074 543; x_wconf 59' lang='lat' dir='ltr'><strong>Marte:</strong></span> 
     </span>
    </p>
   </div>
   <div class='ocr_carea' id='block_1_6' title="bbox 475 583 2072 658">
    <p class='ocr_par' dir='ltr' id='par_1_6' title="bbox 475 583 2072 658">
     <span class='ocr_line' id='line_1_6' title="bbox 475 583 2072 658; baseline -0.004 -18"><span class='ocrx_word' id='word_1_26' title='bbox 475 586 632 642; x_wconf 85' lang='lat' dir='ltr'><strong>latuit</strong></span> <span class='ocrx_word' id='word_1_27' title='bbox 699 599 922 658; x_wconf 86' lang='lat' dir='ltr'><strong>propter</strong></span> <span class='ocrx_word' id='word_1_28' title='bbox 991 588 1254 657; x_wconf 69' lang='lat' dir='ltr'><strong>Joseph:</strong></span> <span class='ocrx_word' id='word_1_29' title='bbox 1311 586 1468 639; x_wconf 89' lang='lat' dir='ltr'><strong>latuit</strong></span> <span class='ocrx_word' id='word_1_30' title='bbox 1537 595 1758 652; x_wconf 72' lang='lat' dir='ltr'><strong>promer</strong></span> <span class='ocrx_word' id='word_1_31' title='bbox 1818 583 2072 640; x_wconf 68' lang='lat' dir='ltr'><strong>nui-tias:</strong></span> 
     </span>
    </p>
   </div>
   <div class='ocr_carea' id='block_1_7' title="bbox 471 676 2072 752">
    <p class='ocr_par' dir='ltr' id='par_1_7' title="bbox 471 676 2072 752">
     <span class='ocr_line' id='line_1_7' title="bbox 471 676 2072 752; baseline -0.006 -16"><span class='ocrx_word' id='word_1_32' title='bbox 471 681 626 736; x_wconf 86' lang='lat' dir='ltr'><strong>latuit</strong></span> <span class='ocrx_word' id='word_1_33' title='bbox 669 683 796 752; x_wconf 73' lang='lat' dir='ltr'><strong>quia</strong></span> <span class='ocrx_word' id='word_1_34' title='bbox 843 682 1016 737; x_wconf 70' lang='lat' dir='ltr'><strong>virum</strong></span> <span class='ocrx_word' id='word_1_35' title='bbox 1069 680 1272 736; x_wconf 83' lang='lat' dir='ltr'><strong>habere</strong></span> <span class='ocrx_word' id='word_1_36' title='bbox 1321 679 1632 752; x_wconf 65' lang='lat' dir='ltr'><strong>putabatur.</strong></span> <span class='ocrx_word' id='word_1_37' title='bbox 1681 676 1737 731; x_wconf 85' lang='lat' dir='ltr'><strong>Si</strong></span> <span class='ocrx_word' id='word_1_38' title='bbox 1766 679 1911 730; x_wconf 84' lang='lat' dir='ltr'><strong>enim</strong></span> <span class='ocrx_word' id='word_1_39' title='bbox 1967 690 2072 727; x_wconf 87' lang='lat' dir='ltr'><strong>non</strong></span> 
     </span>
    </p>
   </div>
   <div class='ocr_carea' id='block_1_8' title="bbox 468 771 2076 846">
    <p class='ocr_par' dir='ltr' id='par_1_8' title="bbox 468 771 2076 846">
     <span class='ocr_line' id='line_1_8' title="bbox 468 771 2076 846; baseline -0.006 -14"><span class='ocrx_word' id='word_1_40' title='bbox 468 777 748 833; x_wconf 62' lang='grc' dir='ltr'>ιιιώιιίίιοι</span> <span class='ocrx_word' id='word_1_41' title='bbox 807 792 1088 846; x_wconf 71' lang='lat' dir='ltr'><strong>sponsum,</strong></span> <span class='ocrx_word' id='word_1_42' title='bbox 1148 787 1204 831; x_wconf 85' lang='lat' dir='ltr'><strong>et</strong></span> <span class='ocrx_word' id='word_1_43' title='bbox 1259 787 1313 828; x_wconf 84' lang='lat' dir='ltr'><strong>ut</strong></span> <span class='ocrx_word' id='word_1_44' title='bbox 1361 774 1691 842; x_wconf 80' lang='lat' dir='ltr'><strong>putabatur,</strong></span> <span class='ocrx_word' id='word_1_45' title='bbox 1735 771 1946 831; x_wconf 85' lang='lat' dir='ltr'><strong>virum,</strong></span> <span class='ocrx_word' id='word_1_46' title='bbox 1981 783 2076 822; x_wconf 83' lang='lat' dir='ltr'><strong>ne—</strong></span> 
     </span>
    </p>
   </div>
   <div class='ocr_carea' id='block_1_9' title="bbox 461 862 2072 943">
    <p class='ocr_par' dir='ltr' id='par_1_9' title="bbox 461 862 2072 943">
     <span class='ocr_line' id='line_1_9' title="bbox 461 862 2072 943; baseline -0.006 -18"><span class='ocrx_word' id='word_1_47' title='bbox 461 887 731 943; x_wconf 75' lang='lat' dir='ltr'><strong>quaquam</strong></span> <span class='ocrx_word' id='word_1_48' title='bbox 781 871 1048 941; x_wconf 80' lang='lat' dir='ltr'><strong>potuisset</strong></span> <span class='ocrx_word' id='word_1_49' title='bbox 1097 868 1328 941; x_wconf 83' lang='lat' dir='ltr'><strong>principi</strong></span> <span class='ocrx_word' id='word_1_50' title='bbox 1391 866 1578 920; x_wconf 90' lang='lat' dir='ltr'><strong>mundi</strong></span> <span class='ocrx_word' id='word_1_51' title='bbox 1633 863 1791 934; x_wconf 75' lang='lat' dir='ltr'><strong>hujus</strong></span> <span class='ocrx_word' id='word_1_52' title='bbox 1841 862 2072 916; x_wconf 84' lang='lat' dir='ltr'><strong>abscon-</strong></span> 
     </span>
    </p>
   </div>
   <div class='ocr_carea' id='block_1_10' title="bbox 463 955 2073 1030">
    <p class='ocr_par' dir='ltr' id='par_1_10' title="bbox 463 955 2073 1030">
     <span class='ocr_line' id='line_1_10' title="bbox 463 955 2073 1030; baseline -0.008 -11"><span class='ocrx_word' id='word_1_53' title='bbox 463 964 544 1019; x_wconf 91' lang='lat' dir='ltr'><strong>di.</strong></span> <span class='ocrx_word' id='word_1_54' title='bbox 571 964 767 1019; x_wconf 73' lang='lat' dir='ltr'><strong>Statim</strong></span> <span class='ocrx_word' id='word_1_55' title='bbox 803 964 949 1017; x_wconf 87' lang='lat' dir='ltr'><strong>enim</strong></span> <span class='ocrx_word' id='word_1_56' title='bbox 991 963 1251 1030; x_wconf 70' lang='lat' dir='ltr'><strong>cogitatio</strong></span> <span class='ocrx_word' id='word_1_57' title='bbox 1296 958 1500 1012; x_wconf 85' lang='lat' dir='ltr'><strong>diaboli</strong></span> <span class='ocrx_word' id='word_1_58' title='bbox 1547 957 1709 1010; x_wconf 80' lang='lat' dir='ltr'><strong>tacita</strong></span> <span class='ocrx_word' id='word_1_59' title='bbox 1755 955 2073 1023; x_wconf 67' lang='lat' dir='ltr'><strong>subrepsis-</strong></span> 
     </span>
    </p>
   </div>
   <div class='ocr_carea' id='block_1_11' title="bbox 461 1048 2068 1125">
    <p class='ocr_par' dir='ltr' id='par_1_11' title="bbox 461 1048 2068 1125">
     <span class='ocr_line' id='line_1_11' title="bbox 461 1048 2068 1125; baseline -0.007 -12"><span class='ocrx_word' id='word_1_60' title='bbox 461 1066 584 1113; x_wconf 85' lang='lat' dir='ltr'><strong>set:</strong></span> <span class='ocrx_word' id='word_1_61' title='bbox 612 1055 890 1124; x_wconf 70' lang='lat' dir='ltr'><strong>quomodo</strong></span> <span class='ocrx_word' id='word_1_62' title='bbox 920 1054 1044 1118; x_wconf 85' lang='lat' dir='ltr'><strong>ista,</strong></span> <span class='ocrx_word' id='word_1_63' title='bbox 1099 1071 1218 1125; x_wconf 66' lang='lat' dir='ltr'><strong>quae</strong></span> <span class='ocrx_word' id='word_1_64' title='bbox 1250 1070 1355 1108; x_wconf 91' lang='lat' dir='ltr'><strong>non</strong></span> <span class='ocrx_word' id='word_1_65' title='bbox 1394 1051 1688 1106; x_wconf 86' lang='lat' dir='ltr'><strong>concubuit</strong></span> <span class='ocrx_word' id='word_1_66' title='bbox 1737 1065 1862 1104; x_wconf 91' lang='lat' dir='ltr'><strong>cum</strong></span> <span class='ocrx_word' id='word_1_67' title='bbox 1915 1048 2068 1113; x_wconf 88' lang='lat' dir='ltr'><strong>viro,</strong></span> 
     </span>
    </p>
   </div>
   <div class='ocr_carea' id='block_1_12' title="bbox 465 1142 2066 1222">
    <p class='ocr_par' dir='ltr' id='par_1_12' title="bbox 465 1142 2066 1222">
     <span class='ocr_line' id='line_1_12' title="bbox 465 1142 2066 1222; baseline -0.006 -20"><span class='ocrx_word' id='word_1_68' title='bbox 465 1166 753 1222; x_wconf 51' lang='lat' dir='ltr'><strong>praegnans</strong></span> <span class='ocrx_word' id='word_1_69' title='bbox 784 1151 914 1204; x_wconf 81' lang='lat' dir='ltr'><strong>est?</strong></span> <span class='ocrx_word' id='word_1_70' title='bbox 954 1148 1126 1204; x_wconf 83' lang='lat' dir='ltr'><strong>Debet</strong></span> <span class='ocrx_word' id='word_1_71' title='bbox 1167 1150 1270 1202; x_wconf 87' lang='lat' dir='ltr'><strong>iste</strong></span> <span class='ocrx_word' id='word_1_72' title='bbox 1304 1155 1608 1215; x_wconf 89' lang='lat' dir='ltr'><strong>conceptus</strong></span> <span class='ocrx_word' id='word_1_73' title='bbox 1650 1158 1774 1199; x_wconf 88' lang='lat' dir='ltr'><strong>esse</strong></span> <span class='ocrx_word' id='word_1_74' title='bbox 1816 1142 2030 1196; x_wconf 84' lang='lat' dir='ltr'><strong>divinus</strong></span> <span class='ocrx_word' id='word_1_75' title='bbox 2054 1186 2066 1207; x_wconf 89' lang='lat'><strong>,</strong></span> 
     </span>
    </p>
   </div>
   <div class='ocr_carea' id='block_1_13' title="bbox 459 1237 2068 1314">
    <p class='ocr_par' dir='ltr' id='par_1_13' title="bbox 459 1237 2068 1314">
     <span class='ocr_line' id='line_1_13' title="bbox 459 1237 2068 1314; baseline -0.007 -14"><span class='ocrx_word' id='word_1_76' title='bbox 459 1245 623 1301; x_wconf 86' lang='lat' dir='ltr'><strong>debet</strong></span> <span class='ocrx_word' id='word_1_77' title='bbox 659 1244 865 1314; x_wconf 86' lang='lat' dir='ltr'><strong>aliquid</strong></span> <span class='ocrx_word' id='word_1_78' title='bbox 897 1245 1130 1297; x_wconf 89' lang='lat' dir='ltr'><strong>humana</strong></span> <span class='ocrx_word' id='word_1_79' title='bbox 1178 1253 1372 1297; x_wconf 81' lang='lat' dir='ltr'><strong>natura</strong></span> <span class='ocrx_word' id='word_1_80' title='bbox 1399 1255 1522 1296; x_wconf 84' lang='lat' dir='ltr'><strong>esse</strong></span> <span class='ocrx_word' id='word_1_81' title='bbox 1545 1237 1856 1294; x_wconf 83' lang='lat' dir='ltr'><strong>sublimius.</strong></span> <span class='ocrx_word' id='word_1_82' title='bbox 1889 1237 2068 1291; x_wconf 79' lang='lat' dir='ltr'><strong>Econ-</strong></span> 
     </span>
    </p>
   </div>
   <div class='ocr_carea' id='block_1_14' title="bbox 458 1331 2068 1408">
    <p class='ocr_par' dir='ltr' id='par_1_14' title="bbox 458 1331 2068 1408">
     <span class='ocr_line' id='line_1_14' title="bbox 458 1331 2068 1408; baseline -0.007 -15"><span class='ocrx_word' id='word_1_83' title='bbox 458 1339 628 1393; x_wconf 86' lang='lat' dir='ltr'><strong>trario</strong></span> <span class='ocrx_word' id='word_1_84' title='bbox 657 1338 1012 1408; x_wconf 73' lang='lat' dir='ltr'><strong>disposuerat</strong></span> <span class='ocrx_word' id='word_1_85' title='bbox 1059 1336 1338 1401; x_wconf 73' lang='lat' dir='ltr'><strong>Salvator,</strong></span> <span class='ocrx_word' id='word_1_86' title='bbox 1398 1331 1861 1403; x_wconf 68' lang='lat' dir='ltr'><strong>dispensationem</strong></span> <span class='ocrx_word' id='word_1_87' title='bbox 1915 1343 2068 1382; x_wconf 89' lang='lat' dir='ltr'><strong>suam</strong></span> 
     </span>
    </p>
   </div>
   <div class='ocr_carea' id='block_1_15' title="bbox 462 1422 2070 1498">
    <p class='ocr_par' dir='ltr' id='par_1_15' title="bbox 462 1422 2070 1498">
     <span class='ocr_line' id='line_1_15' title="bbox 462 1422 2070 1498; baseline -0.004 -13"><span class='ocrx_word' id='word_1_88' title='bbox 462 1442 515 1485; x_wconf 87' lang='lat' dir='ltr'><strong>et</strong></span> <span class='ocrx_word' id='word_1_89' title='bbox 549 1432 984 1496; x_wconf 74' lang='lat' dir='ltr'><strong>assutnptionem</strong></span> <span class='ocrx_word' id='word_1_90' title='bbox 1012 1432 1260 1498; x_wconf 85' lang='lat' dir='ltr'><strong>corporis</strong></span> <span class='ocrx_word' id='word_1_91' title='bbox 1289 1427 1541 1497; x_wconf 87' lang='lat' dir='ltr'><strong>ignorare</strong></span> <span class='ocrx_word' id='word_1_92' title='bbox 1579 1425 1859 1480; x_wconf 85' lang='lat' dir='ltr'><strong>diabolum</strong></span> <span class='ocrx_word' id='word_1_93' title='bbox 1887 1442 1898 1474; x_wconf 89' lang='lat'>:</span> <span class='ocrx_word' id='word_1_94' title='bbox 1927 1422 2070 1478; x_wconf 88' lang='lat' dir='ltr'><strong>unde</strong></span> 
     </span>
    </p>
   </div>
   <div class='ocr_carea' id='block_1_16' title="bbox 457 1517 2066 1596">
    <p class='ocr_par' dir='ltr' id='par_1_16' title="bbox 457 1517 2066 1596">
     <span class='ocr_line' id='line_1_16' title="bbox 457 1517 2066 1596; baseline -0.006 -17"><span class='ocrx_word' id='word_1_95' title='bbox 457 1534 510 1579; x_wconf 86' lang='lat' dir='ltr'><strong>ct</strong></span> <span class='ocrx_word' id='word_1_96' title='bbox 545 1527 595 1578; x_wconf 88' lang='lat' dir='ltr'><strong>in</strong></span> <span class='ocrx_word' id='word_1_97' title='bbox 620 1523 978 1596; x_wconf 61' lang='lat' dir='ltr'><strong>generatione</strong></span> <span class='ocrx_word' id='word_1_98' title='bbox 1002 1538 1098 1577; x_wconf 89' lang='lat' dir='ltr'><strong>sua</strong></span> <span class='ocrx_word' id='word_1_99' title='bbox 1126 1522 1324 1577; x_wconf 78' lang='lat' dir='ltr'><strong>celavit</strong></span> <span class='ocrx_word' id='word_1_100' title='bbox 1366 1537 1519 1584; x_wconf 87' lang='lat' dir='ltr'><strong>eam;</strong></span> <span class='ocrx_word' id='word_1_101' title='bbox 1549 1531 1600 1575; x_wconf 92' lang='lat' dir='ltr'><strong>et</strong></span> <span class='ocrx_word' id='word_1_102' title='bbox 1625 1517 1906 1586; x_wconf 74' lang='lat' dir='ltr'><strong>discipulis</strong></span> <span class='ocrx_word' id='word_1_103' title='bbox 1966 1532 2066 1586; x_wconf 88' lang='lat' dir='ltr'><strong>po-</strong></span> 
     </span>
    </p>
   </div>
   <div class='ocr_carea' id='block_1_17' title="bbox 457 1610 2071 1689">
    <p class='ocr_par' dir='ltr' id='par_1_17' title="bbox 457 1610 2071 1689">
     <span class='ocr_line' id='line_1_17' title="bbox 457 1610 2071 1689; baseline -0.005 -17"><span class='ocrx_word' id='word_1_104' title='bbox 457 1628 575 1673; x_wconf 82' lang='lat' dir='ltr'><strong>stea</strong></span> <span class='ocrx_word' id='word_1_105' title='bbox 623 1616 1000 1689; x_wconf 67' lang='lat' dir='ltr'><strong>praecipiebat,</strong></span> <span class='ocrx_word' id='word_1_106' title='bbox 1034 1631 1102 1672; x_wconf 88' lang='lat' dir='ltr'><strong>ne</strong></span> <span class='ocrx_word' id='word_1_107' title='bbox 1135 1615 1482 1670; x_wconf 76' lang='lat' dir='ltr'><strong>manifestum</strong></span> <span class='ocrx_word' id='word_1_108' title='bbox 1512 1629 1636 1667; x_wconf 88' lang='lat' dir='ltr'><strong>eum</strong></span> <span class='ocrx_word' id='word_1_109' title='bbox 1698 1611 1963 1666; x_wconf 82' lang='lat' dir='ltr'><strong>lacerent.</strong></span> <span class='ocrx_word' id='word_1_110' title='bbox 2003 1610 2071 1664; x_wconf 82' lang='lat' dir='ltr'><strong>Et</strong></span> 
     </span>
    </p>
   </div>
   <div class='ocr_carea' id='block_1_18' title="bbox 456 1703 2069 1778">
    <p class='ocr_par' dir='ltr' id='par_1_18' title="bbox 456 1703 2069 1778">
     <span class='ocr_line' id='line_1_18' title="bbox 456 1703 2069 1778; baseline -0.005 -14"><span class='ocrx_word' id='word_1_111' title='bbox 456 1725 580 1765; x_wconf 88' lang='lat' dir='ltr'><strong>cum</strong></span> <span class='ocrx_word' id='word_1_112' title='bbox 615 1710 682 1764; x_wconf 83' lang='lat' dir='ltr'><strong>ab</strong></span> <span class='ocrx_word' id='word_1_113' title='bbox 708 1711 830 1778; x_wconf 86' lang='lat' dir='ltr'><strong>ipso</strong></span> <span class='ocrx_word' id='word_1_114' title='bbox 861 1709 1083 1763; x_wconf 77' lang='lat' dir='ltr'><strong>diabolo</strong></span> <span class='ocrx_word' id='word_1_115' title='bbox 1111 1718 1435 1773; x_wconf 83' lang='lat' dir='ltr'><strong>tentaretur,</strong></span> <span class='ocrx_word' id='word_1_116' title='bbox 1491 1720 1757 1775; x_wconf 82' lang='lat' dir='ltr'><strong>nusquam</strong></span> <span class='ocrx_word' id='word_1_117' title='bbox 1785 1703 2069 1759; x_wconf 78' lang='lat' dir='ltr'><strong>confessus</strong></span> 
     </span>
    </p>
   </div>
   <div class='ocr_carea' id='block_1_19' title="bbox 2185 494 3771 566">
    <p class='ocr_par' dir='ltr' id='par_1_19' title="bbox 2185 494 3771 566">
     <span class='ocr_line' id='line_1_19' title="bbox 2185 494 3771 566; baseline 0.008 -23"><span class='ocrx_word' id='word_1_118' title='bbox 2185 494 2473 561; x_wconf 78' lang='lat' dir='ltr'><strong>peregrina</strong></span> <span class='ocrx_word' id='word_1_119' title='bbox 2529 511 2649 548; x_wconf 80' lang='lat' dir='ltr'><strong>eam</strong></span> <span class='ocrx_word' id='word_1_120' title='bbox 2709 499 2966 552; x_wconf 71' lang='lat' dir='ltr'><strong>salutatio</strong></span> <span class='ocrx_word' id='word_1_121' title='bbox 3018 500 3324 553; x_wconf 70' lang='lat' dir='ltr'><strong>tenuisset.</strong></span> <span class='ocrx_word' id='word_1_122' title='bbox 3367 497 3598 565; x_wconf 82' lang='lat' dir='ltr'><strong>Propter</strong></span> <span class='ocrx_word' id='word_1_123' title='bbox 3633 497 3771 566; x_wconf 70' lang='lat' dir='ltr'><strong>quod</strong></span> 
     </span>
    </p>
   </div>
   <div class='ocr_carea' id='block_1_20' title="bbox 2179 584 3773 659">
    <p class='ocr_par' dir='ltr' id='par_1_20' title="bbox 2179 584 3773 659">
     <span class='ocr_line' id='line_1_20' title="bbox 2179 584 3773 659; baseline 0.004 -22"><span class='ocrx_word' id='word_1_124' title='bbox 2179 584 2426 651; x_wconf 67' lang='lat' dir='ltr'><strong>lo-juitur</strong></span> <span class='ocrx_word' id='word_1_125' title='bbox 2471 588 2520 642; x_wconf 86' lang='lat' dir='ltr'><strong>ei</strong></span> <span class='ocrx_word' id='word_1_126' title='bbox 2565 590 2847 659; x_wconf 74' lang='lat' dir='ltr'><strong>angelus:</strong></span> <span class='ocrx_word' id='word_1_127' title='bbox 2897 592 2981 645; x_wconf 72' lang='grc' dir='ltr'><strong>Χ(</strong></span> <span class='ocrx_word' id='word_1_128' title='bbox 3019 594 3236 655; x_wconf 73' lang='lat' dir='ltr'><strong>timeas,</strong></span> <span class='ocrx_word' id='word_1_129' title='bbox 3282 590 3486 655; x_wconf 76' lang='lat' dir='ltr'><strong>Narin,</strong></span> <span class='ocrx_word' id='word_1_130' title='bbox 3535 590 3773 644; x_wconf 71' lang='lat' dir='ltr'><strong>inuenisti</strong></span> 
     </span>
    </p>
   </div>
   <div class='ocr_carea' id='block_1_21' title="bbox 2177 680 3770 755">
    <p class='ocr_par' dir='ltr' id='par_1_21' title="bbox 2177 680 3770 755">
     <span class='ocr_line' id='line_1_21' title="bbox 2177 680 3770 755; baseline 0.004 -25"><span class='ocrx_word' id='word_1_131' title='bbox 2177 680 2310 730; x_wconf 79' lang='lat' dir='ltr'><strong>enim</strong></span> <span class='ocrx_word' id='word_1_132' title='bbox 2341 681 2567 750; x_wconf 78' lang='lat' dir='ltr'><strong>gratiam</strong></span> <span class='ocrx_word' id='word_1_133' title='bbox 2593 699 2767 736; x_wconf 77' lang='lat' dir='ltr'><strong>coram</strong></span> <span class='ocrx_word' id='word_1_134' title='bbox 2801 682 3046 738; x_wconf 77' lang='lat' dir='ltr'><strong>Domino.</strong></span> <span class='ocrx_word' id='word_1_135' title='bbox 3075 683 3214 738; x_wconf 81' lang='lat' dir='ltr'><strong>Ecce</strong></span> <span class='ocrx_word' id='word_1_136' title='bbox 3235 686 3496 755; x_wconf 71' lang='lat' dir='ltr'><strong>concipiet</strong></span> <span class='ocrx_word' id='word_1_137' title='bbox 3521 685 3576 737; x_wconf 76' lang='lat' dir='ltr'><strong>in</strong></span> <span class='ocrx_word' id='word_1_138' title='bbox 3603 693 3770 750; x_wconf 71' lang='lat' dir='ltr'><strong>utero,</strong></span> 
     </span>
    </p>
   </div>
   <div class='ocr_carea' id='block_1_22' title="bbox 2177 773 3771 849">
    <p class='ocr_par' dir='ltr' id='par_1_22' title="bbox 2177 773 3771 849">
     <span class='ocr_line' id='line_1_22' title="bbox 2177 773 3771 849; baseline 0.002 -25"><span class='ocrx_word' id='word_1_139' title='bbox 2177 780 2224 824; x_wconf 77' lang='lat' dir='ltr'><strong>el</strong></span> <span class='ocrx_word' id='word_1_140' title='bbox 2267 773 2439 837; x_wconf 72' lang='lat' dir='ltr'><strong>paries</strong></span> <span class='ocrx_word' id='word_1_141' title='bbox 2466 774 2654 841; x_wconf 76' lang='lat' dir='ltr'><strong>ﬁlium,</strong></span> <span class='ocrx_word' id='word_1_142' title='bbox 2686 786 2732 829; x_wconf 87' lang='lat' dir='ltr'><strong>et</strong></span> <span class='ocrx_word' id='word_1_143' title='bbox 2763 778 2966 831; x_wconf 72' lang='lat' dir='ltr'><strong>vocabis</strong></span> <span class='ocrx_word' id='word_1_144' title='bbox 3015 794 3198 830; x_wconf 68' lang='lat' dir='ltr'><strong>nomen</strong></span> <span class='ocrx_word' id='word_1_145' title='bbox 3227 781 3342 849; x_wconf 73' lang='lat' dir='ltr'><strong>ejus</strong></span> <span class='ocrx_word' id='word_1_146' title='bbox 3365 775 3566 830; x_wconf 74' lang='lat' dir='ltr'><strong>Iesum.</strong></span> <span class='ocrx_word' id='word_1_147' title='bbox 3596 775 3654 830; x_wconf 78' lang='lat' dir='ltr'><strong>Is</strong></span> <span class='ocrx_word' id='word_1_148' title='bbox 3683 779 3771 829; x_wconf 84' lang='lat' dir='ltr'><strong>erit</strong></span> 
     </span>
    </p>
   </div>
   <div class='ocr_carea' id='block_1_23' title="bbox 2177 867 3774 932">
    <p class='ocr_par' dir='ltr' id='par_1_23' title="bbox 2177 867 3774 932">
     <span class='ocr_line' id='line_1_23' title="bbox 2177 867 3774 932; baseline 0.007 -18"><span class='ocrx_word' id='word_1_149' title='bbox 2177 880 2419 932; x_wconf 71' lang='lat' dir='ltr'><strong>magnus,</strong></span> <span class='ocrx_word' id='word_1_150' title='bbox 2451 877 2498 920; x_wconf 89' lang='lat' dir='ltr'><strong>et</strong></span> <span class='ocrx_word' id='word_1_151' title='bbox 2539 867 2710 922; x_wconf 66' lang='lat' dir='ltr'><strong>Filius</strong></span> <span class='ocrx_word' id='word_1_152' title='bbox 2750 872 3004 924; x_wconf 64' lang='lat' dir='ltr'><strong>ditissimi</strong></span> <span class='ocrx_word' id='word_1_153' title='bbox 3039 870 3323 924; x_wconf 66' lang='lat' dir='ltr'><strong>vocabitur.</strong></span> <span class='ocrx_word' id='word_1_154' title='bbox 3367 869 3578 924; x_wconf 87' lang='lat' dir='ltr'><strong>Dicitur</strong></span> <span class='ocrx_word' id='word_1_155' title='bbox 3610 879 3668 924; x_wconf 91' lang='lat' dir='ltr'><strong>et</strong></span> <span class='ocrx_word' id='word_1_156' title='bbox 3705 868 3774 925; x_wconf 87' lang='lat' dir='ltr'><strong>de</strong></span> 
     </span>
    </p>
   </div>
   <div class='ocr_carea' id='block_1_24' title="bbox 2176 955 3774 1033">
    <p class='ocr_par' dir='ltr' id='par_1_24' title="bbox 2176 955 3774 1033">
     <span class='ocr_line' id='line_1_24' title="bbox 2176 955 3774 1033; baseline 0.003 -23"><span class='ocrx_word' id='word_1_157' title='bbox 2176 955 2412 1024; x_wconf 85' lang='lat' dir='ltr'><strong>Joanne,</strong></span> <span class='ocrx_word' id='word_1_158' title='bbox 2443 961 2539 1013; x_wconf 87' lang='lat' dir='ltr'><strong>erit</strong></span> <span class='ocrx_word' id='word_1_159' title='bbox 2569 978 2787 1032; x_wconf 83' lang='lat' dir='ltr'><strong>magnus</strong></span> <span class='ocrx_word' id='word_1_160' title='bbox 2813 979 2830 1014; x_wconf 93' lang='lat'><em>:</em></span> <span class='ocrx_word' id='word_1_161' title='bbox 2859 972 2916 1016; x_wconf 92' lang='lat' dir='ltr'><strong>et</strong></span> <span class='ocrx_word' id='word_1_162' title='bbox 2947 963 3049 1016; x_wconf 87' lang='lat' dir='ltr'><strong>hoc</strong></span> <span class='ocrx_word' id='word_1_163' title='bbox 3083 965 3258 1033; x_wconf 89' lang='lat' dir='ltr'><strong>ipsum</strong></span> <span class='ocrx_word' id='word_1_164' title='bbox 3289 962 3507 1018; x_wconf 82' lang='lat' dir='ltr'><strong>Gabriel</strong></span> <span class='ocrx_word' id='word_1_165' title='bbox 3549 962 3774 1031; x_wconf 79' lang='lat' dir='ltr'><strong>angelus</strong></span> 
     </span>
    </p>
   </div>
   <div class='ocr_carea' id='block_1_25' title="bbox 2175 1056 3771 1127">
    <p class='ocr_par' dir='ltr' id='par_1_25' title="bbox 2175 1056 3771 1127">
     <span class='ocr_line' id='line_1_25' title="bbox 2175 1056 3771 1127; baseline 0.004 -23"><span class='ocrx_word' id='word_1_166' title='bbox 2175 1062 2547 1118; x_wconf 75' lang='lat' dir='ltr'><strong>cat-testatur;</strong></span> <span class='ocrx_word' id='word_1_167' title='bbox 2592 1056 2687 1109; x_wconf 87' lang='lat' dir='ltr'><strong>scd</strong></span> <span class='ocrx_word' id='word_1_168' title='bbox 2725 1060 2948 1127; x_wconf 85' lang='lat' dir='ltr'><strong>quando</strong></span> <span class='ocrx_word' id='word_1_169' title='bbox 2989 1059 3134 1111; x_wconf 73' lang='lat' dir='ltr'><strong>tellit</strong></span> <span class='ocrx_word' id='word_1_170' title='bbox 3163 1058 3324 1112; x_wconf 86' lang='lat' dir='ltr'><strong>Jesus</strong></span> <span class='ocrx_word' id='word_1_171' title='bbox 3353 1071 3484 1111; x_wconf 88' lang='lat' dir='ltr'><strong>vere</strong></span> <span class='ocrx_word' id='word_1_172' title='bbox 3522 1071 3771 1125; x_wconf 84' lang='lat' dir='ltr'><strong>magnus,</strong></span> 
     </span>
    </p>
   </div>
   <div class='ocr_carea' id='block_1_26' title="bbox 2175 1146 3774 1221">
    <p class='ocr_par' dir='ltr' id='par_1_26' title="bbox 2175 1146 3774 1221">
     <span class='ocr_line' id='line_1_26' title="bbox 2175 1146 3774 1221; baseline 0.004 -24"><span class='ocrx_word' id='word_1_173' title='bbox 2175 1160 2306 1200; x_wconf 88' lang='lat' dir='ltr'><strong>vere</strong></span> <span class='ocrx_word' id='word_1_174' title='bbox 2344 1146 2624 1215; x_wconf 65' lang='lat' dir='ltr'><strong>sublimis,</strong></span> <span class='ocrx_word' id='word_1_175' title='bbox 2666 1149 2760 1204; x_wconf 89' lang='lat' dir='ltr'><strong>ille</strong></span> <span class='ocrx_word' id='word_1_176' title='bbox 2797 1151 2891 1220; x_wconf 90' lang='lat' dir='ltr'><strong>qui</strong></span> <span class='ocrx_word' id='word_1_177' title='bbox 2922 1150 3074 1220; x_wconf 88' lang='lat' dir='ltr'><strong>prius</strong></span> <span class='ocrx_word' id='word_1_178' title='bbox 3111 1166 3342 1221; x_wconf 85' lang='lat' dir='ltr'><strong>magnus</strong></span> <span class='ocrx_word' id='word_1_179' title='bbox 3373 1149 3565 1212; x_wconf 81' lang='lat' dir='ltr'><strong>fuerat,</strong></span> <span class='ocrx_word' id='word_1_180' title='bbox 3598 1151 3774 1204; x_wconf 88' lang='lat' dir='ltr'><strong>minor</strong></span> 
     </span>
    </p>
   </div>
   <div class='ocr_carea' id='block_1_27' title="bbox 2174 1239 3773 1315">
    <p class='ocr_par' dir='ltr' id='par_1_27' title="bbox 2174 1239 3773 1315">
     <span class='ocr_line' id='line_1_27' title="bbox 2174 1239 3773 1315; baseline 0.003 -21"><span class='ocrx_word' id='word_1_181' title='bbox 2174 1239 2401 1294; x_wconf 76' lang='lat' dir='ltr'><strong>eﬂectus</strong></span> <span class='ocrx_word' id='word_1_182' title='bbox 2439 1250 2542 1296; x_wconf 89' lang='lat' dir='ltr'><strong>est.</strong></span> <span class='ocrx_word' id='word_1_183' title='bbox 2585 1241 2685 1297; x_wconf 88' lang='lat' dir='ltr'><strong>Ille</strong></span> <span class='ocrx_word' id='word_1_184' title='bbox 2725 1245 2906 1311; x_wconf 85' lang='lat' dir='ltr'><strong>enim,</strong></span> <span class='ocrx_word' id='word_1_185' title='bbox 2947 1245 3147 1315; x_wconf 89' lang='lat' dir='ltr'><strong>inquit,</strong></span> <span class='ocrx_word' id='word_1_186' title='bbox 3187 1243 3294 1299; x_wconf 88' lang='lat' dir='ltr'><strong>luit</strong></span> <span class='ocrx_word' id='word_1_187' title='bbox 3319 1244 3540 1299; x_wconf 87' lang='lat' dir='ltr'><strong>lucerna</strong></span> <span class='ocrx_word' id='word_1_188' title='bbox 3573 1245 3773 1298; x_wconf 83' lang='lat' dir='ltr'><strong>ardens</strong></span> 
     </span>
    </p>
   </div>
   <div class='ocr_carea' id='block_1_28' title="bbox 2174 1333 3770 1398">
    <p class='ocr_par' dir='ltr' id='par_1_28' title="bbox 2174 1333 3770 1398">
     <span class='ocr_line' id='line_1_28' title="bbox 2174 1333 3770 1398; baseline 0.002 -13"><span class='ocrx_word' id='word_1_189' title='bbox 2174 1343 2225 1385; x_wconf 88' lang='lat' dir='ltr'><strong>et</strong></span> <span class='ocrx_word' id='word_1_190' title='bbox 2274 1333 2486 1398; x_wconf 89' lang='lat' dir='ltr'><strong>lucens,</strong></span> <span class='ocrx_word' id='word_1_191' title='bbox 2526 1344 2582 1388; x_wconf 90' lang='lat' dir='ltr'><strong>et</strong></span> <span class='ocrx_word' id='word_1_192' title='bbox 2611 1350 2710 1390; x_wconf 88' lang='lat' dir='ltr'><strong>vos</strong></span> <span class='ocrx_word' id='word_1_193' title='bbox 2747 1336 2996 1390; x_wconf 76' lang='lat' dir='ltr'><strong>voluistis</strong></span> <span class='ocrx_word' id='word_1_194' title='bbox 3034 1337 3099 1390; x_wconf 91' lang='lat' dir='ltr'><strong>ad</strong></span> <span class='ocrx_word' id='word_1_195' title='bbox 3141 1335 3333 1390; x_wconf 85' lang='lat' dir='ltr'><strong>horam</strong></span> <span class='ocrx_word' id='word_1_196' title='bbox 3384 1338 3670 1390; x_wconf 76' lang='lat' dir='ltr'><strong>exsultare</strong></span> <span class='ocrx_word' id='word_1_197' title='bbox 3717 1336 3770 1388; x_wconf 92' lang='lat' dir='ltr'><strong>in</strong></span> 
     </span>
    </p>
   </div>
   <div class='ocr_carea' id='block_1_29' title="bbox 2174 1423 3769 1498">
    <p class='ocr_par' dir='ltr' id='par_1_29' title="bbox 2174 1423 3769 1498">
     <span class='ocr_line' id='line_1_29' title="bbox 2174 1423 3769 1498; baseline 0.004 -22"><span class='ocrx_word' id='word_1_198' title='bbox 2174 1423 2382 1479; x_wconf 88' lang='lat' dir='ltr'><strong>lumine</strong></span> <span class='ocrx_word' id='word_1_199' title='bbox 2408 1427 2530 1494; x_wconf 83' lang='lat' dir='ltr'><strong>ejus</strong></span> <span class='ocrx_word' id='word_1_200' title='bbox 2561 1430 2764 1498; x_wconf 81' lang='lat' dir='ltr'><strong>(Joan.</strong></span> <span class='ocrx_word' id='word_1_201' title='bbox 2799 1428 2874 1498; x_wconf 89' lang='lat' dir='ltr'><strong>v).</strong></span> <span class='ocrx_word' id='word_1_202' title='bbox 2906 1428 3222 1498; x_wconf 70' lang='lat' dir='ltr'><strong>Magnitudo</strong></span> <span class='ocrx_word' id='word_1_203' title='bbox 3249 1428 3551 1482; x_wconf 88' lang='lat' dir='ltr'><strong>Salvatoris</strong></span> <span class='ocrx_word' id='word_1_204' title='bbox 3595 1427 3769 1482; x_wconf 87' lang='lat' dir='ltr'><strong>nostri</strong></span> 
     </span>
    </p>
   </div>
   <div class='ocr_carea' id='block_1_30' title="bbox 2173 1520 3771 1591">
    <p class='ocr_par' dir='ltr' id='par_1_30' title="bbox 2173 1520 3771 1591">
     <span class='ocr_line' id='line_1_30' title="bbox 2173 1520 3771 1591; baseline 0.003 -20"><span class='ocrx_word' id='word_1_205' title='bbox 2173 1534 2279 1571; x_wconf 90' lang='lat' dir='ltr'><strong>non</strong></span> <span class='ocrx_word' id='word_1_206' title='bbox 2347 1529 2476 1574; x_wconf 92' lang='lat' dir='ltr'><strong>tunc</strong></span> <span class='ocrx_word' id='word_1_207' title='bbox 2525 1523 2778 1591; x_wconf 80' lang='lat' dir='ltr'><strong>apparuit</strong></span> <span class='ocrx_word' id='word_1_208' title='bbox 2824 1521 3047 1591; x_wconf 81' lang='lat' dir='ltr'><strong>quando</strong></span> <span class='ocrx_word' id='word_1_209' title='bbox 3095 1534 3254 1577; x_wconf 90' lang='lat' dir='ltr'><strong>natus</strong></span> <span class='ocrx_word' id='word_1_210' title='bbox 3300 1532 3414 1585; x_wconf 85' lang='lat' dir='ltr'><strong>est;</strong></span> <span class='ocrx_word' id='word_1_211' title='bbox 3463 1520 3558 1576; x_wconf 88' lang='lat' dir='ltr'><strong>sed</strong></span> <span class='ocrx_word' id='word_1_212' title='bbox 3629 1536 3771 1575; x_wconf 86' lang='lat' dir='ltr'><strong>nunc</strong></span> 
     </span>
    </p>
   </div>
   <div class='ocr_carea' id='block_1_31' title="bbox 2175 1613 3769 1684">
    <p class='ocr_par' dir='ltr' id='par_1_31' title="bbox 2175 1613 3769 1684">
     <span class='ocr_line' id='line_1_31' title="bbox 2175 1613 3769 1684; baseline 0.002 -20"><span class='ocrx_word' id='word_1_213' title='bbox 2175 1620 2461 1680; x_wconf 76' lang='lat' dir='ltr'><strong>postquam</strong></span> <span class='ocrx_word' id='word_1_214' title='bbox 2504 1628 2770 1684; x_wconf 88' lang='lat' dir='ltr'><strong>oppressa</strong></span> <span class='ocrx_word' id='word_1_215' title='bbox 2811 1614 2881 1667; x_wconf 92' lang='lat' dir='ltr'><strong>ab</strong></span> <span class='ocrx_word' id='word_1_216' title='bbox 2919 1614 3248 1668; x_wconf 86' lang='lat' dir='ltr'><strong>adversariis</strong></span> <span class='ocrx_word' id='word_1_217' title='bbox 3285 1613 3596 1680; x_wconf 86' lang='lat' dir='ltr'><strong>videbatur,</strong></span> <span class='ocrx_word' id='word_1_218' title='bbox 3627 1613 3769 1667; x_wconf 88' lang='lat' dir='ltr'><strong>emi-</strong></span> 
     </span>
    </p>
   </div>
   <div class='ocr_carea' id='block_1_32' title="bbox 2175 1703 3769 1776">
    <p class='ocr_par' dir='ltr' id='par_1_32' title="bbox 2175 1703 3769 1776">
     <span class='ocr_line' id='line_1_32' title="bbox 2175 1703 3769 1776; baseline 0.005 -22"><span class='ocrx_word' id='word_1_219' title='bbox 2175 1705 2304 1758; x_wconf 76' lang='lat' dir='ltr'><strong>ruit.</strong></span> <span class='ocrx_word' id='word_1_220' title='bbox 2334 1703 2469 1760; x_wconf 78' lang='lat' dir='ltr'><strong>Vide</strong></span> <span class='ocrx_word' id='word_1_221' title='bbox 2493 1707 2919 1776; x_wconf 79' lang='lat' dir='ltr'><strong>magnitudinem</strong></span> <span class='ocrx_word' id='word_1_222' title='bbox 2956 1708 3206 1762; x_wconf 91' lang='lat' dir='ltr'><strong>Domini:</strong></span> <span class='ocrx_word' id='word_1_223' title='bbox 3232 1707 3288 1760; x_wconf 90' lang='lat' dir='ltr'><strong>In</strong></span> <span class='ocrx_word' id='word_1_224' title='bbox 3318 1723 3535 1762; x_wconf 88' lang='lat' dir='ltr'><strong>omnem</strong></span> <span class='ocrx_word' id='word_1_225' title='bbox 3565 1717 3769 1762; x_wconf 88' lang='lat' dir='ltr'><strong>terram</strong></span> 
     </span>
    </p>
   </div>
   <div class='ocr_carea' id='block_1_33' title="bbox 460 1796 3767 1870">
    <p class='ocr_par' dir='ltr' id='par_1_33' title="bbox 460 1796 3767 1870">
     <span class='ocr_line' id='line_1_33' title="bbox 460 1796 3767 1870; baseline -0 -12"><span class='ocrx_word' id='word_1_226' title='bbox 460 1812 546 1858; x_wconf 88' lang='lat' dir='ltr'><strong>est</strong></span> <span class='ocrx_word' id='word_1_227' title='bbox 577 1801 674 1858; x_wconf 85' lang='lat' dir='ltr'><strong>Dei</strong></span> <span class='ocrx_word' id='word_1_228' title='bbox 703 1817 764 1858; x_wconf 88' lang='lat' dir='ltr'><strong>se</strong></span> <span class='ocrx_word' id='word_1_229' title='bbox 808 1818 931 1857; x_wconf 84' lang='lat' dir='ltr'><strong>esse</strong></span> <span class='ocrx_word' id='word_1_230' title='bbox 977 1801 1196 1865; x_wconf 83' lang='lat' dir='ltr'><strong>Filium,</strong></span> <span class='ocrx_word' id='word_1_231' title='bbox 1233 1800 1328 1856; x_wconf 80' lang='lat' dir='ltr'><strong>sed</strong></span> <span class='ocrx_word' id='word_1_232' title='bbox 1356 1798 1737 1854; x_wconf 80' lang='lat' dir='ltr'><strong>tantummodo</strong></span> <span class='ocrx_word' id='word_1_233' title='bbox 1761 1797 2063 1868; x_wconf 84' lang='lat' dir='ltr'><strong>responde-</strong></span> <span class='ocrx_word' id='word_1_234' title='bbox 2097 1796 2145 1856; x_wconf 88' lang='lat' dir='ltr'><strong>B</strong></span> <span class='ocrx_word' id='word_1_235' title='bbox 2171 1800 2338 1852; x_wconf 80' lang='lat' dir='ltr'><strong>exivit</strong></span> <span class='ocrx_word' id='word_1_236' title='bbox 2375 1814 2549 1854; x_wconf 89' lang='lat' dir='ltr'><strong>sonus</strong></span> <span class='ocrx_word' id='word_1_237' title='bbox 2584 1800 2856 1857; x_wconf 78' lang='lat' dir='ltr'><strong>doctrinte</strong></span> <span class='ocrx_word' id='word_1_238' title='bbox 2893 1803 3037 1870; x_wconf 83' lang='lat' dir='ltr'><strong>ejus,</strong></span> <span class='ocrx_word' id='word_1_239' title='bbox 3079 1813 3133 1856; x_wconf 91' lang='lat' dir='ltr'><strong>et</strong></span> <span class='ocrx_word' id='word_1_240' title='bbox 3161 1803 3215 1856; x_wconf 92' lang='lat' dir='ltr'><strong>in</strong></span> <span class='ocrx_word' id='word_1_241' title='bbox 3250 1803 3386 1857; x_wconf 86' lang='lat' dir='ltr'><strong>lines</strong></span> <span class='ocrx_word' id='word_1_242' title='bbox 3409 1802 3560 1857; x_wconf 82' lang='lat' dir='ltr'><strong>orbis</strong></span> <span class='ocrx_word' id='word_1_243' title='bbox 3589 1812 3767 1857; x_wconf 88' lang='lat' dir='ltr'><strong>terra-</strong></span> 
     </span>
    </p>
   </div>
   <div class='ocr_carea' id='block_1_34' title="bbox 460 1891 2066 1965">
    <p class='ocr_par' dir='ltr' id='par_1_34' title="bbox 460 1891 2066 1965">
     <span class='ocr_line' id='line_1_34' title="bbox 460 1891 2066 1965; baseline -0.004 -14"><span class='ocrx_word' id='word_1_244' title='bbox 460 1896 553 1951; x_wconf 82' lang='lat' dir='ltr'><strong>bat</strong></span> <span class='ocrx_word' id='word_1_245' title='bbox 584 1911 598 1946; x_wconf 90' lang='lat'>:</span> <span class='ocrx_word' id='word_1_246' title='bbox 629 1893 745 1949; x_wconf 79' lang='lat' dir='ltr'><strong>Non</strong></span> <span class='ocrx_word' id='word_1_247' title='bbox 775 1903 991 1965; x_wconf 87' lang='lat' dir='ltr'><strong>oportet</strong></span> <span class='ocrx_word' id='word_1_248' title='bbox 1013 1904 1071 1948; x_wconf 91' lang='lat' dir='ltr'><strong>ut</strong></span> <span class='ocrx_word' id='word_1_249' title='bbox 1097 1895 1320 1949; x_wconf 88' lang='lat' dir='ltr'><strong>adorem</strong></span> <span class='ocrx_word' id='word_1_250' title='bbox 1355 1904 1427 1959; x_wconf 86' lang='lat' dir='ltr'><strong>te,</strong></span> <span class='ocrx_word' id='word_1_251' title='bbox 1462 1907 1561 1947; x_wconf 86' lang='lat' dir='ltr'><strong>nec</strong></span> <span class='ocrx_word' id='word_1_252' title='bbox 1589 1902 1648 1946; x_wconf 93' lang='lat' dir='ltr'><strong>ut</strong></span> <span class='ocrx_word' id='word_1_253' title='bbox 1680 1891 1888 1962; x_wconf 84' lang='lat' dir='ltr'><strong>lapides</strong></span> <span class='ocrx_word' id='word_1_254' title='bbox 1931 1891 2066 1945; x_wconf 89' lang='lat' dir='ltr'><strong>istos</strong></span> 
     </span>
    </p>
   </div>
   <div class='ocr_carea' id='block_1_35' title="bbox 458 1984 2061 2057">
    <p class='ocr_par' dir='ltr' id='par_1_35' title="bbox 458 1984 2061 2057">
     <span class='ocr_line' id='line_1_35' title="bbox 458 1984 2061 2057; baseline -0.002 -15"><span class='ocrx_word' id='word_1_255' title='bbox 458 2003 627 2057; x_wconf 79' lang='lat' dir='ltr'><strong>panes</strong></span> <span class='ocrx_word' id='word_1_256' title='bbox 655 1988 876 2053; x_wconf 78' lang='lat' dir='ltr'><strong>faciam,</strong></span> <span class='ocrx_word' id='word_1_257' title='bbox 910 1997 966 2040; x_wconf 92' lang='lat' dir='ltr'><strong>ut</strong></span> <span class='ocrx_word' id='word_1_258' title='bbox 1000 2002 1089 2042; x_wconf 89' lang='lat' dir='ltr'><strong>me</strong></span> <span class='ocrx_word' id='word_1_259' title='bbox 1111 1986 1179 2040; x_wconf 90' lang='lat' dir='ltr'><strong>de</strong></span> <span class='ocrx_word' id='word_1_260' title='bbox 1206 1986 1318 2040; x_wconf 88' lang='lat' dir='ltr'><strong>alto</strong></span> <span class='ocrx_word' id='word_1_261' title='bbox 1348 1984 1683 2055; x_wconf 68' lang='lat' dir='ltr'><strong>prmcipitem</strong></span> <span class='ocrx_word' id='word_1_262' title='bbox 1712 1984 1929 2052; x_wconf 72' lang='lat' dir='ltr'><strong>(Matth.</strong></span> <span class='ocrx_word' id='word_1_263' title='bbox 1963 1987 2061 2055; x_wconf 86' lang='lat' dir='ltr'><strong>tv).</strong></span> 
     </span>
    </p>
   </div>
   <div class='ocr_carea' id='block_1_36' title="bbox 453 2079 2061 2150">
    <p class='ocr_par' dir='ltr' id='par_1_36' title="bbox 453 2079 2061 2150">
     <span class='ocr_line' id='line_1_36' title="bbox 453 2079 2061 2150; baseline -0.002 -12"><span class='ocrx_word' id='word_1_264' title='bbox 453 2081 524 2138; x_wconf 80' lang='lat' dir='ltr'><strong>Et</strong></span> <span class='ocrx_word' id='word_1_265' title='bbox 550 2098 674 2137; x_wconf 89' lang='lat' dir='ltr'><strong>cum</strong></span> <span class='ocrx_word' id='word_1_266' title='bbox 695 2083 792 2137; x_wconf 88' lang='lat' dir='ltr'><strong>ista</strong></span> <span class='ocrx_word' id='word_1_267' title='bbox 821 2081 1050 2145; x_wconf 87' lang='lat' dir='ltr'><strong>diceret,</strong></span> <span class='ocrx_word' id='word_1_268' title='bbox 1082 2081 1249 2135; x_wconf 84' lang='lat' dir='ltr'><strong>tacuit</strong></span> <span class='ocrx_word' id='word_1_269' title='bbox 1269 2095 1702 2150; x_wconf 82' lang='lat' dir='ltr'><strong>sempersee~se</strong></span> <span class='ocrx_word' id='word_1_270' title='bbox 1718 2079 1912 2134; x_wconf 88' lang='lat' dir='ltr'><strong>Filium</strong></span> <span class='ocrx_word' id='word_1_271' title='bbox 1945 2079 2061 2135; x_wconf 87' lang='lat' dir='ltr'><strong>Dei.</strong></span> 
     </span>
    </p>
   </div>
   <div class='ocr_carea' id='block_1_37' title="bbox 448 2176 2062 2248">
    <p class='ocr_par' dir='ltr' id='par_1_37' title="bbox 448 2176 2062 2248">
     <span class='ocr_line' id='line_1_37' title="bbox 448 2176 2062 2248; baseline 0 -18"><span class='ocrx_word' id='word_1_272' title='bbox 448 2178 642 2248; x_wconf 70' lang='lat' dir='ltr'><strong>Quaere</strong></span> <span class='ocrx_word' id='word_1_273' title='bbox 666 2178 802 2234; x_wconf 87' lang='lat' dir='ltr'><strong>etin</strong></span> <span class='ocrx_word' id='word_1_274' title='bbox 846 2177 948 2232; x_wconf 87' lang='lat' dir='ltr'><strong>alia</strong></span> <span class='ocrx_word' id='word_1_275' title='bbox 1002 2177 1306 2247; x_wconf 87' lang='lat' dir='ltr'><strong>Scriptura,</strong></span> <span class='ocrx_word' id='word_1_276' title='bbox 1360 2186 1415 2232; x_wconf 92' lang='lat' dir='ltr'><strong>et</strong></span> <span class='ocrx_word' id='word_1_277' title='bbox 1466 2177 1711 2246; x_wconf 85' lang='lat' dir='ltr'><strong>reperies</strong></span> <span class='ocrx_word' id='word_1_278' title='bbox 1761 2176 2062 2230; x_wconf 73' lang='lat' dir='ltr'><strong>voluntatis</strong></span> 
     </span>
    </p>
   </div>
   <div class='ocr_carea' id='block_1_38' title="bbox 452 2269 2063 2341">
    <p class='ocr_par' dir='ltr' id='par_1_38' title="bbox 452 2269 2063 2341">
     <span class='ocr_line' id='line_1_38' title="bbox 452 2269 2063 2341; baseline -0.003 -12"><span class='ocrx_word' id='word_1_279' title='bbox 452 2271 656 2329; x_wconf 77' lang='lat' dir='ltr'><strong>Christi</strong></span> <span class='ocrx_word' id='word_1_280' title='bbox 680 2272 873 2340; x_wconf 76' lang='lat' dir='ltr'><strong>fuisse,</strong></span> <span class='ocrx_word' id='word_1_281' title='bbox 900 2280 958 2326; x_wconf 92' lang='lat' dir='ltr'><strong>ut</strong></span> <span class='ocrx_word' id='word_1_282' title='bbox 978 2272 1268 2328; x_wconf 82' lang='lat' dir='ltr'><strong>adventum</strong></span> <span class='ocrx_word' id='word_1_283' title='bbox 1294 2270 1416 2326; x_wconf 89' lang='lat' dir='ltr'><strong>Filii</strong></span> <span class='ocrx_word' id='word_1_284' title='bbox 1450 2270 1548 2324; x_wconf 87' lang='lat' dir='ltr'><strong>Dei</strong></span> <span class='ocrx_word' id='word_1_285' title='bbox 1571 2269 1820 2325; x_wconf 83' lang='lat' dir='ltr'><strong>diabolus</strong></span> <span class='ocrx_word' id='word_1_286' title='bbox 1850 2270 2063 2341; x_wconf 87' lang='lat' dir='ltr'><strong>ignora-</strong></span> 
     </span>
    </p>
   </div>
   <div class='ocr_carea' id='block_1_39' title="bbox 450 2363 2061 2434">
    <p class='ocr_par' dir='ltr' id='par_1_39' title="bbox 450 2363 2061 2434">
     <span class='ocr_line' id='line_1_39' title="bbox 450 2363 2061 2434; baseline -0.001 -12"><span class='ocrx_word' id='word_1_287' title='bbox 450 2377 555 2422; x_wconf 87' lang='lat' dir='ltr'><strong>rct.</strong></span> <span class='ocrx_word' id='word_1_288' title='bbox 578 2365 876 2432; x_wconf 71' lang='lat' dir='ltr'><strong>Apostolus</strong></span> <span class='ocrx_word' id='word_1_289' title='bbox 895 2368 1039 2421; x_wconf 88' lang='lat' dir='ltr'><strong>enim</strong></span> <span class='ocrx_word' id='word_1_290' title='bbox 1068 2365 1377 2434; x_wconf 80' lang='lat' dir='ltr'><strong>passionem</strong></span> <span class='ocrx_word' id='word_1_291' title='bbox 1400 2363 1520 2434; x_wconf 86' lang='lat' dir='ltr'><strong>ejus</strong></span> <span class='ocrx_word' id='word_1_292' title='bbox 1539 2379 1796 2420; x_wconf 80' lang='lat' dir='ltr'><strong>asserens</strong></span> <span class='ocrx_word' id='word_1_293' title='bbox 1819 2367 2061 2421; x_wconf 82' lang='lat' dir='ltr'><strong>nescisse</strong></span> 
     </span>
    </p>
   </div>
   <div class='ocr_carea' id='block_1_40' title="bbox 451 2457 2057 2526">
    <p class='ocr_par' dir='ltr' id='par_1_40' title="bbox 451 2457 2057 2526">
     <span class='ocr_line' id='line_1_40' title="bbox 451 2457 2057 2526; baseline -0.003 -12"><span class='ocrx_word' id='word_1_294' title='bbox 451 2459 754 2514; x_wconf 86' lang='lat' dir='ltr'><strong>contrarias</strong></span> <span class='ocrx_word' id='word_1_295' title='bbox 785 2458 1154 2522; x_wconf 82' lang='lat' dir='ltr'><strong>fortitudines,</strong></span> <span class='ocrx_word' id='word_1_296' title='bbox 1185 2459 1262 2512; x_wconf 85' lang='lat' dir='ltr'><strong>ait</strong></span> <span class='ocrx_word' id='word_1_297' title='bbox 1288 2475 1300 2510; x_wconf 93' lang='lat'>:</span> <span class='ocrx_word' id='word_1_298' title='bbox 1334 2457 1662 2525; x_wconf 77' lang='lat' dir='ltr'><strong>Sapientiam</strong></span> <span class='ocrx_word' id='word_1_299' title='bbox 1694 2457 1951 2526; x_wconf 81' lang='lat' dir='ltr'><strong>loquimur</strong></span> <span class='ocrx_word' id='word_1_300' title='bbox 1974 2459 2057 2510; x_wconf 85' lang='lat' dir='ltr'><strong>in-</strong></span> 
     </span>
    </p>
   </div>
   <div class='ocr_carea' id='block_1_41' title="bbox 451 2549 2060 2624">
    <p class='ocr_par' dir='ltr' id='par_1_41' title="bbox 451 2549 2060 2624">
     <span class='ocr_line' id='line_1_41' title="bbox 451 2549 2060 2624; baseline -0.001 -18"><span class='ocrx_word' id='word_1_301' title='bbox 451 2561 530 2609; x_wconf 88' lang='lat' dir='ltr'><strong>ter</strong></span> <span class='ocrx_word' id='word_1_302' title='bbox 558 2554 838 2622; x_wconf 76' lang='lat' dir='ltr'><strong>perfectos.</strong></span> <span class='ocrx_word' id='word_1_303' title='bbox 870 2551 1198 2624; x_wconf 80' lang='lat' dir='ltr'><strong>Sapientiam</strong></span> <span class='ocrx_word' id='word_1_304' title='bbox 1221 2560 1395 2605; x_wconf 88' lang='lat' dir='ltr'><strong>autem</strong></span> <span class='ocrx_word' id='word_1_305' title='bbox 1425 2567 1528 2605; x_wconf 88' lang='lat' dir='ltr'><strong>non</strong></span> <span class='ocrx_word' id='word_1_306' title='bbox 1556 2549 1738 2605; x_wconf 78' lang='lat' dir='ltr'><strong>steculi</strong></span> <span class='ocrx_word' id='word_1_307' title='bbox 1757 2549 1941 2622; x_wconf 85' lang='lat' dir='ltr'><strong>hujus,</strong></span> <span class='ocrx_word' id='word_1_308' title='bbox 1971 2568 2060 2605; x_wconf 86' lang='lat' dir='ltr'><strong>ne-</strong></span> 
     </span>
    </p>
   </div>
   <div class='ocr_carea' id='block_1_42' title="bbox 448 2642 2061 2718">
    <p class='ocr_par' dir='ltr' id='par_1_42' title="bbox 448 2642 2061 2718">
     <span class='ocr_line' id='line_1_42' title="bbox 448 2642 2061 2718; baseline 0.001 -21"><span class='ocrx_word' id='word_1_309' title='bbox 448 2661 551 2715; x_wconf 84' lang='lat' dir='ltr'><strong>que</strong></span> <span class='ocrx_word' id='word_1_310' title='bbox 570 2645 866 2715; x_wconf 80' lang='lat' dir='ltr'><strong>principum</strong></span> <span class='ocrx_word' id='word_1_311' title='bbox 884 2646 1067 2699; x_wconf 66' lang='grc' dir='ltr'><strong>διεσαιὶ</strong></span> <span class='ocrx_word' id='word_1_312' title='bbox 1091 2642 1253 2718; x_wconf 89' lang='lat' dir='ltr'><strong>hujus</strong></span> <span class='ocrx_word' id='word_1_313' title='bbox 1280 2644 1369 2715; x_wconf 88' lang='lat' dir='ltr'><strong>qui</strong></span> <span class='ocrx_word' id='word_1_314' title='bbox 1385 2643 1724 2698; x_wconf 84' lang='lat' dir='ltr'><strong>destruuntur</strong></span> <span class='ocrx_word' id='word_1_315' title='bbox 1737 2661 1756 2710; x_wconf 90' lang='lat'><em>;</em></span> <span class='ocrx_word' id='word_1_316' title='bbox 1779 2647 1872 2697; x_wconf 82' lang='lat' dir='ltr'><strong>sed</strong></span> <span class='ocrx_word' id='word_1_317' title='bbox 1889 2643 2061 2713; x_wconf 81' lang='lat' dir='ltr'><strong>loqui-</strong></span> 
     </span>
    </p>
   </div>
   <div class='ocr_carea' id='block_1_43' title="bbox 448 2733 2058 2808">
    <p class='ocr_par' dir='ltr' id='par_1_43' title="bbox 448 2733 2058 2808">
     <span class='ocr_line' id='line_1_43' title="bbox 448 2733 2058 2808; baseline 0 -18"><span class='ocrx_word' id='word_1_318' title='bbox 448 2752 566 2790; x_wconf 86' lang='lat' dir='ltr'><strong>mur</strong></span> <span class='ocrx_word' id='word_1_319' title='bbox 595 2733 694 2789; x_wconf 87' lang='lat' dir='ltr'><strong>Dei</strong></span> <span class='ocrx_word' id='word_1_320' title='bbox 744 2736 1052 2808; x_wconf 79' lang='lat' dir='ltr'><strong>sapientiam</strong></span> <span class='ocrx_word' id='word_1_321' title='bbox 1082 2737 1138 2788; x_wconf 93' lang='lat' dir='ltr'><strong>in</strong></span> <span class='ocrx_word' id='word_1_322' title='bbox 1189 2736 1432 2806; x_wconf 81' lang='lat' dir='ltr'><strong>mysterio</strong></span> <span class='ocrx_word' id='word_1_323' title='bbox 1478 2734 1858 2802; x_wconf 85' lang='lat' dir='ltr'><strong>absconditam,</strong></span> <span class='ocrx_word' id='word_1_324' title='bbox 1903 2752 2058 2806; x_wconf 84' lang='lat' dir='ltr'><strong>quam</strong></span> 
     </span>
    </p>
   </div>
   <div class='ocr_carea' id='block_1_44' title="bbox 447 2828 2058 2902">
    <p class='ocr_par' dir='ltr' id='par_1_44' title="bbox 447 2828 2058 2902">
     <span class='ocr_line' id='line_1_44' title="bbox 447 2828 2058 2902; baseline 0.001 -19"><span class='ocrx_word' id='word_1_325' title='bbox 447 2828 625 2884; x_wconf 88' lang='lat' dir='ltr'><strong>nullus</strong></span> <span class='ocrx_word' id='word_1_326' title='bbox 654 2830 957 2899; x_wconf 85' lang='lat' dir='ltr'><strong>principum</strong></span> <span class='ocrx_word' id='word_1_327' title='bbox 987 2831 1147 2902; x_wconf 77' lang='lat' dir='ltr'><strong>hujus</strong></span> <span class='ocrx_word' id='word_1_328' title='bbox 1190 2829 1369 2882; x_wconf 77' lang='lat' dir='ltr'><strong>stcculi</strong></span> <span class='ocrx_word' id='word_1_329' title='bbox 1397 2829 1659 2901; x_wconf 83' lang='lat' dir='ltr'><strong>cognovit.</strong></span> <span class='ocrx_word' id='word_1_330' title='bbox 1705 2829 1767 2885; x_wconf 89' lang='lat' dir='ltr'><strong>Si</strong></span> <span class='ocrx_word' id='word_1_331' title='bbox 1793 2830 1927 2884; x_wconf 88' lang='lat' dir='ltr'><strong>enim</strong></span> <span class='ocrx_word' id='word_1_332' title='bbox 1971 2847 2058 2885; x_wconf 90' lang='lat' dir='ltr'><strong>co-</strong></span> 
     </span>
    </p>
   </div>
   <div class='ocr_carea' id='block_1_45' title="bbox 448 2919 2056 2994">
    <p class='ocr_par' dir='ltr' id='par_1_45' title="bbox 448 2919 2056 2994">
     <span class='ocr_line' id='line_1_45' title="bbox 448 2919 2056 2994; baseline 0.001 -19"><span class='ocrx_word' id='word_1_333' title='bbox 448 2924 762 2994; x_wconf 78' lang='lat' dir='ltr'><strong>gnouissent,</strong></span> <span class='ocrx_word' id='word_1_334' title='bbox 796 2938 1075 2990; x_wconf 86' lang='lat' dir='ltr'><strong>numquam</strong></span> <span class='ocrx_word' id='word_1_335' title='bbox 1125 2919 1404 2976; x_wconf 88' lang='lat' dir='ltr'><strong>Dominum</strong></span> <span class='ocrx_word' id='word_1_336' title='bbox 1453 2922 1637 2992; x_wconf 71' lang='lat' dir='ltr'><strong>gloria:</strong></span> <span class='ocrx_word' id='word_1_337' title='bbox 1682 2923 2056 2992; x_wconf 71' lang='lat' dir='ltr'><strong>crucifixissent</strong></span> 
     </span>
    </p>
   </div>
   <div class='ocr_carea' id='block_1_46' title="bbox 446 3013 2054 3088">
    <p class='ocr_par' dir='ltr' id='par_1_46' title="bbox 446 3013 2054 3088">
     <span class='ocr_line' id='line_1_46' title="bbox 446 3013 2054 3088; baseline -0.001 -16"><span class='ocrx_word' id='word_1_338' title='bbox 446 3016 489 3088; x_wconf 94' lang='grc' dir='ltr'><strong>(Ι</strong></span> <span class='ocrx_word' id='word_1_339' title='bbox 507 3015 726 3086; x_wconf 64' lang='lat' dir='ltr'><strong>Contr).</strong></span> <span class='ocrx_word' id='word_1_340' title='bbox 745 3014 1137 3070; x_wconf 76' lang='lat' dir='ltr'><strong>AbsConditum</strong></span> <span class='ocrx_word' id='word_1_341' title='bbox 1168 3013 1332 3082; x_wconf 82' lang='lat' dir='ltr'><strong>igitur</strong></span> <span class='ocrx_word' id='word_1_342' title='bbox 1349 3013 1488 3068; x_wconf 76' lang='lat' dir='ltr'><strong>{uita</strong></span> <span class='ocrx_word' id='word_1_343' title='bbox 1504 3015 1839 3084; x_wconf 86' lang='lat' dir='ltr'><strong>principibus</strong></span> <span class='ocrx_word' id='word_1_344' title='bbox 1865 3016 2054 3071; x_wconf 71' lang='lat' dir='ltr'><strong>sicculi</strong></span> 
     </span>
    </p>
   </div>
   <div class='ocr_carea' id='block_1_47' title="bbox 447 3106 2130 3215">
    <p class='ocr_par' dir='ltr' id='par_1_47' title="bbox 447 3106 2130 3215">
     <span class='ocr_line' id='line_1_47' title="bbox 447 3106 2130 3215; baseline -0.001 -50"><span class='ocrx_word' id='word_1_345' title='bbox 447 3109 769 3179; x_wconf 84' lang='lat' dir='ltr'><strong>mysterium</strong></span> <span class='ocrx_word' id='word_1_346' title='bbox 791 3106 1114 3162; x_wconf 81' lang='lat' dir='ltr'><strong>Salvator-is.</strong></span> <span class='ocrx_word' id='word_1_347' title='bbox 1149 3106 1307 3174; x_wconf 87' lang='lat' dir='ltr'><strong>Quod</strong></span> <span class='ocrx_word' id='word_1_348' title='bbox 1337 3116 1522 3163; x_wconf 89' lang='lat' dir='ltr'><strong>autem</strong></span> <span class='ocrx_word' id='word_1_349' title='bbox 1547 3109 1861 3162; x_wconf 87' lang='lat' dir='ltr'><strong>econtrario</strong></span> <span class='ocrx_word' id='word_1_350' title='bbox 1886 3108 2050 3180; x_wconf 90' lang='lat' dir='ltr'><strong>objici</strong></span> <span class='ocrx_word' id='word_1_351' title='bbox 2082 3149 2130 3215; x_wconf 78' lang='lat' dir='ltr'><strong><em>C</em></strong></span> 
     </span>
    </p>
   </div>
   <div class='ocr_carea' id='block_1_48' title="bbox 448 3200 2054 3276">
    <p class='ocr_par' dir='ltr' id='par_1_48' title="bbox 448 3200 2054 3276">
     <span class='ocr_line' id='line_1_48' title="bbox 448 3200 2054 3276; baseline 0.002 -20"><span class='ocrx_word' id='word_1_352' title='bbox 448 3212 653 3276; x_wconf 86' lang='lat' dir='ltr'><strong>potest,</strong></span> <span class='ocrx_word' id='word_1_353' title='bbox 701 3201 1026 3256; x_wconf 86' lang='lat' dir='ltr'><strong>solvendum</strong></span> <span class='ocrx_word' id='word_1_354' title='bbox 1070 3200 1203 3254; x_wconf 92' lang='lat' dir='ltr'><strong>mihi</strong></span> <span class='ocrx_word' id='word_1_355' title='bbox 1236 3200 1450 3258; x_wconf 75' lang='lat' dir='ltr'><strong>videtur</strong></span> <span class='ocrx_word' id='word_1_356' title='bbox 1495 3211 1785 3270; x_wconf 82' lang='lat' dir='ltr'><strong>antequam</strong></span> <span class='ocrx_word' id='word_1_357' title='bbox 1844 3202 1912 3256; x_wconf 91' lang='lat' dir='ltr'><strong>ab</strong></span> <span class='ocrx_word' id='word_1_358' title='bbox 1948 3202 2054 3259; x_wconf 88' lang='lat' dir='ltr'><strong>alio</strong></span> 
     </span>
    </p>
   </div>
   <div class='ocr_carea' id='block_1_49' title="bbox 449 3294 2055 3368">
    <p class='ocr_par' dir='ltr' id='par_1_49' title="bbox 449 3294 2055 3368">
     <span class='ocr_line' id='line_1_49' title="bbox 449 3294 2055 3368; baseline 0.004 -20"><span class='ocrx_word' id='word_1_359' title='bbox 449 3303 821 3368; x_wconf 54' lang='lat' dir='ltr'><strong>pra&#39;ponatur,</strong></span> <span class='ocrx_word' id='word_1_360' title='bbox 871 3309 977 3364; x_wconf 86' lang='lat' dir='ltr'><strong>qua</strong></span> <span class='ocrx_word' id='word_1_361' title='bbox 1009 3295 1220 3349; x_wconf 83' lang='lat' dir='ltr'><strong>ratione</strong></span> <span class='ocrx_word' id='word_1_362' title='bbox 1264 3295 1409 3365; x_wconf 88' lang='lat' dir='ltr'><strong>qttod</strong></span> <span class='ocrx_word' id='word_1_363' title='bbox 1456 3294 1731 3366; x_wconf 86' lang='lat' dir='ltr'><strong>principes</strong></span> <span class='ocrx_word' id='word_1_364' title='bbox 1765 3295 1926 3366; x_wconf 89' lang='lat' dir='ltr'><strong>hujus</strong></span> <span class='ocrx_word' id='word_1_365' title='bbox 1952 3314 2055 3354; x_wconf 71' lang='lat' dir='ltr'><strong>sae-</strong></span> 
     </span>
    </p>
   </div>
   <div class='ocr_carea' id='block_1_50' title="bbox 447 3384 2051 3461">
    <p class='ocr_par' dir='ltr' id='par_1_50' title="bbox 447 3384 2051 3461">
     <span class='ocr_line' id='line_1_50' title="bbox 447 3384 2051 3461; baseline 0.002 -19"><span class='ocrx_word' id='word_1_366' title='bbox 447 3387 553 3443; x_wconf 86' lang='lat' dir='ltr'><strong>culi</strong></span> <span class='ocrx_word' id='word_1_367' title='bbox 579 3387 754 3453; x_wconf 85' lang='lat' dir='ltr'><strong>latuit,</strong></span> <span class='ocrx_word' id='word_1_368' title='bbox 790 3384 1094 3442; x_wconf 65' lang='lat' dir='ltr'><strong>daemonem</strong></span> <span class='ocrx_word' id='word_1_369' title='bbox 1123 3402 1229 3441; x_wconf 88' lang='lat' dir='ltr'><strong>non</strong></span> <span class='ocrx_word' id='word_1_370' title='bbox 1259 3386 1435 3452; x_wconf 88' lang='lat' dir='ltr'><strong>latuit,</strong></span> <span class='ocrx_word' id='word_1_371' title='bbox 1469 3402 1592 3442; x_wconf 91' lang='lat' dir='ltr'><strong>eum</strong></span> <span class='ocrx_word' id='word_1_372' title='bbox 1627 3390 1932 3458; x_wconf 67' lang='lat' dir='ltr'><strong>praesertim</strong></span> <span class='ocrx_word' id='word_1_373' title='bbox 1961 3392 2051 3461; x_wconf 90' lang='lat' dir='ltr'><strong>qui</strong></span> 
     </span>
    </p>
   </div>
   <div class='ocr_carea' id='block_1_51' title="bbox 447 3479 2053 3551">
    <p class='ocr_par' dir='ltr' id='par_1_51' title="bbox 447 3479 2053 3551">
     <span class='ocr_line' id='line_1_51' title="bbox 447 3479 2053 3551; baseline 0 -15"><span class='ocrx_word' id='word_1_374' title='bbox 447 3484 500 3537; x_wconf 86' lang='lat' dir='ltr'><strong>in</strong></span> <span class='ocrx_word' id='word_1_375' title='bbox 535 3480 830 3551; x_wconf 81' lang='lat' dir='ltr'><strong>Evattgelio</strong></span> <span class='ocrx_word' id='word_1_376' title='bbox 878 3479 1244 3550; x_wconf 83' lang='lat' dir='ltr'><strong>loquebatur:</strong></span> <span class='ocrx_word' id='word_1_377' title='bbox 1291 3479 1486 3533; x_wconf 82' lang='lat' dir='ltr'><strong>Venisti</strong></span> <span class='ocrx_word' id='word_1_378' title='bbox 1540 3490 1658 3535; x_wconf 85' lang='lat' dir='ltr'><strong>ante</strong></span> <span class='ocrx_word' id='word_1_379' title='bbox 1703 3492 1905 3550; x_wconf 87' lang='lat' dir='ltr'><strong>tempus</strong></span> <span class='ocrx_word' id='word_1_380' title='bbox 1945 3492 2053 3536; x_wconf 89' lang='lat' dir='ltr'><strong>tor-</strong></span> 
     </span>
    </p>
   </div>
   <div class='ocr_carea' id='block_1_52' title="bbox 443 3569 2045 3648">
    <p class='ocr_par' dir='ltr' id='par_1_52' title="bbox 443 3569 2045 3648">
     <span class='ocr_line' id='line_1_52' title="bbox 443 3569 2045 3648; baseline 0.003 -22"><span class='ocrx_word' id='word_1_381' title='bbox 443 3590 598 3645; x_wconf 85' lang='lat' dir='ltr'><strong>quere</strong></span> <span class='ocrx_word' id='word_1_382' title='bbox 647 3589 760 3639; x_wconf 84' lang='lat' dir='ltr'><strong>nos,</strong></span> <span class='ocrx_word' id='word_1_383' title='bbox 793 3572 984 3627; x_wconf 78' lang='lat' dir='ltr'><strong>scimus</strong></span> <span class='ocrx_word' id='word_1_384' title='bbox 1016 3583 1064 3625; x_wconf 76' lang='lat' dir='ltr'><strong>te</strong></span> <span class='ocrx_word' id='word_1_385' title='bbox 1103 3573 1192 3643; x_wconf 87' lang='lat' dir='ltr'><strong>qui</strong></span> <span class='ocrx_word' id='word_1_386' title='bbox 1214 3572 1284 3626; x_wconf 87' lang='lat' dir='ltr'><strong>sis</strong></span> <span class='ocrx_word' id='word_1_387' title='bbox 1333 3569 1508 3626; x_wconf 82' lang='lat' dir='ltr'><strong>Filius</strong></span> <span class='ocrx_word' id='word_1_388' title='bbox 1557 3571 1657 3627; x_wconf 88' lang='lat' dir='ltr'><strong>Dei</strong></span> <span class='ocrx_word' id='word_1_389' title='bbox 1690 3572 1909 3640; x_wconf 77' lang='lat' dir='ltr'><strong>(Matth.</strong></span> <span class='ocrx_word' id='word_1_390' title='bbox 1945 3576 2045 3648; x_wconf 75' lang='grc' dir='ltr'>ιι).</span> 
     </span>
    </p>
   </div>
   <div class='ocr_carea' id='block_1_53' title="bbox 444 3666 2047 3738">
    <p class='ocr_par' dir='ltr' id='par_1_53' title="bbox 444 3666 2047 3738">
     <span class='ocr_line' id='line_1_53' title="bbox 444 3666 2047 3738; baseline 0 -14"><span class='ocrx_word' id='word_1_391' title='bbox 444 3666 552 3724; x_wconf 90' lang='lat' dir='ltr'><strong>Sed</strong></span> <span class='ocrx_word' id='word_1_392' title='bbox 581 3667 890 3732; x_wconf 81' lang='lat' dir='ltr'><strong>considera,</strong></span> <span class='ocrx_word' id='word_1_393' title='bbox 918 3667 1046 3738; x_wconf 89' lang='lat' dir='ltr'><strong>quia</strong></span> <span class='ocrx_word' id='word_1_394' title='bbox 1078 3668 1258 3722; x_wconf 88' lang='lat' dir='ltr'><strong>minor</strong></span> <span class='ocrx_word' id='word_1_395' title='bbox 1288 3667 1340 3720; x_wconf 90' lang='lat' dir='ltr'><strong>in</strong></span> <span class='ocrx_word' id='word_1_396' title='bbox 1375 3666 1578 3721; x_wconf 83' lang='lat' dir='ltr'><strong>malitia</strong></span> <span class='ocrx_word' id='word_1_397' title='bbox 1612 3669 1830 3723; x_wconf 80' lang='lat' dir='ltr'><strong>noverit</strong></span> <span class='ocrx_word' id='word_1_398' title='bbox 1851 3669 2047 3724; x_wconf 83' lang='lat' dir='ltr'><strong>Salva-</strong></span> 
     </span>
    </p>
   </div>
   <div class='ocr_carea' id='block_1_54' title="bbox 445 3759 2047 3832">
    <p class='ocr_par' dir='ltr' id='par_1_54' title="bbox 445 3759 2047 3832">
     <span class='ocr_line' id='line_1_54' title="bbox 445 3759 2047 3832; baseline 0 -16"><span class='ocrx_word' id='word_1_399' title='bbox 445 3769 620 3816; x_wconf 88' lang='lat' dir='ltr'><strong>torcm</strong></span> <span class='ocrx_word' id='word_1_400' title='bbox 653 3777 664 3814; x_wconf 91' lang='lat'><strong>:</strong></span> <span class='ocrx_word' id='word_1_401' title='bbox 697 3760 790 3830; x_wconf 86' lang='lat' dir='ltr'><strong>qui</strong></span> <span class='ocrx_word' id='word_1_402' title='bbox 820 3774 953 3816; x_wconf 89' lang='lat' dir='ltr'><strong>vero</strong></span> <span class='ocrx_word' id='word_1_403' title='bbox 979 3760 1158 3830; x_wconf 86' lang='lat' dir='ltr'><strong>major</strong></span> <span class='ocrx_word' id='word_1_404' title='bbox 1181 3769 1264 3815; x_wconf 88' lang='lat' dir='ltr'><strong>est</strong></span> <span class='ocrx_word' id='word_1_405' title='bbox 1292 3759 1345 3814; x_wconf 91' lang='lat' dir='ltr'><strong>in</strong></span> <span class='ocrx_word' id='word_1_406' title='bbox 1369 3760 1599 3826; x_wconf 85' lang='lat' dir='ltr'><strong>scelere,</strong></span> <span class='ocrx_word' id='word_1_407' title='bbox 1634 3770 1690 3816; x_wconf 89' lang='lat' dir='ltr'><strong>et</strong></span> <span class='ocrx_word' id='word_1_408' title='bbox 1717 3762 2047 3832; x_wconf 84' lang='lat' dir='ltr'><strong>versipellis,</strong></span> 
     </span>
    </p>
   </div>
   <div class='ocr_carea' id='block_1_55' title="bbox 445 3851 2048 3924">
    <p class='ocr_par' dir='ltr' id='par_1_55' title="bbox 445 3851 2048 3924">
     <span class='ocr_line' id='line_1_55' title="bbox 445 3851 2048 3924; baseline 0.001 -16"><span class='ocrx_word' id='word_1_409' title='bbox 445 3862 500 3908; x_wconf 88' lang='lat' dir='ltr'><strong>et</strong></span> <span class='ocrx_word' id='word_1_410' title='bbox 521 3868 778 3924; x_wconf 88' lang='lat' dir='ltr'><strong>nequam,</strong></span> <span class='ocrx_word' id='word_1_411' title='bbox 803 3868 868 3908; x_wconf 82' lang='lat' dir='ltr'><strong>ex</strong></span> <span class='ocrx_word' id='word_1_412' title='bbox 895 3867 961 3908; x_wconf 89' lang='lat' dir='ltr'><strong>eo</strong></span> <span class='ocrx_word' id='word_1_413' title='bbox 987 3852 1133 3921; x_wconf 89' lang='lat' dir='ltr'><strong>ipso,</strong></span> <span class='ocrx_word' id='word_1_414' title='bbox 1165 3851 1308 3923; x_wconf 91' lang='lat' dir='ltr'><strong>quod</strong></span> <span class='ocrx_word' id='word_1_415' title='bbox 1341 3853 1392 3906; x_wconf 92' lang='lat' dir='ltr'><strong>in</strong></span> <span class='ocrx_word' id='word_1_416' title='bbox 1441 3852 1584 3908; x_wconf 84' lang='lat' dir='ltr'><strong>malo</strong></span> <span class='ocrx_word' id='word_1_417' title='bbox 1618 3853 1794 3924; x_wconf 86' lang='lat' dir='ltr'><strong>major</strong></span> <span class='ocrx_word' id='word_1_418' title='bbox 1814 3866 1920 3922; x_wconf 78' lang='lat' dir='ltr'><strong>est,</strong></span> <span class='ocrx_word' id='word_1_419' title='bbox 1948 3855 2048 3910; x_wconf 88' lang='lat' dir='ltr'><strong>itu-</strong></span> 
     </span>
    </p>
   </div>
   <div class='ocr_carea' id='block_1_56' title="bbox 445 3944 2050 4016">
    <p class='ocr_par' dir='ltr' id='par_1_56' title="bbox 445 3944 2050 4016">
     <span class='ocr_line' id='line_1_56' title="bbox 445 3944 2050 4016; baseline 0.002 -17"><span class='ocrx_word' id='word_1_420' title='bbox 445 3944 660 4016; x_wconf 88' lang='lat' dir='ltr'><strong>peditur</strong></span> <span class='ocrx_word' id='word_1_421' title='bbox 675 3960 837 4000; x_wconf 84' lang='lat' dir='ltr'><strong>nosse</strong></span> <span class='ocrx_word' id='word_1_422' title='bbox 851 3944 1047 4000; x_wconf 84' lang='lat' dir='ltr'><strong>Filium</strong></span> <span class='ocrx_word' id='word_1_423' title='bbox 1064 3945 1179 4000; x_wconf 85' lang='lat' dir='ltr'><strong>Dei.</strong></span> <span class='ocrx_word' id='word_1_424' title='bbox 1194 3944 1305 4000; x_wconf 83' lang='lat' dir='ltr'><strong>Nos</strong></span> <span class='ocrx_word' id='word_1_425' title='bbox 1319 3960 1538 4016; x_wconf 90' lang='lat' dir='ltr'><strong>quoque</strong></span> <span class='ocrx_word' id='word_1_426' title='bbox 1559 3944 1683 4014; x_wconf 89' lang='lat' dir='ltr'><strong>ipsi,</strong></span> <span class='ocrx_word' id='word_1_427' title='bbox 1704 3947 1747 4000; x_wconf 89' lang='lat' dir='ltr'><strong>si</strong></span> <span class='ocrx_word' id='word_1_428' title='bbox 1769 3948 1947 4004; x_wconf 85' lang='lat' dir='ltr'><strong>minus</strong></span> <span class='ocrx_word' id='word_1_429' title='bbox 1961 3949 2050 4004; x_wconf 89' lang='lat' dir='ltr'><strong>ha-</strong></span> 
     </span>
    </p>
   </div>
   <div class='ocr_carea' id='block_1_57' title="bbox 444 4037 2046 4108">
    <p class='ocr_par' dir='ltr' id='par_1_57' title="bbox 444 4037 2046 4108">
     <span class='ocr_line' id='line_1_57' title="bbox 444 4037 2046 4108; baseline 0.002 -14"><span class='ocrx_word' id='word_1_430' title='bbox 444 4038 724 4094; x_wconf 88' lang='lat' dir='ltr'><strong>buerimus</strong></span> <span class='ocrx_word' id='word_1_431' title='bbox 739 4037 886 4102; x_wconf 85' lang='lat' dir='ltr'><strong>mali,</strong></span> <span class='ocrx_word' id='word_1_432' title='bbox 906 4037 1114 4092; x_wconf 79' lang='lat' dir='ltr'><strong>facilius</strong></span> <span class='ocrx_word' id='word_1_433' title='bbox 1130 4052 1414 4107; x_wconf 89' lang='lat' dir='ltr'><strong>possumus</strong></span> <span class='ocrx_word' id='word_1_434' title='bbox 1436 4037 1502 4091; x_wconf 89' lang='lat' dir='ltr'><strong>ad</strong></span> <span class='ocrx_word' id='word_1_435' title='bbox 1520 4038 1772 4093; x_wconf 87' lang='lat' dir='ltr'><strong>virtutem</strong></span> <span class='ocrx_word' id='word_1_436' title='bbox 1788 4041 2019 4108; x_wconf 90' lang='lat' dir='ltr'><strong>procede</strong></span> <span class='ocrx_word' id='word_1_437' title='bbox 2031 4073 2046 4082; x_wconf 82' lang='lat'><strong>-</strong></span> 
     </span>
    </p>
   </div>
   <div class='ocr_carea' id='block_1_58' title="bbox 443 4131 2047 4208">
    <p class='ocr_par' dir='ltr' id='par_1_58' title="bbox 443 4131 2047 4208">
     <span class='ocr_line' id='line_1_58' title="bbox 443 4131 2047 4208; baseline -0.001 -20"><span class='ocrx_word' id='word_1_438' title='bbox 443 4147 526 4189; x_wconf 86' lang='lat' dir='ltr'><strong>rc.</strong></span> <span class='ocrx_word' id='word_1_439' title='bbox 556 4131 613 4188; x_wconf 87' lang='lat' dir='ltr'><strong>Si</strong></span> <span class='ocrx_word' id='word_1_440' title='bbox 668 4147 796 4188; x_wconf 89' lang='lat' dir='ltr'><strong>vero</strong></span> <span class='ocrx_word' id='word_1_441' title='bbox 827 4133 998 4203; x_wconf 87' lang='lat' dir='ltr'><strong>magis</strong></span> <span class='ocrx_word' id='word_1_442' title='bbox 1020 4133 1075 4187; x_wconf 91' lang='lat' dir='ltr'><strong>in</strong></span> <span class='ocrx_word' id='word_1_443' title='bbox 1109 4133 1267 4189; x_wconf 88' lang='lat' dir='ltr'><strong>nobis</strong></span> <span class='ocrx_word' id='word_1_444' title='bbox 1293 4131 1616 4196; x_wconf 86' lang='lat' dir='ltr'><strong>lucritmali,</strong></span> <span class='ocrx_word' id='word_1_445' title='bbox 1651 4133 1855 4204; x_wconf 79' lang='lat' dir='ltr'><strong>ingenti</strong></span> <span class='ocrx_word' id='word_1_446' title='bbox 1885 4135 2047 4208; x_wconf 68' lang='lat'><strong>263</strong></span> 
     </span>
    </p>
   </div>
   <div class='ocr_carea' id='block_1_59' title="bbox 441 4225 2045 4300">
    <p class='ocr_par' dir='ltr' id='par_1_59' title="bbox 441 4225 2045 4300">
     <span class='ocr_line' id='line_1_59' title="bbox 441 4225 2045 4300; baseline 0.006 -25"><span class='ocrx_word' id='word_1_447' title='bbox 441 4225 681 4300; x_wconf 58' lang='lat'><strong>—365</strong></span> <span class='ocrx_word' id='word_1_448' title='bbox 705 4226 897 4282; x_wconf 89' lang='lat' dir='ltr'><strong>labore</strong></span> <span class='ocrx_word' id='word_1_449' title='bbox 919 4225 1222 4280; x_wconf 86' lang='lat' dir='ltr'><strong>sudandum</strong></span> <span class='ocrx_word' id='word_1_450' title='bbox 1266 4237 1380 4291; x_wconf 91' lang='lat' dir='ltr'><strong>est,</strong></span> <span class='ocrx_word' id='word_1_451' title='bbox 1414 4237 1472 4280; x_wconf 90' lang='lat' dir='ltr'><strong>ut</strong></span> <span class='ocrx_word' id='word_1_452' title='bbox 1505 4227 1697 4297; x_wconf 88' lang='lat' dir='ltr'><strong>majori</strong></span> <span class='ocrx_word' id='word_1_453' title='bbox 1726 4229 1932 4285; x_wconf 89' lang='lat' dir='ltr'><strong>malitia</strong></span> <span class='ocrx_word' id='word_1_454' title='bbox 1984 4231 2045 4285; x_wconf 87' lang='lat' dir='ltr'><strong>li-</strong></span> 
     </span>
    </p>
   </div>
   <div class='ocr_carea' id='block_1_60' title="bbox 443 4319 2041 4390">
    <p class='ocr_par' dir='ltr' id='par_1_60' title="bbox 443 4319 2041 4390">
     <span class='ocr_line' id='line_1_60' title="bbox 443 4319 2041 4390; baseline 0 -12"><span class='ocrx_word' id='word_1_455' title='bbox 443 4321 723 4378; x_wconf 87' lang='lat' dir='ltr'><strong>hcrcmur.</strong></span> <span class='ocrx_word' id='word_1_456' title='bbox 757 4319 883 4375; x_wconf 67' lang='lat' dir='ltr'><strong>Haec</strong></span> <span class='ocrx_word' id='word_1_457' title='bbox 912 4319 982 4374; x_wconf 89' lang='lat' dir='ltr'><strong>de</strong></span> <span class='ocrx_word' id='word_1_458' title='bbox 1007 4334 1074 4375; x_wconf 90' lang='lat' dir='ltr'><strong>eo</strong></span> <span class='ocrx_word' id='word_1_459' title='bbox 1103 4319 1242 4388; x_wconf 89' lang='lat' dir='ltr'><strong>quod</strong></span> <span class='ocrx_word' id='word_1_460' title='bbox 1272 4333 1533 4390; x_wconf 90' lang='lat' dir='ltr'><strong>sponsum</strong></span> <span class='ocrx_word' id='word_1_461' title='bbox 1563 4319 1816 4378; x_wconf 84' lang='lat' dir='ltr'><strong>habuerit</strong></span> <span class='ocrx_word' id='word_1_462' title='bbox 1855 4323 2041 4380; x_wconf 88' lang='lat' dir='ltr'><strong>Maria.</strong></span> 
     </span>
    </p>
   </div>
   <div class='ocr_carea' id='block_1_61' title="bbox 514 4413 2045 4484">
    <p class='ocr_par' dir='ltr' id='par_1_61' title="bbox 514 4413 2045 4484">
     <span class='ocr_line' id='line_1_61' title="bbox 514 4413 2045 4484; baseline 0.003 -16"><span class='ocrx_word' id='word_1_463' title='bbox 514 4415 649 4484; x_wconf 80' lang='lat' dir='ltr'><strong>Quia</strong></span> <span class='ocrx_word' id='word_1_464' title='bbox 681 4429 814 4470; x_wconf 86' lang='lat' dir='ltr'><strong>vero</strong></span> <span class='ocrx_word' id='word_1_465' title='bbox 842 4413 1070 4483; x_wconf 76' lang='lat' dir='ltr'><strong>angelus</strong></span> <span class='ocrx_word' id='word_1_466' title='bbox 1101 4427 1245 4467; x_wconf 92' lang='lat' dir='ltr'><strong>novo</strong></span> <span class='ocrx_word' id='word_1_467' title='bbox 1277 4429 1531 4469; x_wconf 90' lang='lat' dir='ltr'><strong>sermone</strong></span> <span class='ocrx_word' id='word_1_468' title='bbox 1567 4415 1792 4470; x_wconf 88' lang='lat' dir='ltr'><strong>Mariam</strong></span> <span class='ocrx_word' id='word_1_469' title='bbox 1828 4417 2045 4471; x_wconf 79' lang='lat' dir='ltr'><strong>saluta-</strong></span> 
     </span>
    </p>
   </div>
   <div class='ocr_carea' id='block_1_62' title="bbox 2173 1894 3766 1968">
    <p class='ocr_par' dir='ltr' id='par_1_62' title="bbox 2173 1894 3766 1968">
     <span class='ocr_line' id='line_1_62' title="bbox 2173 1894 3766 1968; baseline 0.003 -20"><span class='ocrx_word' id='word_1_470' title='bbox 2173 1911 2289 1948; x_wconf 86' lang='lat' dir='ltr'><strong>rmn</strong></span> <span class='ocrx_word' id='word_1_471' title='bbox 2314 1895 2477 1950; x_wconf 87' lang='lat' dir='ltr'><strong>verba</strong></span> <span class='ocrx_word' id='word_1_472' title='bbox 2506 1895 2652 1950; x_wconf 91' lang='lat' dir='ltr'><strong>illius</strong></span> <span class='ocrx_word' id='word_1_473' title='bbox 2675 1895 2852 1966; x_wconf 81' lang='lat' dir='ltr'><strong>(Psal.</strong></span> <span class='ocrx_word' id='word_1_474' title='bbox 2878 1896 3057 1968; x_wconf 87' lang='lat' dir='ltr'><strong>xvm).</strong></span> <span class='ocrx_word' id='word_1_475' title='bbox 3078 1896 3342 1951; x_wconf 87' lang='lat' dir='ltr'><strong>Dominus</strong></span> <span class='ocrx_word' id='word_1_476' title='bbox 3370 1905 3560 1951; x_wconf 82' lang='lat' dir='ltr'><strong>noster</strong></span> <span class='ocrx_word' id='word_1_477' title='bbox 3583 1894 3766 1965; x_wconf 80' lang='lat' dir='ltr'><strong>Jesus,</strong></span> 
     </span>
    </p>
   </div>
   <div class='ocr_carea' id='block_1_63' title="bbox 2172 1983 3769 2059">
    <p class='ocr_par' dir='ltr' id='par_1_63' title="bbox 2172 1983 3769 2059">
     <span class='ocr_line' id='line_1_63' title="bbox 2172 1983 3769 2059; baseline 0.003 -19"><span class='ocrx_word' id='word_1_478' title='bbox 2172 1983 2196 2022; x_wconf 71' lang='grc' dir='ltr'>δ</span> <span class='ocrx_word' id='word_1_479' title='bbox 2219 1987 2310 2054; x_wconf 90' lang='lat' dir='ltr'><strong>qui</strong></span> <span class='ocrx_word' id='word_1_480' title='bbox 2338 1988 2512 2041; x_wconf 88' lang='lat' dir='ltr'><strong>virtus</strong></span> <span class='ocrx_word' id='word_1_481' title='bbox 2539 1997 2625 2042; x_wconf 90' lang='lat' dir='ltr'><strong>est</strong></span> <span class='ocrx_word' id='word_1_482' title='bbox 2650 1987 2744 2043; x_wconf 89' lang='lat' dir='ltr'><strong>Dei</strong></span> <span class='ocrx_word' id='word_1_483' title='bbox 2780 1987 2957 2059; x_wconf 82' lang='lat' dir='ltr'><strong>(Rom.</strong></span> <span class='ocrx_word' id='word_1_484' title='bbox 2991 2005 3029 2054; x_wconf 86' lang='grc' dir='ltr'>ι,</span> <span class='ocrx_word' id='word_1_485' title='bbox 3063 1999 3112 2042; x_wconf 81' lang='lat' dir='ltr'><strong>et</strong></span> <span class='ocrx_word' id='word_1_486' title='bbox 3142 1987 3300 2044; x_wconf 87' lang='lat' dir='ltr'><strong>lCor.</strong></span> <span class='ocrx_word' id='word_1_487' title='bbox 3334 1988 3396 2053; x_wconf 90' lang='lat' dir='ltr'><strong>l),</strong></span> <span class='ocrx_word' id='word_1_488' title='bbox 3453 1989 3504 2043; x_wconf 92' lang='lat' dir='ltr'><strong>in</strong></span> <span class='ocrx_word' id='word_1_489' title='bbox 3545 2003 3769 2045; x_wconf 85' lang='lat' dir='ltr'><strong>onmem</strong></span> 
     </span>
    </p>
   </div>
   <div class='ocr_carea' id='block_1_64' title="bbox 2169 2079 3766 2152">
    <p class='ocr_par' dir='ltr' id='par_1_64' title="bbox 2169 2079 3766 2152">
     <span class='ocr_line' id='line_1_64' title="bbox 2169 2079 3766 2152; baseline 0.002 -19"><span class='ocrx_word' id='word_1_490' title='bbox 2169 2079 2398 2134; x_wconf 74' lang='lat' dir='ltr'><strong>diliusus</strong></span> <span class='ocrx_word' id='word_1_491' title='bbox 2445 2091 2530 2136; x_wconf 91' lang='lat' dir='ltr'><strong>est</strong></span> <span class='ocrx_word' id='word_1_492' title='bbox 2558 2082 2787 2149; x_wconf 88' lang='lat' dir='ltr'><strong>orbem,</strong></span> <span class='ocrx_word' id='word_1_493' title='bbox 2831 2091 2887 2137; x_wconf 88' lang='lat' dir='ltr'><strong>ct</strong></span> <span class='ocrx_word' id='word_1_494' title='bbox 2930 2081 3421 2152; x_wconf 71' lang='lat' dir='ltr'><strong>impra&#39;sentiarum</strong></span> <span class='ocrx_word' id='word_1_495' title='bbox 3475 2083 3766 2138; x_wconf 88' lang='lat' dir='ltr'><strong>nobiscum</strong></span> 
     </span>
    </p>
   </div>
   <div class='ocr_carea' id='block_1_65' title="bbox 2169 2173 3768 2246">
    <p class='ocr_par' dir='ltr' id='par_1_65' title="bbox 2169 2173 3768 2246">
     <span class='ocr_line' id='line_1_65' title="bbox 2169 2173 3768 2246; baseline -0.001 -19"><span class='ocrx_word' id='word_1_496' title='bbox 2169 2183 2271 2239; x_wconf 89' lang='lat' dir='ltr'><strong>cst,</strong></span> <span class='ocrx_word' id='word_1_497' title='bbox 2301 2173 2456 2243; x_wconf 73' lang='lat' dir='ltr'><strong>juxta</strong></span> <span class='ocrx_word' id='word_1_498' title='bbox 2489 2174 2621 2228; x_wconf 91' lang='lat' dir='ltr'><strong>illud</strong></span> <span class='ocrx_word' id='word_1_499' title='bbox 2660 2174 2805 2245; x_wconf 87' lang='lat' dir='ltr'><strong>qttod</strong></span> <span class='ocrx_word' id='word_1_500' title='bbox 2839 2175 2891 2229; x_wconf 92' lang='lat' dir='ltr'><strong>in</strong></span> <span class='ocrx_word' id='word_1_501' title='bbox 2923 2177 3177 2246; x_wconf 87' lang='lat' dir='ltr'><strong>apos:olo</strong></span> <span class='ocrx_word' id='word_1_502' title='bbox 3207 2175 3444 2245; x_wconf 81' lang='lat' dir='ltr'><strong>legitur:</strong></span> <span class='ocrx_word' id='word_1_503' title='bbox 3469 2173 3768 2246; x_wconf 82' lang='lat' dir='ltr'><strong>Congrega-</strong></span> 
     </span>
    </p>
   </div>
   <div class='ocr_carea' id='block_1_66' title="bbox 2166 2264 3763 2339">
    <p class='ocr_par' dir='ltr' id='par_1_66' title="bbox 2166 2264 3763 2339">
     <span class='ocr_line' id='line_1_66' title="bbox 2166 2264 3763 2339; baseline -0.001 -21"><span class='ocrx_word' id='word_1_504' title='bbox 2166 2267 2233 2319; x_wconf 83' lang='lat' dir='ltr'><strong>tis</strong></span> <span class='ocrx_word' id='word_1_505' title='bbox 2263 2268 2403 2320; x_wconf 77' lang='lat' dir='ltr'><strong>vobis</strong></span> <span class='ocrx_word' id='word_1_506' title='bbox 2428 2277 2474 2320; x_wconf 89' lang='lat' dir='ltr'><strong>et</strong></span> <span class='ocrx_word' id='word_1_507' title='bbox 2500 2267 2702 2339; x_wconf 87' lang='lat' dir='ltr'><strong>Spiritu</strong></span> <span class='ocrx_word' id='word_1_508' title='bbox 2731 2283 2844 2322; x_wconf 87' lang='lat' dir='ltr'><strong>meo</strong></span> <span class='ocrx_word' id='word_1_509' title='bbox 2867 2285 2983 2321; x_wconf 86' lang='lat' dir='ltr'><strong>cum</strong></span> <span class='ocrx_word' id='word_1_510' title='bbox 3013 2268 3196 2321; x_wconf 70' lang='lat' dir='ltr'><strong>virtute</strong></span> <span class='ocrx_word' id='word_1_511' title='bbox 3216 2264 3431 2320; x_wconf 82' lang='lat' dir='ltr'><strong>Domini</strong></span> <span class='ocrx_word' id='word_1_512' title='bbox 3452 2267 3613 2319; x_wconf 82' lang='lat' dir='ltr'><strong>nostri</strong></span> <span class='ocrx_word' id='word_1_513' title='bbox 3634 2265 3763 2320; x_wconf 78' lang='lat' dir='ltr'><strong>Jesn</strong></span> 
     </span>
    </p>
   </div>
   <div class='ocr_carea' id='block_1_67' title="bbox 2166 2361 3764 2432">
    <p class='ocr_par' dir='ltr' id='par_1_67' title="bbox 2166 2361 3764 2432">
     <span class='ocr_line' id='line_1_67' title="bbox 2166 2361 3764 2432; baseline -0.002 -15"><span class='ocrx_word' id='word_1_514' title='bbox 2166 2361 2362 2417; x_wconf 79' lang='lat' dir='ltr'><strong>Christi</strong></span> <span class='ocrx_word' id='word_1_515' title='bbox 2402 2361 2447 2432; x_wconf 95' lang='lat' dir='ltr'><strong>(l</strong></span> <span class='ocrx_word' id='word_1_516' title='bbox 2478 2361 2599 2416; x_wconf 87' lang='lat' dir='ltr'><strong>Cor.</strong></span> <span class='ocrx_word' id='word_1_517' title='bbox 2630 2363 2706 2432; x_wconf 90' lang='lat' dir='ltr'><strong>v).</strong></span> <span class='ocrx_word' id='word_1_518' title='bbox 2743 2361 2928 2416; x_wconf 68' lang='lat' dir='ltr'><strong>Virtus</strong></span> <span class='ocrx_word' id='word_1_519' title='bbox 2963 2362 3177 2416; x_wconf 89' lang='lat' dir='ltr'><strong>Domini</strong></span> <span class='ocrx_word' id='word_1_520' title='bbox 3208 2361 3516 2416; x_wconf 85' lang='lat' dir='ltr'><strong>Salvatoris</strong></span> <span class='ocrx_word' id='word_1_521' title='bbox 3554 2369 3764 2415; x_wconf 89' lang='lat' dir='ltr'><strong>etcum</strong></span> 
     </span>
    </p>
   </div>
   <div class='ocr_carea' id='block_1_68' title="bbox 2168 2453 3762 2524">
    <p class='ocr_par' dir='ltr' id='par_1_68' title="bbox 2168 2453 3762 2524">
     <span class='ocr_line' id='line_1_68' title="bbox 2168 2453 3762 2524; baseline 0.001 -18"><span class='ocrx_word' id='word_1_522' title='bbox 2168 2454 2253 2510; x_wconf 88' lang='lat' dir='ltr'><strong>his</strong></span> <span class='ocrx_word' id='word_1_523' title='bbox 2282 2463 2389 2520; x_wconf 85' lang='lat' dir='ltr'><strong>est,</strong></span> <span class='ocrx_word' id='word_1_524' title='bbox 2418 2455 2510 2524; x_wconf 90' lang='lat' dir='ltr'><strong>qui</strong></span> <span class='ocrx_word' id='word_1_525' title='bbox 2542 2455 2611 2509; x_wconf 86' lang='lat' dir='ltr'><strong>ab</strong></span> <span class='ocrx_word' id='word_1_526' title='bbox 2640 2455 2772 2510; x_wconf 86' lang='lat' dir='ltr'><strong>orbe</strong></span> <span class='ocrx_word' id='word_1_527' title='bbox 2798 2465 2987 2511; x_wconf 91' lang='lat' dir='ltr'><strong>nostro</strong></span> <span class='ocrx_word' id='word_1_528' title='bbox 3020 2455 3072 2508; x_wconf 90' lang='lat' dir='ltr'><strong>in</strong></span> <span class='ocrx_word' id='word_1_529' title='bbox 3116 2455 3390 2509; x_wconf 86' lang='lat' dir='ltr'><strong>Britannia</strong></span> <span class='ocrx_word' id='word_1_530' title='bbox 3420 2453 3762 2522; x_wconf 89' lang='lat' dir='ltr'><strong>dividuntur,</strong></span> 
     </span>
    </p>
   </div>
   <div class='ocr_carea' id='block_1_69' title="bbox 2164 2548 3760 2621">
    <p class='ocr_par' dir='ltr' id='par_1_69' title="bbox 2164 2548 3760 2621">
     <span class='ocr_line' id='line_1_69' title="bbox 2164 2548 3760 2621; baseline -0.001 -16"><span class='ocrx_word' id='word_1_531' title='bbox 2164 2558 2223 2605; x_wconf 89' lang='lat' dir='ltr'><strong>et</strong></span> <span class='ocrx_word' id='word_1_532' title='bbox 2252 2565 2376 2605; x_wconf 89' lang='lat' dir='ltr'><strong>cum</strong></span> <span class='ocrx_word' id='word_1_533' title='bbox 2418 2549 2504 2604; x_wconf 88' lang='lat' dir='ltr'><strong>his</strong></span> <span class='ocrx_word' id='word_1_534' title='bbox 2552 2551 2643 2621; x_wconf 86' lang='lat' dir='ltr'><strong>qui</strong></span> <span class='ocrx_word' id='word_1_535' title='bbox 2684 2551 2736 2604; x_wconf 91' lang='lat' dir='ltr'><strong>in</strong></span> <span class='ocrx_word' id='word_1_536' title='bbox 2771 2550 3113 2615; x_wconf 75' lang='lat' dir='ltr'><strong>Mauritania,</strong></span> <span class='ocrx_word' id='word_1_537' title='bbox 3139 2559 3193 2605; x_wconf 90' lang='lat' dir='ltr'><strong>et</strong></span> <span class='ocrx_word' id='word_1_538' title='bbox 3219 2565 3342 2604; x_wconf 91' lang='lat' dir='ltr'><strong>cum</strong></span> <span class='ocrx_word' id='word_1_539' title='bbox 3373 2548 3647 2605; x_wconf 77' lang='lat' dir='ltr'><strong>universis</strong></span> <span class='ocrx_word' id='word_1_540' title='bbox 3668 2553 3760 2620; x_wconf 87' lang='lat' dir='ltr'><strong>qui</strong></span> 
     </span>
    </p>
   </div>
   <div class='ocr_carea' id='block_1_70' title="bbox 2162 2642 3762 2714">
    <p class='ocr_par' dir='ltr' id='par_1_70' title="bbox 2162 2642 3762 2714">
     <span class='ocr_line' id='line_1_70' title="bbox 2162 2642 3762 2714; baseline 0.001 -17"><span class='ocrx_word' id='word_1_541' title='bbox 2162 2644 2266 2697; x_wconf 86' lang='lat' dir='ltr'><strong>sub</strong></span> <span class='ocrx_word' id='word_1_542' title='bbox 2313 2643 2429 2698; x_wconf 87' lang='lat' dir='ltr'><strong>sole</strong></span> <span class='ocrx_word' id='word_1_543' title='bbox 2476 2643 2528 2697; x_wconf 92' lang='lat' dir='ltr'><strong>in</strong></span> <span class='ocrx_word' id='word_1_544' title='bbox 2577 2645 2800 2699; x_wconf 90' lang='lat' dir='ltr'><strong>nomine</strong></span> <span class='ocrx_word' id='word_1_545' title='bbox 2852 2644 2974 2714; x_wconf 90' lang='lat' dir='ltr'><strong>ejus</strong></span> <span class='ocrx_word' id='word_1_546' title='bbox 3022 2642 3394 2700; x_wconf 87' lang='lat' dir='ltr'><strong>crediderunt.</strong></span> <span class='ocrx_word' id='word_1_547' title='bbox 3445 2642 3578 2698; x_wconf 81' lang='lat' dir='ltr'><strong>Vide</strong></span> <span class='ocrx_word' id='word_1_548' title='bbox 3625 2657 3762 2713; x_wconf 84' lang='lat' dir='ltr'><strong>ergo</strong></span> 
     </span>
    </p>
   </div>
   <div class='ocr_carea' id='block_1_71' title="bbox 2164 2734 3754 2806">
    <p class='ocr_par' dir='ltr' id='par_1_71' title="bbox 2164 2734 3754 2806">
     <span class='ocr_line' id='line_1_71' title="bbox 2164 2734 3754 2806; baseline 0.001 -18"><span class='ocrx_word' id='word_1_549' title='bbox 2164 2734 2588 2804; x_wconf 79' lang='lat' dir='ltr'><strong>magnitudinem</strong></span> <span class='ocrx_word' id='word_1_550' title='bbox 2634 2735 2986 2802; x_wconf 86' lang='lat' dir='ltr'><strong>Salvatoris,</strong></span> <span class='ocrx_word' id='word_1_551' title='bbox 3031 2734 3308 2806; x_wconf 90' lang='lat' dir='ltr'><strong>quomodo</strong></span> <span class='ocrx_word' id='word_1_552' title='bbox 3353 2735 3405 2788; x_wconf 92' lang='lat' dir='ltr'><strong>iu</strong></span> <span class='ocrx_word' id='word_1_553' title='bbox 3453 2744 3566 2789; x_wconf 87' lang='lat' dir='ltr'><strong>toto</strong></span> <span class='ocrx_word' id='word_1_554' title='bbox 3613 2735 3754 2790; x_wconf 85' lang='lat' dir='ltr'><strong>orbe</strong></span> 
     </span>
    </p>
   </div>
   <div class='ocr_carea' id='block_1_72' title="bbox 2161 2826 3762 2897">
    <p class='ocr_par' dir='ltr' id='par_1_72' title="bbox 2161 2826 3762 2897">
     <span class='ocr_line' id='line_1_72' title="bbox 2161 2826 3762 2897; baseline 0 -17"><span class='ocrx_word' id='word_1_555' title='bbox 2161 2826 2353 2882; x_wconf 86' lang='lat' dir='ltr'><strong>dill&#39;usa</strong></span> <span class='ocrx_word' id='word_1_556' title='bbox 2387 2828 2493 2890; x_wconf 90' lang='lat' dir='ltr'><strong>sit,</strong></span> <span class='ocrx_word' id='word_1_557' title='bbox 2535 2836 2592 2881; x_wconf 90' lang='lat' dir='ltr'><strong>et</strong></span> <span class='ocrx_word' id='word_1_558' title='bbox 2616 2837 2766 2884; x_wconf 88' lang='lat' dir='ltr'><strong>certe</strong></span> <span class='ocrx_word' id='word_1_559' title='bbox 2801 2827 3030 2883; x_wconf 90' lang='lat' dir='ltr'><strong>necdum</strong></span> <span class='ocrx_word' id='word_1_560' title='bbox 3062 2827 3182 2897; x_wconf 87' lang='lat' dir='ltr'><strong>ejus</strong></span> <span class='ocrx_word' id='word_1_561' title='bbox 3211 2842 3394 2882; x_wconf 81' lang='lat' dir='ltr'><strong>veram</strong></span> <span class='ocrx_word' id='word_1_562' title='bbox 3424 2826 3762 2897; x_wconf 86' lang='lat' dir='ltr'><strong>magnitudi—</strong></span> 
     </span>
    </p>
   </div>
   <div class='ocr_carea' id='block_1_73' title="bbox 2161 2920 3761 2992">
    <p class='ocr_par' dir='ltr' id='par_1_73' title="bbox 2161 2920 3761 2992">
     <span class='ocr_line' id='line_1_73' title="bbox 2161 2920 3761 2992; baseline 0 -15"><span class='ocrx_word' id='word_1_563' title='bbox 2161 2937 2283 2977; x_wconf 91' lang='lat' dir='ltr'><strong>nem</strong></span> <span class='ocrx_word' id='word_1_564' title='bbox 2310 2920 2558 2992; x_wconf 82' lang='lat' dir='ltr'><strong>exposui.</strong></span> <span class='ocrx_word' id='word_1_565' title='bbox 2595 2921 2846 2977; x_wconf 80' lang='lat' dir='ltr'><strong>Ascende</strong></span> <span class='ocrx_word' id='word_1_566' title='bbox 2887 2923 2940 2977; x_wconf 91' lang='lat' dir='ltr'><strong>in</strong></span> <span class='ocrx_word' id='word_1_567' title='bbox 2970 2922 3170 2986; x_wconf 78' lang='lat' dir='ltr'><strong>cmlos,</strong></span> <span class='ocrx_word' id='word_1_568' title='bbox 3201 2932 3255 2978; x_wconf 93' lang='lat' dir='ltr'><strong>et</strong></span> <span class='ocrx_word' id='word_1_569' title='bbox 3281 2921 3406 2977; x_wconf 86' lang='lat' dir='ltr'><strong>vide</strong></span> <span class='ocrx_word' id='word_1_570' title='bbox 3435 2936 3581 2987; x_wconf 92' lang='lat' dir='ltr'><strong>eum,</strong></span> <span class='ocrx_word' id='word_1_571' title='bbox 3617 2936 3761 2992; x_wconf 83' lang='lat' dir='ltr'><strong>quo-</strong></span> 
     </span>
    </p>
   </div>
   <div class='ocr_carea' id='block_1_74' title="bbox 2163 3014 3758 3084">
    <p class='ocr_par' dir='ltr' id='par_1_74' title="bbox 2163 3014 3758 3084">
     <span class='ocr_line' id='line_1_74' title="bbox 2163 3014 3758 3084; baseline 0 -16"><span class='ocrx_word' id='word_1_572' title='bbox 2163 3015 2325 3068; x_wconf 91' lang='lat' dir='ltr'><strong>modo</strong></span> <span class='ocrx_word' id='word_1_573' title='bbox 2353 3015 2597 3069; x_wconf 66' lang='lat' dir='ltr'><strong>coelestia</strong></span> <span class='ocrx_word' id='word_1_574' title='bbox 2633 3015 2952 3084; x_wconf 86' lang='lat' dir='ltr'><strong>repleverit.</strong></span> <span class='ocrx_word' id='word_1_575' title='bbox 2985 3015 3255 3084; x_wconf 85' lang='lat' dir='ltr'><strong>Apparuit</strong></span> <span class='ocrx_word' id='word_1_576' title='bbox 3286 3014 3556 3083; x_wconf 84' lang='lat' dir='ltr'><strong>siquidem</strong></span> <span class='ocrx_word' id='word_1_577' title='bbox 3581 3028 3758 3083; x_wconf 87' lang='lat' dir='ltr'><strong>ange-</strong></span> 
     </span>
    </p>
   </div>
   <div class='ocr_carea' id='block_1_75' title="bbox 2162 3106 3756 3178">
    <p class='ocr_par' dir='ltr' id='par_1_75' title="bbox 2162 3106 3756 3178">
     <span class='ocr_line' id='line_1_75' title="bbox 2162 3106 3756 3178; baseline -0.001 -17"><span class='ocrx_word' id='word_1_578' title='bbox 2162 3107 2248 3161; x_wconf 90' lang='lat' dir='ltr'><strong>lis.</strong></span> <span class='ocrx_word' id='word_1_579' title='bbox 2284 3107 2562 3162; x_wconf 88' lang='lat' dir='ltr'><strong>Descende</strong></span> <span class='ocrx_word' id='word_1_580' title='bbox 2585 3109 2921 3177; x_wconf 87' lang='lat' dir='ltr'><strong>cogitatione</strong></span> <span class='ocrx_word' id='word_1_581' title='bbox 2948 3108 3000 3161; x_wconf 91' lang='lat' dir='ltr'><strong>in</strong></span> <span class='ocrx_word' id='word_1_582' title='bbox 3030 3107 3281 3178; x_wconf 84' lang='lat' dir='ltr'><strong>abyssos,</strong></span> <span class='ocrx_word' id='word_1_583' title='bbox 3314 3116 3366 3161; x_wconf 81' lang='lat' dir='ltr'><strong>ct</strong></span> <span class='ocrx_word' id='word_1_584' title='bbox 3395 3106 3605 3161; x_wconf 86' lang='lat' dir='ltr'><strong>videbis</strong></span> <span class='ocrx_word' id='word_1_585' title='bbox 3625 3121 3756 3162; x_wconf 90' lang='lat' dir='ltr'><strong>eum</strong></span> 
     </span>
    </p>
   </div>
   <div class='ocr_carea' id='block_1_76' title="bbox 2160 3198 3761 3269">
    <p class='ocr_par' dir='ltr' id='par_1_76' title="bbox 2160 3198 3761 3269">
     <span class='ocr_line' id='line_1_76' title="bbox 2160 3198 3761 3269; baseline -0.001 -15"><span class='ocrx_word' id='word_1_586' title='bbox 2160 3201 2322 3254; x_wconf 89' lang='lat' dir='ltr'><strong>ctiam</strong></span> <span class='ocrx_word' id='word_1_587' title='bbox 2355 3199 2480 3253; x_wconf 91' lang='lat' dir='ltr'><strong>illuc</strong></span> <span class='ocrx_word' id='word_1_588' title='bbox 2510 3198 2887 3256; x_wconf 89' lang='lat' dir='ltr'><strong>descendisse.</strong></span> <span class='ocrx_word' id='word_1_589' title='bbox 2930 3200 3032 3266; x_wconf 82' lang='lat' dir='ltr'><strong>Qui</strong></span> <span class='ocrx_word' id='word_1_590' title='bbox 3063 3200 3197 3253; x_wconf 87' lang='lat' dir='ltr'><strong>enim</strong></span> <span class='ocrx_word' id='word_1_591' title='bbox 3225 3199 3509 3263; x_wconf 73' lang='lat' dir='ltr'><strong>descendit,</strong></span> <span class='ocrx_word' id='word_1_592' title='bbox 3542 3200 3651 3269; x_wconf 82' lang='lat' dir='ltr'><strong>ipse</strong></span> <span class='ocrx_word' id='word_1_593' title='bbox 3677 3208 3761 3253; x_wconf 74' lang='lat' dir='ltr'><strong>est</strong></span> 
     </span>
    </p>
   </div>
   <div class='ocr_carea' id='block_1_77' title="bbox 2156 3291 3760 3364">
    <p class='ocr_par' dir='ltr' id='par_1_77' title="bbox 2156 3291 3760 3364">
     <span class='ocr_line' id='line_1_77' title="bbox 2156 3291 3760 3364; baseline 0 -17"><span class='ocrx_word' id='word_1_594' title='bbox 2156 3303 2204 3347; x_wconf 87' lang='lat' dir='ltr'><strong>et</strong></span> <span class='ocrx_word' id='word_1_595' title='bbox 2230 3293 2320 3364; x_wconf 85' lang='lat' dir='ltr'><strong>qui</strong></span> <span class='ocrx_word' id='word_1_596' title='bbox 2349 3294 2603 3354; x_wconf 74' lang='lat' dir='ltr'><strong>ascendit,</strong></span> <span class='ocrx_word' id='word_1_597' title='bbox 2644 3306 2698 3346; x_wconf 89' lang='lat' dir='ltr'><strong>ut</strong></span> <span class='ocrx_word' id='word_1_598' title='bbox 2725 3293 2963 3361; x_wconf 84' lang='lat' dir='ltr'><strong>impleret</strong></span> <span class='ocrx_word' id='word_1_599' title='bbox 3002 3293 3196 3357; x_wconf 88' lang='lat' dir='ltr'><strong>omnia,</strong></span> <span class='ocrx_word' id='word_1_600' title='bbox 3234 3303 3287 3345; x_wconf 89' lang='lat' dir='ltr'><strong>ut</strong></span> <span class='ocrx_word' id='word_1_601' title='bbox 3313 3293 3368 3346; x_wconf 90' lang='lat' dir='ltr'><strong>in</strong></span> <span class='ocrx_word' id='word_1_602' title='bbox 3395 3293 3599 3346; x_wconf 87' lang='lat' dir='ltr'><strong>nomine</strong></span> <span class='ocrx_word' id='word_1_603' title='bbox 3622 3291 3760 3347; x_wconf 74' lang='lat' dir='ltr'><strong>Iesu</strong></span> 
     </span>
    </p>
   </div>
   <div class='ocr_carea' id='block_1_78' title="bbox 2156 3387 3758 3460">
    <p class='ocr_par' dir='ltr' id='par_1_78' title="bbox 2156 3387 3758 3460">
     <span class='ocr_line' id='line_1_78' title="bbox 2156 3387 3758 3460; baseline 0 -19"><span class='ocrx_word' id='word_1_604' title='bbox 2156 3405 2303 3442; x_wconf 83' lang='lat' dir='ltr'><strong>autne</strong></span> <span class='ocrx_word' id='word_1_605' title='bbox 2343 3405 2475 3460; x_wconf 85' lang='lat' dir='ltr'><strong>genu</strong></span> <span class='ocrx_word' id='word_1_606' title='bbox 2511 3389 2770 3458; x_wconf 82' lang='lat' dir='ltr'><strong>ﬂectatur.</strong></span> <span class='ocrx_word' id='word_1_607' title='bbox 2796 3389 3102 3454; x_wconf 73' lang='lat' dir='ltr'><strong>caelestium,</strong></span> <span class='ocrx_word' id='word_1_608' title='bbox 3137 3388 3476 3450; x_wconf 87' lang='lat' dir='ltr'><strong>terrestrium,</strong></span> <span class='ocrx_word' id='word_1_609' title='bbox 3518 3396 3562 3440; x_wconf 90' lang='lat' dir='ltr'><strong>et</strong></span> <span class='ocrx_word' id='word_1_610' title='bbox 3591 3387 3758 3456; x_wconf 81' lang='lat' dir='ltr'><strong>infer-</strong></span> 
     </span>
    </p>
   </div>
   <div class='ocr_carea' id='block_1_79' title="bbox 2154 3479 3758 3553">
    <p class='ocr_par' dir='ltr' id='par_1_79' title="bbox 2154 3479 3758 3553">
     <span class='ocr_line' id='line_1_79' title="bbox 2154 3479 3758 3553; baseline 0.001 -19"><span class='ocrx_word' id='word_1_611' title='bbox 2154 3499 2337 3536; x_wconf 88' lang='lat' dir='ltr'><strong>norum</strong></span> <span class='ocrx_word' id='word_1_612' title='bbox 2368 3479 2702 3553; x_wconf 81' lang='lat' dir='ltr'><strong>(Epltes.iv).</strong></span> <span class='ocrx_word' id='word_1_613' title='bbox 2732 3480 3035 3536; x_wconf 88' lang='lat' dir='ltr'><strong>Considera</strong></span> <span class='ocrx_word' id='word_1_614' title='bbox 3065 3482 3325 3535; x_wconf 83' lang='lat' dir='ltr'><strong>virtutem</strong></span> <span class='ocrx_word' id='word_1_615' title='bbox 3350 3479 3758 3548; x_wconf 81' lang='lat' dir='ltr'><strong>Domini,un</strong></span> 
     </span>
    </p>
   </div>
   <div class='ocr_carea' id='block_1_80' title="bbox 2153 3576 3759 3645">
    <p class='ocr_par' dir='ltr' id='par_1_80' title="bbox 2153 3576 3759 3645">
     <span class='ocr_line' id='line_1_80' title="bbox 2153 3576 3759 3645; baseline -0.001 -14"><span class='ocrx_word' id='word_1_616' title='bbox 2153 3577 2460 3645; x_wconf 87' lang='lat' dir='ltr'><strong>impleverit</strong></span> <span class='ocrx_word' id='word_1_617' title='bbox 2494 3577 2778 3642; x_wconf 87' lang='lat' dir='ltr'><strong>mundum,</strong></span> <span class='ocrx_word' id='word_1_618' title='bbox 2813 3577 2865 3630; x_wconf 85' lang='lat' dir='ltr'><strong>id</strong></span> <span class='ocrx_word' id='word_1_619' title='bbox 2905 3584 3012 3642; x_wconf 88' lang='lat' dir='ltr'><strong>est,</strong></span> <span class='ocrx_word' id='word_1_620' title='bbox 3051 3576 3322 3642; x_wconf 74' lang='lat' dir='ltr'><strong>cmlestia,</strong></span> <span class='ocrx_word' id='word_1_621' title='bbox 3358 3577 3666 3640; x_wconf 82' lang='lat' dir='ltr'><strong>terrestria,</strong></span> <span class='ocrx_word' id='word_1_622' title='bbox 3698 3585 3759 3632; x_wconf 90' lang='lat' dir='ltr'><strong>et</strong></span> 
     </span>
    </p>
   </div>
   <div class='ocr_carea' id='block_1_81' title="bbox 2156 3669 3760 3742">
    <p class='ocr_par' dir='ltr' id='par_1_81' title="bbox 2156 3669 3760 3742">
     <span class='ocr_line' id='line_1_81' title="bbox 2156 3669 3760 3742; baseline 0 -18"><span class='ocrx_word' id='word_1_623' title='bbox 2156 3670 2468 3736; x_wconf 88' lang='lat' dir='ltr'><strong>inlernalia,</strong></span> <span class='ocrx_word' id='word_1_624' title='bbox 2499 3669 2775 3742; x_wconf 89' lang='lat' dir='ltr'><strong>quomodo</strong></span> <span class='ocrx_word' id='word_1_625' title='bbox 2804 3679 2857 3724; x_wconf 90' lang='lat' dir='ltr'><strong>et</strong></span> <span class='ocrx_word' id='word_1_626' title='bbox 2887 3670 3091 3725; x_wconf 68' lang='lat' dir='ltr'><strong>coelum</strong></span> <span class='ocrx_word' id='word_1_627' title='bbox 3125 3670 3302 3740; x_wconf 89' lang='lat' dir='ltr'><strong>ipsum</strong></span> <span class='ocrx_word' id='word_1_628' title='bbox 3334 3669 3664 3740; x_wconf 79' lang='lat' dir='ltr'><strong>penetravit,</strong></span> <span class='ocrx_word' id='word_1_629' title='bbox 3697 3679 3760 3726; x_wconf 89' lang='lat' dir='ltr'><strong>et</strong></span> 
     </span>
    </p>
   </div>
   <div class='ocr_carea' id='block_1_82' title="bbox 2155 3761 3758 3833">
    <p class='ocr_par' dir='ltr' id='par_1_82' title="bbox 2155 3761 3758 3833">
     <span class='ocr_line' id='line_1_82' title="bbox 2155 3761 3758 3833; baseline 0 -17"><span class='ocrx_word' id='word_1_630' title='bbox 2155 3765 2205 3816; x_wconf 90' lang='lat' dir='ltr'><strong>in</strong></span> <span class='ocrx_word' id='word_1_631' title='bbox 2257 3779 2495 3833; x_wconf 89' lang='lat' dir='ltr'><strong>superna</strong></span> <span class='ocrx_word' id='word_1_632' title='bbox 2544 3763 2874 3819; x_wconf 89' lang='lat' dir='ltr'><strong>ascenderit.</strong></span> <span class='ocrx_word' id='word_1_633' title='bbox 2925 3763 3182 3832; x_wconf 78' lang='lat' dir='ltr'><strong>Legimus</strong></span> <span class='ocrx_word' id='word_1_634' title='bbox 3231 3761 3577 3832; x_wconf 79' lang='lat' dir='ltr'><strong>enim,un</strong></span> <span class='ocrx_word' id='word_1_635' title='bbox 3626 3777 3758 3830; x_wconf 83' lang='lat' dir='ltr'><strong>per-</strong></span> 
     </span>
    </p>
   </div>
   <div class='ocr_carea' id='block_1_83' title="bbox 2154 3855 3757 3928">
    <p class='ocr_par' dir='ltr' id='par_1_83' title="bbox 2154 3855 3757 3928">
     <span class='ocr_line' id='line_1_83' title="bbox 2154 3855 3757 3928; baseline -0.002 -13"><span class='ocrx_word' id='word_1_636' title='bbox 2154 3861 2428 3915; x_wconf 88' lang='lat' dir='ltr'><strong>transierit</strong></span> <span class='ocrx_word' id='word_1_637' title='bbox 2461 3859 2632 3914; x_wconf 74' lang='lat' dir='ltr'><strong>cmlos</strong></span> <span class='ocrx_word' id='word_1_638' title='bbox 2663 3859 2838 3914; x_wconf 87' lang='lat' dir='ltr'><strong>Filius</strong></span> <span class='ocrx_word' id='word_1_639' title='bbox 2872 3859 2965 3913; x_wconf 89' lang='lat' dir='ltr'><strong>Dei</strong></span> <span class='ocrx_word' id='word_1_640' title='bbox 2999 3857 3189 3928; x_wconf 81' lang='lat' dir='ltr'><strong>(Hebr.</strong></span> <span class='ocrx_word' id='word_1_641' title='bbox 3224 3856 3328 3926; x_wconf 85' lang='lat' dir='ltr'><strong>tv).</strong></span> <span class='ocrx_word' id='word_1_642' title='bbox 3362 3855 3420 3913; x_wconf 88' lang='lat' dir='ltr'><strong>Si</strong></span> <span class='ocrx_word' id='word_1_643' title='bbox 3457 3857 3571 3911; x_wconf 61' lang='lat' dir='ltr'><strong>hinc</strong></span> <span class='ocrx_word' id='word_1_644' title='bbox 3596 3855 3757 3912; x_wconf 77' lang='lat' dir='ltr'><strong>vide-</strong></span> 
     </span>
    </p>
   </div>
   <div class='ocr_carea' id='block_1_84' title="bbox 2152 3950 3754 4025">
    <p class='ocr_par' dir='ltr' id='par_1_84' title="bbox 2152 3950 3754 4025">
     <span class='ocr_line' id='line_1_84' title="bbox 2152 3950 3754 4025; baseline -0.004 -15"><span class='ocrx_word' id='word_1_645' title='bbox 2152 3957 2248 4020; x_wconf 87' lang='lat' dir='ltr'><strong>ris,</strong></span> <span class='ocrx_word' id='word_1_646' title='bbox 2286 3955 2488 4025; x_wconf 88' lang='lat' dir='ltr'><strong>pariter</strong></span> <span class='ocrx_word' id='word_1_647' title='bbox 2521 3953 2821 4010; x_wconf 85' lang='lat' dir='ltr'><strong>intueberis</strong></span> <span class='ocrx_word' id='word_1_648' title='bbox 2859 3969 2967 4009; x_wconf 93' lang='lat' dir='ltr'><strong>non</strong></span> <span class='ocrx_word' id='word_1_649' title='bbox 2997 3952 3314 4008; x_wconf 88' lang='lat' dir='ltr'><strong>transitorie</strong></span> <span class='ocrx_word' id='word_1_650' title='bbox 3351 3951 3554 4007; x_wconf 90' lang='lat' dir='ltr'><strong>dictum</strong></span> <span class='ocrx_word' id='word_1_651' title='bbox 3582 3969 3596 4004; x_wconf 89' lang='lat'><strong>:</strong></span> <span class='ocrx_word' id='word_1_652' title='bbox 3626 3950 3754 4005; x_wconf 80' lang='lat' dir='ltr'><strong>Ma-</strong></span> 
     </span>
    </p>
   </div>
   <div class='ocr_carea' id='block_1_85' title="bbox 2151 4045 3758 4120">
    <p class='ocr_par' dir='ltr' id='par_1_85' title="bbox 2151 4045 3758 4120">
     <span class='ocr_line' id='line_1_85' title="bbox 2151 4045 3758 4120; baseline -0.001 -18"><span class='ocrx_word' id='word_1_653' title='bbox 2151 4066 2283 4120; x_wconf 81' lang='lat' dir='ltr'><strong>gnus</strong></span> <span class='ocrx_word' id='word_1_654' title='bbox 2325 4050 2453 4114; x_wconf 82' lang='lat' dir='ltr'><strong>crit;</strong></span> <span class='ocrx_word' id='word_1_655' title='bbox 2483 4048 2578 4104; x_wconf 90' lang='lat' dir='ltr'><strong>sed</strong></span> <span class='ocrx_word' id='word_1_656' title='bbox 2627 4050 2850 4103; x_wconf 80' lang='lat' dir='ltr'><strong>verbum</strong></span> <span class='ocrx_word' id='word_1_657' title='bbox 2897 4063 3064 4118; x_wconf 86' lang='lat' dir='ltr'><strong>opere</strong></span> <span class='ocrx_word' id='word_1_658' title='bbox 3113 4047 3467 4117; x_wconf 89' lang='lat' dir='ltr'><strong>completum.</strong></span> <span class='ocrx_word' id='word_1_659' title='bbox 3526 4045 3758 4116; x_wconf 80' lang='lat' dir='ltr'><strong>Magnus</strong></span> 
     </span>
    </p>
   </div>
   <div class='ocr_carea' id='block_1_86' title="bbox 2149 4140 3750 4212">
    <p class='ocr_par' dir='ltr' id='par_1_86' title="bbox 2149 4140 3750 4212">
     <span class='ocr_line' id='line_1_86' title="bbox 2149 4140 3750 4212; baseline -0.002 -14"><span class='ocrx_word' id='word_1_660' title='bbox 2149 4152 2234 4198; x_wconf 88' lang='lat' dir='ltr'><strong>est</strong></span> <span class='ocrx_word' id='word_1_661' title='bbox 2272 4141 2532 4198; x_wconf 89' lang='lat' dir='ltr'><strong>Dominus</strong></span> <span class='ocrx_word' id='word_1_662' title='bbox 2578 4152 2767 4197; x_wconf 87' lang='lat' dir='ltr'><strong>noster</strong></span> <span class='ocrx_word' id='word_1_663' title='bbox 2803 4141 2986 4205; x_wconf 83' lang='lat' dir='ltr'><strong>Jesus,</strong></span> <span class='ocrx_word' id='word_1_664' title='bbox 3029 4148 3084 4195; x_wconf 91' lang='lat' dir='ltr'><strong>et</strong></span> <span class='ocrx_word' id='word_1_665' title='bbox 3123 4155 3386 4212; x_wconf 59' lang='lat' dir='ltr'><strong>praesens,</strong></span> <span class='ocrx_word' id='word_1_666' title='bbox 3427 4151 3480 4194; x_wconf 90' lang='lat' dir='ltr'><strong>et</strong></span> <span class='ocrx_word' id='word_1_667' title='bbox 3519 4140 3750 4206; x_wconf 89' lang='lat' dir='ltr'><strong>absens,</strong></span> 
     </span>
    </p>
   </div>
   <div class='ocr_carea' id='block_1_87' title="bbox 2151 4233 3754 4306">
    <p class='ocr_par' dir='ltr' id='par_1_87' title="bbox 2151 4233 3754 4306">
     <span class='ocr_line' id='line_1_87' title="bbox 2151 4233 3754 4306; baseline -0.001 -16"><span class='ocrx_word' id='word_1_668' title='bbox 2151 4236 2452 4306; x_wconf 81' lang='lat' dir='ltr'><strong>tribuitque</strong></span> <span class='ocrx_word' id='word_1_669' title='bbox 2494 4237 2832 4292; x_wconf 88' lang='lat' dir='ltr'><strong>consortium</strong></span> <span class='ocrx_word' id='word_1_670' title='bbox 2882 4235 3218 4290; x_wconf 79' lang='lat' dir='ltr'><strong>fortitudinis</strong></span> <span class='ocrx_word' id='word_1_671' title='bbox 3256 4251 3368 4289; x_wconf 74' lang='lat' dir='ltr'><strong>suae</strong></span> <span class='ocrx_word' id='word_1_672' title='bbox 3406 4233 3530 4289; x_wconf 87' lang='lat' dir='ltr'><strong>huic</strong></span> <span class='ocrx_word' id='word_1_673' title='bbox 3575 4234 3754 4288; x_wconf 73' lang='grc' dir='ltr'><strong>οωῑυί</strong></span> 
     </span>
    </p>
   </div>
   <div class='ocr_carea' id='block_1_88' title="bbox 2151 4328 3754 4402">
    <p class='ocr_par' dir='ltr' id='par_1_88' title="bbox 2151 4328 3754 4402">
     <span class='ocr_line' id='line_1_88' title="bbox 2151 4328 3754 4402; baseline -0.002 -18"><span class='ocrx_word' id='word_1_674' title='bbox 2151 4342 2337 4386; x_wconf 89' lang='lat' dir='ltr'><strong>nostro</strong></span> <span class='ocrx_word' id='word_1_675' title='bbox 2353 4338 2515 4402; x_wconf 89' lang='lat' dir='ltr'><strong>atque</strong></span> <span class='ocrx_word' id='word_1_676' title='bbox 2531 4331 2850 4386; x_wconf 88' lang='lat' dir='ltr'><strong>conventui:</strong></span> <span class='ocrx_word' id='word_1_677' title='bbox 2878 4329 3017 4400; x_wconf 89' lang='lat' dir='ltr'><strong>quod</strong></span> <span class='ocrx_word' id='word_1_678' title='bbox 3041 4339 3094 4383; x_wconf 91' lang='lat' dir='ltr'><strong>ut</strong></span> <span class='ocrx_word' id='word_1_679' title='bbox 3114 4340 3168 4382; x_wconf 91' lang='lat' dir='ltr'><strong>et</strong></span> <span class='ocrx_word' id='word_1_680' title='bbox 3205 4328 3397 4400; x_wconf 83' lang='lat' dir='ltr'><strong>singuli</strong></span> <span class='ocrx_word' id='word_1_681' title='bbox 3433 4342 3754 4382; x_wconf 88' lang='lat' dir='ltr'><strong>mereamur</strong></span> 
     </span>
    </p>
   </div>
   <div class='ocr_carea' id='block_1_89' title="bbox 2149 4423 3755 4495">
    <p class='ocr_par' dir='ltr' id='par_1_89' title="bbox 2149 4423 3755 4495">
     <span class='ocr_line' id='line_1_89' title="bbox 2149 4423 3755 4495; baseline -0.002 -16"><span class='ocrx_word' id='word_1_682' title='bbox 2149 4427 2416 4495; x_wconf 86' lang='lat' dir='ltr'><strong>accipere,</strong></span> <span class='ocrx_word' id='word_1_683' title='bbox 2449 4424 2808 4494; x_wconf 85' lang='lat' dir='ltr'><strong>deprecemur</strong></span> <span class='ocrx_word' id='word_1_684' title='bbox 2836 4424 3130 4479; x_wconf 90' lang='lat' dir='ltr'><strong>Dominum</strong></span> <span class='ocrx_word' id='word_1_685' title='bbox 3162 4423 3356 4483; x_wconf 88' lang='lat' dir='ltr'><strong>Deum.</strong></span> <span class='ocrx_word' id='word_1_686' title='bbox 3389 4427 3475 4477; x_wconf 91' lang='lat' dir='ltr'><strong>cui</strong></span> <span class='ocrx_word' id='word_1_687' title='bbox 3515 4432 3601 4478; x_wconf 88' lang='lat' dir='ltr'><strong>est</strong></span> <span class='ocrx_word' id='word_1_688' title='bbox 3626 4423 3755 4492; x_wconf 77' lang='lat' dir='ltr'><strong>glo-</strong></span> 
     </span>
    </p>
   </div>
   <div class='ocr_carea' id='block_1_90' title="bbox 442 4506 3536 4603">
    <p class='ocr_par' dir='ltr' id='par_1_90' title="bbox 442 4506 3536 4603">
     <span class='ocr_line' id='line_1_90' title="bbox 442 4506 3536 4603; baseline 0.001 -39"><span class='ocrx_word' id='word_1_689' title='bbox 442 4511 544 4576; x_wconf 84' lang='lat' dir='ltr'><strong>vit,</strong></span> <span class='ocrx_word' id='word_1_690' title='bbox 579 4524 743 4580; x_wconf 87' lang='lat' dir='ltr'><strong>quem</strong></span> <span class='ocrx_word' id='word_1_691' title='bbox 793 4507 845 4561; x_wconf 89' lang='lat' dir='ltr'><strong>itt</strong></span> <span class='ocrx_word' id='word_1_692' title='bbox 881 4509 1043 4603; x_wconf 31' lang='lat' dir='ltr'><strong>omni.</strong></span> <span class='ocrx_word' id='word_1_693' title='bbox 1079 4506 1362 4578; x_wconf 85' lang='lat' dir='ltr'><strong>Scriptura</strong></span> <span class='ocrx_word' id='word_1_694' title='bbox 1415 4509 1663 4566; x_wconf 83' lang='lat' dir='ltr'><strong>invenire</strong></span> <span class='ocrx_word' id='word_1_695' title='bbox 1718 4527 1826 4568; x_wconf 90' lang='lat' dir='ltr'><strong>non</strong></span> <span class='ocrx_word' id='word_1_696' title='bbox 1865 4513 2038 4584; x_wconf 85' lang='lat' dir='ltr'><strong>potui,</strong></span> <span class='ocrx_word' id='word_1_697' title='bbox 2075 4543 2120 4603; x_wconf 70' lang='grc' dir='ltr'><strong>Ι)</strong></span> <span class='ocrx_word' id='word_1_698' title='bbox 2148 4521 2229 4577; x_wconf 80' lang='lat' dir='ltr'><strong>ria</strong></span> <span class='ocrx_word' id='word_1_699' title='bbox 2255 4531 2309 4576; x_wconf 86' lang='lat' dir='ltr'><strong>et</strong></span> <span class='ocrx_word' id='word_1_700' title='bbox 2335 4520 2622 4590; x_wconf 85' lang='lat' dir='ltr'><strong>imperium</strong></span> <span class='ocrx_word' id='word_1_701' title='bbox 2652 4520 2706 4574; x_wconf 90' lang='lat' dir='ltr'><strong>in</strong></span> <span class='ocrx_word' id='word_1_702' title='bbox 2732 4519 2935 4574; x_wconf 61' lang='lat' dir='ltr'><strong>saecula</strong></span> <span class='ocrx_word' id='word_1_703' title='bbox 2957 4519 3308 4582; x_wconf 60' lang='lat' dir='ltr'><strong>saeculorum,</strong></span> <span class='ocrx_word' id='word_1_704' title='bbox 3343 4520 3536 4573; x_wconf 80' lang='lat' dir='ltr'><strong>Amen.</strong></span> 
     </span>
    </p>
   </div>
   <div class='ocr_carea' id='block_1_91' title="bbox 439 4597 2034 4675">
    <p class='ocr_par' dir='ltr' id='par_1_91' title="bbox 439 4597 2034 4675">
     <span class='ocr_line' id='line_1_91' title="bbox 439 4597 2034 4675; baseline 0.003 -19"><span class='ocrx_word' id='word_1_705' title='bbox 439 4611 494 4656; x_wconf 88' lang='lat' dir='ltr'><strong>et</strong></span> <span class='ocrx_word' id='word_1_706' title='bbox 532 4600 602 4655; x_wconf 88' lang='lat' dir='ltr'><strong>de</strong></span> <span class='ocrx_word' id='word_1_707' title='bbox 641 4599 744 4654; x_wconf 84' lang='lat' dir='ltr'><strong>hoc</strong></span> <span class='ocrx_word' id='word_1_708' title='bbox 787 4613 952 4668; x_wconf 86' lang='lat' dir='ltr'><strong>pauca</strong></span> <span class='ocrx_word' id='word_1_709' title='bbox 993 4597 1223 4654; x_wconf 88' lang='lat' dir='ltr'><strong>dicenda</strong></span> <span class='ocrx_word' id='word_1_710' title='bbox 1265 4609 1410 4655; x_wconf 89' lang='lat' dir='ltr'><strong>sunt.</strong></span> <span class='ocrx_word' id='word_1_711' title='bbox 1456 4600 1509 4656; x_wconf 87' lang='lat' dir='ltr'><strong>Id</strong></span> <span class='ocrx_word' id='word_1_712' title='bbox 1551 4602 1695 4658; x_wconf 89' lang='lat' dir='ltr'><strong>enim</strong></span> <span class='ocrx_word' id='word_1_713' title='bbox 1735 4606 1878 4675; x_wconf 85' lang='lat' dir='ltr'><strong>quod</strong></span> <span class='ocrx_word' id='word_1_714' title='bbox 1919 4607 2034 4662; x_wconf 86' lang='lat' dir='ltr'><strong>ait:</strong></span> 
     </span>
    </p>
   </div>
   <div class='ocr_carea' id='block_1_92' title="bbox 441 4689 2038 4779">
    <p class='ocr_par' dir='ltr' id='par_1_92' title="bbox 441 4689 2038 4779">
     <span class='ocr_line' id='line_1_92' title="bbox 441 4689 2038 4779; baseline 0.004 -30"><span class='ocrx_word' id='word_1_715' title='bbox 441 4694 568 4759; x_wconf 77' lang='lat' dir='ltr'><strong>Ave,</strong></span> <span class='ocrx_word' id='word_1_716' title='bbox 595 4691 765 4762; x_wconf 83' lang='lat' dir='ltr'><strong>gratia</strong></span> <span class='ocrx_word' id='word_1_717' title='bbox 814 4689 990 4760; x_wconf 89' lang='lat' dir='ltr'><strong>plena,</strong></span> <span class='ocrx_word' id='word_1_718' title='bbox 1032 4691 1175 4762; x_wconf 90' lang='lat' dir='ltr'><strong>quod</strong></span> <span class='ocrx_word' id='word_1_719' title='bbox 1203 4701 1227 4728; x_wconf 79' lang='grc' dir='ltr'><strong>ιι</strong></span> <span class='ocrx_word' id='word_1_720' title='bbox 1255 4691 1445 4750; x_wconf 73' lang='lat' dir='ltr'><strong>Grmce</strong></span> <span class='ocrx_word' id='word_1_721' title='bbox 1497 4694 1715 4765; x_wconf 90' lang='lat' dir='ltr'><strong>dicitur,</strong></span> <span class='ocrx_word' id='word_1_722' title='bbox 1748 4720 2038 4779; x_wconf 82' lang='grc' dir='ltr'><strong>κεχαριτω-</strong></span> 
     </span>
    </p>
   </div>
   <div class='ocr_carea' id='block_1_93' title="bbox 439 4782 2034 4862">
    <p class='ocr_par' dir='ltr' id='par_1_93' title="bbox 439 4782 2034 4862">
     <span class='ocr_line' id='line_1_93' title="bbox 439 4782 2034 4862; baseline 0.006 -21"><span class='ocrx_word' id='word_1_723' title='bbox 439 4789 586 4860; x_wconf 76' lang='grc' dir='ltr'><strong>μένη,</strong></span> <span class='ocrx_word' id='word_1_724' title='bbox 617 4783 708 4839; x_wconf 90' lang='lat' dir='ltr'><strong>ubi</strong></span> <span class='ocrx_word' id='word_1_725' title='bbox 743 4784 794 4838; x_wconf 91' lang='lat' dir='ltr'><strong>in</strong></span> <span class='ocrx_word' id='word_1_726' title='bbox 835 4782 1133 4854; x_wconf 88' lang='lat' dir='ltr'><strong>Scripturis</strong></span> <span class='ocrx_word' id='word_1_727' title='bbox 1185 4785 1311 4841; x_wconf 90' lang='lat' dir='ltr'><strong>alibi</strong></span> <span class='ocrx_word' id='word_1_728' title='bbox 1351 4786 1575 4858; x_wconf 88' lang='lat' dir='ltr'><strong>legerim</strong></span> <span class='ocrx_word' id='word_1_729' title='bbox 1616 4807 1720 4845; x_wconf 92' lang='lat' dir='ltr'><strong>non</strong></span> <span class='ocrx_word' id='word_1_730' title='bbox 1749 4794 2034 4862; x_wconf 84' lang='lat' dir='ltr'><strong>recordor;</strong></span> 
     </span>
    </p>
   </div>
   <div class='ocr_carea' id='block_1_94' title="bbox 438 4874 2035 4955">
    <p class='ocr_par' dir='ltr' id='par_1_94' title="bbox 438 4874 2035 4955">
     <span class='ocr_line' id='line_1_94' title="bbox 438 4874 2035 4955; baseline 0.006 -21"><span class='ocrx_word' id='word_1_731' title='bbox 438 4877 535 4934; x_wconf 81' lang='lat' dir='ltr'><strong>sed</strong></span> <span class='ocrx_word' id='word_1_732' title='bbox 579 4891 758 4946; x_wconf 87' lang='lat' dir='ltr'><strong>neque</strong></span> <span class='ocrx_word' id='word_1_733' title='bbox 797 4874 866 4930; x_wconf 85' lang='lat' dir='ltr'><strong>ad</strong></span> <span class='ocrx_word' id='word_1_734' title='bbox 905 4876 1081 4930; x_wconf 91' lang='lat' dir='ltr'><strong>virum</strong></span> <span class='ocrx_word' id='word_1_735' title='bbox 1124 4876 1434 4936; x_wconf 87' lang='lat' dir='ltr'><strong>istiusmodi</strong></span> <span class='ocrx_word' id='word_1_736' title='bbox 1475 4897 1656 4939; x_wconf 89' lang='lat' dir='ltr'><strong>sermo</strong></span> <span class='ocrx_word' id='word_1_737' title='bbox 1693 4895 1808 4953; x_wconf 87' lang='lat' dir='ltr'><strong>est,</strong></span> <span class='ocrx_word' id='word_1_738' title='bbox 1860 4886 2035 4955; x_wconf 87' lang='lat' dir='ltr'><strong>Salve,</strong></span> 
     </span>
    </p>
   </div>
   <div class='ocr_carea' id='block_1_95' title="bbox 435 4967 2034 5043">
    <p class='ocr_par' dir='ltr' id='par_1_95' title="bbox 435 4967 2034 5043">
     <span class='ocr_line' id='line_1_95' title="bbox 435 4967 2034 5043; baseline 0.008 -19"><span class='ocrx_word' id='word_1_739' title='bbox 435 4971 608 5043; x_wconf 84' lang='lat' dir='ltr'><strong>gratia</strong></span> <span class='ocrx_word' id='word_1_740' title='bbox 638 4968 815 5041; x_wconf 86' lang='lat' dir='ltr'><strong>plena.</strong></span> <span class='ocrx_word' id='word_1_741' title='bbox 850 4967 965 5025; x_wconf 87' lang='lat' dir='ltr'><strong>Soli</strong></span> <span class='ocrx_word' id='word_1_742' title='bbox 994 4967 1174 5025; x_wconf 66' lang='lat' dir='ltr'><strong>Mariae</strong></span> <span class='ocrx_word' id='word_1_743' title='bbox 1215 4970 1332 5026; x_wconf 74' lang='lat' dir='ltr'><strong>litec</strong></span> <span class='ocrx_word' id='word_1_744' title='bbox 1371 4973 1628 5030; x_wconf 83' lang='lat' dir='ltr'><strong>salutatio</strong></span> <span class='ocrx_word' id='word_1_745' title='bbox 1671 4989 1939 5034; x_wconf 82' lang='lat' dir='ltr'><strong>servatur.</strong></span> <span class='ocrx_word' id='word_1_746' title='bbox 1977 4980 2034 5036; x_wconf 92' lang='lat' dir='ltr'><strong>Si</strong></span> 
     </span>
    </p>
   </div>
   <div class='ocr_carea' id='block_1_96' title="bbox 434 5059 2032 5140">
    <p class='ocr_par' dir='ltr' id='par_1_96' title="bbox 434 5059 2032 5140">
     <span class='ocr_line' id='line_1_96' title="bbox 434 5059 2032 5140; baseline 0.006 -21"><span class='ocrx_word' id='word_1_747' title='bbox 434 5061 582 5120; x_wconf 76' lang='lat' dir='ltr'><strong>enim</strong></span> <span class='ocrx_word' id='word_1_748' title='bbox 624 5062 820 5117; x_wconf 87' lang='lat' dir='ltr'><strong>scisset</strong></span> <span class='ocrx_word' id='word_1_749' title='bbox 846 5059 1009 5115; x_wconf 85' lang='lat' dir='ltr'><strong>Maria</strong></span> <span class='ocrx_word' id='word_1_750' title='bbox 1051 5073 1104 5118; x_wconf 90' lang='lat' dir='ltr'><strong>et</strong></span> <span class='ocrx_word' id='word_1_751' title='bbox 1145 5063 1212 5118; x_wconf 84' lang='lat' dir='ltr'><strong>ad</strong></span> <span class='ocrx_word' id='word_1_752' title='bbox 1251 5065 1418 5120; x_wconf 88' lang='lat' dir='ltr'><strong>alium</strong></span> <span class='ocrx_word' id='word_1_753' title='bbox 1448 5074 1759 5140; x_wconf 86' lang='lat' dir='ltr'><strong>quempiam</strong></span> <span class='ocrx_word' id='word_1_754' title='bbox 1798 5073 2032 5131; x_wconf 88' lang='lat' dir='ltr'><strong>similem</strong></span> 
     </span>
    </p>
   </div>
   <div class='ocr_carea' id='block_1_97' title="bbox 436 5156 2036 5237">
    <p class='ocr_par' dir='ltr' id='par_1_97' title="bbox 436 5156 2036 5237">
     <span class='ocr_line' id='line_1_97' title="bbox 436 5156 2036 5237; baseline 0.009 -25"><span class='ocrx_word' id='word_1_755' title='bbox 436 5156 640 5213; x_wconf 79' lang='lat' dir='ltr'><strong>factum</strong></span> <span class='ocrx_word' id='word_1_756' title='bbox 668 5170 792 5210; x_wconf 87' lang='lat' dir='ltr'><strong>esse</strong></span> <span class='ocrx_word' id='word_1_757' title='bbox 820 5169 1154 5224; x_wconf 84' lang='lat' dir='ltr'><strong>sermonem,</strong></span> <span class='ocrx_word' id='word_1_758' title='bbox 1189 5156 1425 5215; x_wconf 82' lang='lat' dir='ltr'><strong>habebat</strong></span> <span class='ocrx_word' id='word_1_759' title='bbox 1460 5163 1660 5234; x_wconf 76' lang='lat' dir='ltr'><strong>quippe</strong></span> <span class='ocrx_word' id='word_1_760' title='bbox 1688 5165 1823 5237; x_wconf 88' lang='lat' dir='ltr'><strong>legis</strong></span> <span class='ocrx_word' id='word_1_761' title='bbox 1855 5170 2036 5226; x_wconf 88' lang='lat' dir='ltr'><strong>scien-</strong></span> 
     </span>
    </p>
   </div>
   <div class='ocr_carea' id='block_1_98' title="bbox 365 5251 2033 5333">
    <p class='ocr_par' dir='ltr' id='par_1_98' title="bbox 365 5251 2033 5333">
     <span class='ocr_line' id='line_1_98' title="bbox 365 5251 2033 5333; baseline 0.009 -30"><span class='ocrx_word' id='word_1_762' title='bbox 365 5303 374 5312; x_wconf 84' lang='grc'><strong>,</strong></span> <span class='ocrx_word' id='word_1_763' title='bbox 438 5251 592 5320; x_wconf 87' lang='lat' dir='ltr'><strong>tiam,</strong></span> <span class='ocrx_word' id='word_1_764' title='bbox 624 5260 681 5306; x_wconf 89' lang='lat' dir='ltr'><strong>et</strong></span> <span class='ocrx_word' id='word_1_765' title='bbox 709 5257 827 5305; x_wconf 80' lang='lat' dir='ltr'><strong>erat</strong></span> <span class='ocrx_word' id='word_1_766' title='bbox 855 5263 1075 5318; x_wconf 85' lang='lat' dir='ltr'><strong>sancta,</strong></span> <span class='ocrx_word' id='word_1_767' title='bbox 1109 5261 1162 5307; x_wconf 90' lang='lat' dir='ltr'><strong>et</strong></span> <span class='ocrx_word' id='word_1_768' title='bbox 1203 5252 1588 5325; x_wconf 78' lang='lat' dir='ltr'><strong>praphetarum</strong></span> <span class='ocrx_word' id='word_1_769' title='bbox 1621 5261 1874 5316; x_wconf 86' lang='lat' dir='ltr'><strong>vaticinia</strong></span> <span class='ocrx_word' id='word_1_770' title='bbox 1900 5279 2033 5333; x_wconf 84' lang='lat' dir='ltr'><strong>qun—</strong></span> 
     </span>
    </p>
   </div>
   <div class='ocr_carea' id='block_1_99' title="bbox 520 5387 2035 5460">
    <p class='ocr_par' dir='ltr' id='par_1_99' title="bbox 520 5387 2035 5460">
     <span class='ocr_line' id='line_1_99' title="bbox 520 5387 2035 5460; baseline 0.007 -19"><span class='ocrx_word' id='word_1_771' title='bbox 520 5396 547 5425; x_wconf 78' lang='grc' dir='ltr'><strong>ἰ</strong></span> <span class='ocrx_word' id='word_1_772' title='bbox 582 5387 928 5460; x_wconf 83' lang='lat' dir='ltr'><strong>llieronyml,</strong></span> <span class='ocrx_word' id='word_1_773' title='bbox 959 5397 1015 5443; x_wconf 84' lang='lat' dir='ltr'><strong>tit</strong></span> <span class='ocrx_word' id='word_1_774' title='bbox 1046 5403 1208 5444; x_wconf 88' lang='lat' dir='ltr'><strong>nemo</strong></span> <span class='ocrx_word' id='word_1_775' title='bbox 1233 5404 1339 5445; x_wconf 90' lang='lat' dir='ltr'><strong>non</strong></span> <span class='ocrx_word' id='word_1_776' title='bbox 1377 5392 1563 5458; x_wconf 79' lang='lat' dir='ltr'><strong>sentit,</strong></span> <span class='ocrx_word' id='word_1_777' title='bbox 1609 5396 1888 5452; x_wconf 75' lang='grc' dir='ltr'>τιιιιιοιιιιίο</span> <span class='ocrx_word' id='word_1_778' title='bbox 1919 5398 2035 5455; x_wconf 67' lang='lat' dir='ltr'><strong>hinc</strong></span> 
     </span>
    </p>
   </div>
   <div class='ocr_carea' id='block_1_100' title="bbox 448 5461 2039 5549">
    <p class='ocr_par' dir='ltr' id='par_1_100' title="bbox 448 5461 2039 5549">
     <span class='ocr_line' id='line_1_100' title="bbox 448 5461 2039 5549; baseline -0.003 -33"><span class='ocrx_word' id='word_1_779' title='bbox 448 5470 642 5549; x_wconf 39' lang='lat' dir='ltr'><strong>est.&#39;ut</strong></span> <span class='ocrx_word' id='word_1_780' title='bbox 675 5461 1222 5549; x_wconf 38' lang='lat' dir='ltr'><strong>ipsunusalutatiunis</strong></span> <span class='ocrx_word' id='word_1_781' title='bbox 1250 5461 1750 5549; x_wconf 52' lang='lat' dir='ltr'><strong>(ira-cumnverbum</strong></span> <span class='ocrx_word' id='word_1_782' title='bbox 1775 5514 1787 5536; x_wconf 64' lang='grc'>,</span> <span class='ocrx_word' id='word_1_783' title='bbox 1823 5491 2039 5549; x_wconf 70' lang='grc' dir='ltr'><strong>κεχαρι-</strong></span> 
     </span>
    </p>
   </div>
   <div class='ocr_carea' id='block_1_101' title="bbox 444 5531 2036 5611">
    <p class='ocr_par' dir='ltr' id='par_1_101' title="bbox 444 5531 2036 5611">
     <span class='ocr_line' id='line_1_101' title="bbox 444 5531 2036 5611; baseline 0.006 -25"><span class='ocrx_word' id='word_1_784' title='bbox 444 5535 674 5611; x_wconf 49' lang='lat' dir='ltr'><strong>gingiva,</strong></span> <span class='ocrx_word' id='word_1_785' title='bbox 721 5531 1073 5611; x_wconf 66' lang='lat' dir='ltr'><strong>quodpiam}</strong></span> <span class='ocrx_word' id='word_1_786' title='bbox 1128 5535 1446 5611; x_wconf 82' lang='lat' dir='ltr'><strong>inusitatum</strong></span> <span class='ocrx_word' id='word_1_787' title='bbox 1489 5536 1747 5608; x_wconf 60' lang='lat' dir='ltr'><strong>Origenes</strong></span> <span class='ocrx_word' id='word_1_788' title='bbox 1779 5531 2036 5611; x_wconf 66' lang='grc' dir='ltr'>ἰιικ’ὗι’ἒιι,</span> 
     </span>
    </p>
   </div>
   <div class='ocr_carea' id='block_1_102' title="bbox 447 5605 2033 5673">
    <p class='ocr_par' dir='ltr' id='par_1_102' title="bbox 447 5605 2033 5673">
     <span class='ocr_line' id='line_1_102' title="bbox 447 5605 2033 5673; baseline 0.004 -12"><span class='ocrx_word' id='word_1_789' title='bbox 447 5605 636 5661; x_wconf 82' lang='lat' dir='ltr'><strong>Latine</strong></span> <span class='ocrx_word' id='word_1_790' title='bbox 668 5620 845 5661; x_wconf 80' lang='lat' dir='ltr'><strong>autem</strong></span> <span class='ocrx_word' id='word_1_791' title='bbox 881 5606 994 5662; x_wconf 87' lang='lat' dir='ltr'><strong>lere</strong></span> <span class='ocrx_word' id='word_1_792' title='bbox 1017 5607 1241 5662; x_wconf 88' lang='lat' dir='ltr'><strong>obvium</strong></span> <span class='ocrx_word' id='word_1_793' title='bbox 1270 5617 1374 5673; x_wconf 91' lang='lat' dir='ltr'><strong>est,</strong></span> <span class='ocrx_word' id='word_1_794' title='bbox 1418 5605 1606 5662; x_wconf 81' lang='lat' dir='ltr'><strong>lectori</strong></span> <span class='ocrx_word' id='word_1_795' title='bbox 1648 5605 2033 5671; x_wconf 51' lang='lat' dir='ltr'><strong>iuuotcsteret;</strong></span> 
     </span>
    </p>
   </div>
   <div class='ocr_carea' id='block_1_103' title="bbox 521 5675 2040 5750">
    <p class='ocr_par' dir='ltr' id='par_1_103' title="bbox 521 5675 2040 5750">
     <span class='ocr_line' id='line_1_103' title="bbox 521 5675 2040 5750; baseline 0.007 -20"><span class='ocrx_word' id='word_1_796' title='bbox 521 5675 546 5714; x_wconf 68' lang='grc'><strong>1³</strong></span> <span class='ocrx_word' id='word_1_797' title='bbox 578 5675 781 5747; x_wconf 80' lang='lat' dir='ltr'><strong>Legere</strong></span> <span class='ocrx_word' id='word_1_798' title='bbox 822 5680 1030 5742; x_wconf 87' lang='lat' dir='ltr'><strong>malim,</strong></span> <span class='ocrx_word' id='word_1_799' title='bbox 1060 5696 1164 5750; x_wconf 89' lang='lat' dir='ltr'><strong>qua</strong></span> <span class='ocrx_word' id='word_1_800' title='bbox 1201 5679 1361 5732; x_wconf 76' lang='lat' dir='ltr'><strong>virtus</strong></span> <span class='ocrx_word' id='word_1_801' title='bbox 1395 5691 1488 5745; x_wconf 85' lang='lat' dir='ltr'><strong>est,</strong></span> <span class='ocrx_word' id='word_1_802' title='bbox 1521 5692 1573 5734; x_wconf 90' lang='lat' dir='ltr'><strong>ut</strong></span> <span class='ocrx_word' id='word_1_803' title='bbox 1606 5685 1654 5737; x_wconf 87' lang='lat' dir='ltr'><strong>ei</strong></span> <span class='ocrx_word' id='word_1_804' title='bbox 1697 5685 2040 5742; x_wconf 81' lang='lat' dir='ltr'><strong>manifestius</strong></span> 
     </span>
    </p>
   </div>
   <div class='ocr_carea' id='block_1_104' title="bbox 447 5750 2039 5822">
    <p class='ocr_par' dir='ltr' id='par_1_104' title="bbox 447 5750 2039 5822">
     <span class='ocr_line' id='line_1_104' title="bbox 447 5750 2039 5822; baseline 0.008 -23"><span class='ocrx_word' id='word_1_805' title='bbox 447 5750 747 5822; x_wconf 70' lang='lat' dir='ltr'><strong>opiuationi</strong></span> <span class='ocrx_word' id='word_1_806' title='bbox 790 5764 1114 5822; x_wconf 75' lang='lat' dir='ltr'><strong>opponatur,</strong></span> <span class='ocrx_word' id='word_1_807' title='bbox 1157 5752 1240 5808; x_wconf 93' lang='lat' dir='ltr'><strong>cui</strong></span> <span class='ocrx_word' id='word_1_808' title='bbox 1275 5753 1560 5822; x_wconf 84' lang='lat' dir='ltr'><strong>Origenein</strong></span> <span class='ocrx_word' id='word_1_809' title='bbox 1603 5755 1900 5812; x_wconf 71' lang='lat' dir='ltr'><strong>adhmsisse</strong></span> <span class='ocrx_word' id='word_1_810' title='bbox 1930 5759 2039 5814; x_wconf 86' lang='lat' dir='ltr'><strong>Ge-</strong></span> 
     </span>
    </p>
   </div>
   <div class='ocr_carea' id='block_1_105' title="bbox 454 5820 2038 5897">
    <p class='ocr_par' dir='ltr' id='par_1_105' title="bbox 454 5820 2038 5897">
     <span class='ocr_line' id='line_1_105' title="bbox 454 5820 2038 5897; baseline 0.007 -23"><span class='ocrx_word' id='word_1_811' title='bbox 454 5820 758 5880; x_wconf 79' lang='lat' dir='ltr'><strong>nebrardus</strong></span> <span class='ocrx_word' id='word_1_812' title='bbox 813 5820 1020 5897; x_wconf 79' lang='lat' dir='ltr'><strong>aliique</strong></span> <span class='ocrx_word' id='word_1_813' title='bbox 1076 5841 1144 5882; x_wconf 85' lang='lat' dir='ltr'><strong>ex</strong></span> <span class='ocrx_word' id='word_1_814' title='bbox 1205 5820 1436 5881; x_wconf 76' lang='lat' dir='ltr'><strong>tractaiu</strong></span> <span class='ocrx_word' id='word_1_815' title='bbox 1497 5824 1564 5880; x_wconf 74' lang='lat' dir='ltr'><strong>5i</strong></span> <span class='ocrx_word' id='word_1_816' title='bbox 1623 5827 1674 5882; x_wconf 91' lang='lat' dir='ltr'><strong>in</strong></span> <span class='ocrx_word' id='word_1_817' title='bbox 1726 5827 2038 5885; x_wconf 70' lang='lat' dir='ltr'><strong>Mattbazum</strong></span> 
     </span>
    </p>
   </div>
   <div class='ocr_carea' id='block_1_106' title="bbox 2714 4653 3153 4712">
    <p class='ocr_par' dir='ltr' id='par_1_106' title="bbox 2714 4653 3153 4712">
     <span class='ocr_line' id='line_1_106' title="bbox 2714 4653 3153 4712; baseline -0.005 -1"><span class='ocrx_word' id='word_1_818' title='bbox 2714 4655 2994 4712; x_wconf 68' lang='lat' dir='ltr'><strong>llOMILlA</strong></span> <span class='ocrx_word' id='word_1_819' title='bbox 3039 4653 3153 4710; x_wconf 79' lang='lat' dir='ltr'><strong>Vll.</strong></span> 
     </span>
    </p>
   </div>
   <div class='ocr_carea' id='block_1_107' title="bbox 2143 4744 3752 4820">
    <p class='ocr_par' dir='ltr' id='par_1_107' title="bbox 2143 4744 3752 4820">
     <span class='ocr_line' id='line_1_107' title="bbox 2143 4744 3752 4820; baseline -0.002 -17"><span class='ocrx_word' id='word_1_820' title='bbox 2143 4750 2220 4806; x_wconf 87' lang='lat' dir='ltr'><strong>De</strong></span> <span class='ocrx_word' id='word_1_821' title='bbox 2257 4766 2324 4806; x_wconf 88' lang='lat' dir='ltr'><strong>eo</strong></span> <span class='ocrx_word' id='word_1_822' title='bbox 2364 4751 2507 4819; x_wconf 88' lang='lat' dir='ltr'><strong>quod</strong></span> <span class='ocrx_word' id='word_1_823' title='bbox 2548 4750 2813 4820; x_wconf 84' lang='lat' dir='ltr'><strong>scriptum</strong></span> <span class='ocrx_word' id='word_1_824' title='bbox 2857 4759 2940 4803; x_wconf 87' lang='lat' dir='ltr'><strong>est</strong></span> <span class='ocrx_word' id='word_1_825' title='bbox 2975 4766 2987 4800; x_wconf 90' lang='lat'><strong>:</strong></span> <span class='ocrx_word' id='word_1_826' title='bbox 3017 4746 3318 4819; x_wconf 77' lang='lat' dir='ltr'><strong>Exsurgens</strong></span> <span class='ocrx_word' id='word_1_827' title='bbox 3354 4755 3519 4802; x_wconf 89' lang='lat' dir='ltr'><strong>autem</strong></span> <span class='ocrx_word' id='word_1_828' title='bbox 3563 4744 3752 4820; x_wconf 70' lang='lat' dir='ltr'><strong>Maria</strong></span> 
     </span>
    </p>
   </div>
   <div class='ocr_carea' id='block_1_108' title="bbox 2213 4817 3752 4894">
    <p class='ocr_par' dir='ltr' id='par_1_108' title="bbox 2213 4817 3752 4894">
     <span class='ocr_line' id='line_1_108' title="bbox 2213 4817 3752 4894; baseline -0.001 -18"><span class='ocrx_word' id='word_1_829' title='bbox 2213 4840 2327 4876; x_wconf 82' lang='lat' dir='ltr'><strong>cum</strong></span> <span class='ocrx_word' id='word_1_830' title='bbox 2367 4817 2872 4894; x_wconf 79' lang='lat' dir='ltr'><strong>festinatione_uenit</strong></span> <span class='ocrx_word' id='word_1_831' title='bbox 2911 4821 2964 4873; x_wconf 89' lang='lat' dir='ltr'><strong>in</strong></span> <span class='ocrx_word' id='word_1_832' title='bbox 3006 4817 3277 4894; x_wconf 75' lang='lat' dir='ltr'><strong>montana,</strong></span> <span class='ocrx_word' id='word_1_833' title='bbox 3310 4834 3483 4889; x_wconf 89' lang='lat' dir='ltr'><strong>usque</strong></span> <span class='ocrx_word' id='word_1_834' title='bbox 3514 4817 3580 4872; x_wconf 87' lang='lat' dir='ltr'><strong>ad</strong></span> <span class='ocrx_word' id='word_1_835' title='bbox 3612 4835 3752 4894; x_wconf 75' lang='lat' dir='ltr'><strong>eum</strong></span> 
     </span>
    </p>
   </div>
   <div class='ocr_carea' id='block_1_109' title="bbox 2120 4890 3755 4961">
    <p class='ocr_par' dir='ltr' id='par_1_109' title="bbox 2120 4890 3755 4961">
     <span class='ocr_line' id='line_1_109' title="bbox 2120 4890 3755 4961; baseline -0.004 -11"><span class='ocrx_word' id='word_1_836' title='bbox 2120 4941 2134 4950; x_wconf 92' lang='lat'><strong>.</strong></span> <span class='ocrx_word' id='word_1_837' title='bbox 2216 4890 2392 4950; x_wconf 84' lang='lat' dir='ltr'><strong>locum</strong></span> <span class='ocrx_word' id='word_1_838' title='bbox 2435 4895 2524 4948; x_wconf 88' lang='lat' dir='ltr'><strong>ubi</strong></span> <span class='ocrx_word' id='word_1_839' title='bbox 2555 4894 2667 4951; x_wconf 81' lang='lat' dir='ltr'><strong>ait;</strong></span> <span class='ocrx_word' id='word_1_840' title='bbox 2692 4891 2810 4946; x_wconf 85' lang='lat' dir='ltr'><strong>Erit</strong></span> <span class='ocrx_word' id='word_1_841' title='bbox 2835 4892 3216 4946; x_wconf 83' lang='lat' dir='ltr'><strong>consummatio</strong></span> <span class='ocrx_word' id='word_1_842' title='bbox 3243 4907 3420 4946; x_wconf 85' lang='lat' dir='ltr'><strong>eorum</strong></span> <span class='ocrx_word' id='word_1_843' title='bbox 3443 4905 3559 4961; x_wconf 75' lang='lat' dir='ltr'><strong>qua:</strong></span> <span class='ocrx_word' id='word_1_844' title='bbox 3597 4890 3755 4944; x_wconf 81' lang='lat' dir='ltr'><strong>dicta</strong></span> 
     </span>
    </p>
   </div>
   <div class='ocr_carea' id='block_1_110' title="bbox 2213 4964 2594 5034">
    <p class='ocr_par' dir='ltr' id='par_1_110' title="bbox 2213 4964 2594 5034">
     <span class='ocr_line' id='line_1_110' title="bbox 2213 4964 2594 5034; baseline -0.008 -14"><span class='ocrx_word' id='word_1_845' title='bbox 2213 4977 2354 5022; x_wconf 80' lang='lat' dir='ltr'><strong>sunt.</strong></span> <span class='ocrx_word' id='word_1_846' title='bbox 2387 4964 2520 5034; x_wconf 86' lang='lat' dir='ltr'><strong>Cap.</strong></span> <span class='ocrx_word' id='word_1_847' title='bbox 2553 4965 2594 5019; x_wconf 93' lang='lat' dir='ltr'><strong>l.</strong></span> 
     </span>
    </p>
   </div>
   <div class='ocr_carea' id='block_1_111' title="bbox 2217 5078 3754 5145">
    <p class='ocr_par' dir='ltr' id='par_1_111' title="bbox 2217 5078 3754 5145">
     <span class='ocr_line' id='line_1_111' title="bbox 2217 5078 3754 5145; baseline -0.003 -7"><span class='ocrx_word' id='word_1_848' title='bbox 2217 5084 2468 5139; x_wconf 85' lang='lat' dir='ltr'><strong>Meliores</strong></span> <span class='ocrx_word' id='word_1_849' title='bbox 2494 5083 2563 5137; x_wconf 85' lang='lat' dir='ltr'><strong>ad</strong></span> <span class='ocrx_word' id='word_1_850' title='bbox 2589 5082 2893 5138; x_wconf 88' lang='lat' dir='ltr'><strong>deteriores</strong></span> <span class='ocrx_word' id='word_1_851' title='bbox 2921 5081 3167 5145; x_wconf 82' lang='lat' dir='ltr'><strong>veniunt.</strong></span> <span class='ocrx_word' id='word_1_852' title='bbox 3195 5089 3256 5137; x_wconf 88' lang='lat' dir='ltr'><strong>ut</strong></span> <span class='ocrx_word' id='word_1_853' title='bbox 3292 5081 3373 5137; x_wconf 88' lang='lat' dir='ltr'><strong>eis</strong></span> <span class='ocrx_word' id='word_1_854' title='bbox 3399 5095 3467 5135; x_wconf 83' lang='lat' dir='ltr'><strong>ex</strong></span> <span class='ocrx_word' id='word_1_855' title='bbox 3496 5078 3754 5135; x_wconf 85' lang='lat' dir='ltr'><strong>adventu</strong></span> 
     </span>
    </p>
   </div>
   <div class='ocr_carea' id='block_1_112' title="bbox 2141 5172 3754 5246">
    <p class='ocr_par' dir='ltr' id='par_1_112' title="bbox 2141 5172 3754 5246">
     <span class='ocr_line' id='line_1_112' title="bbox 2141 5172 3754 5246; baseline -0.002 -14"><span class='ocrx_word' id='word_1_856' title='bbox 2141 5193 2240 5232; x_wconf 89' lang='lat' dir='ltr'><strong>suo</strong></span> <span class='ocrx_word' id='word_1_857' title='bbox 2286 5175 2491 5246; x_wconf 89' lang='lat' dir='ltr'><strong>aliquid</strong></span> <span class='ocrx_word' id='word_1_858' title='bbox 2537 5174 2780 5230; x_wconf 87' lang='lat' dir='ltr'><strong>tribuant</strong></span> <span class='ocrx_word' id='word_1_859' title='bbox 2823 5174 3200 5230; x_wconf 91' lang='lat' dir='ltr'><strong>emolumenti.</strong></span> <span class='ocrx_word' id='word_1_860' title='bbox 3253 5173 3344 5230; x_wconf 90' lang='lat' dir='ltr'><strong>Sic</strong></span> <span class='ocrx_word' id='word_1_861' title='bbox 3391 5186 3445 5228; x_wconf 88' lang='lat' dir='ltr'><strong>et</strong></span> <span class='ocrx_word' id='word_1_862' title='bbox 3481 5172 3754 5228; x_wconf 84' lang='lat' dir='ltr'><strong>Salvator</strong></span> 
     </span>
    </p>
   </div>
   <div class='ocr_carea' id='block_1_113' title="bbox 2142 5265 3748 5337">
    <p class='ocr_par' dir='ltr' id='par_1_113' title="bbox 2142 5265 3748 5337">
     <span class='ocr_line' id='line_1_113' title="bbox 2142 5265 3748 5337; baseline -0.003 -13"><span class='ocrx_word' id='word_1_863' title='bbox 2142 5269 2289 5324; x_wconf 81' lang='lat' dir='ltr'><strong>venit</strong></span> <span class='ocrx_word' id='word_1_864' title='bbox 2325 5269 2391 5324; x_wconf 88' lang='lat' dir='ltr'><strong>ad</strong></span> <span class='ocrx_word' id='word_1_865' title='bbox 2419 5268 2716 5337; x_wconf 83' lang='lat' dir='ltr'><strong>Joannem,</strong></span> <span class='ocrx_word' id='word_1_866' title='bbox 2745 5276 2807 5323; x_wconf 89' lang='lat' dir='ltr'><strong>ut</strong></span> <span class='ocrx_word' id='word_1_867' title='bbox 2845 5267 3212 5324; x_wconf 81' lang='lat' dir='ltr'><strong>sanetilicaret</strong></span> <span class='ocrx_word' id='word_1_868' title='bbox 3245 5267 3512 5336; x_wconf 87' lang='lat' dir='ltr'><strong>baptisma</strong></span> <span class='ocrx_word' id='word_1_869' title='bbox 3545 5265 3699 5320; x_wconf 89' lang='lat' dir='ltr'><strong>illius</strong></span> <span class='ocrx_word' id='word_1_870' title='bbox 3732 5284 3748 5320; x_wconf 93' lang='lat'>:</span> 
     </span>
    </p>
   </div>
   <div class='ocr_carea' id='block_1_114' title="bbox 2144 5397 3752 5472">
    <p class='ocr_par' dir='ltr' id='par_1_114' title="bbox 2144 5397 3752 5472">
     <span class='ocr_line' id='line_1_114' title="bbox 2144 5397 3752 5472; baseline -0.001 -16"><span class='ocrx_word' id='word_1_871' title='bbox 2144 5402 2522 5467; x_wconf 84' lang='lat' dir='ltr'><strong>criminantur,</strong></span> <span class='ocrx_word' id='word_1_872' title='bbox 2563 5401 2706 5469; x_wconf 87' lang='lat' dir='ltr'><strong>quod</strong></span> <span class='ocrx_word' id='word_1_873' title='bbox 2751 5417 2944 5472; x_wconf 89' lang='lat' dir='ltr'><strong>nempe</strong></span> <span class='ocrx_word' id='word_1_874' title='bbox 2998 5401 3233 5456; x_wconf 88' lang='lat' dir='ltr'><strong>senserit</strong></span> <span class='ocrx_word' id='word_1_875' title='bbox 3283 5397 3596 5468; x_wconf 86' lang='lat' dir='ltr'><strong>Christum,</strong></span> <span class='ocrx_word' id='word_1_876' title='bbox 3629 5416 3752 5469; x_wconf 83' lang='lat' dir='ltr'><strong>qua</strong></span> 
     </span>
    </p>
   </div>
   <div class='ocr_carea' id='block_1_115' title="bbox 2143 5472 3756 5539">
    <p class='ocr_par' dir='ltr' id='par_1_115' title="bbox 2143 5472 3756 5539">
     <span class='ocr_line' id='line_1_115' title="bbox 2143 5472 3756 5539; baseline -0.001 -12"><span class='ocrx_word' id='word_1_877' title='bbox 2143 5472 2394 5528; x_wconf 87' lang='lat' dir='ltr'><strong>Christus</strong></span> <span class='ocrx_word' id='word_1_878' title='bbox 2421 5483 2526 5538; x_wconf 83' lang='lat' dir='ltr'><strong>est,</strong></span> <span class='ocrx_word' id='word_1_879' title='bbox 2559 5473 2672 5528; x_wconf 79' lang='lat' dir='ltr'><strong>sive</strong></span> <span class='ocrx_word' id='word_1_880' title='bbox 2697 5489 2801 5538; x_wconf 86' lang='lat' dir='ltr'><strong>qua</strong></span> <span class='ocrx_word' id='word_1_881' title='bbox 2830 5473 3222 5528; x_wconf 83' lang='lat' dir='ltr'><strong>humanitatem</strong></span> <span class='ocrx_word' id='word_1_882' title='bbox 3263 5473 3542 5539; x_wconf 85' lang='lat' dir='ltr'><strong>corporeis</strong></span> <span class='ocrx_word' id='word_1_883' title='bbox 3576 5488 3756 5525; x_wconf 62' lang='lat' dir='ltr'><strong>usur-</strong></span> 
     </span>
    </p>
   </div>
   <div class='ocr_carea' id='block_1_116' title="bbox 2147 5543 3748 5614">
    <p class='ocr_par' dir='ltr' id='par_1_116' title="bbox 2147 5543 3748 5614">
     <span class='ocr_line' id='line_1_116' title="bbox 2147 5543 3748 5614; baseline -0.001 -16"><span class='ocrx_word' id='word_1_884' title='bbox 2147 5547 2377 5614; x_wconf 81' lang='lat' dir='ltr'><strong>pandam</strong></span> <span class='ocrx_word' id='word_1_885' title='bbox 2404 5546 2575 5598; x_wconf 82' lang='lat' dir='ltr'><strong>oeulis</strong></span> <span class='ocrx_word' id='word_1_886' title='bbox 2605 5543 2839 5612; x_wconf 58' lang='lat' dir='ltr'><strong>praefert,</strong></span> <span class='ocrx_word' id='word_1_887' title='bbox 2874 5546 3077 5611; x_wconf 76' lang='lat' dir='ltr'><strong>ubique</strong></span> <span class='ocrx_word' id='word_1_888' title='bbox 3116 5544 3370 5599; x_wconf 80' lang='lat' dir='ltr'><strong>existere.</strong></span> <span class='ocrx_word' id='word_1_889' title='bbox 3420 5543 3517 5598; x_wconf 93' lang='lat' dir='ltr'><strong>llic</strong></span> <span class='ocrx_word' id='word_1_890' title='bbox 3555 5543 3748 5597; x_wconf 80' lang='lat' dir='ltr'><strong>enim-</strong></span> 
     </span>
    </p>
   </div>
   <div class='ocr_carea' id='block_1_117' title="bbox 2146 5614 3752 5684">
    <p class='ocr_par' dir='ltr' id='par_1_117' title="bbox 2146 5614 3752 5684">
     <span class='ocr_line' id='line_1_117' title="bbox 2146 5614 3752 5684; baseline 0.001 -17"><span class='ocrx_word' id='word_1_891' title='bbox 2146 5632 2278 5670; x_wconf 89' lang='lat' dir='ltr'><strong>vero</strong></span> <span class='ocrx_word' id='word_1_892' title='bbox 2306 5614 2664 5671; x_wconf 82' lang='lat' dir='ltr'><strong>Adamantius</strong></span> <span class='ocrx_word' id='word_1_893' title='bbox 2691 5616 2792 5672; x_wconf 87' lang='lat' dir='ltr'><strong>soli</strong></span> <span class='ocrx_word' id='word_1_894' title='bbox 2824 5617 3123 5672; x_wconf 87' lang='lat' dir='ltr'><strong>divinitatis</strong></span> <span class='ocrx_word' id='word_1_895' title='bbox 3162 5617 3466 5684; x_wconf 61' lang='lat' dir='ltr'><strong>praesentiae</strong></span> <span class='ocrx_word' id='word_1_896' title='bbox 3500 5614 3604 5669; x_wconf 90' lang='lat' dir='ltr'><strong>hoc</strong></span> <span class='ocrx_word' id='word_1_897' title='bbox 3637 5615 3752 5668; x_wconf 65' lang='lat' dir='ltr'><strong>tri.</strong></span> 
     </span>
    </p>
   </div>
   <div class='ocr_carea' id='block_1_118' title="bbox 2148 5684 3751 5759">
    <p class='ocr_par' dir='ltr' id='par_1_118' title="bbox 2148 5684 3751 5759">
     <span class='ocr_line' id='line_1_118' title="bbox 2148 5684 3751 5759; baseline 0.001 -19"><span class='ocrx_word' id='word_1_898' title='bbox 2148 5686 2283 5754; x_wconf 86' lang='lat' dir='ltr'><strong>buit,</strong></span> <span class='ocrx_word' id='word_1_899' title='bbox 2326 5704 2389 5741; x_wconf 87' lang='lat' dir='ltr'><strong>ac</strong></span> <span class='ocrx_word' id='word_1_900' title='bbox 2420 5687 2705 5759; x_wconf 74' lang='lat' dir='ltr'><strong>verissime</strong></span> <span class='ocrx_word' id='word_1_901' title='bbox 2735 5687 3006 5743; x_wconf 80' lang='lat' dir='ltr'><strong>Christum</strong></span> <span class='ocrx_word' id='word_1_902' title='bbox 3049 5702 3154 5759; x_wconf 88' lang='lat' dir='ltr'><strong>qua</strong></span> <span class='ocrx_word' id='word_1_903' title='bbox 3185 5686 3279 5740; x_wconf 89' lang='lat' dir='ltr'><strong>Dei</strong></span> <span class='ocrx_word' id='word_1_904' title='bbox 3320 5686 3490 5741; x_wconf 66' lang='lat' dir='ltr'><strong>virtus</strong></span> <span class='ocrx_word' id='word_1_905' title='bbox 3531 5696 3636 5759; x_wconf 80' lang='lat' dir='ltr'><strong>est,</strong></span> <span class='ocrx_word' id='word_1_906' title='bbox 3675 5684 3751 5742; x_wconf 83' lang='lat' dir='ltr'><strong>in</strong></span> 
     </span>
    </p>
   </div>
   <div class='ocr_carea' id='block_1_119' title="bbox 2148 5758 3754 5827">
    <p class='ocr_par' dir='ltr' id='par_1_119' title="bbox 2148 5758 3754 5827">
     <span class='ocr_line' id='line_1_119' title="bbox 2148 5758 3754 5827; baseline 0.002 -14"><span class='ocrx_word' id='word_1_907' title='bbox 2148 5773 2366 5814; x_wconf 86' lang='lat' dir='ltr'><strong>omnem</strong></span> <span class='ocrx_word' id='word_1_908' title='bbox 2407 5758 2661 5813; x_wconf 73' lang='lat' dir='ltr'><strong>diliusum</strong></span> <span class='ocrx_word' id='word_1_909' title='bbox 2702 5775 2821 5814; x_wconf 87' lang='lat' dir='ltr'><strong>csse</strong></span> <span class='ocrx_word' id='word_1_910' title='bbox 2859 5758 3076 5826; x_wconf 64' lang='lat' dir='ltr'><strong>orbem,</strong></span> <span class='ocrx_word' id='word_1_911' title='bbox 3104 5759 3396 5827; x_wconf 82' lang='lat' dir='ltr'><strong>omniaque</strong></span> <span class='ocrx_word' id='word_1_912' title='bbox 3428 5758 3754 5826; x_wconf 76' lang='lat' dir='ltr'><strong>pervadere</strong></span> 
     </span>
    </p>
   </div>
   <div class='ocr_carea' id='block_1_120' title="bbox 2147 5830 3405 5903">
    <p class='ocr_par' dir='ltr' id='par_1_120' title="bbox 2147 5830 3405 5903">
     <span class='ocr_line' id='line_1_120' title="bbox 2147 5830 3405 5903; baseline -0.003 -17"><span class='ocrx_word' id='word_1_913' title='bbox 2147 5830 2329 5900; x_wconf 89' lang='lat' dir='ltr'><strong>docet,</strong></span> <span class='ocrx_word' id='word_1_914' title='bbox 2360 5831 2626 5900; x_wconf 73' lang='lat' dir='ltr'><strong>cmlcstia,</strong></span> <span class='ocrx_word' id='word_1_915' title='bbox 2662 5838 2958 5898; x_wconf 84' lang='lat' dir='ltr'><strong>terrestria,</strong></span> <span class='ocrx_word' id='word_1_916' title='bbox 2988 5841 3150 5903; x_wconf 85' lang='lat' dir='ltr'><strong>atque</strong></span> <span class='ocrx_word' id='word_1_917' title='bbox 3176 5830 3405 5885; x_wconf 77' lang='lat' dir='ltr'><strong>interna.</strong></span> 
     </span>
    </p>
   </div>
  </div>
