3978 6338
228 304 314 360 255

795 290 1232 349 TllANSLATlO
1274 285 1712 344 llOMlLlARUM
1752 281 2080 341 ORIGENIS
2124 279 2187 339 IN
2229 283 2491 340 LUCAM.
2535 284 2700 341 liOM.
2746 284 2861 341 Vll.

3363 296 3471 353 234

223 426 269 470 et
307 412 446 470 Maria
493 409 672 465 statim
721 416 780 463 ut
845 406 1051 463 audivit
1096 404 1342 475 angelum
1391 402 1767 465 nuntiantem,
1796 400 1846 460 Α
1876 398 1993 467 lilii,
2035 399 2124 469 qui
2153 398 2357 470 Joseph
2396 398 2738 466 dicebantur,
2773 416 2879 455 non
2923 411 3080 457 erant
3116 405 3220 459 orti
3261 405 3331 464 de
3362 410 3475 467 Ma-

223 505 343 578 quod
368 500 668 571 conceperit
693 500 1057 567 Salvatorem,
1098 506 1151 553 et
1192 496 1334 565 quod
1363 502 1588 564 cognata
1623 493 1769 546 illius

222 600 465 658 Elizabeth
494 598 717 655 haberet
764 598 818 652 in
862 604 1039 663 utero,
1089 606 1421 663 consurgens
1463 605 1587 643 cum
1618 588 1772 643 festi-

222 696 408 750 natione
448 691 592 747 venit
638 692 692 746 in
746 699 1027 757 montana,
1055 696 1111 743 et
1155 687 1399 758 ingressa
1430 693 1513 740 cst
1544 684 1767 739 domum

221 786 482 844 Elizabeth.
513 784 867 858 265-266
890 783 1052 840 Iesus
1073 796 1224 849 vero,
1249 782 1339 851 qui
1370 782 1422 834 in
1449 788 1603 834 utero
1627 778 1769 833 illius

219 888 335 949 erat,
380 880 665 935 festinabat
703 878 880 934 adhuc
929 878 982 933 in
1033 885 1226 932 ventre
1275 873 1463 929 matris
1501 872 1771 929 Joannem

218 975 419 1047 positum
444 974 812 1031 sanctiﬁcare.
839 974 1087 1044 Denique
1116 981 1409 1041 antequam
1438 973 1652 1027 veniret
1674 971 1774 1024 Ma-

218 1070 304 1139 ria,
328 1080 374 1125 et
404 1069 666 1125 salutaret
698 1068 1009 1134 Elizabeth,
1039 1081 1152 1120 non
1179 1064 1477 1123 exsultavit
1508 1063 1686 1118 infans
1720 1063 1774 1117 in

216 1172 381 1218 utero:
405 1162 497 1217 sed
525 1161 714 1216 statim
745 1170 803 1215 ut
831 1160 998 1215 Maria
1025 1158 1202 1214 locuta
1243 1167 1328 1213 est
1352 1157 1601 1218 verbum,
1629 1155 1775 1226 quod

214 1253 358 1310 FJlos
378 1254 463 1307 Dei
493 1255 545 1307 in
570 1264 760 1308 ventre
786 1252 973 1308 matris
995 1259 1359 1322 suggeswrat,
1380 1250 1675 1303 ex5ttltavit
1698 1248 1778 1302 in—

213 1348 314 1403 laus
340 1347 389 1403 in
418 1348 641 1418 gaudio,
672 1357 729 1403 et
758 1356 883 1402 tunc
913 1346 1148 1417 primum
1191 1358 1587 1414 praecursorem
1618 1358 1775 1397 suum

213 1441 510 1515 prophetam
563 1440 696 1498 fecit
743 1440 922 1496 Jcsus.
975 1438 1275 1510 Oportebat
1309 1452 1528 1508 quoque
1555 1436 1775 1490 Mariam

209 1550 313 1590 cum
354 1535 444 1590 Dei
486 1534 647 1605 prole
683 1532 1032 1604 dignissima,
1074 1540 1197 1600 post
1235 1527 1527 1598 alloquium
1561 1527 1680 1592 Dc-i,
1710 1526 1779 1581 ad

211 1635 438 1681 montana
475 1624 877 1689 conscendere,
920 1632 975 1679 et
1013 1623 1066 1677 in
1089 1620 1506 1677 sublimioribus
1537 1633 1782 1673 commo-

208 1719 317 1774 rari.
368 1717 525 1774 Unde
571 1727 628 1772 et
667 1716 930 1788 scriptum
975 1724 1061 1772 est
1097 1732 1111 1769 :
1154 1713 1481 1784 Consurgens
1514 1710 1689 1766 Maria
1727 1711 1781 1765 in

1875 490 1976 554 ria,
2013 506 2189 560 neque
2212 499 2298 548 est
2326 491 2432 547 ulla
2464 491 2743 562 Scriptura
2764 507 2888 563 quae
2910 493 3012 549 ista
3054 509 3473 559 commemoret.

1875 586 2158 642 Benedicta
2182 599 2239 643 tu
2265 590 2400 644 inter
2427 590 2686 656 mulieres,
2719 600 2764 644 et
2795 589 3087 647 benedictus
3116 593 3315 662 fructus
3353 612 3475 651 venu

1875 681 1967 735 tris
2011 682 2105 735 tui.
2147 681 2209 735 Et
2238 682 2376 744 unde
2416 683 2541 737 milii
2584 682 2702 746 hoc,
2749 695 2801 737 ut
2851 686 3018 739 veniat
3051 685 3221 744 Mater
3262 690 3471 746 Domini.

1877 774 1975 828 mei
2012 776 2080 827 ad
2109 776 2232 829 me?
2257 776 2413 843 Quod
2446 778 2551 830 ait:
2579 775 2731 832 Unde
2770 777 2896 832 mihi
2922 779 3038 846 hoc,
3071 796 3179 835 non
3212 784 3473 850 ignorans

1876 868 2012 924 dicit
2036 886 2049 922 :
2077 879 2131 924 et
2158 871 2394 924 maxime
2420 871 2628 941 Spiritu
2660 884 2852 930 sancto
2873 876 3056 945 plena,
3083 878 3239 948 quasi
3269 882 3478 939 tit-sciat

1877 961 2021 1031 quod
2049 961 2200 1032 juxta
2229 961 2323 1018 Dei
2354 965 2692 1022 voluntatem
2718 967 2888 1024 Mater
2921 971 3129 1028 Domini
3161 976 3375 1031 venerit
3406 979 3471 1033 ad

1879 1068 2030 1119 eam;
2063 1056 2158 1108 sed
2208 1056 2314 1111 isto
2357 1072 2520 1111 sensu
2550 1058 2815 1127 loquitur:
2842 1062 2981 1129 Quid
3016 1064 3139 1118 boui
3175 1066 3320 1121 feci?
3348 1086 3470 1137 qua:

1880 1162 2048 1217 Opera
2079 1164 2198 1202 mea
2248 1157 2392 1203 tanta
2436 1161 2581 1217 sunt,
2628 1163 2687 1207 ut
2717 1152 2891 1209 Mater
2922 1156 3134 1211 Domini
3165 1161 3229 1213 ad
3267 1178 3354 1217 me
3382 1178 3473 1218 ve-

1884 1242 2037 1297 niat?
2087 1259 2181 1312 per
2209 1259 2369 1314 quam
2396 1245 2688 1316 justitiam,
2723 1264 2787 1303 ex
2822 1251 3018 1318 quibus
3065 1253 3241 1317 bonis,
3270 1256 3338 1310 de
3369 1273 3472 1326 qua

1882 1334 2148 1390 ﬁdelitate
2198 1338 2397 1391 utentis
2448 1338 2552 1392 ltoc
2600 1342 2797 1404 merui,
2826 1351 2886 1397 ut
2913 1342 3081 1399 Mater
3110 1345 3325 1401 Domini
3370 1351 3475 1405 mei

1884 1428 2068 1481 veniat
2098 1426 2163 1481 ad
2193 1428 2315 1483 me?
2339 1426 2477 1483 Ecce
2503 1431 2637 1483 enim
2677 1440 2730 1484 ut
2761 1433 2899 1503 facta
2926 1442 2999 1488 est
3037 1438 3279 1492 salutatio
3310 1450 3398 1494 tua
3424 1442 3474 1494 in

1883 1535 2031 1573 aures
2073 1536 2233 1580 meas,
2263 1521 2537 1575 exsultavit
2581 1524 2633 1575 in
2674 1524 3017 1580 exsultatione
3042 1528 3214 1599 infans
3252 1531 3304 1584 in
3335 1544 3480 1587 utero

1886 1628 2017 1666 meo.
2053 1612 2249 1668 Sancta
2292 1625 2410 1670 erat
2454 1616 2639 1671 anima
2677 1617 2819 1674 beati
2848 1619 3093 1689 Joannis,
3126 1633 3181 1678 et
3209 1624 3387 1682 adhuc
3427 1628 3481 1682 in

1887 1706 2080 1761 matris
2107 1718 2266 1761 utero
2293 1708 2502 1775 clausa,
2535 1719 2877 1780 venturaque
2919 1713 2971 1767 in
3005 1715 3291 1782 mundum,
3327 1721 3483 1789 quasi

210 1812 368 1866 diebus
404 1811 539 1879 illis,
585 1812 723 1866 venit
744 1811 798 1865 in
841 1820 1104 1865 montana.
1139 1806 1409 1862 Debuerat
1439 1804 1626 1870 etiam,
1655 1820 1776 1858 cum
1809 1788 1861 1850 Β
1890 1819 1985 1873 per
2011 1805 2362 1875 experientia:
2391 1823 2634 1874 sensum,
2665 1808 2872 1865 sciebat
2902 1827 3023 1879 qua:
3064 1812 3228 1867 Israel
3263 1815 3483 1885 ignora-

207 1914 331 1959 esset
373 1902 634 1969 sollicita,
680 1917 789 1956 non
831 1902 1009 1971 pigra,
1050 1914 1350 1971 properare
1383 1897 1778 1965 sollicitudine,

210 2005 254 2051 et
278 1994 471 2065 Spiritu
526 2004 721 2050 sancto
770 1995 929 2065 plena
975 1993 1041 2049 ad
1093 1992 1412 2047 sublimiora
1456 1990 1700 2061 perduci,
1727 2005 1781 2046 et

206 2087 382 2143 virtute
413 2088 513 2143 Dei
554 2088 790 2159 protegi,
821 2104 847 2140 a
877 2103 982 2158 qua
1025 2086 1197 2142 fuerat
1237 2084 1579 2140 obumbrata.
1631 2082 1783 2138 Venit

206 2196 310 2249 ergo
351 2181 401 2233 in
452 2181 717 2234 civitatem
762 2177 940 2248 Judte,
972 2188 1019 2231 et
1064 2179 1116 2230 in
1149 2178 1362 2232 domum
1385 2175 1691 2242 Zacltariaz,
1738 2185 1785 2228 et

206 2274 422 2328 salutavit
459 2272 764 2328 Elizabetlt.
810 2269 1038 2327 Factum
1082 2282 1156 2327 est
1186 2287 1301 2324 cum
1333 2271 1564 2325 audisset
1590 2268 1787 2324 saluta-

206 2366 371 2421 tionem
398 2365 593 2420 Mariw
622 2364 935 2431 Elizabetlt,
985 2363 1262 2420 exsultavit
1307 2364 1486 2435 infans
1540 2365 1593 2417 in
1642 2374 1786 2418 utero

204 2462 321 2532 ejus,
366 2472 414 2515 et
457 2460 669 2530 repleta
714 2469 789 2515 est
830 2460 1037 2533 Spiritu
1077 2469 1277 2514 sancto.
1320 2458 1439 2515 Non
1485 2470 1570 2514 est
1601 2457 1787 2529 itaque

205 2554 407 2611 dubium
450 2557 590 2627 quin
630 2572 751 2627 quae.
780 2563 910 2611 tunc
948 2554 1154 2626 repleta
1199 2566 1283 2608 ρει
1322 2553 1530 2624 Spiritu
1569 2562 1784 2622 sancto,

206 2656 406 2718 propter
450 2648 634 2704 tilium
686 2649 760 2704 sit
801 2648 1032 2717 repleta.
1075 2647 1263 2719 Neque
1297 2647 1445 2703 enim
1475 2656 1650 2703 mater
1678 2648 1787 2718 pri-

206 2756 333 2796 unun
362 2742 635 2808 Spiritum
664 2750 917 2813 sanctum
962 2742 1157 2798 meruit
1188 2781 1204 2806 ,
1253 2741 1350 2797 sed
1395 2757 1518 2797 cum
1550 2741 1789 2800 JOauues

206 2832 365 2889 adhuc
386 2836 613 2890 clause.
643 2853 697 2889 ,ιι
725 2844 877 2889 utero
898 2833 1163 2904 Spiritum
1190 2844 1438 2889 sanctum
1468 2836 1788 2905 recepisset,

207 2935 318 2982 tunc
359 2938 412 2982 ct
460 2928 560 2982 illa
614 2936 735 2996 po~t
777 2926 1260 2983 sanctilicationem
1311 2926 1407 2983 lilii
1454 2928 1661 2998 repleta
1708 2936 1794 2984 est

208 3018 396 3088 Spiritu
447 3037 505 3075 sa
520 3030 675 3077 ncto.
707 3020 917 3078 Poteris
946 3022 1048 3076 hoc.
1089 3021 1339 3084 credere,
1373 3022 1419 3075 si
1448 3022 1631 3077 simile
1662 3021 1789 3088 quid

207 3116 354 3170 etiam
416 3115 487 3171 de
546 3115 832 3171 Salvatore
896 3116 1242 3188 cognoveris.
1300 3115 1583 3171 Invenitur
1634 3116 1790 3171 beata

208 3203 379 3271 Maria,
408 3209 561 3263 sicut
584 3207 640 3262 in
668 3207 961 3278 aliquantis
983 3217 1011 3246 ι
1032 3208 1440 3279 exemplaribus
1468 3209 1791 3276 reperimus,

209 3303 554 3370 prophetare.
588 3301 707 3357 Non
753 3302 898 3357 enim
930 3302 1268 3373 ignoramus,
1300 3302 1441 3372 quod
1492 3304 1793 3359 secundum

208 3391 327 3447 alios
353 3394 586 3449 codices
634 3403 689 3450 et
738 3393 854 3449 haec
902 3395 1069 3450 verba
1121 3395 1400 3450 Elizabetlt
1450 3396 1797 3450 vaticittctur.

208 3486 395 3557 Spiritu
421 3488 622 3557 itaque
653 3497 847 3542 sancto
872 3498 1000 3542 tunc.
1022 3488 1226 3557 repleta
1252 3494 1339 3543 est
1360 3488 1548 3547 Maria,
1582 3487 1799 3557 quando

211 3581 359 3648 coapit
386 3583 441 3635 in
472 3591 646 3637 utero
689 3578 896 3642 habere
940 3580 1306 3635 Salvatorem.
1340 3579 1533 3634 Statittt
1567 3583 1709 3634 enim
1743 3591 1802 3635 ut

209 3671 457 3741 Spiritum
511 3682 773 3728 sanctum
807 3672 1040 3743 accepit,
1074 3672 1342 3727 Dominici
1390 3673 1638 3742 corporis
1668 3688 1800 3728 coit-

213 3765 450 3834 ditorem,
481 3778 548 3824 el
595 3765 767 3821 Filius
794 3766 888 3821 Dei
924 3780 1047 3822 esse
1100 3766 1269 3835 ('(Bpil
1318 3766 1368 3820 in
1418 3775 1595 3831 utero,
1637 3766 1802 3821 etiam

211 3858 312 3929 ipsa
356 3860 647 3931 completa
695 3869 780 3916 est
823 3859 1029 3929 Spiritu
1080 3871 1295 3916 sancto.
1328 3860 1625 3916 Exsultavit
1675 3876 1805 3933 ergo

214 3952 373 4021 infans
398 3956 454 4008 in
474 3963 635 4009 utero
662 3951 950 4020 Elizabetlt,
976 3963 1023 4007 et
1049 3952 1246 4027 repleta
1272 3964 1346 4009 est
1368 3954 1574 4025 Spiritu
1602 3964 1803 4022 sancto,

211 4052 255 4098 et
279 4048 518 4101 clamavit
557 4062 678 4102 voce
704 4062 892 4120 magna
920 4054 969 4101 et
997 4046 1170 4101 dixit:

276 4137 567 4194 Benedicta
598 4149 655 4193 tu
692 4139 827 4192 inter
860 4139 1127 4193 mulieres.
1158 4140 1429 4198 Debemus
1452 4141 1505 4195 in
1530 4140 1632 4196 hoc
1662 4140 1806 4207 loco,

214 4244 276 4286 ne
300 4232 588 4302 simplices
619 4229 823 4302 quique
852 4230 1220 4300 decipiantur,
1250 4245 1313 4283 ea
1352 4246 1471 4301 qua:
1501 4231 1683 4287 solent
1707 4248 1807 4302 op-

217 4336 412 4394 ponere
440 4323 719 4390 hmretici,
745 4322 1049 4378 confutare.
1072 4322 1131 4394 lu
1158 4330 1365 4377 tantam
1393 4321 1596 4394 quippe
1625 4325 1811 4380 nescio

216 4419 329 4485 quis
360 4416 622 4487 prorupit
648 4418 941 4485 insaniam,
976 4424 1035 4470 ut
1066 4425 1339 4470 assereret
1365 4427 1612 4486 negatam
1642 4416 1813 4473 fuisse

217 4508 426 4565 Mariam
461 4528 491 4565 a
526 4511 838 4576 Salvatore,
867 4524 935 4565 eo
962 4508 1108 4579 quod
1141 4518 1264 4579 post
1303 4510 1640 4565 nativitatem
1669 4511 1811 4565 illius

213 4599 385 4669 juncta
434 4600 617 4656 fuerit
645 4598 674 4639 ι’
704 4599 1021 4670 Josepltzet
1071 4600 1282 4655 locutus
1327 4604 1447 4664 est,
1495 4618 1617 4671 quae
1662 4604 1807 4672 quali

219 4706 390 4751 mente
448 4697 660 4751 dixerit
721 4698 837 4765 ipse
885 4694 1101 4751 noverit
1147 4695 1240 4763 qui
1287 4694 1502 4750 locutus
1551 4703 1638 4752 est
1683 4713 1696 4750 :
1754 4696 1813 4754 Si

217 4789 430 4858 quando
470 4788 647 4858 igitur
687 4785 935 4840 ha-retici
976 4786 1129 4841 vobis
1170 4787 1275 4840 tale
1313 4786 1444 4857 quid
1492 4786 1815 4857 objecerint,

219 4884 551 4953 respondete
574 4884 679 4950 eis,
706 4889 763 4938 et
789 4879 992 4935 dicite:
1020 4881 1181 4935 Certe
1213 4878 1419 4950 Spiritu
1450 4895 1635 4951 saneto
1658 4883 1815 4952 plena

218 4974 503 5031 Elilabeth
535 4978 609 5029 ait
641 4992 656 5028 :
683 4972 962 5028 Benedicta
1003 4983 1060 5027 tu
1089 4974 1220 5027 inter
1244 4972 1507 5028 mulieres.
1541 4973 1596 5030 Si
1629 4981 1820 5029 sancto

222 5068 431 5141 Spiritu
464 5068 766 5125 benedicta
794 5069 1010 5122 canitur
1040 5066 1227 5133 Maria,
1260 5067 1534 5137 quomodo
1565 5083 1683 5124 eam
1712 5068 1824 5123 Sal-

221 5170 373 5218 vator
411 5157 679 5232 negavit?
716 5157 890 5236 Porro
927 5157 1074 5228 quod
1110 5170 1367 5213 asserunt
1406 5172 1525 5213 eam
1574 5160 1825 5230 nupsisse

224 5264 344 5325 post
380 5266 628 5325 partum,
673 5251 825 5307 unde
853 5252 1159 5323 approbent
1187 5265 1292 5306 non
1323 5249 1541 5306 habent.
1580 5250 1645 5306 Hi
1682 5252 1825 5309 enim

296 5406 321 5433 ι
368 5394 598 5456 Ionuit,
638 5390 861 5455 opinor,
924 5390 1088 5445 verba
1140 5388 1528 5458 subsequentis
1568 5390 1829 5445 versiculi

228 5465 320 5532 45,
356 5471 447 5522 καὶ
488 5469 726 5539 μακαρία
763 5466 795 5521 ἡ
836 5465 1190 5539 marina-now
1232 5458 1311 5539 ὅτι
1360 5459 1831 5539 ἕσταιᾼτςλείωσις,

228 5549 333 5595 etc.
366 5538 437 5593 Et
480 5532 775 5603 beata'qua:
796 5534 1092 5596 credidisti,
1124 5533 1371 5604 quoniam
1411 5532 1749 5604 perﬁcientur
1781 5551 1840 5588 ett

231 5626 347 5679 qua
384 5609 537 5662 dicta
571 5616 685 5660 sunt
718 5604 877 5679 tibia
903 5603 1166 5679 potuine,
1195 5603 1261 5679 ‘in
1304 5606 1598 5670 aliquantis
1629 5607 1710 5660 sui
1734 5606 1840 5679 arvi

190 5742 191 5745 η
237 5673 753 5749 Exemplar-ibus,”
786 5675 967 5731 Maria:
1001 5673 1240 5749 Virginis
1283 5690 1539 5749 persona,
1585 5690 1692 5730 non
1733 5677 1845 5733 Eli-

234 5745 433 5809 zahetii
467 5750 604 5805 dici.
634 5747 797 5804 Nulla
828 5760 962 5803 vero
992 5762 1136 5801 nunc
1167 5745 1287 5814 ejus
1322 5745 1572 5802 lectionis
1606 5749 1727 5804 vola
1757 5755 1851 5803 aut

238 5822 544 5894 vestigium
570 5831 843 5891 superest.

702 5913 982 5975 Ρηιιοι..
1031 5909 1268 5973 XXVI.

1886 1907 1997 1962 bat.
2029 1906 2186 1965 Unde
2214 1908 2483 1963 exsilivit:
2509 1918 2565 1965 et
2592 1925 2700 1965 non
2742 1911 3063 1981 simpliciter
3092 1915 3351 1977 essilivit,
3386 1915 3482 1971 sed

1888 2001 1939 2055 in
1971 2004 2189 2073 gaudio.
2223 2003 2481 2058 Senserat
2528 2006 2675 2059 enim
2720 2006 2938 2062 venisse
2974 2008 3258 2064 Dominum
3300 2026 3479 2079 suum,

1888 2102 1946 2147 tit
1986 2093 2355 2151 sanctiﬁcaret
2392 2110 2606 2151 servum
2654 2112 2840 2163 suum,
2874 2109 3164 2170 antequam
3197 2103 3266 2158 de
3293 2103 3484 2159 matris

1890 2199 2047 2246 utero
2094 2193 2433 2261 procederet.
2468 2192 2688 2249 Utinam
2723 2195 2851 2249 tuihi
2895 2199 3133 2267 eveniat,
3168 2212 3224 2254 ut
3255 2201 3324 2253 ab
3358 2201 3483 2254 ltili-

1888 2283 2105 2339 delibus
2148 2285 2347 2341 stultus
2394 2285 2568 2347 dicar,
2618 2287 2709 2357 qui
2762 2288 2961 2344 talibus
3015 2292 3243 2345 credidi.
3299 2292 3484 2359 Ipsum

1889 2387 2026 2444 Opus
2070 2374 2313 2429 ostendit
2355 2386 2407 2430 et
2439 2377 2665 2444 veritas,
2697 2393 2801 2430 nott
2849 2395 2935 2431 nte
2977 2379 3242 2445 stultitim,
3274 2382 3368 2436 sed
3398 2398 3484 2436 sa-

1889 2467 2113 2537 pientiae
2159 2466 2496 2529 credidisse;
2543 2478 2597 2523 et
2624 2472 2748 2539 quia
2778 2469 2881 2524 hoc
2911 2471 3059 2539 quod
3090 2476 3313 2527 stultum
3342 2475 3485 2542 apud

1891 2554 2013 2609 illos
2059 2564 2301 2626 putatur,
2353 2555 2485 2609 milii
2538 2556 2731 2610 salutis
2776 2561 2993 2614 occasio
3042 2562 3130 2613 sit.
3182 2561 3293 2616 Nisi
3336 2565 3483 2617 enim

1891 2648 2085 2704 fuisset
2116 2647 2383 2714 cmleSIis,
2431 2659 2486 2704 et
2529 2649 2685 2704 beata
2722 2651 2978 2705 nativitas
3011 2654 3342 2717 Salvaloris,
3377 2656 3483 2711 nisi

1892 2741 2173 2798 habuisset
2205 2741 2372 2795 divini
2414 2741 2637 2811 aliquid,
2671 2751 2727 2798 et
2773 2742 3168 2800 humanitatem
3201 2746 3485 2804 hominum

1892 2833 2373 2903 superegrediens,
2424 2849 2721 2903 numquam
2756 2844 2923 2888 totum
2958 2836 3146 2891 orbem
3197 2839 3341 2894 illius
3387 2841 3487 2893 do-

1894 2927 2066 2981 ctrina
2099 2933 2456 2995 penetrasset.
2506 2924 2559 2979 Si
2594 2927 2972 2980 tantuuimude
3006 2928 3198 2985 l‘ois~et
3223 2931 3277 2985 in
3308 2932 3487 2988 Maria:

1896 3028 2077 3081 utero,
2111 3027 2164 3071 et
2194 3032 2300 3071 non
2348 3017 2706 3091 267-268
2738 3019 2831 3073 Dei
2867 3019 3061 3083 Filius,
3093 3026 3370 3091 quomodo
3401 3043 3495 3095 po-

1900 3119 2040 3165 terat
2088 3111 2229 3175 ﬁeri,
2275 3121 2335 3164 ut
2376 3124 2430 3164 et
2480 3111 2575 3165 illo
2620 3122 2862 3180 tt-tnpure
2893 3121 2949 3168 et
2980 3130 3141 3171 nunc.
3178 3131 3283 3170 ttou
3320 3122 3492 3173 ~o|tttu

1902 3220 2228 3274 corporum,
2275 3204 2370 3260 sed
2404 3205 2568 3259 etiam
2601 3207 2905 3261 animarum
2941 3210 3117 3261 morbi
3160 3212 3496 3282 multiplices

1902 3298 2267 3353 curarentur?
2297 3298 2430 3363 Quis
2462 3305 2710 3351 nostrum
2759 3314 2867 3352 non
2919 3300 3187 3368 insipiens
3236 3303 3356 3367 fuit,
3403 3309 3497 3377 qui

1904 3406 2048 3446 nunc
2094 3402 2321 3460 propter
2371 3390 2801 3445 misericordiam
2841 3392 2937 3446 Dei
2987 3392 3252 3449 babcnuts
3301 3396 3497 3454 intelli-

1902 3483 2162 3553 gentiam,
2211 3492 2265 3536 et
2300 3481 2516 3536 sitimus
2552 3484 2757 3537 lit-um?
2802 3484 2934 3552 Quis
2984 3499 3233 3541 nOSIrum
3268 3506 3373 3543 non
3421 3491 3502 3546 in-

1904 3576 2166 3633 credulus
2190 3574 2437 3645 justitite,
2480 3574 2571 3644 qui
2603 3591 2744 3629 nunc
2780 3586 3004 3645 propter
3036 3578 3311 3634 Christum
3338 3583 3501 3649 justi-

1908 3668 2035 3723 tiam
2063 3667 2346 3731 babetnus,
2367 3668 2757 3738 sequimurque
2773 3667 3077 3739 justitiam?
3097 3671 3228 3739 Quis
3253 3684 3500 3732 nostrum

1908 3780 2014 3818 non
2047 3762 2390 3819 errabundus
2419 3771 2474 3818 et
2501 3778 2668 3832 vagus
2689 3803 2704 3827 ,
2751 3766 2840 3834 qtti
2874 3780 3016 3819 nunc
3047 3777 3268 3836 promer
3296 3770 3502 3825 adven-

1912 3865 2023 3911 tum
2072 3856 2374 3912 Salvatoris
2424 3869 2534 3909 non
2582 3854 2934 3917 l'luctnamus,
2986 3866 3147 3926 atque
3198 3859 3504 3928 turbamur,

1910 3949 2006 4004 sed
2058 3962 2248 4002 sumus
2279 3949 2330 4001 itt
2363 3947 2471 4010 via,
2501 3948 2554 4000 in
2590 3946 2684 4001 illo
2710 3947 2965 4002 videlicet
2989 3949 3078 4017 qui
3107 3950 3215 4003 ait:
3248 3948 3363 4023 Ego
3386 3971 3505 4008 sum

1911 4042 1992 4095 via
2040 4039 2222 4113 (Joan.
2266 4039 2359 4110 x)?
2407 4039 2706 4094 Possumus
2752 4049 2803 4093 et
2854 4039 3065 4110 reliqua
3110 4058 3508 4114 erngregantes

1911 4134 2123 4203 videre,
2171 4132 2429 4203 quoniam
2480 4131 2662 4186 omnia
2713 4147 2835 4203 quae
2883 4134 3088 4201 scripta
3140 4146 3268 4189 sunt
3315 4136 3381 4192 de
3416 4154 3505 4203 eo,

1912 4229 2094 4284 divina
2124 4226 2485 4281 admiratione
2514 4224 2675 4292 digna
2728 4223 3073 4281 referuntur:
3119 4228 3261 4297 quod
3291 4240 3345 4284 ct
3374 4234 3512 4285 nati-

1914 4326 2055 4380 vitas
2102 4323 2278 4386 illius,
2329 4331 2384 4377 et
2434 4320 2788 4383 nutrimenta,
2817 4330 2871 4375 ct
2900 4321 3093 4386 virtus,
3127 4335 3181 4377 et
3215 4325 3420 4393 passio,
3456 4336 3513 4382 et

1915 4415 2248 4471 resurrectio
2277 4428 2384 4467 non
2416 4413 2599 4467 solum
2637 4413 2730 4466 illo
2755 4422 3020 4481 tempore,
3054 4413 3148 4467 ενι]
3182 4417 3341 4469 etiam
3372 4435 3512 4473 nunc

1917 4518 2212 4582 operentur
2244 4510 2294 4562 in
2325 4507 2500 4563 nobis.
2533 4507 2663 4575 Quis
2691 4522 2809 4573 vos,
2842 4525 2874 4560 o
2899 4508 3298 4573 catecltumeui,
3326 4510 3376 4563 in
3412 4511 3516 4568 Ec—

1918 4606 2082 4661 clesia
2114 4600 2499 4672 congregavit?
2528 4599 2618 4668 qui
2648 4602 2902 4655 stimulus
2935 4602 3171 4669 impulit,
3195 4612 3272 4669 ut,
3307 4604 3513 4659 relictis

1919 4698 2196 4760 domibus,
2231 4697 2284 4750 in
2319 4696 2464 4750 hunc
2484 4702 2684 4751 ccetutn
2734 4694 2978 4749 coeatis?
3008 4694 3191 4766 Neque
3235 4697 3380 4752 enim
3418 4714 3517 4754 nos

1921 4790 2120 4848 domus
2169 4796 2376 4844 vestras
2424 4787 2738 4857 singillatim
2789 4786 3171 4853 circuivintus;
3213 4790 3308 4844 sed
3342 4784 3519 4846 υιηίιί-

1924 4892 2120 4956 potens
2152 4881 2312 4936 Pater
2344 4880 2546 4935 virtute
2577 4878 2835 4934 invisibili
2869 4879 3091 4949 subjicit
3139 4884 3396 4939 cordibus
3423 4902 3517 4943 ve-

1927 4978 2076 5044 stris,
2108 4990 2248 5045 quos
2275 4975 2377 5028 scit
2406 4987 2529 5026 esse
2559 4972 2775 5041 dignos,
2802 4970 2944 5025 hunc
2972 4971 3249 5035 ardorem.
3286 4988 3341 5029 ut
3365 4979 3522 5045 quasi

1932 5070 2111 5133 inviti,
2144 5078 2198 5121 et
2228 5075 2595 5122 retrectantes
2648 5064 2881 5118 veniatis
2926 5063 2993 5119 ad
3045 5065 3235 5131 lidetn,
3284 5071 3526 5127 maxime

1935 5161 1990 5216 in
2023 5158 2252 5215 exordio
2280 5156 2583 5227 religionis,
2609 5170 2731 5209 cum
2763 5155 2930 5211 veluti
2965 5157 3161 5226 trepidi
3189 5166 3246 5212 et
3268 5170 3526 5227 paventes

1936 5252 2132 5309 salutis
2159 5250 2320 5305 ﬁdem
2353 5264 2475 5304 cum
2508 5249 2706 5303 timore
2741 5247 3038 5318 suscipitis.
3069 5248 3312 5304 Obsecro
3347 5266 3464 5318 vos,
3495 5269 3529 5308 ο

2014 5389 2223 5445 1’llanc
2292 5396 2479 5455 postea
2552 5389 2804 5443 haeresim
2850 5388 3122 5444 llelvidins
3181 5389 3530 5459 instauravit,

1946 5463 2192 5531 hancque
2220 5461 2537 5531 ipsatn'prre
2568 5460 2793 5527 reliquis
2816 5476 3034 5515 Causam
3066 5462 3368 5531 prtrtexitit,
3391 5465 3533 5531 quod

1949 5529 2136 5604 fratres
2160 5529 2368 5586 Domini
2398 5530 2452 5585 in
2481 5532 2778 5599 Evangelia
2811 5529 3539 5604 nuntiuentur._0perwSpre-

1952 5600 2084 5659 tiutn
2114 5605 2183 5659 sit
2205 5604 2266 5659 S.
2298 5603 2788 5675 lilieronymiivere
2816 5617 3040 5675 aureum
3073 5600 3317 5675 libellum
3350 5600 3538 5661 contra

1955 5674 2099 5730 hunc
2141 5674 2456 5729 th-reticum
2501 5671 2817 5727 recolitisse.
2853 5673 2970 5726 Mox
3015 5671 3544 5740 perturbatumcon-

1957 5755 2162 5802 textum
2180 5760 2293 5819 nos
2313 5744 2683 5819 restituimus,
2717 5756 2840 5819 cunt
2874 5752 3033 5819 antea
3066 5744 3336 5811 legeretur
3369 5750 3549 5819 :quali

1960 5828 2128 5875 mente
2154 5817 2368 5887 dixerit,
2396 5816 2506 5886 qui,
2538 5815 2645 5883 ipse
2670 5813 2884 5882 noverit,
2915 5814 3115 5868 locutus
3148 5824 3242 5869 est.

2917 5908 2958 5971 8
