3978 6338
452 312 561 371 255

1713 306 1770 366 S.
1809 303 2083 369 EUSEBII
2119 304 2508 372 HIERONYMI

3650 302 3754 363 236

454 427 835 490 catecltumeni
858 469 875 498 ,
905 429 1081 486 nolite
1125 430 1645 487 retrectareznemo
1671 430 1912 479 vestrum
1941 421 2048 514 for;
2076 435 2130 499 Α
2152 431 2233 491 sic
2261 431 2308 487 si
2338 439 2653 502 peccatores
2705 426 2992 495 fuerimus,
3034 425 3301 483 minuitur
3355 430 3521 497 atque
3567 421 3760 491 dcere,-

455 524 631 581 mitlet
666 534 725 580 et
762 533 986 596 paveat,
1024 523 1121 585 sed
1151 523 1444 597 sequimini
1476 535 1812 596 praeeuntem
1842 532 2050 582 Iesum.

460 620 559 678 Ille
587 635 689 676 vos
716 619 889 677 trahit
930 617 1000 676 ad
1028 619 1286 688 salutem,
1314 628 1609 692 congregat
1637 619 1695 678 in
1722 618 2054 686 Ecciesiam,

460 729 609 770 nunc
637 712 857 787 quidem
887 726 1056 784 super
1086 720 1324 770 terram:
1346 711 1395 769 si
1420 721 1601 770 autem
1627 711 1823 786 dignos
1846 712 2057 769 fructus

456 806 728 876 feceritis,
752 808 806 863 in
836 806 1146 864 Ecclesium
1177 806 1576 879 primitivorum
1597 810 1690 879 qui
1713 806 1906 879 scripti
1928 814 2057 863 sunt

460 899 517 955 in
546 898 887 956 cmlestibus.
928 897 1094 955 Beata
1118 913 1236 970 qua:
1259 899 1502 967 credidit,
1525 899 1649 972 quia
1675 899 1780 956 erit
1807 897 2055 972 perfectio

458 990 541 1048 his
561 1008 677 1066 quae
700 993 842 1048 dicta
865 1001 986 1049 sunt
1007 994 1055 1049 ei
1077 1011 1109 1048 a
1137 993 1380 1051 Domino.
1403 992 1581 1067 Super
1599 992 1797 1067 quibus
1816 1002 1873 1050 et
1897 993 2054 1050 beata

455 1084 625 1142 Maria
659 1085 974 1158 magniﬁcat
997 1086 1285 1144 Dominum
1306 1086 1515 1144 Jesum.
1541 1086 1850 1161 Magniﬁcat
1867 1094 2054 1142 autem

453 1181 633 1238 anima
659 1179 974 1248 Dominum,
1000 1180 1224 1253 spiritus
1247 1181 1441 1243 Deum.
1471 1181 1605 1252 Quae
1624 1196 1789 1254 quam
1816 1178 2055 1237 habeant

454 1272 995 1346 interpretationem,
1025 1275 1071 1331 si
1105 1275 1444 1334 concesserit
1470 1276 1751 1344 Dominus,
1779 1284 1837 1331 ut
1867 1288 2055 1331 rursus

454 1369 514 1426 in
542 1368 848 1426 Ecclesiam
878 1384 1302 1443 congregemur,
1352 1380 1408 1427 ut
1456 1369 1644 1427 festivi
1700 1369 1935 1426 veniatis
1985 1366 2055 1424 ad

454 1461 676 1521 domum
723 1462 855 1531 Dei,
907 1471 964 1520 et
1007 1462 1208 1520 divinae
1257 1463 1477 1523 leCtioni
1528 1462 1818 1535 prsebeatis
1862 1475 2051 1527 aures,

456 1570 787 1629 quaeremus,
844 1555 1251 1625 ventilabimus,
1307 1556 1665 1625 disseremus,
1721 1556 1779 1612 in
1829 1553 2055 1612 Christo

456 1647 612 1719 Jesu,
642 1651 730 1707 cui
762 1656 848 1707 est
872 1650 1047 1723 gloria
1077 1659 1133 1707 et
1178 1649 1467 1722 imperium
1509 1650 1563 1707 in
1593 1648 1791 1707 secula
1818 1648 2053 1707 saeculo-

452 1753 597 1801 rum.
630 1743 827 1801 Amen.

1030 1878 1310 1940 HOMILIA
1343 1880 1476 1940 VIII.

455 1994 535 2054 De
557 2011 622 2052 eo
651 1995 796 2069 quod
825 1993 1090 2068 scriptum
1114 2005 1238 2069 est:
1271 1994 1576 2069 Magniﬁca}
1598 1994 1917 2069 animantem
1947 1992 2057 2069 Do-

526 2066 749 2133 minum,
783 2066 957 2139 usque
979 2069 1046 2124 ad
1066 2067 1222 2124 illum
1251 2066 1430 2125 locum
1461 2066 1553 2126 ubi
1578 2068 1654 2124 ait
1683 2082 1702 2129 :
1732 2066 2058 2124 Timentibus

526 2140 679 2212 efﬁcit
708 2140 966 2197 virtutem.
1000 2139 1128 2211 Cap.
1166 2141 1209 2197 Ι.

528 2304 673 2362 Ante
720 2302 989 2359 Joannem
1022 2300 1316 2373 prophetat
1341 2298 1658 2372 Elizabeth,
1703 2308 1830 2356 aute
1877 2307 2056 2357 ortum

464 2397 682 2456 Domini
732 2394 1032 2453 Salvatoris
1079 2393 1372 2467 prophetat
1418 2393 1612 2451 Maria.
1667 2393 1735 2450 Et
1787 2391 2058 2465 quomodo

455 2498 739 2563 peccatum
790 2488 957 2559 cmpit
1001 2501 1031 2542 a
1076 2487 1334 2556 muliere,
1364 2496 1419 2544 et
1464 2486 1727 2559 deinceps
1770 2487 1838 2543 ad
1881 2487 2056 2545 virum

457 2598 633 2655 usque
661 2579 910 2652 pervenit
936 2595 952 2637 :
984 2578 1063 2636 sic
1092 2587 1147 2636 et
1176 2578 1499 2652 principium
1524 2580 1720 2636 salutis
1747 2596 1778 2636 a
1807 2581 2053 2637 mulieri-

456 2673 559 2731 bus
587 2673 776 2729 habuit
817 2671 1136 2740 exordium,
1168 2680 1225 2727 ut
1254 2683 1466 2729 caetera:
1504 2687 1722 2744 quoque
1761 2672 2055 2741 mulieres,

462 2784 629 2826 sexus
658 2768 956 2841 fragilitate
994 2766 1276 2838 deposita,
1309 2766 1651 2823 imitarentur
1677 2767 1875 2837 vitam,
1918 2782 2055 2825 con-

460 2862 944 2933 versationemque
975 2869 1287 2916 sanctarum
1314 2875 1526 2925 earum,
1558 2875 1680 2931 quae
1710 2860 1795 2917 vel
1821 2861 2059 2919 maxime

462 2973 608 3016 nunc
639 2958 695 3012 in
724 2955 1023 3026 Evangelio
1050 2952 1455 3011 describuntur.
1480 2952 1776 3011 Videamus
1802 2969 1935 3025 ergo
1964 2970 2060 3010 va-

463 3050 711 3107 ticinium
743 3045 1026 3118 virginale.
1070 3045 1409 3119 Magni/ian,
1453 3044 1551 3111 ait.
1580 3046 1759 3102 artium
1800 3063 1914 3102 mea
1942 3046 2055 3103 Do-

460 3147 695 3213 minum,
729 3152 777 3198 et
818 3140 1095 3198 exsultauit
1130 3139 1346 3212 spiritus
1392 3156 1533 3195 meus
1578 3140 1634 3195 in
1680 3138 1797 3197 Deo
1839 3142 2059 3196 “tutari

2155 524 2280 583 scit.
2303 523 2411 582 Sed
2438 539 2539 579 nos
2570 536 2668 593 pro
2691 520 2924 593 imagine
2950 519 3249 578 Salvatoris
3270 518 3406 575 alias
3432 517 3593 575 nobis
3622 514 3760 571 ima-

2153 619 2312 692 gines
2338 616 2616 674 induimus
2647 633 2664 672 :
2695 629 2796 687 pro
2825 613 3064 686 imagine
3097 612 3264 670 Verbi
3292 610 3578 683 sapientia:
3599 650 3615 675 ,
3645 608 3760 680 jus-

2157 712 2311 783 titias,
2335 720 2767 783 ceterarumque
2793 709 3078 779 virtutum,
3104 705 3311 764 diaboli
3340 703 3577 763 formam
3598 716 3758 760 assuo

2157 807 2391 876 mimus,
2434 815 2494 863 ut
2536 806 2753 862 dicatur
2778 803 2849 861 de
2889 804 3054 861 nobis
3079 818 3096 861 :
3126 801 3441 875 Serpentes,
3488 796 3760 874 generatio

2156 903 2452 975 viperarum
2482 900 2699 974 (Matth.
2734 914 2865 958 xxttt
2887 900 2928 973 ).
2962 899 3031 957 Et
3059 897 3237 956 leonis
3259 910 3551 970 personam
3585 893 3765 950 indui-

2158 1010 2300 1064 mus,
2328 1005 2388 1053 et
2406 996 2684 1065 draconis,
2709 1003 2767 1053 et
2791 994 3055 1066 vulpium,
3084 992 3307 1067 quando
3327 989 3612 1059 venenati,
3637 1002 3764 1045 cru-

2156 1088 2352 1157 deles,
2394 1088 2581 1146 callidi
2624 1104 2816 1147 sumus
2845 1105 2860 1144 :
2889 1102 3107 1145 necnon
3128 1096 3189 1144 et
3237 1085 3519 1153 hirci,vel
3565 1082 3759 1155 porci,

2159 1181 2384 1254 quando
2409 1181 2479 1238 ad
2507 1181 2789 1239 libidinem
2819 1181 3205 1253 promptiores.
3232 1178 3452 1236 Memini
3481 1175 3759 1250 quondam

2160 1273 2646 1332 Denteronomium
2672 1274 3037 1332 disserentem
3062 1274 3117 1330 in
3139 1288 3208 1331 eo
3234 1273 3356 1329 loco
3376 1270 3473 1329 ubi
3492 1270 3761 1342 scriptum

2159 1379 2243 1427 est
2275 1386 2291 1425 :
2318 1368 2404 1426 Ne
2432 1371 2642 1442 faciatis
2669 1385 2874 1425 omnem
2898 1368 3300 1426 similitudinem
3324 1368 3493 1423 omnis
3515 1366 3763 1422 animalis

2156 1460 2342 1536 (Deut.
2373 1462 2473 1535 tv),
2505 1462 2716 1520 dixisse
2738 1477 2827 1520 me
2851 1462 3110 1535 quoniam
3137 1460 3404 1533 spiritalis
3424 1468 3511 1516 est
3539 1459 3596 1515 in
3619 1459 3763 1516 alios

2157 1554 2341 1614 facere
2369 1555 2663 1629 imaginem
2686 1557 2942 1625 masculi,
2973 1557 3026 1614 in
3055 1555 3193 1614 alios
3218 1554 3437 1612 feminas
3464 1572 3476 1609 :
3509 1552 3667 1610 illum
3689 1553 3766 1608 si-

2157 1649 2527 1708 militudinem
2551 1650 2756 1708 habere
2771 1651 3079 1720 volucrum,
3101 1650 3254 1706 illum
3274 1647 3575 1720 reptiiium,
3598 1656 3766 1718 atque

2157 1742 2522 1817 serpentium,
2550 1752 2608 1801 et
2632 1744 2801 1800 alium
2831 1742 3016 1800 facere
3040 1741 3453 1799 similitudinem
3484 1739 3601 1798 Dei.
3635 1740 3767 1797 Huic

2082 1833 2135 1897 Β
2156 1834 2431 1908 quomodo
2455 1835 2827 1908 intelligantur
2857 1835 2994 1892 sciet
3018 1835 3115 1907 qui
3148 1833 3240 1890 illa
3262 1842 3291 1872 ιι
3317 1831 3534 1905 legerit.
3563 1832 3764 1888 Anima

2160 1930 2344 2002 itaque
2360 1928 2548 1987 Maria:
2564 1931 2803 2001 primum
2825 1928 3139 2001 magniﬁcat
3156 1927 3469 1994 Dominum,
3492 1933 3548 1982 et
3570 1935 3767 1997 postea

2159 2023 2404 2081 exsultat
2434 2023 2491 2079 in
2520 2023 2653 2079 Deo.
2678 2022 2797 2079 Nisi
2824 2023 2973 2079 enim
3001 2031 3163 2080 antea
3178 2020 3557 2085 crederemus,
3580 2018 3771 2075 exsul-

2159 2125 2277 2174 tare
2303 2130 2414 2173 non
2442 2129 2749 2187 possemus.
2785 2114 2924 2182 Quia
2948 2115 3206 2188 respexit,
3236 2114 3434 2186 inquit,
3464 2113 3519 2168 in
3549 2112 3770 2168 [taurili-

2157 2218 2310 2265 tatem
2336 2208 2548 2266 aneitla
2570 2224 2701 2266 suat.
2745 2208 2804 2264 iu
2841 2224 3006 2281 quam
3044 2208 3410 2265 humilitatem
3453 2206 3638 2263 Maria:
3682 2223 3770 2262 rc-

2159 2304 2338 2375 spexit
2367 2305 2672 2361 Dominus?
2698 2304 2842 2374 Quid
2866 2303 3104 2361 habebat
3133 2302 3308 2361 Mater
3332 2302 3636 2361 Salvatoris
3664 2302 3771 2360 hu~

2158 2396 2286 2455 mile
2330 2406 2494 2469 atque
2535 2397 2843 2469 deiectum,
2892 2412 3015 2469 quae
3046 2396 3141 2454 Dei
3184 2395 3380 2453 Filium
3417 2395 3668 2468 gestabat
3710 2395 3770 2453 in

2159 2491 2361 2550 utero?
2390 2490 2548 2561 Quod
2568 2506 2710 2563 ergo
2736 2491 2874 2547 dicit
2898 2509 2911 2546 :
2940 2490 3190 2562 Respexit
3214 2491 3270 2546 in
3298 2489 3644 2546 humilitatem
3673 2506 3770 2544 art-

2158 2586 2295 2641 cillis
2320 2600 2428 2641 sum
2448 2626 2464 2653 ,
2498 2584 2606 2641 tale
2628 2595 2716 2641 est
2758 2585 2918 2658 quasi
2962 2586 3165 2642 dixerit
3191 2604 3203 2641 :
3233 2584 3493 2657 Respexit
3524 2585 3578 2641 in
3602 2585 3770 2656 justi-

2157 2680 2291 2739 tiam
2316 2679 2531 2737 ancilim
2557 2693 2695 2750 suae,
2718 2681 2964 2752 respexit
2980 2681 3037 2737 in
3057 2680 3499 2751 temperantiam,
3518 2680 3772 2752 respexit

2161 2775 2215 2832 in
2254 2775 2645 2831 fortitudinem
2680 2784 2851 2846 atque
2901 2773 3249 2847 sapientiam.
3289 2774 3517 2846 Dignum
3563 2774 3772 2846 quippe

2159 2878 2265 2937 est,
2292 2877 2352 2924 ut
2376 2868 2611 2926 virtutes
2638 2868 2920 2941 respiciat.
2949 2868 3300 2940 BeSpondeat
3321 2867 3539 2939 aliquis,
3581 2875 3639 2924 et
3688 2868 3771 2923 di-

2163 2970 2251 3018 cat
2280 2979 2295 3016 :
2328 2961 2581 3034 Intelligo
2608 2960 2886 3033 quomodo
2912 2960 3060 3017 Deus
3084 2960 3355 3031 justitiam
3379 2959 3591 3016 ancilla:
3623 2974 3768 3028 sum,

2159 3051 2597 3124 sapientiamque
2633 3054 2901 3124 respiciat
2929 3070 2943 3107 :
2974 3053 3252 3124 quomodo
3293 3061 3475 3110 autem
3521 3053 3774 3108 intendat

2162 3144 2547 3212 humititatem,
2570 3161 2680 3202 non
2705 3147 2839 3203 satis
2877 3147 3071 3219 liquet.
3094 3144 3420 3203 Consideret
3446 3146 3540 3218 qui
3566 3146 3774 3218 quaerit

465 3255 598 3295 meo.
647 3236 779 3292 Duae
797 3249 888 3291 res
909 3276 925 3302 ,
957 3233 1138 3290 anima
1178 3232 1394 3289 scilicet
1433 3242 1491 3289 et
1537 3233 1801 3302 spiritus,
1854 3232 2062 3305 duplici
2087 3223 2134 3291 C
2168 3238 2332 3305 talia,
2363 3240 2627 3312 quoniam
2652 3241 2878 3311 proprie
2905 3241 2964 3297 in
2986 3240 3291 3311 Scripturis
3320 3256 3426 3296 una
3454 3240 3523 3297 de
3553 3242 3775 3297 virtuti-

461 3329 624 3389 lande
653 3327 976 3398 funguntur.
1000 3324 1206 3381 Anima
1234 3325 1521 3381 Dominum
1553 3326 1847 3396 praedicat,
1895 3327 2059 3398 spiri-
2168 3331 2273 3387 bus
2304 3331 2584 3388 humilitas
2610 3332 2959 3404 prmdicetnr.
2992 3335 3084 3390 Ait
3109 3334 3312 3405 quippe
3338 3333 3638 3390 Salvator:
3673 3332 3776 3390 Di-

465 3430 553 3480 tus
584 3422 776 3478 Deum.
819 3418 939 3477 Non
965 3417 1110 3491 quod
1140 3419 1245 3474 alia
1271 3419 1392 3476 laus
1418 3419 1657 3489 Domini,
1691 3420 1796 3477 alia
1826 3420 1923 3478 Dei
1949 3421 2061 3490 sit;
2166 3426 2291 3481 scite
2314 3443 2347 3480 a
2374 3442 2456 3481 me
2492 3427 2617 3498 quia
2646 3436 2947 3483 mansuetus
2973 3444 3087 3483 sum
3107 3472 3120 3497 ,
3149 3438 3197 3481 et
3239 3426 3453 3483 Immitis
3502 3428 3660 3483 corde
3681 3470 3696 3495 ,
3726 3438 3775 3484 et

463 3515 564 3575 sed
591 3514 717 3586 quia
760 3512 852 3584 qui
881 3511 1024 3568 Deus
1047 3521 1156 3577 est,
1185 3510 1328 3567 idem
1354 3520 1409 3567 et
1442 3510 1705 3569 Dominus
1728 3521 1819 3569 est
1850 3530 1867 3571 :
1894 3523 1948 3571 et
1971 3513 2066 3585 qui
2168 3520 2438 3576 invenieris
2460 3521 2689 3592 requiem
2718 3520 2993 3576 animabus
3023 3521 3205 3577 vestris
3230 3517 3450 3591 (Matth.
3483 3523 3585 3592 ιι).
3611 3521 3775 3590 Quod

466 3609 734 3667 Dominus
758 3614 876 3673 est,
904 3604 1046 3663 idem
1073 3616 1127 3663 et
1170 3605 1315 3662 Deus
1355 3606 1447 3663 sit.
1474 3605 1750 3675 Quaeritur
1789 3609 2067 3679 quomodo
2169 3612 2215 3669 si
2238 3612 2319 3668 vis
2349 3627 2547 3668 nomen
2582 3612 2745 3685 hujus
2774 3612 2968 3671 audire
2992 3612 3558 3685 virtutis,-quomodo
3600 3614 3774 3671 etiam

465 3702 779 3775 magnilicet
804 3698 1119 3756 Dominum.
1146 3697 1207 3755 Si
1229 3697 1375 3755 enim
1404 3699 1665 3755 Dominus
1686 3715 1787 3758 nec
1806 3716 2069 3772 augmen—
2169 3721 2199 3761 a
2230 3706 2573 3778 philosophis
2588 3707 2923 3777 appellatur,
2954 3707 3206 3766 ausculta
3236 3708 3483 3767 eamdem
3516 3722 3643 3764 esse
3672 3708 3777 3764 hu-

466 3806 605 3865 tnm,
630 3810 734 3853 nec
764 3793 1197 3862 decrementum,
1223 3791 1468 3862 recipere
1493 3800 1691 3863 potest,
1710 3803 1769 3850 et
1790 3795 1937 3866 quod
1960 3807 2065 3865 est,
2172 3799 2460 3856 miiitatem
2485 3815 2648 3870 quam
2678 3800 2938 3872 respiciat
2969 3799 3135 3871 Deus,
3159 3819 3283 3874 quae
3311 3800 3519 3858 abillis
3544 3803 3741 3875 ἀτυφία
3760 3843 3775 3868 ,

469 3901 554 3948 est
594 3906 607 3944 :
652 3902 758 3959 qua
793 3886 1006 3943 ratione
1049 3899 1195 3940 nunc
1234 3884 1403 3940 Maria
1452 3884 1688 3955 loquitur
1717 3904 1729 3940 :
1765 3887 2071 3959 Magniﬁca
2171 3891 2291 3949 sive
2318 3893 2612 3967 μετριότης,
2644 3893 2863 3951 dicitur.
2894 3894 3005 3951 Sed
3031 3905 3087 3951 et
3109 3910 3212 3952 nos
3227 3894 3461 3965 quodam
3500 3908 3624 3950 eam
3657 3894 3780 3966 pos:

473 3981 650 4037 anima
682 3996 795 4035 mea
822 3977 1139 4033 Dominum?
1164 3974 1225 4033 Si
1250 3975 1592 4033 considerent
1639 3977 1927 4034 Dominum
1953 3979 2072 4035 Sai-
2173 4000 2364 4042 sumus
2393 3986 2670 4058 appellare
2688 3986 2946 4056 circuitu,
2973 4004 3097 4044 cum
3138 3987 3333 4059 aliquis
3360 4002 3470 4042 non
3499 3995 3579 4041 est
3616 3984 3780 4042 infla.

471 4083 718 4131 vatorem
746 4070 1038 4143 imaginem
1067 4083 1193 4125 esse
1222 4068 1515 4129 invisibilis
1546 4068 1642 4125 Dei
1665 4068 1891 4143 (Cotoss.
1919 4072 1985 4143 ι),
2018 4081 2075 4129 et
2177 4087 2283 4145 tus,
2314 4080 2411 4135 sed
2440 4077 2560 4150 ipse
2585 4094 2645 4136 se
2673 4079 2878 4152 dejicit.
2910 4081 3014 4151 Qui
3034 4081 3185 4138 enim
3210 4080 3451 4148 inflatur,
3477 4078 3656 4146 cadit,
3692 4094 3780 4135 se-

473 4164 687 4222 videam
716 4163 954 4221 animam
986 4177 1164 4218 meam
1192 4159 1390 4217 factam
1416 4160 1487 4217 ad
1512 4159 1800 4232 imaginem
1822 4163 2072 4221 condito-
2114 4170 2127 4178 ’
2175 4169 2412 4228 cundum
2452 4168 2800 4240 Apostolutn,
2834 4171 2888 4226 in
2912 4170 3172 4243 judicium
3217 4171 3424 4228 diaboli
3460 4189 3473 4225 :
3503 4170 3779 4241 siquidem

476 4255 573 4326 ris.
597 4264 654 4310 ιιι
686 4254 864 4324 imago
894 4262 1042 4308 85501
1068 4247 1340 4322 ίωειεὶηίε,
1373 4265 1550 4321 netlue
1577 4250 1722 4309 enim
1752 4254 1932 4311 anima
1954 4270 2077 4312 mea
2175 4271 2232 4318 et
2256 4261 2353 4318 ille
2380 4261 2449 4317 ab
2486 4261 2769 4320 inﬂatione
2804 4265 2972 4338 coepit
3004 4274 3172 4337 atque
3212 4264 3491 4335 superbia.
3527 4262 3596 4319 Ut
3623 4280 3735 4319 non
3766 4306 3779 4330 ,

477 4344 789 4417 specialiter
815 4342 997 4414 imago
1021 4350 1105 4397 est
1137 4341 1266 4409 Dei;
1294 4340 1391 4398 sed
1418 4341 1483 4396 ad
1509 4343 1916 4403 similitudinem
1942 4347 2077 4403 ima-
2177 4354 2385 4427 inquit,
2414 4355 2633 4425 inﬂatus
2660 4355 2713 4411 in
2753 4357 3021 4431 judicium
3056 4357 3257 4411 incidat
3302 4356 3500 4412 diaboli
3537 4356 3557 4430 (
3584 4356 3605 4412 l
3636 4355 3780 4412 Tim.

476 4437 618 4511 ginis
668 4435 871 4508 prioris
920 4433 1107 4491 eil'ecta
1148 4444 1230 4490 est
1272 4452 1289 4491 :
1335 4443 1462 4490 tunc
1484 4435 1680 4492 videbo
1725 4438 1982 4507 quoniam
2021 4439 2075 4497 in
2178 4447 2305 4519 ιιι),
2344 4447 2613 4520 Respexit
2654 4463 2820 4523 super
2845 4450 3205 4506 hominum“
3236 4450 3451 4507 ancilla
3489 4464 3629 4506 sum,
3665 4449 3785 4506 nu.

480 4531 794 4602 exemplum
846 4544 1059 4595 eorum,
1102 4528 1193 4599 qui
1219 4528 1395 4583 solent
1436 4526 1699 4600 imagines
1725 4530 1981 4602 pingere,
2020 4542 2080 4591 et
2182 4538 2367 4595 mitem
2402 4554 2515 4608 me,
2546 4542 2753 4613 inquit,
2787 4552 2842 4598 et
2874 4543 3309 4599 mansuetudinis
3338 4550 3639 4598 sectantem
3685 4542 3785 4600 de-

480 4642 590 4684 uno
619 4624 791 4699 (verbi
823 4621 1010 4693 causa)
1038 4622 1185 4678 vultu
1209 4620 1353 4693 regis
1374 4630 1603 4693 accepto
1622 4623 1691 4680 ad
1717 4625 2062 4697 principalem

2178 4630 2546 4704 jectionisque
2598 4634 2859 4689 virtutem
2906 4635 3151 4700 resnexit
3210 4634 3374 4689 Deus.
3436 4632 3574 4690 Ecce
3639 4635 3786 4689 enim

479 4716 890 4776 similitudinem
931 4715 1340 4786 exprimendam
1382 4715 1515 4772 artis
1554 4716 1879 4775 induSIriam
1925 4735 2079 4778 com-
2179 4726 2369 4781 amodo
2394 4728 2598 4782 beatam
2622 4742 2706 4780 me
2738 4726 2918 4782 dicunt
2945 4744 3119 4783 omnes
3148 4728 3522 4800 generationes.
3552 4725 3610 4783 Si
3640 4727 3778 4782 sim-

481 4809 761 4877 mendare,
794 4807 1161 4878 unusquisque
1189 4817 1437 4865 nostrum
1460 4808 1529 4865 ad
1559 4810 1847 4883 imaginem
1879 4813 2080 4873 Christi
2178 4818 2400 4888 pliciter
2426 4818 2731 4890 intelligam
2763 4834 2959 4876 omnes
2989 4820 3405 4892 generationes,
3440 4834 3611 4890 super
3654 4833 3783 4875 (τινες

481 4907 724 4962 tormans
746 4903 980 4957 animam
1001 4916 1178 4968 suam,
1202 4911 1290 4956 ant
1314 4903 1574 4972 majorem
1599 4907 1673 4970 ei,
1697 4916 1789 4963 aut
1808 4908 2076 4967 minorem

482 4996 641 5070 ponit
679 4995 999 5066 imaginem,
1029 4996 1117 5050 vel
1145 4994 1476 5064 obsoletam,
1506 4997 1597 5053 vel
1631 5001 1941 5065 sordidam.
1989 5012 2085 5061 aut

482 5089 709 5153 claram,
741 5095 902 5155 atque
932 5085 1227 5154 lucentem,
1268 5095 1322 5142 et
1345 5086 1721 5155 splendentem
1744 5092 1814 5148 ad
1840 5092 2078 5165 efﬁgiem

481 5181 735 5252 imaginis
771 5179 1108 5251 principalis.
1140 5180 1368 5247 Quando
1413 5180 1578 5252 igitur
1598 5184 1854 5256 grandem
1897 5187 2081 5246 fecero

481 5272 777 5344 imaginem
807 5270 1089 5341 imaginis,
1121 5270 1173 5325 id
1219 5280 1337 5339 est,
1362 5273 1596 5329 animum
1640 5291 1845 5346 meum,
1879 5289 1934 5337 et
1961 5298 2078 5338 ma-

483 5364 811 5436 gniiicavero
834 5376 953 5417 eam
982 5376 1174 5431 apere,
1204 5362 1561 5436 269-270
1580 5367 1928 5439 cogitatione,
1954 5388 2078 5431 ser-

485 5472 672 5525 mone,
698 5466 834 5513 tunc
860 5455 1039 5526 imago
1069 5455 1159 5511 Dei
1189 5455 1409 5527 grandis
1440 5457 1698 5528 efﬁcitur,
1745 5470 1801 5519 et
1830 5464 1946 5532 ipse
1974 5466 2080 5524 Do-

483 5553 687 5618 minus,
721 5549 875 5620 cujus
904 5548 1083 5620 imago
1112 5558 1194 5603 est
1224 5548 1276 5602 in
1301 5560 1491 5605 nostra
1522 5553 1723 5619 anima,
1757 5556 2075 5625 magniﬁca.

477 5654 583 5703 tur.
615 5643 684 5701 Et
704 5640 1210 5714 quomodocreseit
1232 5640 1500 5699 Dominus
1530 5644 1582 5699 in
1608 5655 1789 5703 nostra
1818 5648 2071 5721 imagine,

546 5758 569 5779 '
608 5757 767 5831 Nulla
790 5771 936 5812 nunc
964 5756 1408 5831 lucubrationum
1440 5759 1692 5831 Origenis
1726 5762 1778 5818 in
1810 5764 2072 5824 Deutero-

487 5830 731 5887 nomium
761 5835 1032 5899 superest.
1071 5827 1333 5889 Homilias
1356 5840 1468 5889 octo
1501 5827 1643 5889 unus
1666 5846 1931 5893 memorat
1954 5840 2087 5899 Cas-

2182 4908 2438 4965 dentibus
2475 4909 2608 4966 illud
2651 4912 3011 4982 interpretor.
3053 4913 3110 4970 Si
3140 4924 3325 4970 autem
3364 4914 3527 4970 altius
3571 4913 3785 4984 aliquid

2182 5003 2336 5058 inero
2362 5012 2640 5059 scrutatus
2660 5047 2674 5073 ,
2702 5007 3140 5065 animadvertam
3169 5010 3362 5080 quanti
3397 5009 3670 5080 proiectus
3712 5010 3788 5064 sit

2185 5093 2377 5149 dicere
2404 5109 2420 5147 :
2452 5094 2593 5162 Quia
2621 5098 2739 5167 {eois
2781 5098 2910 5154 mihi
2930 5117 3123 5173 magna
3162 5103 3346 5171 quiest
3387 5113 3563 5169 potens
3594 5116 3614 5155 :
3642 5115 3789 5171 quo-

2184 5187 2332 5243 niam
2350 5188 2538 5245 omnis
2560 5190 2654 5259 qui
2683 5206 2745 5247 se
2776 5192 3024 5251 ltumiiiat
3052 5192 3385 5252 exaltabitur
3412 5193 3565 5267 (Luc.
3600 5195 3780 5265 aviti).

2185 5279 2449 5353 Respexit
2490 5291 2674 5338 autem
2706 5285 2850 5341 Deus
2878 5287 2930 5341 in
2950 5287 3319 5346 humilitatem
3354 5289 3529 5346 beata:
3555 5286 3746 5343 Maria:
3766 5324 3784 5354 ,

2186 5383 2478 5445 propterea
2503 5374 2634 5431 fecit
2660 5376 2748 5432 illi
2774 5393 2968 5449 magna
2982 5380 3081 5451 qui
3105 5392 3296 5452 potens
3318 5389 3424 5448 est,
3448 5389 3504 5436 et
3529 5389 3785 5435 sanctum

2185 5483 2386 5526 nomen
2406 5468 2554 5539 eius.
2586 5469 2659 5527 Et
2685 5471 3045 5529 misericordia
3060 5474 3178 5546 ejus
3209 5476 3261 5529 in
3300 5474 3658 5545 Medon“
3686 5488 3784 5545 ge-

2180 5562 2534 5617 nerationem.
2578 5563 2955 5622 Misericordia
2988 5567 3080 5624 Dei
3114 5582 3224 5624 non
3257 5567 3313 5623 in
3340 5582 3502 5624 unam
3541 5581 3783 5638 genera-

2182 5652 2409 5722 tionem,
2438 5669 2542 5711 nec
2571 5655 2623 5712 in
2648 5657 2807 5730 duas,
2833 5676 3011 5733 neque
3042 5661 3094 5717 in
3122 5671 3259 5732 tres,
3282 5660 3385 5721 sed
3405 5676 3508 5718 nec
3532 5662 3589 5719 in
3619 5661 3786 5732 quin-

2180 5770 2438 5831 siodorus
2464 5788 2589 5846 esp.
2624 5774 2983 5834 tDiviuarum
3023 5777 3448 5837 institutionum.
