3978 6338
207 181 252 192 “,

247 323 344 382 35'!

765 317 1208 380 TRANSLATIO
1250 316 1696 386 ηοΜιιιΑιιυΜ
1736 316 1812 386 ΟΕ

1923 319 2063 388 BNJS
2099 319 2167 383 ῐΝ
2205 322 2463 387 LUCAM.
2505 320 2672 382 HOM.
2713 322 2785 382 IX
2807 321 2894 381 ET
2920 323 2990 380 Χ.

3423 321 3531 390 258

249 455 379 510 que,
412 450 593 505 rerum
629 436 683 498 in
713 438 1114 508 sempiternum
1146 436 1469 501 extenditur
1512 435 1566 492 in
1605 450 1834 508 genera-
1866 438 1904 499 Α
1939 439 2055 500 niat
2085 457 2098 494 :
2128 439 2457 511 Complelum
2481 448 2558 504 est
2590 449 2795 508 tentpus
2836 449 2891 494 ut
2940 444 3146 510 pareret
3171 482 3186 509 ,
3233 452 3526 514 numquam

252 538 413 590 tiones
457 533 918 606 generationum,
967 531 1295 590 timentibus
1341 529 1642 601 potentiam
1691 528 1828 598 ejus.

247 626 379 683 Fecit
419 627 656 680 rirtutem
685 627 740 680 in
771 625 983 680 brachio
1021 642 1134 680 suo.
1170 625 1322 684 Licet
1353 624 1601 682 infirmus
1629 622 1697 682 ad
1728 622 1834 678 Do-

244 719 435 775 minum
467 719 800 783 accesseris,
835 719 881 773 si
915 718 1172 780 timueris
1203 733 1360 784 eum,
1393 716 1581 777 audire
1626 715 1832 786 poteris

241 812 721 885 repromissionem
753 828 915 882 quam
948 812 1044 868 tibi
1071 813 1146 868 ob
1175 814 1426 869 timorem
1467 821 1616 870 tuum
1651 811 1834 874 Denti-

240 921 334 962 nus
362 905 673 974 pollicetur.
717 905 850 974 Quae
877 915 962 963 est
995 906 1098 962 ista
1133 902 1530 976 repromissio?
1571 903 1832 969 Timenti-

239 999 365 1064 bus,
399 999 614 1070 inquit,
648 1015 708 1055 se
745 999 878 1056 fecit
916 1001 1200 1060 virtutem.
1237 998 1457 1063 Virtus,
1504 997 1622 1060 sive
1663 998 1831 1066 impe-

236 1094 390 1157 rium,
420 1103 666 1164 potestas
694 1104 780 1150 est
805 1093 980 1165 regia.
1007 1091 1228 1150 Etenim
1259 1093 1469 1169 κράτος.
1504 1100 1530 1128 ⁸
1559 1089 1705 1161 quod
1729 1103 1830 1152 nos

231 1189 501 1260 imperium
545 1203 845 1260 possumus
887 1187 1197 1259 appellare,
1240 1186 1309 1242 ab
1347 1201 1413 1242 eo
1459 1183 1658 1246 dicitur
1685 1183 1829 1254 quod

235 1281 481 1350 imperet,
520 1281 637 1336 sive
669 1280 772 1335 sub
799 1295 860 1336 se
888 1280 1143 1335 universa
1177 1279 1479 1336 contineat.
1513 1277 1568 1334 Si
1601 1291 1734 1345 ergo
1766 1276 1831 1334 ti-

231 1373 428 1436 mueris
459 1373 780 1442 Dominum,
813 1373 906 1429 dat
929 1374 1028 1429 tibi
1065 1372 1464 1436 fortitudinem,
1498 1372 1614 1426 sive
1660 1370 1830 1439 impe-

231 1465 388 1528 rium,
411 1463 510 1519 dat
541 1480 797 1534 regnum,
828 1473 886 1520 ut
915 1463 1094 1525 factus
1125 1464 1228 1522 sub
1248 1463 1396 1532 Rege
1424 1477 1634 1533 regum,
1657 1462 1831 1531 possi-

229 1557 349 1615 deas
375 1573 610 1630 regnum
635 1557 929 1621 cmlorum.
956 1557 1010 1614 in
1032 1556 1252 1616 Christo
1271 1555 1426 1621 Jesu.
1445 1555 1532 1612 cui
1554 1562 1641 1615 est
1659 1553 1828 1624 gloria

227 1659 276 1707 et
300 1650 595 1722 imperium
627 1652 679 1706 in
708 1652 909 1706 macula
941 1652 1297 1708 smculorum.
1341 1649 1538 1709 Amen.

609 1767 967 1841 271-272
1020 1765 1308 1822 HOMILIA
1347 1764 1440 1821 IX.

228 1879 297 1936 De
327 1895 388 1958 (ξς)
413 1880 566 1958 quod
599 1883 861 1958 scriptum
901 1890 1018 1958 est:
1050 1880 1290 1958 Manebat
1321 1897 1540 1958 ςςτιηιέείι⁸
1564 1880 1824 1958 mensibus

292 1950 480 2017 tribui,
517 1968 692 2022 usque
718 1950 784 2006 ad
815 1970 937 2008 cum
965 1954 1141 2008 locum
1169 1954 1256 2008 ubi
1287 1955 1364 2006 ait
1390 1971 1401 2006 :
1434 1950 1500 2006 Et
1523 1952 1824 2022 loquebatur

287 2023 592 2080 benedicens
624 2023 924 2079 Dominum.
967 2027 1098 2093 Cap.
1141 2025 1181 2080 Ι.

290 2136 417 2192 Tam
448 2152 650 2194 eorum
693 2154 811 2209 qua:
853 2138 997 2194 diota
1030 2148 1189 2205 sunt,
1225 2152 1391 2210 quam
1435 2138 1654 2193 illorum
1703 2152 1823 2204 qtite

228 2230 357 2287 facta
404 2232 746 2301 referuntur,
799 2233 962 2289 debet
1009 2233 1152 2289 ratio
1204 2249 1326 2288 esse
1378 2243 1569 2288 sancto
1613 2231 1819 2302 Spiritu

226 2324 394 2396 digna,
430 2336 485 2380 et
510 2325 726 2381 Christi
769 2325 896 2395 (ide,
923 2325 988 2380 ad
1022 2342 1186 2398 quam
1216 2327 1510 2381 credentes
1542 2340 1817 2380 vocamur.

225 2415 366 2472 Unde
397 2428 452 2473 et
481 2433 638 2474 nunc
663 2434 826 2474 causa
855 2419 1149 2490 qumrenda
1173 2429 1279 2486 est,
1306 2437 1474 2491 quare
1502 2420 1670 2475 Maria
1701 2429 1820 2490 post

221 2521 537 2581 conceptum
569 2513 795 2567 venerit
839 2513 906 2568 ad
960 2512 1276 2577 Ellzabctb,
1313 2525 1367 2568 et
1404 2515 1666 2568 manserit
1694 2530 1816 2567 cum

223 2616 278 2659 ea
305 2604 587 2659 mensibus
622 2605 820 2670 tribus,
846 2614 941 2660 aut
964 2606 1094 2675 quid
1124 2621 1305 2661 causa:
1333 2605 1516 2673 fuerit,
1537 2614 1598 2659 ut
1618 2604 1816 2669 Lucas,

221 2697 596 2770 quiEvangelii
617 2699 891 2756 scribebat
907 2700 1213 2766 historiam,
1230 2701 1394 2756 etiam
1412 2700 1517 2756 hoc
1531 2701 1814 2763 scriberet,

220 2793 353 2863 quod
382 2794 660 2854 manserit
681 2809 807 2852 eum
857 2810 920 2852 ea
969 2796 1252 2858 mensibus
1299 2795 1498 2863 tribus,
1539 2806 1592 2850 et
1627 2805 1814 2866 postea

221 2900 456 2959 regressa
489 2887 565 2942 sit
617 2887 670 2942 in
719 2889 940 2944 domum
985 2904 1160 2944 suam.
1198 2889 1397 2959 Utique
1434 2889 1598 2945 debet
1637 2891 1816 2961 aliqua

223 2995 334 3037 esse
355 2983 517 3048 ratio,
544 2998 714 3053 quam
746 2985 790 3038 si
815 2983 1078 3046 Dominus
1109 2985 1389 3055 aperuerit
1418 3000 1516 3041 cor
1541 2994 1811 3053 nostrum,

221 3087 441 3144 sequens
471 3090 667 3130 sermo
701 3077 1049 3133 monSIrabit.
1082 3078 1137 3133 Si
1163 3079 1311 3132 enim
1344 3093 1410 3133 eo
1436 3078 1580 3148 quod
1605 3088 1811 3132 tantum

219 3167 349 3222 venit
379 3169 556 3223 Maria
587 3168 659 3223 ad
691 3169 994 3236 Elisabeth,
1021 3180 1076 3224 ct
1111 3171 1369 3226 salutavit
1400 3187 1543 3237 eam,
1571 3171 1811 3226 exsulta-

1938 531 2164 588 omuino
2203 533 2462 602 reperiet.
2510 531 2617 592 Sed
2665 532 2990 608 ubicumque
3037 531 3218 604 justus
3267 534 3529 597 nascitur,

1938 623 2013 684 ibi
2043 625 2355 694 completur
2381 624 2533 691 dies,
2569 624 2683 686 illic
2713 625 2768 681 in
2808 624 3070 690 mundum
3103 625 3410 698 completur
3436 626 3532 682 ad-

1936 723 2132 776 ventus
2160 717 2265 772 sui.
2299 715 2467 780 Ortus
2491 716 2648 794 justi,
2677 716 3069 788 plenitudinem
3104 717 3307 774 habet:
3339 734 3526 789 pecca-

1937 807 2074 868 toris
2121 809 2410 876 nativilas,
2464 820 2522 864 ut
2565 811 2635 864 ita
2684 809 2965 879 dicamus,
3009 811 3334 874 vacuitatem
3367 821 3530 884 atque

1935 899 2278 962 inanitatem.
2312 901 2439 964 Haec
2467 901 2536 964 tie
2562 918 2627 962 eo
2658 903 2801 975 quod
2834 905 3098 974 scriptum
3129 914 3250 967 est:
3285 904 3528 978 Comple-

1935 1001 2042 1049 tuut
2068 1002 2146 1050 est
2175 1004 2374 1064 tempus
2415 1002 2468 1052 ut
2512 1004 2737 1065 pareret.
2788 994 3324 1070 Congi-iitiilabantur
3366 997 3530 1051 matri

1933 1083 2052 1156 ejus
2092 1083 2294 1158 ricini,
2345 1093 2401 1146 et
2450 1085 2700 1156 cognati,
2745 1094 2800 1150 et
2849 1086 3106 1149 volebant
3154 1087 3206 1148 in
3263 1089 3527 1144 bonorcm

1935 1177 2102 1250 patris
2124 1191 2296 1249 puero
2325 1190 2528 1240 nomen
2563 1193 2786 1248 ponere,
2815 1187 2872 1240 ut
2898 1188 3185 1240 vocaretur
3209 1177 3525 1242 Zacharias.

1935 1272 2107 1332 Porro
2138 1270 2447 1344 Elizabcth,
2481 1279 2673 1338 sancto
2699 1271 2910 1346 Spiritu
2940 1281 3283 1344 suggerente,
3317 1273 3525 1327 aiebat:

1933 1363 2165 1428 Joannes
2187 1372 2260 1424 est
2281 1380 2469 1422 nomen
2491 1366 2626 1440 ejus.
2652 1363 2861 1428 Deinde
2882 1379 3004 1422 cum
3029 1363 3108 1420 illi
3133 1379 3328 1424 causas
3352 1365 3530 1434 justas

1933 1469 2244 1531 qumrerent
2280 1476 2381 1515 cur
2411 1459 2653 1524 Joannes
2693 1461 3036 1529 potissimum
3066 1469 3379 1532 vocaretur,
3403 1477 3525 1522 eum

1935 1554 1988 1614 in
2031 1568 2238 1625 genere
2269 1552 2440 1630 ipsius
2485 1553 2667 1616 nullus
2709 1552 2937 1616 haberet
2965 1553 3068 1618 hoc
3097 1569 3326 1628 nomen,
3361 1555 3529 1619 inter-

1934 1654 2129 1718 rogant
2157 1654 2394 1715 patrem,
2419 1645 2515 1718 qui
2543 1661 2650 1706 non
2681 1645 2870 1711 valens
2895 1645 3230 1724 respondere
3254 1646 3449 1718 (manu
3476 1657 3530 1702 ct

1936 1739 2135 1798 litteris
2187 1747 2276 1800 est
2333 1737 2595 1810 iOCUlth).
2653 1737 2887 1814 Scripsit
2943 1738 3090 1798 enim
3155 1739 3203 1792 iu
3255 1739 3526 1810 pugillari,

1856 1855 1903 1917 Β
1934 1832 2165 1898 loaiiues
2195 1842 2267 1888 est
2291 1848 2474 1888 nomen
2501 1831 2612 1906 ejus
2633 1847 2650 1886 :
2681 1830 2975 1906 statiman
3009 1842 3066 1892 υι
3095 1831 3271 1901 stylus
3299 1831 3530 1906 impres-

1928 1941 2024 1988 sus
2053 1937 2135 1986 est
2161 1925 2556 2001 cerauliugua,
2589 1938 2712 2002 qua:
2729 1922 2880 2002 prius
2913 1925 3090 1986 fuerat
3114 1924 3322 1988 vineta,
3351 1924 3532 1978 laxata

1929 2029 2033 2078 est.
2081 2017 2306 2088 Recepit
2355 2018 2670 2090 eloquium,
2724 2032 2832 2076 nuli
2887 2016 3217 2086 liutuanuut,
3271 2018 3526 2085 quoniam

1930 2111 2092 2183 ligata
2144 2109 2245 2166 fuit
2293 2110 2474 2188 lingua
2531 2111 2688 2179 eius;
2744 2108 2983 2172 humana
3031 2116 3209 2163 tamen
3257 2123 3361 2162 non
3408 2110 3526 2164 luit.

1929 2203 2190 2260 Vinxerat
2222 2201 2368 2264 enim
2418 2217 2538 2262 eam
2589 2200 2967 2262 incredulitas.
3010 2199 3204 2263 Statim
3251 2211 3306 2258 ut
3348 2202 3526 2256 soluta

1927 2306 2040 2360 est,
2078 2295 2316 2358 humana
2345 2309 2467 2358 esse
2495 2294 2728 2368 desinit,
2757 2302 2812 2349 et
2843 2294 3167 2368 loquebatur
3194 2294 3525 2358 bent-dicens

1927 2388 2129 2454 Deum,
2159 2400 2209 2443 et
2245 2387 2602 2458 prophetarit
2633 2402 2694 2442 ea
2725 2404 2844 2456 qua:
2875 2387 3076 2457 scripta
3103 2398 3231 2441 sunt
3264 2388 3313 2440 iu
3351 2388 3525 2442 tiran-

1923 2482 2097 2556 gelio,
2143 2481 2212 2544 de
2257 2484 2487 2560 quibus,
2521 2482 2800 2551 praebente
2833 2481 3066 2542 DulilillO
3108 2480 3237 2537 Jcsu
3269 2481 3521 2548 Christo,

1924 2591 2047 2631 cum
2094 2585 2311 2646 tempus
2363 2576 2559 2640 fuerit,
2595 2574 2971 2638 disseremus:
3008 2576 3092 2628 cui
3141 2584 3225 2628 est
3269 2575 3438 2652 gloria
3473 2586 3527 2630 et

1927 2667 2220 2742 imperium
2256 2668 2307 2722 iu
2339 2667 2538 2729 Sil'Cllia
2567 2667 2920 2744 stuculprutu.
2955 2667 3149 2730 Anien.

2325 2777 2682 2852 273η274
2720 2778 3006 2844 HOMILIA
3055 2779 3120 2836 Χ.

1923 2894 2001 2949 De
2044 2909 2113 2949 eo
2152 2892 2297 2964 quod
2345 2893 2610 2962 scriptum
2654 2902 2790 2964 est:
2845 2890 3043 2964 Plenus
3085 2892 3291 2964 Spiritu
3339 2903 3518 2949 sancto

1992 2963 2349 3038 prophetarit,
2395 2980 2568 3038 usque
2598 2963 2663 3020 ad
2696 2979 2818 3024 eum
2852 2963 3051 3038 locutu
3079 2963 3279 3038 ubiait
3303 2964 3516 3038 {Auto-

1991 3035 2134 3094 itedet
2167 3038 2302 3094 enim
2330 3052 2505 3096 coram
2534 3035 2756 3094 Domino
2787 3052 2977 3106 parare
3004 3035 3112 3089 vias
3144 3036 3275 3102 ejus.
3308 3037 3438 3106 Cap.
3470 3035 3510 3090 l.

1989 3155 2191 3212 Plenus
2215 3155 2422 3224 Spiritu
2449 3164 2641 3212 sancto
2668 3153 2994 3216 Zacharias.
3029 3153 3164 3214 duas
3195 3154 3512 3225 pmphetias

213 3264 289 3320 vit
315 3264 490 3323 infans
537 3267 595 3320 in
640 3265 864 3336 gaudio,
901 3278 954 3321 et
982 3266 1188 3336 Spiritu
1219 3278 1409 3322 sancto
1439 3267 1598 3337 plena
1630 3265 1807 3321 Eliza-

1923 3245 2250 3317 generaliter
2277 3247 2527 3311 nuntiat,
2562 3246 2794 3314 primatu
2815 3245 2886 3308 de
2907 3244 3147 3314 Christo.
3181 3246 3409 3308 alterum
3445 3248 3512 3303 dc.

218 3356 335 3414 betb
363 3357 730 3429 prophetarit
757 3374 823 3414 ea
851 3375 976 3429 qua:
1016 3360 1066 3414 in
1101 3360 1398 3431 Evangello
1427 3360 1635 3430 scripta
1666 3369 1810 3428 sunt,

215 3459 263 3506 et
289 3449 340 3505 in
367 3466 473 3506 una
505 3451 652 3507 hora
679 3459 860 3506 tantos
893 3452 1168 3521 profectus
1199 3452 1414 3516 habuit,
1451 3461 1656 3506 nostra:
1685 3467 1814 3508 con-

216 3539 428 3612 iecturte
450 3544 814 3616 relinquitur,
835 3545 965 3616 quid
995 3547 1045 3600 iu
1073 3547 1248 3601 tribus
1269 3545 1550 3602 mensibus
1573 3545 1813 3602 Joannes

216 3635 464 3705 profecit,
507 3638 820 3694 assistente
859 3638 1025 3694 Maria
1062 3639 1368 3697 Elizabetb.
1400 3639 1576 3696 Valde
1606 3641 1811 3711 quippe

218 3726 481 3801 indignant
511 3741 608 3787 est
636 3731 688 3786 in
716 3742 921 3801 puncto
951 3732 1101 3788 hom
1129 3743 1298 3804 atque
1322 3743 1600 3789 momento
1629 3734 1812 3789 exstil-

213 3826 319 3876 tare
347 3821 655 3891 infantem,
690 3833 748 3878 et
793 3823 1195 3893 quodammodo
1237 3825 1440 3895 gaudio
1488 3825 1769 3880 lascivisse
1791 3867 1805 3892 ,

213 3914 582 3986 tepidamque
609 3930 737 3971 esse
759 3915 969 3986 Spiritu
995 3926 1187 3972 sancto
1216 3917 1502 3972 Elizaheth
1534 3937 1545 3971 :
1579 3933 1674 3987 per
1697 3928 1808 3973 tres

216 4017 331 4061 vero
352 4022 603 4074 menses,
624 4023 725 4067 nec
747 4007 1042 4072 Joannem,
1077 4023 1180 4063 nec
1204 4007 1510 4072 Elizabeth,
1535 4024 1598 4063 ert
1628 4008 1803 4063 vicina

215 4098 383 4157 Matris
409 4103 639 4159 Domini
667 4112 728 4160 et
757 4103 932 4174 ipsius
961 4104 1264 4160 Salvatoris
1309 4104 1594 4173 praesentia
1625 4102 1807 4173 profc—

211 4195 363 4250 cisse.
395 4195 784 4253 Exercebatur
809 4211 978 4267 ergo,
1019 4206 1075 4251 et
1112 4195 1517 4266 quodammodo
1545 4195 1599 4250 in
1627 4195 1804 4251 athle-

212 4287 309 4344 tico
357 4297 553 4346 sancta
628 4301 845 4357 matre,
909 4307 1005 4358 per
1059 4298 1173 4345 tres
1231 4305 1450 4346 menses
1511 4289 1803 4359 urgebatur

210 4376 456 4448 Joannes,
488 4391 552 4439 et
583 4383 996 4452 praeparabatur
1029 4383 1080 4436 in
1112 4382 1306 4436 matris
1339 4391 1515 4444 utero,
1551 4388 1605 4439 ut
1633 4381 1802 4434 mira-

209 4470 376 4530 biliter
398 4487 587 4542 natus,
613 4475 921 4530 mirabilius
943 4475 1269 4528 nutriretur.
1291 4471 1450 4540 Quod
1474 4472 1620 4526 enim
1644 4481 1798 4527 extra

213 4567 660 4622 consueutdiuem
684 4566 928 4622 nutritus
953 4577 1062 4631 est,
1093 4581 1198 4621 non
1233 4564 1470 4621 refertur
1492 4563 1758 4633 scriptum
1779 4606 1794 4626 ,

1918 3340 2154 3398 Joanne.
2179 3340 2332 3406 Quod
2358 3339 2645 3396 manifeste
2665 3339 2735 3400 de
2755 3340 2937 3404 verbis
2963 3341 3133 3410 ipsius
3151 3341 3511 3411 approbatur,

1915 3437 1969 3492 in
1999 3437 2200 3506 quibus
2245 3437 2401 3506 quasi
2441 3435 2509 3492 de
2542 3437 2871 3505 praisentia,
2901 3445 2960 3494 et
2987 3437 3080 3506 qui
3111 3450 3428 3500 versaretur
3461 3441 3514 3496 in

1916 3529 2121 3585 mundo
2147 3527 2385 3598 loquitur
2412 3527 2742 3590 Salvatoris.
2777 3542 2840 3588 ac
2863 3528 2990 3588 .dciu
3025 3528 3093 3590 de
3118 3529 3376 3594 Jonnue;
3413 3532 3514 3588 Re-

1914 3621 2085 3691 ptetus
2112 3620 2251 3675 enim
2281 3620 2485 3691 Spiritu
2524 3631 2708 3675 sancto
2751 3622 3077 3690 prophetarit
3099 3622 3276 3682 dicens
3302 3640 3319 3676 :
3347 3623 3514 3678 Bene-

1913 3714 2086 3768 dictus
2116 3711 2373 3770 Dominus
2425 3711 2559 3768 Deus
2609 3712 2810 3778 Israel,
2857 3714 2980 3784 quia
3029 3716 3252 3774 uisitauit
3299 3725 3346 3775 et
3390 3717 3508 3787 fecit

1911 3807 2319 3878 redemptionem
2351 3805 2513 3876 plebis
2542 3822 2667 3861 sucu.
2705 3805 2972 3868 Visilaulc
3013 3803 3160 3870 enim
3189 3817 3244 3869 et
3274 3807 3386 3866 Deo
3421 3825 3512 3861 ro-

1910 3898 2065 3954 lente
2095 3897 2368 3954 redimere
2399 3896 2657 3966 populum
2687 3912 2880 3964 suum,
2932 3897 3129 3961 mansit
3174 3899 3335 3962 Maria
3381 3917 3503 3954 t‘lllll

1910 3990 2192 4049 Elizaheth
2213 4032 2226 4054 ,
2254 3999 2541 4061 postquam
2569 3992 2623 4053 ei
2653 3991 2872 4054 locutus
2896 4000 2979 4048 est
3005 3993 3257 4060 angelus,
3300 3996 3505 4048 mensi-

1909 4086 2008 4141 bus
2045 4086 2250 4150 tribus,
2286 4094 2344 4142 ut
2385 4099 2483 4155 per
2512 4083 2845 4145 ineli‘tbilein
2892 4083 3179 4154 quamdam
3215 4086 3502 4153 rirtutem,

1908 4194 2014 4234 non
2039 4177 2518 4241 solumJoanneui,
2541 4177 2679 4232 sicut
2701 4176 2912 4236 dudum
2936 4177 3196 4248 diximus,
3219 4179 3319 4236 sed
3338 4182 3499 4238 etiam

1909 4272 2266 4340 Zachariam,
2303 4282 2362 4327 ut
2412 4285 2559 4330 nunc
2605 4271 2965 4344 Evangelicus
3010 4273 3497 4341 surmodeclarat,

1906 4384 2149 4441 prmsens
2177 4368 2427 4424 Salvator
2457 4367 2773 4424 instrueret.
2804 4366 3069 4424 Paulatim
3100 4370 3302 4439 quippe
3323 4379 3379 4425 et
3410 4371 3500 4427 hic

1904 4477 2002 4534 per
2034 4472 2144 4517 tres
2176 4475 2390 4515 menses
2413 4458 2587 4516 sancti
2618 4457 2855 4527 Spiritus
2883 4469 3176 4530 augmenta
3208 4461 3493 4531 capiebat,

1903 4566 1960 4612 et
1989 4571 2112 4611 cum
2145 4553 2384 4609 nesciret
2429 4550 2807 4615 erudiebatur,
2835 4558 2891 4606 et
2917 4549 2984 4610 de
3011 4549 3232 4616 Christo
3265 4553 3499 4623 pr0phe.

209 4661 469 4730 quomodo
495 4661 699 4716 matris
729 4662 893 4716 fuerit
930 4662 1160 4715 Iactatus
1205 4658 1486 4725 uberibus,
1522 4655 1798 4727 quomodo
1827 4647 1880 4708 D
1907 4654 2042 4708 tavit
2071 4653 2260 4707 dicens
2284 4667 2298 4706 :
2327 4649 2431 4715 Qui
2457 4646 2602 4702 dedit
2635 4645 3041 4714 redemptiomm
3061 4647 3261 4717 populo
3289 4665 3416 4714 suo,
3450 4661 3495 4704 et

213 4748 264 4807 in
286 4753 400 4809 sinu
432 4753 647 4826 gerulas
667 4754 1032 4818 constitutus,
1067 4752 1162 4808 sed
1193 4751 1374 4806 statim
1405 4749 1657 4820 sequitur
1685 4767 1699 4803 :
1736 4748 1801 4802 Et

213 4856 310 4899 erat
332 4848 383 4900 iu
407 4847 634 4902 desertis
653 4887 671 4914 ,
703 4863 864 4916 usque
885 4846 956 4898 ad
984 4844 1122 4898 diem
1154 4843 1457 4898 ostensiouis
1482 4857 1591 4896 suis
1613 4842 1685 4894 ad
1712 4839 1791 4895 ls-

207 4940 330 4994 πεί.
366 4941 580 4997 Deinde
625 4939 898 5010 legimus:
947 4936 1221 4992 Etisabrttt
1269 4943 1440 4990 autem
1487 4934 1798 5004 completum

211 5041 276 5086 est
299 5041 495 5107 tentpus
527 5043 584 5087 ut
613 5041 842 5104 pareret,
876 5041 923 5085 et
957 5030 1153 5100 peperit
1197 5029 1388 5097 ﬁlium.
1421 5026 1571 5082 Multi
1603 5035 1794 5095 putant

213 5129 467 5198 superﬂue
488 5129 598 5184 dici
621 5146 635 5184 ε
661 5126 938 5182 Ειίιαθειιι
955 5135 1127 5179 autem
1153 5123 1468 5192 completum
1494 5129 1568 5175 est
1596 5129 1794 5190 tempus

212 5227 264 5272 ut
300 5233 533 5290 peteret,
584 5231 631 5276 et
684 5219 882 5290 peperit
931 5219 1099 5286 [ilium
1147 5215 1352 5288 (Marc.
1385 5215 1452 5286 ι).
1481 5214 1620 5282 Quae
1645 5215 1790 5268 enirn

1902 4747 2166 4803 suscitavit
2197 4759 2359 4797 cornu
2385 4742 2571 4796 salutis
2614 4739 2759 4797 uobis
2783 4740 2837 4802 in
2863 4740 3022 4802 deum
3057 4738 3230 4804 Dauid
3248 4783 3263 4809 ,
3296 4743 3350 4806 iu
3392 4759 3495 4814 qua

1900 4839 2201 4897 secundum
2229 4850 2450 4892 carnem
2493 4843 2653 4890 natus
2692 4841 2780 4888 est
2815 4832 3095 4895 Christus.
3124 4832 3192 4894 Et
3215 4849 3342 4890 vere
3369 4837 3494 4906 quia

1901 4933 2003 4988 fuit
2031 4946 2200 4986 cornu
2243 4928 2472 4993 salutis,
2526 4927 2579 4982 in
2628 4924 2794 4983 domo
2840 4925 3012 4986 David
3059 4927 3343 4996 prophetia
3390 4928 3493 4983 ista

1899 5025 2227 5083 concinitur.
2269 5020 2435 5076 Vinea
2466 5018 2600 5072 enim
2631 5020 2773 5088 facta
2800 5027 2871 5075 est
2902 5018 2956 5077 in
2985 5033 3150 5074 cornu
3199 5019 3216 5088 (
3235 5017 3364 5074 Ism'.
3404 5020 3494 5090 ν).

1901 5118 1957 5177 In
1989 5134 2100 5190 quo
2125 5117 2336 5172 cornu?
2369 5115 2426 5170 In
2449 5113 2673 5168 Christo
2697 5112 2860 5176 Jesu.
2899 5112 2952 5168 iu
2991 5111 3088 5168 illo
3119 5111 3172 5168 in
3210 5127 3315 5180 quo
3352 5128 3496 5168 nunc

1899 5213 2185 5269 scribitur:
2214 5207 2495 5264 Suscitavit
2519 5221 2680 5262 cornu
2703 5205 2888 5261 salutis
2909 5203 3054 5258 nobis
3075 5206 3130 5264 in
3153 5203 3305 5256 domo
3325 5202 3494 5264 David

209 5315 392 5368 mulier
427 5324 618 5385 potest
663 5328 889 5384 parm,
945 5311 1053 5366 nisi
1104 5320 1318 5378 lepus
1365 5309 1616 5380 pariendi
1670 5316 1796 5362 ante
1895 5307 2046 5380 pueri
2073 5305 2189 5368 sui,
2217 5302 2351 5356 sicut
2389 5301 2592 5354 locutus
2632 5306 2706 5351 est
2751 5312 2841 5368 per
2871 5305 3248 5360 ossuurlorum
3275 5312 3489 5349 suorum

215 5409 592 5475 compleverit?
621 5407 728 5463 Sed
758 5405 850 5477 qui
873 5405 1184 5475 Scripturas
1212 5402 1630 5473 diligentissime
1659 5416 1792 5455 cou-

213 5501 517 5570 tetnplatur,
549 5512 608 5557 et
659 5499 811 5558 audit
853 5499 1118 5569 populum
1167 5498 1512 5569 loquentem,
1548 5496 1791 5554 attendat

215 5588 449 5658 lectioni,
496 5594 800 5657 observans
848 5601 958 5647 tam
1005 5592 1062 5647 in
1105 5592 1308 5659 veteri,
1353 5607 1515 5662 quam
1564 5591 1615 5645 in
1652 5605 1790 5645 novo

212 5679 571 5756 Testamento,
591 5685 764 5750 sic-ubi
789 5685 1057 5756 scriptum
1075 5685 1130 5740 in
1156 5697 1276 5748 ortu
1307 5682 1610 5754 peccatoris
1639 5682 1790 5746 iuve-

1903 5401 2269 5472 pruplietarum
2295 5413 2312 5451 :
2342 5397 2558 5449 salutem
2592 5410 2653 5448 ra:
2684 5393 2909 5446 inimicis
2941 5393 3152 5445 nostris.
3189 5391 3305 5445 Non
3335 5403 3492 5460 pule—

1901 5512 2023 5551 mus
2055 5507 2197 5550 nunc
2225 5491 2294 5548 de
2315 5486 2693 5556 corporalibus
2722 5484 2960 5540 inimicis
2990 5482 3093 5546 diri
3119 5522 3133 5546 ,
3164 5483 3262 5548 sed
3289 5483 3358 5544 de
3384 5487 3494 5553 spi-

1900 5586 2170 5642 ritalibus.
2198 5581 2356 5637 Venit
2384 5580 2531 5635 enim
2560 5578 2822 5631 Dominus
2849 5575 3007 5630 Jesus
3037 5574 3490 5645 fortisiupra'lio,

1899 5679 2188 5746 destruere
2208 5690 2398 5734 omnes
2423 5669 2674 5727 inimicos
2705 5677 2942 5729 nostros,
2972 5675 3026 5721 ut.
3060 5681 3160 5721 nos
3190 5667 3255 5723 de
3283 5668 3491 5727 insidiis

283 5855 303 5882 "
341 5848 568 5904 Videtur
597 5860 648 5902 et
678 5848 780 5902 hoc
809 5845 1051 5901 additum
1083 5845 1180 5899 abs
1202 5845 1529 5912 Hieronymo
1556 5854 1787 5903 comma,
1812 5836 1949 5907 quod
1979 5852 2069 5890 nos
2102 5831 2374 5902 imperium
2405 5839 2679 5900 possumus
2703 5820 2982 5890 αρρειίανοο
