3978 6338
449 327 557 384 259

1706 314 1764 370 S.
1811 306 2082 369 EUSEBll
2122 303 2505 365 ΙΙΙΕΒΟΝΥΜΙ

3647 292 3749 350 240

456 457 646 500 eorum
699 440 978 497 liberaret.
1026 439 1107 494 De
1164 451 1323 491 manu
1375 433 1703 489 inimicorum
1756 441 2055 484 nostrorum
2084 430 2131 490 Α
2163 424 2444 495 potuisse,
2497 422 2770 479 dicentem
2818 420 2885 476 ad
2916 432 3019 475 se:
3062 418 3131 472 Et
3178 428 3264 482 tu,
3308 429 3457 495 puer,
3500 409 3752 485 propheta

458 547 505 591 et
537 536 601 590 de
630 552 788 590 manu
815 551 990 590 eorum
1018 533 1107 604 qui
1136 547 1228 586 nos
1260 530 1501 583 oderunt.
1536 524 1731 579 Facere
1759 522 2055 576 misericor—

458 629 601 683 diam
623 645 737 681 cum
760 626 992 700 patribus
1017 627 1230 679 nostris.
1258 621 1371 691 Ego
1395 628 1522 689 puto
1543 616 1710 689 quod.
1738 616 1787 669 in
1816 616 2055 670 adventu

461 721 675 776 Domini
704 720 1003 777 Salvatoris
1026 761 1041 785 ,
1077 725 1132 773 et
1170 713 1476 777 Abraham,
1511 721 1567 767 et
1594 710 1776 777 Isaac,
1803 718 1861 763 et
1885 705 2055 763 Jacob

459 814 611 869 fruiti
659 818 767 869 sint
807 809 1186 867 misericordia
1233 807 1353 864 Dei.
1387 806 1571 875 Neque
1601 803 1747 859 enim
1789 799 2057 856 credibile

462 917 567 975 est,
600 917 661 962 ut
685 906 775 976 qui
800 907 950 975 prius
979 903 1220 957 viderent
1250 899 1395 954 diem
1420 898 1592 961 illius,
1622 905 1677 950 et
1707 894 1873 949 laetati
1902 899 2051 958 sunt,

460 1012 647 1073 postea
681 1001 734 1055 iu
767 999 1001 1052 adventu
1050 997 1248 1065 ipsius,
1294 1001 1349 1048 et
1380 990 1665 1045 nativitate
1694 986 1761 1042 de
1791 985 2053 1055 Virgine,

463 1098 600 1153 nihil
653 1092 908 1150 utilitatis
957 1089 1291 1159 acceperint.
1338 1087 1406 1141 Et
1448 1083 1578 1155 quid
1617 1082 1686 1137 de
1733 1076 2058 1150 patriarcbis

461 1189 691 1260 loquor?
723 1186 804 1242 Ad
853 1187 1052 1240 altiora
1090 1182 1505 1251 Scripturarum
1545 1174 2061 1230 anetoritatem'se-

461 1297 636 1354 quens
663 1279 924 1335 audacter
954 1275 1279 1333 ascendam.
1316 1271 1572 1340 quoniam
1612 1265 1905 1336 prccsentia
1947 1263 2056 1317 Do-

460 1374 591 1430 mini
622 1373 752 1429 Jesu
781 1381 835 1429 et
866 1371 1204 1438 distiensatio
1245 1364 1393 1420 illius
1437 1377 1546 1417 non
1588 1360 1767 1414 solum
1799 1366 2014 1412 terrena
2040 1395 2055 1419 ,

463 1466 558 1522 sed
588 1467 752 1521 etiam
781 1472 810 1501 ἰ
840 1463 1084 1519 caelestia
1108 1459 1338 1529 juverit.
1368 1455 1524 1513 Unde
1544 1463 1601 1509 et
1626 1450 1920 1520 Apostolus
1947 1449 2055 1503 ait:

468 1561 658 1616 Pacem
686 1560 880 1629 faciens
921 1572 1013 1628 per
1057 1553 1363 1624 sanguinem
1392 1550 1562 1604 crucis
1597 1564 1737 1613 saw,
1765 1545 1869 1600 sive
1907 1559 2061 1612 super

463 1665 685 1719 terram,
718 1652 824 1705 sive
853 1649 908 1703 in
938 1645 1079 1703 ctelis
1111 1643 1336 1719 (Epltes.
1364 1654 1461 1714 tt).
1494 1640 1553 1697 Si
1597 1648 1778 1695 autem
1811 1639 1863 1691 in
1902 1634 2060 1691 cmlis

466 1759 521 1802 et
549 1747 602 1800 in
634 1755 777 1799 terra
809 1741 1099 1813 praesentia
1129 1738 1343 1793 homini
1374 1733 1598 1807 proluit,
1625 1748 1723 1787 cur
1749 1744 1945 1802 paveas
1971 1729 2058 1783 di-

465 1854 596 1895 cere
624 1837 767 1908 quod
808 1835 1077 1890 adventus
1119 1831 1269 1886 illius
1299 1830 1462 1885 etiam
1495 1826 1791 1897 majoribus
1823 1820 2057 1893 proluit,

468 1943 527 1988 ut
573 1932 868 2001 impleatur
915 1927 1059 1993 quod
1112 1926 1353 1980 dicitur:
1404 1918 1606 1975 Facere
1652 1915 2064 1971 misericordiam

467 2044 583 2082 cum
606 2024 839 2095 patribus
860 2022 1074 2086 nostris,
1103 2028 1151 2073 et
1172 2015 1439 2072 recordari
1464 2012 1752 2068 testamenti
1772 2010 1935 2064 sancti
1962 2006 2060 2073 sui,

458 2117 750 2194 juramenti
787 2115 925 2186 quod
949 2112 1152 2185 juravit
1172 2111 1240 2164 ad
1273 2109 1537 2163 Abraham
1567 2116 1770 2177 patrem
1800 2113 2060 2165 nostrum,

468 2221 524 2267 ut
566 2210 715 2265 daret
763 2206 908 2262 nobis
957 2204 1147 2274 absque
1193 2203 1376 2256 timore
1420 2199 1481 2253 de
1529 2214 1686 2250 manu
1730 2193 2063 2250 inimicorum

468 2309 680 2367 liberari
699 2310 723 2363 ?
742 2305 951 2361 Crebro
978 2304 1046 2359 de
1075 2300 1311 2357 hostium
1344 2314 1506 2353 manu
1536 2296 1702 2366 aliqui
1733 2294 2058 2359 liberantur,

468 2402 567 2459 sed
599 2416 707 2457 non
735 2400 942 2469 absque
968 2400 1185 2451 timore.
1220 2394 1355 2449 Cum
1382 2391 1526 2447 enim
1556 2400 1733 2443 metus
1760 2387 2064 2442 discrimen

467 2505 596 2552 ante
628 2491 1019 2567 pra-cesserint
1040 2535 1055 2559 ,
1082 2500 1134 2543 et
1169 2489 1238 2541 ita
1277 2487 1345 2541 de
1378 2485 1723 2538 inimicorum
1753 2496 1915 2535 manu
1943 2479 2065 2549 quis

466 2589 635 2647 fuerit
658 2595 873 2649 erutus,
894 2584 1158 2638 liberatur
1181 2580 1426 2652 quidem,
1445 2577 1539 2632 sed
1570 2593 1675 2631 non
1700 2575 1818 2629 sine
1843 2574 2063 2627 timore.

466 2684 641 2740 Porro
673 2682 938 2735 adventus
972 2675 1357 2731 Domini-Jesu
1388 2672 1457 2727 de
1489 2685 1653 2726 manu
1712 2667 2063 2722 inimiconum

470 2778 675 2847 absque
706 2773 905 2827 timore
937 2785 1038 2824 nos
1065 2769 1229 2823 eruit.
1259 2767 1372 2820 Non
1398 2763 1543 2819 enim
1583 2761 1861 2817 sensimus
1887 2758 2066 2814 inimi-

471 2883 566 2924 cos
612 2878 869 2928 nostros,
925 2876 1028 2917 nec
1080 2875 1177 2914 eos
1227 2856 1466 2911 vidimus
1514 2861 1919 2925 repugnantes;
1966 2851 2064 2906 sed

470 2962 745 3017 nescimus
794 2954 1071 3027 quomodo
1118 2959 1344 3021 repente
1387 2948 1455 3004 de
1496 2947 1743 3003 faucibus
1789 2962 1979 3001 eorum
2011 2953 2068 3000 et

470 3051 683 3108 insidiis
708 3047 883 3118 erepti
911 3060 1123 3109 sumus,
1154 3044 1209 3096 in
1244 3048 1444 3111 puncto
1472 3049 1634 3107 atque
1665 3048 1976 3107 momento,
2012 3046 2067 3090 et

470 3143 752 3201 transtulit
780 3156 879 3195 nos
908 3138 963 3193 in
993 3134 1368 3192 [nereditatem
1409 3141 1730 3203 partemque
1764 3131 2061 3201 justorum.

2162 516 2373 570 Επειεὶ
2391 513 2673 580 vocaberis,
2695 512 2963 567 antecedes
2985 512 3117 565 enim
3131 525 3308 563 coram
3329 507 3556 561 Domino
3568 516 3753 573 parare

2156 610 2263 663 vias
2290 611 2447 680 ejus?
2476 606 2602 661 Ideo
2630 622 2756 661 reor
2782 605 3101 660 Zachariam
3131 601 3441 664 festinasse,
3477 607 3531 649 ut
3565 596 3751 662 loque-

2157 711 2312 758 retur
2339 701 2407 757 ad
2440 701 2747 771 parvulum,
2776 699 2903 771 quia
2928 696 3139 752 sciebat
3168 711 3292 750 eum
3321 700 3446 763 post
3475 690 3752 761 paululum

2159 797 2214 852 in
2239 811 2426 852 eremo
2458 803 2819 862 moraturum,
2857 808 2955 849 nec
2977 808 3038 848 se
3062 790 3181 861 ejus
3213 803 3372 859 posse
3404 784 3752 859 prmsentiam

2161 890 2385 947 habere.
2422 891 2564 946 Puer
2610 890 2747 944 enim
2778 897 2889 944 erat
2938 890 2991 941 in
3040 885 3253 942 desertis
3298 898 3459 954 usque
3505 880 3575 934 ad
3620 880 3755 933 diem

2160 985 2471 1040 ostensionis
2510 999 2621 1038 sure
2658 983 2727 1036 ad
2768 980 2939 1037 Israel
2975 978 3174 1045 (Exod.
3208 975 3322 1049 nl).
3355 977 3421 1031 Et
3446 975 3664 1046 Moyses
3700 973 3756 1027 in

2161 1078 2396 1131 desertis
2455 1084 2701 1129 moratus
2748 1083 2874 1137 est;
2909 1072 3005 1128 sed
3051 1081 3206 1140 post,
3263 1078 3320 1124 et
3359 1067 3599 1138 espletis
3644 1065 3757 1134 jam

2162 1170 2341 1223 astatis
2387 1183 2503 1223 suae
2546 1168 2737 1231 annis,
2791 1165 2928 1237 fugit
2971 1180 3041 1220 ex
3082 1163 3350 1236 Egypto.
3390 1173 3444 1217 et
3493 1175 3590 1227 per
3623 1158 3762 1213 alios

2161 1276 2335 1316 annos
2379 1275 2579 1329 pecora
2625 1258 2968 1314 custodivit:
3018 1257 3258 1313 Joannes
3299 1270 3436 1310 vero
3479 1252 3665 1307 statim
3706 1258 3763 1305 ut

2161 1365 2323 1410 natus
2369 1362 2493 1421 est,
2548 1353 2769 1408 transiit
2798 1352 2867 1407 ad
2913 1351 3168 1419 deserta,
3202 1360 3257 1404 et
3305 1348 3399 1418 qui
3448 1346 3624 1416 major
3666 1343 3765 1400 fuit

2163 1447 2307 1502 inter
2347 1456 2502 1501 natos
2549 1445 2882 1511 mulierum,
2931 1443 3124 1513 majori
3177 1441 3519 1497 nutrimento
3566 1438 3764 1508 dignus

2164 1539 2439 1609 apparuit.
2474 1538 2549 1593 De
2579 1552 2689 1609 quo
2722 1537 2984 1608 prepheta
3012 1535 3253 1603 loquitur
3278 1551 3291 1588 :
3328 1524 3460 1586 Ecce
3488 1532 3634 1585 mitto
3663 1547 3761 1585 an-

2163 1634 2334 1702 gelum
2377 1646 2547 1686 meum
2591 1642 2712 1685 ante
2758 1629 2944 1700 faciem
2990 1637 3132 1682 tuam
3178 1626 3403 1698 (Malae.
3443 1628 3560 1693 In).
3593 1625 3764 1680 Recte

2164 1724 2394 1793 angelus
2434 1724 2634 1779 dicitur
2675 1722 2764 1793 qui
2810 1721 3011 1776 missus
3042 1719 3225 1791 fuerat
3273 1734 3457 1791 coram
3502 1719 3764 1785 Domino,

2089 1828 2139 1889 Β
2164 1825 2215 1869 et
2245 1814 2666 1885 prophetantetn
2704 1822 2910 1883 patrem
2952 1813 3135 1869 statim
3169 1824 3225 1868 ut
3252 1822 3410 1868 natus
3435 1821 3538 1874 est,
3569 1812 3764 1868 audire

2170 1910 2372 1977 putuit,
2424 1918 2477 1962 et
2520 1908 2846 1978 intelligere.
2892 1907 3256 1976 Quamobrem
3306 1922 3408 1963 nos
3456 1907 3545 1977 qui
3596 1907 3766 1961 tantis

2168 1999 2509 2056 mirabilibus
2538 2000 2849 2068 credimus,
2900 2000 3190 2056 credamus
3232 2001 3436 2070 pariter
3478 2014 3766 2054 resurrec-

2170 2094 2301 2148 tioni
2328 2138 2342 2161 ,
2392 2093 2682 2149 credamus
2728 2104 2783 2150 et
2812 2094 3338 2164 repromissionibus
3367 2110 3488 2163 qua:
3519 2102 3768 2149 ventura:

2168 2197 2331 2251 sunt,
2365 2201 2643 2256 regnoque
2693 2186 2959 2242 caelorum
3008 2184 3151 2255 quod
3199 2186 3355 2241 nobis
3382 2184 3626 2255 quotidie
3657 2183 3770 2255 spi-

2168 2280 2307 2334 ritus
2338 2280 2646 2348 pollicetur.
2679 2279 2811 2345 ρυω
2843 2280 3025 2334 omnia
3046 2289 3107 2333 ut
3128 2280 3331 2350 scripta
3360 2285 3508 2340 sunt,
3542 2276 3773 2332 mirabi-

2167 2370 2292 2424 liter
2343 2370 2627 2441 plusquam
2683 2371 2890 2426 sentire
2941 2385 3272 2442 possumus,
3326 2369 3662 2438 accipiamus
3713 2371 3764 2425 in

2166 2462 2389 2519 Christo
2416 2464 2544 2520 Jesu
2565 2508 2579 2533 ,
2611 2454 2710 2520 'cui
2750 2474 2834 2521 est
2861 2465 3036 2536 gloria
3065 2475 3121 2520 et
3162 2463 3449 2535 imperium
3482 2464 3535 2519 in
3564 2463 3767 2520 saecula

2167 2558 2520 2613 saeculorum.
2565 2558 2759 2614 Amen.

2770 2668 3054 2726 HOMILIA
3096 2670 3187 2726 XI.

2174 2779 2247 2835 De
2279 2795 2344 2834 co
2375 2779 2518 2845 quod
2553 2781 2812 2849 scriptum
2841 2789 2925 2837 est
2961 2798 2974 2835 :
3009 2780 3151 2836 Puer
3179 2790 3353 2836 autem
3381 2782 3640 2838 crescebat
3667 2825 3685 2847 ,
3729 2792 3775 2838 et

2240 2851 2630 2925 confortabatur
2656 2853 2865 2925 spiritu,
2897 2867 3068 2922 usque
3094 2854 3159 2907 ad
3183 2869 3308 2909 eum
3332 2853 3513 2909 locum
3540 2856 3629 2908 ubi
3660 2856 3772 2911 ait:

2241 2920 2371 2996 ῌαές
2398 2936 2482 2996 est
2498 2920 2772 2996 descriptio
2800 2920 3109 2996 pritna‘gua:
3138 2928 3279 2996 facta
3310 2936 3383 2979 est
3416 2925 3508 2980 sub
3541 2927 3774 2996 praeside

2242 2993 2415 3063 Syrim
2446 2992 2657 3065 Cyrino.
2690 2992 2824 3066 Cap.
2855 2993 2876 3048 Ι
2906 3008 2960 3050 et
2988 2994 3052 3050 ll.

2240 3135 2439 3189 Bilarie
2470 3135 2521 3189 in
2545 3133 2841 3204 Scripturis
2870 3136 3074 3192 sanctis
3095 3150 3344 3192 crescere
3373 3136 3499 3205 quid
3528 3135 3773 3193 dicitur:

474 3237 541 3292 Εἰ
581 3235 786 3289 “(mali
812 3247 990 3287 sum!“
1020 3229 1084 3284 άε
1120 3244 1281 3281 manu
1309 3226 1642 3280 ίηίηιῖεοτιιηι
1666 3225 1777 3279 εἶπε
1805 3209 1977 3290 θυέων
2007 3229 2063 3276 ut
2093 3222 2139 3286 C
2172 3244 2335 3283 unum
2362 3230 2727 3299 corporaliter
2748 3272 2764 3298 ,
2805 3230 2894 3285 ubi
2930 3231 3183 3286 voluntas
3206 3231 3437 3286 humana
3471 3231 3602 3287 nihil
3637 3247 3774 3303 pro—

472 3331 758 3386 serriamus
787 3327 895 3381 Deo
925 3326 981 3380 in
1023 3323 1299 3380 sanctitate
1328 3331 1376 3374 et
1417 3320 1630 3393 justitia
1660 3334 1837 3372 coram
1866 3334 1925 3372 eo
1952 3333 2066 3371 om-

476 3425 627 3478 nibus
667 3420 844 3475 diebus
874 3418 1083 3473 nostris.
1117 3413 1185 3469 Et
1222 3423 1277 3468 tu
1298 3456 1312 3479 ,
1354 3429 1500 3482 puer,
1535 3410 1786 3482 propheta
1817 3409 2070 3465 Altissimi

472 3516 755 3571 vocaberis.
815 3511 978 3582 Apud
1037 3508 1422 3578 memetipsum
1488 3520 1743 3574 quwrens
1794 3504 2066 3557 rationem

474 3626 644 3682 quare
675 3624 782 3664 non
812 3606 966 3677 quasi
995 3604 1065 3659 de
1092 3602 1303 3659 Joanne
1325 3641 1339 3665 ,
1372 3601 1468 3655 sed
1497 3598 1562 3652 ad
1590 3598 1854 3653 Joannem
1888 3596 2068 3665 ipsum

473 3704 617 3758 dicat
648 3701 767 3775 [ΑΙ.
797 3696 1022 3770 dicens]
1048 3714 1061 3749 :
1108 3694 1174 3750 Et
1206 3703 1260 3747 tu
1280 3737 1294 3761 ,
1326 3710 1476 3765 puer,
1519 3691 1775 3762 propheta
1814 3689 2069 3744 Altissimi

476 3794 740 3849 vocaberis
762 3834 777 3858 ,
807 3800 863 3848 et
886 3789 1094 3860 reliqua
1115 3828 1131 3853 ,
1165 3787 1506 3855 superﬂuum
1544 3785 1689 3837 enim
1724 3782 1827 3836 fuit
1852 3782 1920 3835 ad
1961 3796 2070 3835 non

473 3888 792 3944 audientem
840 3883 1021 3952 loqui,
1066 3891 1122 3937 et
1164 3879 1231 3935 ad
1262 3878 1549 3951 parvulum
1581 3884 1744 3945 atque
1776 3876 2068 3931 laetantem

476 3978 862 4052 apostropham
896 3976 1079 4030 facere
1105 3990 1117 4026 :
1152 3972 1293 4027 hanc
1323 3980 1457 4040 puto
1490 3984 1647 4038 posse
1675 3984 1762 4023 me
1790 3968 2068 4037 reperire,

474 4074 618 4147 quod
644 4069 917 4138 quomodo
939 4064 1261 4121 mirabiliter
1285 4062 1526 4119 Joannes
1550 4068 1708 4115 natus
1732 4070 1839 4125 est,
1878 4069 1934 4114 et
1968 4074 2071 4114 an-

472 4168 593 4238 gelu
623 4163 983 4238 275-276
1031 4158 1397 4231 praedicante,
1428 4158 1579 4212 venit
1618 4157 1671 4210 in
1701 4155 1982 4219 mundum,
2017 4164 2072 4209 et

479 4260 652 4315 tribus
683 4256 963 4312 mensibus
991 4253 1152 4307 Maria
1172 4251 1324 4320 juxta
1355 4249 1638 4306 Elizabeth
1671 4259 2068 4313 eommorante,

478 4356 630 4406 lusus
658 4358 748 4406 est
772 4349 829 4403 in
854 4358 1057 4402 terram
1081 4386 1094 4408 ,
1126 4345 1210 4400 sic
1240 4344 1405 4399 etiam
1432 4353 1625 4398 cuncta
1655 4359 1777 4413 qua:
1807 4358 1975 4413 super
2005 4354 2072 4397 eo

477 4450 679 4515 scripta
711 4452 871 4507 sunt,
922 4438 1250 4495 mirabiliter
1289 4436 1433 4491 facta
1464 4436 1797 4491 referuntur.
1829 4434 1986 4501 Quod
2024 4433 2071 4489 si

477 4540 700 4596 dubitas
725 4534 907 4591 statim
939 4533 1009 4588 de
1036 4543 1191 4586 utero
1221 4531 1413 4585 matris
1442 4528 1673 4585 eﬁ‘usum
1712 4544 1874 4597 posse
1902 4526 2068 4583 verba

2171 3320 2331 3389 dest,
2384 3322 2614 3377 alterum
2656 3322 2974 3391 spiritaliter
3000 3365 3016 3390 ,
3063 3323 3154 3378 ubi
3189 3340 3353 3379 causa
3398 3324 3691 3381 crescendi
3722 3326 3775 3379 in

2172 3414 2353 3469 studio
2375 3414 2629 3470 consistit
2654 3414 2914 3469 humano.
2932 3415 3009 3471 De
3033 3419 3135 3470 hoc
3154 3431 3284 3486 ergo
3305 3416 3449 3485 quod
3472 3417 3777 3473 secundum

2173 3508 2471 3579 posuimus,
2516 3507 2568 3562 id
2590 3516 2693 3577 est,
2737 3508 2992 3576 Spiritali.
3017 3523 3160 3563 nunc
3186 3508 3529 3579 Evangelista
3555 3518 3779 3565 narrat:

2173 3601 2314 3656 Puer
2344 3611 2513 3656 autem
2544 3601 2837 3667 crescebat,
2868 3614 2915 3657 et
2945 3601 3341 3674 confortabatur
3368 3602 3580 3673 spiritu.
3609 3601 3778 3669 Quod

2171 3697 2321 3758 dicit,
2356 3696 2463 3751 tale
2493 3704 2615 3750 est:
2645 3699 2928 3751 crescebat
2953 3698 3173 3766 spiritu,
3207 3712 3307 3751 nec
3336 3696 3388 3751 in
3418 3696 3614 3751 eadem
3647 3714 3777 3764 per-

2173 3792 2432 3846 manebat
2457 3805 2715 3845 mensura
2738 3805 2843 3860 qua
2871 3797 3150 3859 cmperat;
3185 3788 3280 3843 sed
3307 3803 3529 3858 semper
3555 3805 3782 3847 cresce—

2174 3883 2266 3938 bat
2297 3884 2351 3937 in
2381 3898 2447 3937 eo
2475 3883 2703 3951 spiritus
2728 3922 2743 3947 ,
2774 3892 2829 3937 et
2861 3899 2959 3952 per
2988 3882 3231 3952 singulas
3263 3881 3427 3936 horas
3454 3893 3620 3950 atque
3658 3898 3781 3937 mo.

2173 3987 2359 4030 menta
2388 3976 2583 4046 spiritu
2616 3984 2998 4031 succrescente
3024 4017 3039 4039 ,
3080 3977 3259 4030 anima
3302 3989 3518 4045 quoque
3556 3990 3661 4030 sua
3694 3975 3780 4030 iu-

2173 4077 2455 4125 crementa
2483 4069 2757 4139 capiebat,
2788 4077 2848 4123 et
2877 4083 2984 4124 non
3014 4068 3195 4123 solum
3223 4067 3402 4122 anima
3430 4108 3445 4131 ,
3479 4067 3574 4122 sed
3605 4069 3777 4124 etiam

2174 4177 2368 4218 sensus
2400 4171 2455 4217 et
2480 4176 2635 4216 mens
2676 4169 2966 4230 augmenta
2995 4160 3223 4231 spiritus
3254 4160 3607 4230 sequebatur.
3638 4161 3780 4218 Illud

2177 4254 2324 4326 quod
2354 4253 2615 4325 prmeepit
2648 4253 2790 4308 Deus
2814 4271 2827 4306 :
2852 4252 3077 4308 Crescite
3103 4260 3152 4307 et
3180 4250 3609 4324 multiplicamini
3638 4252 3782 4325 (Ge-

2173 4364 2284 4402 nes.
2318 4346 2396 4418 t),
2429 4346 2523 4416 qui
2547 4346 2873 4415 simpliciter
2901 4355 2958 4400 et
2980 4346 3134 4414 juxta
3168 4344 3406 4400 litteram
3428 4347 3739 4416 accipiunt
3761 4390 3777 4416 ,

2173 4441 2448 4514 quomodo
2473 4455 2753 4509 exponere
2778 4440 3060 4511 potuerint
3082 4441 3290 4495 nescio.
3319 4440 3450 4494 Esto
3470 4439 3619 4494 enim
3644 4440 3783 4496 mul-

2174 4534 2485 4606 tiplicamini
2530 4533 2805 4589 referatur
2846 4533 2914 4587 ad
2954 4547 3281 4597 numerum,
3330 4538 3388 4587 et
3420 4531 3550 4587 dum
3589 4534 3780 4603 plures

481 4634 650 4705 pan-is
681 4630 902 4691 audire,
933 4634 991 4683 et
1019 4626 1161 4682 scire
1194 4623 1324 4694 quid
1355 4624 1425 4677 sit
1456 4622 1559 4676 hoc
1583 4622 1730 4692 quod
1757 4623 1823 4675 ad
1848 4637 1909 4677 se
1935 4621 2065 4676 dici-
2097 4619 2151 4681 D
2179 4627 2311 4682 liunt
2333 4642 2494 4698 quam
2523 4628 2672 4695 prius
2697 4626 2931 4690 fuerant,
2958 4624 3343 4693 multiplicatio
3369 4624 3530 4680 habet
3555 4626 3777 4683 locum:

482 4742 570 4784 tur
602 4744 616 4779 :
646 4725 714 4779 Et
744 4734 826 4789 tu,
853 4736 1003 4795 puer,
1027 4718 1277 4790 prapheta
1300 4716 1556 4770 Altissimi
1576 4714 1857 4778 vocaberis,
1887 4716 2085 4769 eonsi-'

479 4822 610 4874 drra
643 4816 817 4871 multo
861 4812 1029 4866 fuisse
1077 4806 1382 4862 mirabilius
1409 4804 1552 4876 quod
1586 4806 1906 4873 pra-cessit:
1943 4805 2074 4861 Ecce

480 4926 535 4969 ut
565 4917 702 4984 [acta
725 4918 800 4964 est
822 4923 922 4962 vox
945 4902 1283 4959 salutationis
1315 4910 1415 4955 tua:
1443 4901 1495 4952 in
1528 4915 1681 4952 aures
1708 4916 1868 4961 meas,
1898 4900 2072 4954 exsul-

482 5008 602 5061 tari:
633 5004 807 5071 infans
836 5001 886 5053 in
916 4996 1108 5070 gaudio
1134 4996 1191 5048 in
1216 5006 1362 5048 utero
1390 5010 1524 5048 meo.
1556 4994 1611 5047 Si
1638 4994 1781 5047 enim
1809 4993 1987 5050 adhuc
2015 4994 2070 5050 in

478 5109 670 5155 ventre
716 5090 909 5148 matris
958 5086 1254 5143 conclusus
1291 5084 1441 5139 audit
1469 5082 1691 5152 Jesum,
1742 5094 1797 5139 et
1843 5086 2071 5142 audit-us

475 5185 712 5245 chilit‘il
735 5226 748 5249 ,
777 5190 941 5251 atque
968 5179 1182 5232 lzetatus
1212 5186 1331 5242 est,
1363 5190 1539 5245 quare
1571 5190 1678 5230 non
1723 5178 1916 5233 credas
1944 5196 2067 5234 eutn

472 5286 585 5356 jam
616 5277 858 5351 genitum
887 5271 1230 5344 prophetiam
1260 5270 1435 5338 patris
1466 5268 1657 5325 audire
1682 5277 1739 5325 et
1764 5271 2069 5344 intelligere

547 5492 574 5520 ι
614 5477 935 5547 Suspicallll‘
966 5469 1197 5547 lluetius
1241 5466 1548 5547 ecclestium
1582 5468 1833 5547 nomine,
1865 5471 2062 5547 quibus

476 5539 1121 5619 Dominicadispensatio
1154 5539 1453 5619 prpluerit,
1493 5555 1596 5591 non
1631 5544 1794 5619 tuoth
1836 5539 2061 5612 angelo-

472 5642 594 5686 rum
634 5612 890 5686 ordines,
932 5618 1029 5672 sed
1070 5624 1123 5667 et
1149 5613 1327 5666 θῆαι-ιθ
1361 5612 1476 5686 ipsa
1500 5615 1673 5686 notari
1700 5613 1768 5686 ab
1794 5616 2059 5683 Ungene,

471 5682 668 5766 quippe
711 5708 832 5766 quas
876 5682 985 5742 non
1032 5689 1213 5766 anima
1261 5682 1459 5766 tundo,
1507 5684 1599 5734 sed
1635 5684 1867 5766 ratione
1897 5682 2058 5766 etiam

474 5756 697 5837 pa'dita
722 5756 1015 5837 arbitratus
1051 5759 1140 5837 sit.
1172 5759 1303 5823 Qua:
1347 5764 1528 5837 autem
1571 5756 1783 5837 ratione
1821 5760 2058 5837 pollent3

475 5825 697 5913 icit-ato
728 5848 849 5889 esse
878 5828 1134 5896 obnoxia,
1160 5837 1214 5882 et
1246 5825 1567 5896 purgatione
1598 5825 1846 5895 indigere
1872 5846 1883 5881 :
1914 5829 2057 5898 quod

2179 4720 2284 4775 hoc
2312 4734 2445 4775 vero
2470 4720 2617 4790 quod
2647 4720 2926 4787 sequitur,
2961 4718 3186 4774 Crescite
3208 4758 3224 4784 ,
3257 4734 3365 4773 non
3389 4728 3474 4773 est
3503 4719 3556 4773 in
3589 4731 3779 4777 nostra

2176 4820 2467 4882 potestate.
2490 4810 2622 4878 Quis
2643 4812 2789 4864 enim
2815 4810 3099 4865 hominum
3125 4825 3230 4864 non
3256 4810 3390 4865 velit
3413 4810 3481 4865 ad
3506 4821 3779 4868 staturam

2174 4919 2329 4959 suam
2362 4904 2602 4972 adjicere
2630 4904 2851 4972 (Matth.
2892 4920 2945 4958 γι
2971 4905 2992 4972 )
3020 4945 3034 4970 ,
3066 4914 3124 4957 ut
3154 4903 3368 4975 longior
3394 4904 3525 4959 llat?
3553 4904 3613 4961 Si
3645 4921 3779 4977 ergo

2176 5007 2462 5065 prapterea
2490 4996 2619 5066 quid
2654 4996 2969 5067 praecipitur
2991 5007 3048 5049 ut
3069 4995 3184 5062 ﬂat,
3217 4999 3442 5050 stultum
3462 5004 3551 5051 est
3574 4998 3781 5068 quippe

2178 5096 2505 5164 praecipere,
2529 5094 2672 5164 quod
2704 5095 2750 5147 is
2774 5094 2861 5148 cui
2889 5092 3193 5162 praecipias,
3220 5091 3402 5147 facere
3426 5106 3532 5146 nou
3562 5093 3775 5162 possit:

2178 5195 2234 5242 et
2264 5187 2577 5256 praecipitur
2608 5186 2764 5243 nobis
2796 5195 2856 5242 ut
2890 5201 3205 5243 crescamus
3225 5230 3242 5250 ,
3278 5187 3466 5254 utique
3498 5186 3548 5240 id
3578 5187 3779 5256 prmi-

2179 5280 2320 5349 pitur
2339 5280 2482 5351 quod
2509 5279 2687 5336 facere
2710 5296 2816 5335 non
2847 5294 3160 5349 possumus.
3194 5279 3285 5335 Vis
3314 5280 3457 5335 scire
3492 5279 3779 5350 quomodo

2166 5474 2402 5530 ol‘ticium
2435 5478 2548 5533 illis
2573 5488 2751 5533 morte
2778 5495 2877 5532 sua
2910 5480 3213 5535 exhibitum
3246 5496 3276 5534 a
3316 5480 3543 5536 Christo
3584 5480 3774 5537 credi-

2164 5547 2328 5602 derit.
2353 5547 2554 5604 Cnnl'et'
2583 5555 2744 5619 paulo
2779 5551 3004 5607 inferius
3037 5552 3227 5608 homil.
3259 5552 3332 5606 25
3358 5563 3415 5607 et
3443 5568 3566 5615 quac
3599 5552 3674 5609 ibi
3704 5554 3774 5606 de

2164 5621 2470 5693 C(Blt‘SlLlllll
2506 5629 2838 5691 potestatum
2869 5625 3117 5692 proiectu
3159 5640 3259 5693 per
3298 5623 3501 5679 Christi
3537 5636 3776 5679 mortem

2163 5703 2333 5815 inope
2363 5691 2628 5817 Ecclesm:
2673 5691 3118 5764 prmdtcationem
3153 5691 3218 5750 ex
3262 5694 3592 5766 Origeniana
3645 5711 3774 5751 sen-

2186 5776 2330 5816 enta
2408 5779 2626 5817 icunus.

2186 5776 2330 5816 Clllla
2365 5776 2626 5819 UlCllllllS.
