3978 6338
229 356 314 413 2H
800 349 1239 407 THANSLA'I'IO
1280 347 1727 406 HOMILIARUM
1765 345 2093 404 ORIGENIS
2126 344 2193 401 IN
2236 345 2499 402 LUCAM.
2541 343 2708 400 HOM.
2752 343 2872 400 XII.

3388 345 3500 403 242

231 474 540 543 intelligitur,
575 474 839 528 Crescite?
869 474 1111 528 ausculta
1140 472 1269 544 quid
1293 471 1444 527 Isaac
1470 469 1686 536 fecerit,
1717 470 1785 524 de
1813 470 1868 531 Α
1893 478 2234 525 memorante
2264 485 2276 521 :
2311 466 2468 523 Cibus
2496 477 2670 522 autem
2692 472 2803 542 ejus
2833 477 2981 521 erant
3011 468 3230 523 locust
3255 507 3271 531 ,
3317 477 3366 522 et
3394 471 3500 524 mel

224 587 319 643 quo
346 569 535 625 dicitur
561 586 575 625 :
612 566 767 622 Isaac
795 568 1119 638 proficiebat,
1147 576 1197 621 et
1220 570 1390 639 major
1413 564 1589 633 ﬁebat,
1625 567 1790 618 donec

227 665 377 737 {artus
401 672 470 717 est
497 677 737 733 magnus,
765 661 845 714 uel
872 660 1191 716 vehementer
1216 660 1369 714 nimis
1400 656 1615 727 (Cenes.
1649 656 1789 729 xtl).

228 758 433 824 Semper
457 757 601 809 enim
629 756 889 811 voluntas
917 754 1062 810 illius
1092 754 1159 809 ad
1192 753 1417 810 meliora
1450 769 1509 809 se
1536 753 1786 822 tendens,

224 851 433 907 habebat
454 849 736 921 profectus
762 867 911 914 suos,
938 860 992 905 et
1014 867 1165 907 mens
1186 850 1424 906 divinius
1443 850 1641 922 aliquid
1663 866 1791 906 con-

221 943 563 1010 templabatur
586 986 602 1011 ,
635 950 693 997 et
717 943 1004 998 exercebat
1034 957 1093 998 se
1122 944 1383 997 memoria
1412 983 1427 1008 ,
1473 952 1527 997 ut
1556 943 1707 1013 plura
1738 942 1789 997 in

220 1034 456 1090 thesauro
482 1049 585 1089 suo
614 1034 878 1089 conderet
903 1075 921 1100 ,
966 1045 1026 1089 ut
1069 1034 1280 1089 firmius
1304 1036 1587 1090 retineret.
1616 1033 1794 1100 Atque

220 1127 266 1181 in
294 1125 429 1181 hunc
458 1125 685 1181 modum
718 1126 940 1191 evenit,
983 1135 1044 1182 nt
1067 1128 1157 1197 qui
1188 1142 1379 1181 omnes
1408 1127 1637 1181 virtutes
1665 1141 1791 1181 suas

226 1219 272 1273 in
296 1219 482 1272 animae
503 1233 641 1289 agro
665 1218 986 1285 excoluerit,
1024 1218 1273 1289 impleret
1299 1218 1610 1273 mandatum
1656 1234 1794 1288 prir-

222 1310 689 1382 cipii-us.Crescite.
718 1311 1085 1382 Quamobrem
1111 1322 1168 1368 et
1194 1310 1432 1368 Joannes
1460 1311 1640 1366 adhuc
1671 1327 1795 1381 par-

223 1404 365 1456 vnlns
400 1404 728 1470 crescebat,
774 1414 832 1460 et
871 1403 1355 1473 multiplicabntur.
1400 1402 1791 1458 Difﬁcillimum

219 1502 383 1549 autem
405 1503 486 1549 est
510 1496 800 1563 parvulum
830 1496 1188 1569 277-}78
1215 1496 1409 1565 Spiritu
1435 1510 1708 1563 crescere,
1740 1504 1795 1551 et

212 1588 340 1643 inter
365 1588 630 1645 mortales
659 1600 957 1658 petrarum.
1011 1588 1153 1644 Puer
1191 1599 1365 1643 autent
1404 1588 1703 1657 crescebat,
1746 1598 1796 1643 et

212 1682 591 1752 confortabatur
618 1684 811 1755 spiritu
844 1682 1063 1753 (Matth.
1089 1682 1262 1754 χιιι).
1296 1682 1455 1739 Aliud
1486 1693 1569 1738 est
1597 1698 1791 1737 cresce-

212 1774 306 1840 bat,
335 1774 474 1831 aliud
514 1776 928 1846 confortabatur.
960 1775 1179 1832 Inﬁrma
1202 1788 1286 1831 est
1316 1781 1547 1831 humana
1576 1787 1789 1841 natura,

1892 560 2127 615 silvestre
2159 560 2377 629 (Matth.
2411 559 2531 630 ιιι).
2574 559 2711 626 Quia
2739 561 2887 615 enim
2922 560 3171 615 minister
3201 558 3302 615 fuit
3336 561 3498 631 primi

1894 656 2195 713 Salvatoris
2217 656 2505 717 adventus.
2525 666 2580 711 et
2603 654 2983 711 tantummodo
3005 654 3501 725 dedispensatione

1895 750 2077 805 carnis
2103 749 2397 803 Dominicaa
2428 748 2778 819 loquebatur,
2810 762 2874 802 ac
2896 746 3184 817 prophetia
3208 747 3352 802 illius
3373 763 3499 804 eum

1894 845 1985 913 qui
2022 853 2178 899 natus
2210 844 2387 899 fuerat
2408 859 2475 898 ex
2497 842 2747 914 Virgine,
2784 841 3136 912 praecinebat,
3171 857 3281 897 non
3308 841 3502 898 habuit

1896 935 2257 991 domesticum
2291 936 2430 1001 mel,
2464 945 2523 991 et
2553 936 2789 991 humana
2818 934 3095 1007 diligentia
3126 934 3460 1005 percolatum
3480 977 3499 1005 ,

1896 1030 1994 1085 sed
2024 1029 2279 1085 silvestre
2313 1029 2458 1097 mel,
2505 1036 2560 1084 et
2600 1029 2826 1084 volucre
2870 1045 2976 1083 non
3011 1029 3239 1100 grande,
3289 1045 3396 1084 non
3442 1031 3497 1085 in

1896 1121 2130 1178 sublime
2160 1137 2220 1177 se
2246 1123 2495 1188 elevans,
2529 1137 2717 1177 verum
2745 1122 2972 1178 volucre
3002 1138 3228 1192 parvum
3253 1163 3268 1187 ,
3312 1131 3369 1178 et
3408 1123 3501 1177 vix

1897 1231 1925 1269 a
1957 1224 2097 1271 terra
2129 1230 2466 1287 consurgens
2494 1257 2509 1280 ,
2558 1224 2614 1270 et
2644 1214 2848 1271 saliens
2871 1215 3057 1285 potius
3083 1230 3264 1285 quam
3292 1215 3500 1270 volans.

1896 1308 2034 1377 Quid
2078 1308 2279 1379 plura?
2331 1306 2779 1363 manifestissime
2831 1308 3030 1363 dicitur
3073 1307 3217 1379 quod
3274 1308 3501 1364 locusue

1897 1399 2099 1457 fuerint
2147 1402 2305 1456 cibus
2336 1401 2457 1471 ejus
2483 1443 2498 1465 ,
2545 1401 2831 1470 parvulum
2874 1400 3075 1455 animal
3123 1410 3178 1455 et
3213 1400 3494 1457 mundum.

1897 1493 2253 1551 Considerate
2279 1510 2433 1565 ergo,
2471 1494 2667 1548 fratres
2696 1493 3033 1558 charissimi,
3064 1492 3206 1563 quod
3237 1493 3328 1563 qui
3359 1508 3501 1548 novi:

1898 1602 2056 1644 natus
2087 1588 2282 1655 fuerat,
2316 1603 2456 1644 nove
2483 1589 2725 1643 nutritus
2754 1595 2859 1642 est.
2904 1587 3036 1641 Post
3063 1601 3184 1656 qua:
3211 1587 3494 1656 Scriptura

1898 1682 2149 1753 subjicit;
2188 1682 2408 1737 Factum
2434 1693 2509 1736 est
2528 1692 2699 1735 autent
2729 1682 2781 1735 in
2813 1680 2994 1735 diebus
3018 1678 3128 1735 illis
3150 1724 3166 1748 ,
3211 1682 3362 1734 exivit
3389 1683 3500 1735 edi-

1897 1788 2035 1833 ctum
2065 1796 2095 1831 a
2119 1776 2326 1833 Ctesnre
2352 1780 2609 1847 Augusto.
2640 1784 2695 1830 ut
2726 1776 3107 1830 describeretur
3134 1775 3302 1829 omnis
3335 1774 3495 1829 orbis.

213 1874 333 1919 etut
361 1864 475 1920 ﬁeri
513 1868 689 1935 possit
719 1866 913 1921 fortior
936 1909 950 1931 ,
982 1866 1167 1921 divino
1191 1866 1394 1920 auxilio
1423 1866 1645 1936 indiget.
1682 1867 1786 1921 Le-
1820 1869 1864 1929 B
1894 1871 2025 1926 Ilaec
2070 1871 2170 1941 fuit
2217 1871 2496 1943 descriptio
2538 1871 2708 1940 prima
2748 1886 2780 1923 a
2819 1868 3046 1939 praeside
3085 1867 3261 1939 Syriae
3302 1866 3498 1939 Cyrino

211 1959 386 2028 gimus,
419 1956 562 2014 Caro
588 1961 825 2029 inﬁrma.
850 1961 970 2028 Quo
1002 1961 1165 2032 igitur
1191 1960 1396 2015 auxilio
1418 1960 1792 2016 confirmanda

212 2051 319 2107 est?
354 2048 559 2122 Utique
589 2052 807 2125 spiritu.
856 2052 1093 2123 Spiritus
1123 2054 1268 2109 enim
1305 2063 1589 2124 promptus
1614 2097 1628 2120 ,
1661 2068 1791 2108 caro

209 2154 369 2199 autem
399 2146 491 2200 inii
506 2161 652 2201 rma.
682 2147 785 2215 Qui
813 2149 927 2202 vult
956 2146 1150 2201 fortior
1180 2145 1322 2215 ﬁeri,
1358 2163 1467 2202 non
1497 2146 1661 2202 debet
1689 2146 1791 2202 nisi

207 2234 252 2288 in
279 2234 472 2304 Spiritu
505 2235 833 2291 confortari.
866 2237 1016 2291 Multi
1043 2236 1639 2305 confiirtantur‘e'trne,
1669 2253 1793 2292 cor-

204 2341 318 2395 pore
344 2328 715 2394 roborantur;
747 2328 951 2385 athleta
979 2339 1157 2384 autem
1188 2330 1283 2385 Dei
1310 2332 1503 2399 spiritu
1527 2332 1794 2386 roboran-

205 2416 290 2472 dus
316 2428 396 2474 est
419 2460 433 2480 .
480 2432 545 2475 et
572 2434 697 2475 cum
726 2421 808 2475 sic
836 2421 1003 2476 fuerit
1031 2421 1372 2477 confortatus
1399 2465 1415 2491 ,
1464 2424 1791 2493 sapientiam

202 2515 363 2569 carnis
381 2514 579 2578 elidet.
606 2523 662 2570 et
676 2505 942 2587 spiritalis
963 2515 1213 2585 effectus,
1238 2516 1429 2572 subdet
1454 2532 1654 2588 corpus
1676 2517 1792 2595 ani-

200 2608 263 2661 mi
290 2608 536 2679 imperio.
563 2610 682 2665 Non
716 2619 970 2678 putemus
994 2625 1128 2682 ergo
1153 2611 1459 2681 simplicem
1489 2612 1556 2668 de
1579 2614 1790 2669 Joanne

201 2698 462 2757 historiam
491 2718 624 2758 esse
651 2706 1043 2774 conscriptam,
1076 2714 1130 2760 et
1150 2721 1271 2775 qum
1300 2706 1435 2760 nihil
1458 2706 1523 2761 ad
1547 2722 1644 2762 nos
1667 2722 1792 2778 per-

205 2795 372 2863 tineat,
405 2796 455 2851 in
487 2811 567 2851 eo
593 2797 738 2866 quod
766 2796 1000 2865 dicitur,
1034 2799 1289 2854 crescebat
1316 2808 1365 2854 et
1394 2801 1790 2872 confortabatur

200 2890 368 2958 spiritu
395 2907 413 2945 :
436 2890 544 2947 sed
572 2892 640 2946 ad
677 2893 1038 2949 imitationem
1062 2903 1329 2963 nostram,
1361 2906 1416 2949 ut
1444 2896 1788 2967 multiplicati

200 2979 503 3048 spiritaliter
528 2982 683 3052 juxta
712 2999 836 3040 eum
866 3000 1026 3055 quem
1060 2984 1299 3041 diximus
1329 3001 1571 3051 sensum,
1609 2990 1785 3044 incre-

200 3081 362 3129 menta
398 3079 711 3146 capiamus.
766 3076 835 3132 Et
866 3087 978 3133 erat
1019 3080 1072 3133 in
1111 3081 1323 3135 desertis
1354 3099 1512 3154 usque
1556 3084 1626 3137 ad
1652 3084 1789 3138 diem

201 3169 486 3224 ostensionis
524 3186 636 3226 sure
660 3171 730 3225 ad
751 3169 943 3227 Israel.
976 3180 1003 3209 ⁸
1031 3171 1179 3228 Dixit
1208 3190 1381 3243 nuper
1403 3176 1547 3245 quod
1578 3187 1633 3231 et
1656 3191 1789 3230 con-

1897 1963 2048 2037 (an.
2077 1966 2161 2025 tt).
2198 1964 2352 2018 Dicat
2378 1962 2576 2035 aliquis
2600 1982 2611 2015 :
2640 1962 2685 2017 0
2704 1962 3018 2031 evangelica
3049 1962 3321 2017 narratio!
3346 1961 3496 2028 Quo.

1896 2060 2038 2113 niam
2085 2056 2259 2127 prima
2309 2056 2605 2125 descriptio
2651 2056 2895 2110 universi
2946 2053 3099 2110 orbis
3139 2054 3248 2109 Sub
3282 2053 3501 2109 Cesare

1894 2150 2141 2217 Augusm
2180 2147 2342 2202 fuerit
2367 2189 2382 2211 ,
2433 2158 2487 2201 et
2528 2146 2672 2201 inter
2709 2160 2904 2201 omnes
2930 2146 3095 2201 etiam
3127 2145 3327 2214 Josepli
3370 2159 3495 2200 cum

1894 2240 2063 2296 Maria
2096 2240 2422 2310 desponsata
2454 2241 2554 2293 sibi
2585 2251 2747 2310 atque
2776 2250 3091 2309 prtegnante
3119 2254 3319 2294 nomen
3354 2246 3499 2293 retu-

1894 2332 2018 2387 lerit
2045 2334 2099 2387 in
2121 2348 2345 2386 censum
2375 2372 2391 2398 ,
2430 2345 2494 2385 ac
2519 2332 2837 2402 priusquam
2872 2331 3168 2402 descriptio
3188 2332 3495 2400 complere-

1894 2438 2002 2493 tttr,
2023 2438 2175 2482 ortus
2203 2426 2559 2491 lueritJesus,
2584 2425 2903 2496 diligentius
2926 2425 3155 2480 intuenti
3180 2439 3489 2480 sacramen-

1892 2532 2005 2578 tum
2028 2520 2297 2592 quoddam
2324 2520 2542 2574 videtur
2562 2520 2891 2588 signiﬁcare,
2916 2518 3058 2588 quod
3081 2518 3135 2572 in
3161 2519 3324 2573 totius
3346 2517 3495 2573 orbis

1894 2615 2235 2686 professioiie
2264 2611 2500 2669 describi
2529 2612 2838 2682 oportuerit
2864 2618 2921 2666 et
2945 2609 3246 2673 Christum,
3282 2619 3340 2666 ut
3367 2626 3490 2665 cum

1893 2707 2147 2764 omnibus
2174 2706 2410 2774 scriptus
2437 2705 2804 2761 sanctificaret
2831 2718 3024 2759 omnes
3046 2744 3061 2767 ,
3106 2713 3163 2758 et
3191 2719 3313 2759 cum
3346 2703 3485 2759 orbe

1893 2801 2098 2858 relatus
2126 2801 2177 2854 in
2202 2814 2452 2863 censum,
2479 2797 2921 2853 communionem
2948 2795 3032 2849 sui
3060 2796 3327 2863 praeberet
3346 2793 3493 2862 orbi,

1893 2903 1951 2950 ut
1980 2904 2105 2965 post
2136 2893 2276 2948 hanc
2306 2891 2758 2960 descriptionem,
2791 2888 3130 2945 describeret
3159 2902 3400 2958 quosque
3428 2902 3494 2942 ex

1893 2987 2026 3041 orbe
2056 2998 2244 3039 secum
2281 2985 2334 3037 in
2366 2982 2507 3037 libro
2534 2980 2827 3035 viventium
2865 2997 2878 3032 :
2911 2986 2969 3033 ut
3006 2978 3338 3048 quicumque
3373 2991 3494 3031 cre-

1892 3078 2164 3133 didissent
2187 3079 2239 3129 in
2266 3090 2355 3140 eo,
2380 3084 2571 3145 postea
2595 3088 2717 3129 cum
2734 3073 2937 3126 sanctis
2956 3071 3104 3125 illius
3118 3071 3493 3125 scriberentur

1894 3174 1947 3228 in
1970 3172 2145 3235 caelis,
2179 3170 2266 3226 cui
2301 3177 2387 3225 est
2415 3169 2583 3239 gloria
2614 3180 2669 3224 et
2700 3167 2991 3238 imperium
3025 3164 3078 3220 in
3103 3164 3300 3219 sarcula
3323 3177 3495 3218 sarcu-

199 3272 362 3328 teptus
398 3264 650 3321 Joannes
690 3267 1020 3338 stupendum
1056 3267 1189 3339 quid
1232 3270 1515 3337 habuerit,
1564 3270 1786 3342 quando
1814 3265 1860 3328 C
1892 3265 2089 3321 lorum.
2120 3263 2317 3319 Amen.

198 3357 464 3415 exsultavit
487 3359 685 3415 infans
714 3360 767 3415 in
800 3371 956 3417 utero
976 3403 991 3425 ,
1024 3370 1082 3417 et
1114 3377 1274 3417 suum
1303 3363 1533 3419 necdum
1567 3366 1784 3434 genitus

199 3445 459 3505 Dominum
500 3455 869 3522 recognovit:
900 3462 956 3508 et
979 3455 1243 3511 nativitas
1273 3469 1380 3510 non
1416 3457 1589 3526 impar
1618 3458 1783 3513 mira-

199 3546 356 3596 culum
380 3584 395 3607 ,
442 3544 677 3613 quando
709 3544 776 3599 ad
805 3560 933 3601 eum
970 3546 1118 3601 velut
1156 3547 1471 3603 audientem
1505 3548 1781 3605 Zachariae

197 3636 497 3703 prophetam
514 3641 561 3693 is
583 3654 768 3693 sermo
788 3642 1147 3708 convertitur,
1174 3642 1366 3697 dit-ens
1392 3661 1403 3697 :
1429 3643 1496 3698 Et
1523 3654 1601 3712 tu,
1628 3662 1777 3717 puer,

196 3728 421 3800 propheta
448 3731 716 3787 Altissimi
743 3733 1026 3789 vocaberis.
1060 3735 1228 3806 Digne
1255 3736 1419 3807 igitur
1440 3739 1529 3807 qtti
1552 3740 1632 3793 sic
1653 3753 1784 3794 con-

197 3834 359 3894 ceptus
390 3828 596 3895 fuerat,
633 3839 691 3882 et
722 3835 900 3896 natus,
934 3844 1042 3884 non
1070 3832 1445 3899 exspectavit,
1483 3842 1535 3886 ut
1571 3848 1598 3885 a
1632 3842 1785 3901 patre

200 3917 472 3973 nutriretur
509 3934 687 3987 ustiue
715 3921 784 3975 ad
810 3920 960 3976 diem
990 3923 1323 3977 ostensionis
1355 3939 1467 3978 smn
1490 3929 1555 3978 al
1587 3926 1777 3991 Israel,

201 4008 281 4063 sed
312 4014 576 4077 recessit,
613 4014 828 4084 fugiens
858 4015 1147 4070 tumultum
1184 4017 1429 4081 urbium,
1462 4018 1644 4087 populi
1678 4020 1787 4075 fre-

201 4106 477 4170 quentiam,
503 4107 766 4162 viciniam
791 4108 1098 4176 civitatum,
1121 4119 1175 4163 et
1197 4111 1330 4165 abiit
1354 4111 1406 4166 itt
1425 4112 1667 4180 deserta,
1694 4116 1782 4172 ubi

203 4196 365 4262 purior
402 4214 498 4253 aer
542 4208 667 4253 erat
702 4211 757 4254 et
797 4201 998 4256 cmlum
1043 4205 1285 4270 apertius
1311 4243 1326 4267 ,
1370 4212 1428 4258 et
1471 4206 1787 4262 familiarior

201 4288 328 4347 Deus
349 4335 363 4359 ,
395 4304 452 4349 ut
478 4297 608 4364 quia
641 4295 876 4352 necdum
908 4309 1310 4351 sacramentum
1341 4299 1635 4371 baptismi,
1686 4317 1785 4358 nec

203 4388 594 4452 prailicattonis
637 4398 855 4458 tempus
896 4389 1215 4454 advenerat,
1262 4403 1483 4448 vacaret
1524 4395 1789 4449 oratiom—

207 4474 294 4528 bus
317 4519 330 4539 ,
376 4490 430 4533 et
463 4496 590 4534 cum
620 4483 832 4551 angelis
863 4494 1288 4539 conversarctur
1316 4525 1330 4549 ,
1380 4487 1786 4555 appellaretque

208 4564 477 4625 Dominum
503 4616 517 4633 .
548 4581 608 4628 et
634 4574 789 4628 illum
814 4574 1029 4630 audiret
1059 4578 1483 4645 respondentem
1514 4590 1677 4649 atque
1706 4579 1789 4635 di-

2285 3397 2641 3470 279-280
2663 3394 2948 3484 IIOMILIA
2971 3393 3087 3449 XII.

1888 3537 1967 3594 De
1995 3551 2061 3592 eo
2091 3536 2233 3606 quod
2260 3536 2524 3605 seriptum
2555 3542 2660 3599 est,
2687 3533 2941 3603 angelum
2972 3532 3286 3606 venisse_de
3311 3532 3484 3606 ctelo,

1960 3618 2013 3664 et
2043 3600 2225 3662 orium
2260 3600 2475 3662 Domini
2503 3600 2785 3661 nuntiasse
2819 3605 3149 3675 paStoribus.
3178 3600 3315 3674 Cap.
3348 3603 3412 3658 II.

1960 3747 2128 3802 Natus
2151 3745 2506 3800 estDominns
2533 3758 2686 3799 mens
2713 3744 2893 3808 Jesus,
2920 3754 2974 3798 et
2996 3741 3226 3813 angelus
3256 3741 3488 3797 descen-

1887 3841 1966 3896 dit
1993 3840 2062 3894 de
2105 3840 2247 3896 ccelo
2274 3837 2606 3892 annuntians
2646 3837 2985 3891 nativitatem
3015 3836 3156 3900 ejus.
3190 3833 3488 3888 Videamus

1890 3934 2071 4004 itaque
2102 3947 2265 4002 quem
2292 3930 2607 4001 quaesierit,
2650 3938 2707 3983 ut
2736 3930 2818 3983 eis
2849 3927 3127 3982 nuntiaret
3164 3925 3480 3981 adventum.

1887 4026 2006 4082 Non
2046 4026 2195 4081 venit
2248 4024 2680 4096 Jerosolymam,
2727 4038 2834 4077 non
2887 4019 3138 4092 quassivit
3168 4019 3390 4073 Scribas
3431 4026 3488 4073 et

1885 4120 2239 4184 Pharis:nos,
2302 4134 2410 4173 non
2457 4131 2790 4188 synagogam
2824 4116 3106 4185 ingressus
3148 4125 3232 4167 est
3259 4110 3482 4167 ,Ιυάωο-

1886 4230 2006 4271 rum
2028 4254 2043 4277 ,
2074 4213 2167 4267 sed
2201 4220 2454 4283 pastores
2484 4209 2690 4280 reperit
2718 4221 3096 4278 supergreges
3118 4220 3249 4260 suos
3272 4203 3482 4275 vigilias

1887 4307 2247 4371 excubantes,
2281 4305 2471 4373 eisque
2497 4303 2739 4373 loquitur
2777 4319 2789 4355 :
2828 4299 3001 4355 Natus
3021 4308 3096 4353 est
3117 4298 3275 4352 hodie
3296 4294 3489 4354 Salva-

1888 4411 2005 4468 tor,
2053 4402 2141 4471 qui
2195 4410 2271 4453 est
2319 4397 2554 4453 Christus
2601 4396 2873 4450 Dominus.
2908 4394 3147 4448 Putasne
3175 4392 3308 4447 niltil
3340 4390 3489 4445 aliud

1887 4495 2103 4551 divinus
2133 4494 2545 4561 Scripturarum
2580 4502 2763 4545 sermo
2793 4486 3064 4558 signiﬁcat
3086 4527 3102 4553 ,
3146 4487 3239 4539 sed
3271 4495 3482 4539 tantum

1890 4588 1994 4644 hoc
2021 4588 2162 4658 quod
2194 4588 2259 4641 ad
2295 4595 2541 4657 pastores
2563 4583 2777 4638 venerit
2799 4582 3055 4652 angelus,
3087 4592 3142 4635 et
3171 4580 3251 4635 eis
3275 4581 3488 4633 locutus

206 4674 397 4719 centeni
424 4685 438 4719 :
464 4666 605 4721 Ecce
626 4667 817 4722 adsum
846 4668 1060 4741 (Matth.
1086 4670 1187 4740 χι).
1221 4671 1372 4729 Sicut
1404 4677 1547 4728 enim
1572 4660 1785 4746 Moyses
1811 4655 1865 4716 Ῑ)
1891 4683 2002 4739 sit?
2041 4655 2277 4745 ‘Audite,
2298 4655 2559 4748 pastores
2600 4675 2971 4730 Ecclesiarum
2997 4715 3011 4739 ,
3062 4680 3314 4741 pastores
3346 4667 3486 4733 Dei,

210 4752 523 4820 loquebatur
543 4806 557 4827 ,
591 4773 645 4815 et
677 4761 825 4816 Dens
854 4762 1221 4832 respondebat
1248 4766 1296 4817 ei
1334 4786 1347 4820 :
1380 4765 1458 4820 sic
1482 4775 1613 4835 puto
1640 4769 1784 4837 quod

207 4845 426 4906 Ioannes
447 4853 669 4910 locutus
692 4854 859 4910 fuerit
877 4856 931 4911 in
948 4858 1186 4924 deserto,
1209 4871 1261 4913 et
1282 4858 1544 4916 Dominus
1561 4878 1790 4933 respon—

208 4936 334 4995 derit
370 4948 445 4999 ei.
476 4946 591 5001 Hoc
633 4949 878 5003 arbitror
902 4990 917 5014 ,
968 4959 1121 5005 certa
1155 4950 1223 5004 de
1253 4950 1548 5022 Scripturis
1576 4955 1785 5010 ratione

207 5047 516 5094 conmiotus.
549 5041 605 5096 Si
631 5043 780 5097 enim
804 5044 980 5113 major
1002 5045 1055 5099 in
1087 5049 1228 5098 natis
1258 5048 1548 5102 mulierum
1572 5050 1782 5105 Joanne

209 5121 434 5195 Baptista
472 5131 574 5186 fuit
608 5149 775 5189 nemo
800 5175 814 5197 ,
863 5135 1033 5207 Moysi
1071 5146 1256 5191 autem
1296 5140 1574 5207 respondit
1600 5140 1778 5205 Deus,

207 5229 589 5305 consequenter
616 5227 905 5299 respondit
944 5237 1003 5283 et
1038 5228 1230 5284 Joanni
1260 5232 1350 5300 qui
1396 5232 1570 5302 major
1600 5234 1782 5305 Moyse

211 5304 332 5376 fuit,
372 5316 463 5382 qui
491 5325 579 5371 est
601 5322 844 5373 nutritus
884 5319 939 5374 in
967 5335 1154 5375 eremo
1178 5363 1191 5385 ,
1242 5323 1398 5392 cujus
1438 5304 1779 5380 nativitatem

209 5398 336 5457 idem
377 5410 742 5482 archangelus
787 5413 880 5483 qui
926 5426 980 5470 et
1012 5415 1229 5470 Domini
1273 5418 1579 5483 nuntiavit,
1629 5421 1783 5490 cujus

211 5504 348 5560 pater
373 5502 464 5568 qui
495 5519 620 5558 eum
654 5507 804 5560 nasci
832 5524 938 5561 non
969 5509 1228 5564 credebat
1254 5555 1269 5579 ,
1316 5511 1606 5567 obmutuit.
1657 5514 1783 5569 Erat

209 5582 357 5653 igitur
400 5591 454 5646 in
495 5594 715 5652 deserto
758 5598 1034 5663 Joannes,
1085 5612 1141 5656 et
1179 5603 1520 5658 nutriebatur
1554 5622 1692 5660 novo
1731 5618 1786 5661 et

214 5688 350 5734 extra
379 5680 673 5744 humanam
707 5704 955 5747 naturam
989 5694 1153 5749 modo
1178 5736 1193 5760 ,
1237 5696 1289 5750 id
1323 5695 1497 5765 ipsum
1532 5697 1785 5753 Matttiaro

1888 4776 2031 4848 quod
2060 4789 2280 4843 semper
2333 4771 2558 4840 angelus
2607 4768 2728 4837 ejus
2777 4767 3075 4821 descendat
3127 4780 3158 4819 e
3206 4764 3384 4825 caelo,
3436 4770 3493 4815 et

1889 4869 2177 4924 annuntiet
2206 4864 2359 4918 vobis
2387 4862 2645 4935 quoniam
2673 4869 2831 4914 natus
2872 4868 2954 4913 est
2981 4856 3141 4913 vobis
3180 4854 3344 4910 hodie
3366 4853 3491 4908 Sal-

1889 4968 2049 5015 νάιοι·
2075 5000 2090 5024 ,
2138 4958 2230 5028 qui
2259 4964 2344 5013 est
2371 4956 2628 5011 Christus
2660 4952 2944 5007 Dominus.
2995 4949 3209 5004 Etenim
3243 4956 3491 5015 pastores

1891 5051 2256 5108 Ecclesiarum
2277 5093 2293 5117 ,
2331 5050 2430 5102 nisi
2481 5049 2569 5101 ille
2614 5057 2799 5115 pastor
2828 5042 3044 5099 venerit
3070 5083 3085 5105 ,
3121 5056 3221 5110 per
3250 5054 3311 5094 se
3343 5039 3485 5092 bene

1888 5160 2107 5218 gregem
2141 5158 2363 5199 servare
2394 5156 2501 5195 non
2554 5148 2852 5211 poterunt,
2898 5136 3111 5192 infirma
3167 5142 3252 5189 est
3293 5146 3486 5187 eorum

1889 5237 2136 5294 custodia
2161 5282 2175 5305 ,
2210 5237 2314 5291 nisi
2348 5234 2597 5289 Christus
2628 5249 2749 5287 cum
2787 5233 2869 5285 eis
2922 5230 3132 5301 paverit
3174 5239 3336 5295 atque
3365 5240 3486 5280 ser-

1888 5331 2124 5386 vaverit.
2153 5328 2369 5383 Dudum
2403 5326 2454 5379 in
2482 5326 2745 5395 Apostolo
2778 5325 2975 5377 lectum
3009 5328 3095 5377 est
3116 5361 3130 5386 ,
3163 5318 3261 5373 Dei
3287 5332 3491 5386 coope-

1891 5435 2104 5481 ratores
2129 5436 2317 5477 sumus
2348 5420 2401 5493 (Ι
2435 5417 2557 5474 Cor.
2589 5417 2708 5487 ιιι).
2743 5416 2938 5471 Pastor
2964 5415 3168 5479 bonus,
3198 5412 3289 5480 qui
3314 5412 3496 5465 imita-

1895 5526 1985 5571 tur
2017 5524 2289 5583 pastorem
2323 5513 2524 5566 bouum
2555 5507 2742 5579 (Joan.
2771 5506 2868 5576 x),
2904 5514 3231 5574 cooperator
3260 5511 3347 5558 est
3389 5501 3489 5557 Dei

1894 5617 1949 5662 et
1980 5606 2204 5661 Christi.
2229 5605 2299 5659 Et
2330 5612 2619 5674 propterea
2651 5610 2839 5671 pastor
2867 5599 3042 5653 bonus
3068 5604 3176 5664 est,
3199 5602 3293 5666 qui
3324 5594 3491 5651 habet

1900 5712 2086 5754 secum
2136 5708 2410 5767 pastorem
2451 5696 2719 5763 Optimum
2752 5697 3192 5760 compascentem
3220 5688 3348 5744 sibi.
3383 5688 3493 5744 Po-

277 5866 301 5893 ⁸
340 5860 616 5926 maluerim
650 5872 706 5928 in
737 5882 892 5930 recto
925 5872 1070 5929 Dixi.
1117 5873 1348 5931 Leviora
1390 5876 1642 5947 quaedam
1681 5877 1787 5933 alia
1819 5876 1977 5934 taciti
2005 5876 2356 5947 castigamus.
