  <div class='ocr_page' id='page_1' title='image "/cluster/home/n/w/nwhite01/storage/ocr_20150623/26/hvd.32044015471402/127.png"; bbox 0 0 3978 6338; ppageno 0'>
   <div class='ocr_carea' id='block_1_1' title="bbox 429 316 629 418">
    <p class='ocr_par' dir='ltr' id='par_1_1' title="bbox 429 316 629 418">
     <span class='ocr_line' id='line_1_1' title="bbox 429 316 629 418; baseline -0.01 0"><span class='ocrx_word' id='word_1_1' title='bbox 429 361 538 418; x_wconf 66' lang='lat' dir='ltr'><strong>eis</strong></span> <span class='ocrx_word' id='word_1_2' title='bbox 616 316 629 330; x_wconf 73' lang='grc'><strong>’</strong></span> 
     </span>
    </p>
   </div>
   <div class='ocr_carea' id='block_1_2' title="bbox 1684 334 2481 407">
    <p class='ocr_par' dir='ltr' id='par_1_2' title="bbox 1684 334 2481 407">
     <span class='ocr_line' id='line_1_2' title="bbox 1684 334 2481 407; baseline -0.013 1"><span class='ocrx_word' id='word_1_3' title='bbox 1684 352 1741 407; x_wconf 81' lang='lat' dir='ltr'><strong>s.</strong></span> <span class='ocrx_word' id='word_1_4' title='bbox 1784 336 2056 406; x_wconf 63' lang='lat' dir='ltr'><strong>sustulit</strong></span> <span class='ocrx_word' id='word_1_5' title='bbox 2094 334 2481 402; x_wconf 65' lang='lat' dir='ltr'><strong>ntuttttnvtlt</strong></span> 
     </span>
    </p>
   </div>
   <div class='ocr_carea' id='block_1_3' title="bbox 3624 339 3729 399">
    <p class='ocr_par' dir='ltr' id='par_1_3' title="bbox 3624 339 3729 399">
     <span class='ocr_line' id='line_1_3' title="bbox 3624 339 3729 399; baseline 0.086 -10"><span class='ocrx_word' id='word_1_6' title='bbox 3624 339 3729 399; x_wconf 66' lang='grc' dir='ltr'><strong>ΞΗ</strong></span> 
     </span>
    </p>
   </div>
   <div class='ocr_carea' id='block_1_4' title="bbox 434 451 3726 542">
    <p class='ocr_par' dir='ltr' id='par_1_4' title="bbox 434 451 3726 542">
     <span class='ocr_line' id='line_1_4' title="bbox 434 451 3726 542; baseline -0.008 -10"><span class='ocrx_word' id='word_1_7' title='bbox 434 476 540 532; x_wconf 83' lang='lat' dir='ltr'><strong>suit</strong></span> <span class='ocrx_word' id='word_1_8' title='bbox 581 476 728 532; x_wconf 87' lang='lat' dir='ltr'><strong>enim</strong></span> <span class='ocrx_word' id='word_1_9' title='bbox 778 473 918 530; x_wconf 81' lang='lat' dir='ltr'><strong>Deus</strong></span> <span class='ocrx_word' id='word_1_10' title='bbox 950 474 1001 528; x_wconf 86' lang='lat' dir='ltr'><strong>itt</strong></span> <span class='ocrx_word' id='word_1_11' title='bbox 1038 468 1280 533; x_wconf 68' lang='lat' dir='ltr'><strong>EccleSia</strong></span> <span class='ocrx_word' id='word_1_12' title='bbox 1327 468 1605 542; x_wconf 82' lang='lat' dir='ltr'><strong>apostdlos</strong></span> <span class='ocrx_word' id='word_1_13' title='bbox 1626 511 1640 535; x_wconf 91' lang='lat'><strong>,</strong></span> <span class='ocrx_word' id='word_1_14' title='bbox 1676 465 2017 538; x_wconf 64' lang='lat' dir='ltr'><strong>protulimus,</strong></span> <span class='ocrx_word' id='word_1_15' title='bbox 2048 462 2198 523; x_wconf 71' lang='lat' dir='ltr'><strong>Aris</strong></span> <span class='ocrx_word' id='word_1_16' title='bbox 2215 458 2545 531; x_wconf 69' lang='grc' dir='ltr'><strong>ίΕςῃριὶιηη,</strong></span> <span class='ocrx_word' id='word_1_17' title='bbox 2571 456 2816 527; x_wconf 77' lang='lat' dir='ltr'><strong>quoniam</strong></span> <span class='ocrx_word' id='word_1_18' title='bbox 2843 455 3056 509; x_wconf 77' lang='lat' dir='ltr'><strong>advena:</strong></span> <span class='ocrx_word' id='word_1_19' title='bbox 3076 454 3232 508; x_wconf 77' lang='lat' dir='ltr'><strong>eratis</strong></span> <span class='ocrx_word' id='word_1_20' title='bbox 3255 454 3307 508; x_wconf 85' lang='lat' dir='ltr'><strong>in</strong></span> <span class='ocrx_word' id='word_1_21' title='bbox 3330 451 3726 524; x_wconf 53' lang='lat' dir='ltr'><strong>tnraigypti,</strong></span> 
     </span>
    </p>
   </div>
   <div class='ocr_carea' id='block_1_5' title="bbox 432 552 2023 640">
    <p class='ocr_par' dir='ltr' id='par_1_5' title="bbox 432 552 2023 640">
     <span class='ocr_line' id='line_1_5' title="bbox 432 552 2023 640; baseline -0.009 -14"><span class='ocrx_word' id='word_1_22' title='bbox 432 566 832 640; x_wconf 83' lang='lat' dir='ltr'><strong>evangelistas,</strong></span> <span class='ocrx_word' id='word_1_23' title='bbox 867 566 1113 635; x_wconf 78' lang='lat' dir='ltr'><strong>nastures</strong></span> <span class='ocrx_word' id='word_1_24' title='bbox 1135 607 1150 632; x_wconf 93' lang='lat'><strong>,</strong></span> <span class='ocrx_word' id='word_1_25' title='bbox 1183 564 1437 620; x_wconf 81' lang='lat' dir='ltr'><strong>doctores</strong></span> <span class='ocrx_word' id='word_1_26' title='bbox 1458 605 1475 628; x_wconf 84' lang='lat'><strong>,</strong></span> <span class='ocrx_word' id='word_1_27' title='bbox 1506 561 1688 617; x_wconf 78' lang='lat' dir='ltr'><strong>Omnia</strong></span> <span class='ocrx_word' id='word_1_28' title='bbox 1725 552 1777 614; x_wconf 88' lang='lat' dir='ltr'><strong>in</strong></span> <span class='ocrx_word' id='word_1_29' title='bbox 1808 556 2023 630; x_wconf 69' lang='lat' dir='ltr'><strong>perfec-</strong></span> 
     </span>
    </p>
   </div>
   <div class='ocr_carea' id='block_1_6' title="bbox 438 650 2028 731">
    <p class='ocr_par' dir='ltr' id='par_1_6' title="bbox 438 650 2028 731">
     <span class='ocr_line' id='line_1_6' title="bbox 438 650 2028 731; baseline -0.008 -13"><span class='ocrx_word' id='word_1_30' title='bbox 438 658 583 718; x_wconf 83' lang='lat' dir='ltr'><strong>tione</strong></span> <span class='ocrx_word' id='word_1_31' title='bbox 635 666 951 717; x_wconf 80' lang='lat' dir='ltr'><strong>sanctorum</strong></span> <span class='ocrx_word' id='word_1_32' title='bbox 993 650 1174 731; x_wconf 82' lang='lat' dir='ltr'><strong>(Eph.</strong></span> <span class='ocrx_word' id='word_1_33' title='bbox 1207 655 1319 725; x_wconf 83' lang='lat' dir='ltr'><strong>tv).</strong></span> <span class='ocrx_word' id='word_1_34' title='bbox 1354 654 1422 711; x_wconf 84' lang='lat' dir='ltr'><strong>Et</strong></span> <span class='ocrx_word' id='word_1_35' title='bbox 1470 655 1584 709; x_wconf 76' lang='lat' dir='ltr'><strong>haec</strong></span> <span class='ocrx_word' id='word_1_36' title='bbox 1632 652 1853 723; x_wconf 82' lang='lat' dir='ltr'><strong>quidem</strong></span> <span class='ocrx_word' id='word_1_37' title='bbox 1899 658 2028 706; x_wconf 84' lang='lat' dir='ltr'><strong>sunt</strong></span> 
     </span>
    </p>
   </div>
   <div class='ocr_carea' id='block_1_7' title="bbox 431 744 2053 824">
    <p class='ocr_par' dir='ltr' id='par_1_7' title="bbox 431 744 2053 824">
     <span class='ocr_line' id='line_1_7' title="bbox 431 744 2053 824; baseline -0.008 -14"><span class='ocrx_word' id='word_1_38' title='bbox 431 748 577 810; x_wconf 80' lang='lat' dir='ltr'><strong>dicta</strong></span> <span class='ocrx_word' id='word_1_39' title='bbox 604 744 926 824; x_wconf 81' lang='lat' dir='ltr'><strong>sltnplicius.</strong></span> <span class='ocrx_word' id='word_1_40' title='bbox 957 752 1225 804; x_wconf 56' lang='lat' dir='ltr'><strong>(ueterum</strong></span> <span class='ocrx_word' id='word_1_41' title='bbox 1259 748 1303 803; x_wconf 88' lang='lat' dir='ltr'><strong>sl</strong></span> <span class='ocrx_word' id='word_1_42' title='bbox 1336 747 1400 802; x_wconf 84' lang='lat' dir='ltr'><strong>ad</strong></span> <span class='ocrx_word' id='word_1_43' title='bbox 1431 747 1786 802; x_wconf 81' lang='lat' dir='ltr'><strong>saeratiorem</strong></span> <span class='ocrx_word' id='word_1_44' title='bbox 1810 749 2053 815; x_wconf 77' lang='lat' dir='ltr'><strong>Oportet</strong></span> 
     </span>
    </p>
   </div>
   <div class='ocr_carea' id='block_1_8' title="bbox 434 834 2028 913">
    <p class='ocr_par' dir='ltr' id='par_1_8' title="bbox 434 834 2028 913">
     <span class='ocr_line' id='line_1_8' title="bbox 434 834 2028 913; baseline -0.006 -14"><span class='ocrx_word' id='word_1_45' title='bbox 434 836 730 902; x_wconf 71' lang='lat' dir='ltr'><strong>ascendere</strong></span> <span class='ocrx_word' id='word_1_46' title='bbox 757 841 1194 913; x_wconf 74' lang='lat' dir='ltr'><strong>intelligentiam,</strong></span> <span class='ocrx_word' id='word_1_47' title='bbox 1218 840 1393 895; x_wconf 82' lang='lat' dir='ltr'><strong>dicant</strong></span> <span class='ocrx_word' id='word_1_48' title='bbox 1420 838 1683 909; x_wconf 72' lang='lat' dir='ltr'><strong>quosdam</strong></span> <span class='ocrx_word' id='word_1_49' title='bbox 1707 834 1880 891; x_wconf 80' lang='lat' dir='ltr'><strong>fuisse</strong></span> <span class='ocrx_word' id='word_1_50' title='bbox 1905 849 2028 904; x_wconf 57' lang='lat' dir='ltr'><strong>pasc&#39;</strong></span> 
     </span>
    </p>
   </div>
   <div class='ocr_carea' id='block_1_9' title="bbox 438 930 2027 1008">
    <p class='ocr_par' dir='ltr' id='par_1_9' title="bbox 438 930 2027 1008">
     <span class='ocr_line' id='line_1_9' title="bbox 438 930 2027 1008; baseline -0.008 -12"><span class='ocrx_word' id='word_1_51' title='bbox 438 948 586 995; x_wconf 86' lang='lat' dir='ltr'><strong>tores</strong></span> <span class='ocrx_word' id='word_1_52' title='bbox 610 938 831 1008; x_wconf 84' lang='lat' dir='ltr'><strong>angelos</strong></span> <span class='ocrx_word' id='word_1_53' title='bbox 858 937 950 1006; x_wconf 88' lang='lat' dir='ltr'><strong>qui</strong></span> <span class='ocrx_word' id='word_1_54' title='bbox 982 940 1070 990; x_wconf 81' lang='lat' dir='ltr'><strong>res</strong></span> <span class='ocrx_word' id='word_1_55' title='bbox 1092 930 1355 989; x_wconf 84' lang='lat' dir='ltr'><strong>humanas</strong></span> <span class='ocrx_word' id='word_1_56' title='bbox 1382 939 1656 1005; x_wconf 82' lang='lat' dir='ltr'><strong>regerent.</strong></span> <span class='ocrx_word' id='word_1_57' title='bbox 1690 932 1753 985; x_wconf 77' lang='lat' dir='ltr'><strong>Et</strong></span> <span class='ocrx_word' id='word_1_58' title='bbox 1781 936 1903 985; x_wconf 84' lang='lat' dir='ltr'><strong>cum</strong></span> <span class='ocrx_word' id='word_1_59' title='bbox 1930 932 2027 984; x_wconf 74' lang='lat' dir='ltr'><strong>tto-</strong></span> 
     </span>
    </p>
   </div>
   <div class='ocr_carea' id='block_1_10' title="bbox 436 1027 2028 1100">
    <p class='ocr_par' dir='ltr' id='par_1_10' title="bbox 436 1027 2028 1100">
     <span class='ocr_line' id='line_1_10' title="bbox 436 1027 2028 1100; baseline -0.008 -12"><span class='ocrx_word' id='word_1_60' title='bbox 436 1038 556 1088; x_wconf 77' lang='lat' dir='ltr'><strong>rum</strong></span> <span class='ocrx_word' id='word_1_61' title='bbox 596 1028 967 1100; x_wconf 77' lang='lat' dir='ltr'><strong>unusquisque</strong></span> <span class='ocrx_word' id='word_1_62' title='bbox 997 1032 1149 1083; x_wconf 79' lang='lat' dir='ltr'><strong>suam</strong></span> <span class='ocrx_word' id='word_1_63' title='bbox 1178 1027 1478 1082; x_wconf 81' lang='lat' dir='ltr'><strong>custodiam</strong></span> <span class='ocrx_word' id='word_1_64' title='bbox 1528 1034 1920 1090; x_wconf 75' lang='lat' dir='ltr'><strong>conservaret,</strong></span> <span class='ocrx_word' id='word_1_65' title='bbox 1974 1032 2028 1077; x_wconf 85' lang='lat' dir='ltr'><strong>et</strong></span> 
     </span>
    </p>
   </div>
   <div class='ocr_carea' id='block_1_11' title="bbox 431 1117 2025 1192">
    <p class='ocr_par' dir='ltr' id='par_1_11' title="bbox 431 1117 2025 1192">
     <span class='ocr_line' id='line_1_11' title="bbox 431 1117 2025 1192; baseline -0.007 -13"><span class='ocrx_word' id='word_1_66' title='bbox 431 1123 629 1180; x_wconf 77' lang='lat' dir='ltr'><strong>diebus</strong></span> <span class='ocrx_word' id='word_1_67' title='bbox 667 1126 731 1177; x_wconf 80' lang='lat' dir='ltr'><strong>ac</strong></span> <span class='ocrx_word' id='word_1_68' title='bbox 771 1120 1023 1176; x_wconf 77' lang='lat' dir='ltr'><strong>noctibus</strong></span> <span class='ocrx_word' id='word_1_69' title='bbox 1052 1120 1284 1192; x_wconf 82' lang='lat' dir='ltr'><strong>vigilans</strong></span> <span class='ocrx_word' id='word_1_70' title='bbox 1324 1119 1434 1188; x_wconf 77' lang='lat' dir='ltr'><strong>jam</strong></span> <span class='ocrx_word' id='word_1_71' title='bbox 1470 1118 1712 1173; x_wconf 84' lang='lat' dir='ltr'><strong>laborem</strong></span> <span class='ocrx_word' id='word_1_72' title='bbox 1743 1117 1885 1170; x_wconf 79' lang='lat' dir='ltr'><strong>terre</strong></span> <span class='ocrx_word' id='word_1_73' title='bbox 1918 1128 2025 1169; x_wconf 88' lang='lat' dir='ltr'><strong>non</strong></span> 
     </span>
    </p>
   </div>
   <div class='ocr_carea' id='block_1_12' title="bbox 434 1206 2027 1287">
    <p class='ocr_par' dir='ltr' id='par_1_12' title="bbox 434 1206 2027 1287">
     <span class='ocr_line' id='line_1_12' title="bbox 434 1206 2027 1287; baseline -0.008 -15"><span class='ocrx_word' id='word_1_74' title='bbox 434 1220 622 1287; x_wconf 81' lang='lat' dir='ltr'><strong>posset</strong></span> <span class='ocrx_word' id='word_1_75' title='bbox 644 1261 657 1285; x_wconf 89' lang='lat'><strong>,</strong></span> <span class='ocrx_word' id='word_1_76' title='bbox 687 1220 741 1271; x_wconf 84' lang='lat' dir='ltr'><strong>et</strong></span> <span class='ocrx_word' id='word_1_77' title='bbox 772 1213 877 1270; x_wconf 85' lang='lat' dir='ltr'><strong>hoc</strong></span> <span class='ocrx_word' id='word_1_78' title='bbox 906 1218 1097 1284; x_wconf 75' lang='lat' dir='ltr'><strong>ageret</strong></span> <span class='ocrx_word' id='word_1_79' title='bbox 1123 1212 1426 1276; x_wconf 76' lang='lat' dir='ltr'><strong>industrie,</strong></span> <span class='ocrx_word' id='word_1_80' title='bbox 1459 1216 1520 1265; x_wconf 86' lang='lat' dir='ltr'><strong>ut</strong></span> <span class='ocrx_word' id='word_1_81' title='bbox 1547 1216 1741 1282; x_wconf 82' lang='lat' dir='ltr'><strong>gentes</strong></span> <span class='ocrx_word' id='word_1_82' title='bbox 1771 1220 1891 1278; x_wconf 68' lang='lat' dir='ltr'><strong>qum</strong></span> <span class='ocrx_word' id='word_1_83' title='bbox 1921 1206 2027 1261; x_wconf 85' lang='lat' dir='ltr'><strong>sibi</strong></span> 
     </span>
    </p>
   </div>
   <div class='ocr_carea' id='block_1_13' title="bbox 430 1303 2029 1378">
    <p class='ocr_par' dir='ltr' id='par_1_13' title="bbox 430 1303 2029 1378">
     <span class='ocr_line' id='line_1_13' title="bbox 430 1303 2029 1378; baseline -0.007 -12"><span class='ocrx_word' id='word_1_84' title='bbox 430 1307 654 1366; x_wconf 83' lang='lat' dir='ltr'><strong>eredlte</strong></span> <span class='ocrx_word' id='word_1_85' title='bbox 687 1308 922 1373; x_wconf 78' lang='lat' dir='ltr'><strong>fuerant,</strong></span> <span class='ocrx_word' id='word_1_86' title='bbox 949 1306 1313 1378; x_wconf 75' lang='lat' dir='ltr'><strong>gubernaret,</strong></span> <span class='ocrx_word' id='word_1_87' title='bbox 1348 1304 1568 1360; x_wconf 75' lang='lat' dir='ltr'><strong>venisse</strong></span> <span class='ocrx_word' id='word_1_88' title='bbox 1606 1303 1861 1372; x_wconf 78' lang='lat' dir='ltr'><strong>angelum</strong></span> <span class='ocrx_word' id='word_1_89' title='bbox 1896 1310 2029 1356; x_wconf 87' lang='lat' dir='ltr'><strong>nato</strong></span> 
     </span>
    </p>
   </div>
   <div class='ocr_carea' id='block_1_14' title="bbox 435 1398 2029 1472">
    <p class='ocr_par' dir='ltr' id='par_1_14' title="bbox 435 1398 2029 1472">
     <span class='ocr_line' id='line_1_14' title="bbox 435 1398 2029 1472; baseline -0.004 -14"><span class='ocrx_word' id='word_1_90' title='bbox 435 1401 671 1458; x_wconf 86' lang='lat' dir='ltr'><strong>Domino</strong></span> <span class='ocrx_word' id='word_1_91' title='bbox 696 1444 710 1470; x_wconf 92' lang='lat'><strong>,</strong></span> <span class='ocrx_word' id='word_1_92' title='bbox 745 1415 801 1458; x_wconf 86' lang='lat' dir='ltr'><strong>et</strong></span> <span class='ocrx_word' id='word_1_93' title='bbox 831 1400 1187 1457; x_wconf 72' lang='lat' dir='ltr'><strong>annuntiaSse</strong></span> <span class='ocrx_word' id='word_1_94' title='bbox 1217 1399 1551 1472; x_wconf 80' lang='lat' dir='ltr'><strong>pastdribus,</strong></span> <span class='ocrx_word' id='word_1_95' title='bbox 1577 1398 1721 1469; x_wconf 87' lang='lat' dir='ltr'><strong>quod</strong></span> <span class='ocrx_word' id='word_1_96' title='bbox 1751 1404 1914 1454; x_wconf 80' lang='lat' dir='ltr'><strong>verus</strong></span> <span class='ocrx_word' id='word_1_97' title='bbox 1941 1404 2029 1453; x_wconf 64' lang='lat' dir='ltr'><strong>es&quot;</strong></span> 
     </span>
    </p>
   </div>
   <div class='ocr_carea' id='block_1_15' title="bbox 435 1488 2028 1562">
    <p class='ocr_par' dir='ltr' id='par_1_15' title="bbox 435 1488 2028 1562">
     <span class='ocr_line' id='line_1_15' title="bbox 435 1488 2028 1562; baseline -0.004 -13"><span class='ocrx_word' id='word_1_98' title='bbox 435 1505 517 1549; x_wconf 87' lang='lat' dir='ltr'><strong>set</strong></span> <span class='ocrx_word' id='word_1_99' title='bbox 552 1499 737 1562; x_wconf 78' lang='lat' dir='ltr'><strong>pastor</strong></span> <span class='ocrx_word' id='word_1_100' title='bbox 777 1498 1025 1548; x_wconf 77' lang='lat' dir='ltr'><strong>exertus.</strong></span> <span class='ocrx_word' id='word_1_101' title='bbox 1055 1492 1221 1548; x_wconf 74' lang='lat' dir='ltr'><strong>Verbi</strong></span> <span class='ocrx_word' id='word_1_102' title='bbox 1270 1491 1441 1562; x_wconf 84' lang='lat' dir='ltr'><strong>gratia</strong></span> <span class='ocrx_word' id='word_1_103' title='bbox 1468 1530 1485 1557; x_wconf 92' lang='lat'><strong>,</strong></span> <span class='ocrx_word' id='word_1_104' title='bbox 1538 1494 1596 1544; x_wconf 80' lang='lat' dir='ltr'><strong>ut</strong></span> <span class='ocrx_word' id='word_1_105' title='bbox 1624 1489 1690 1545; x_wconf 90' lang='lat' dir='ltr'><strong>ad</strong></span> <span class='ocrx_word' id='word_1_106' title='bbox 1717 1488 2028 1560; x_wconf 83' lang='lat' dir='ltr'><strong>exemplum</strong></span> 
     </span>
    </p>
   </div>
   <div class='ocr_carea' id='block_1_16' title="bbox 433 1584 2031 1658">
    <p class='ocr_par' dir='ltr' id='par_1_16' title="bbox 433 1584 2031 1658">
     <span class='ocr_line' id='line_1_16' title="bbox 433 1584 2031 1658; baseline -0.001 -16"><span class='ocrx_word' id='word_1_107' title='bbox 433 1592 648 1643; x_wconf 79' lang='lat' dir='ltr'><strong>veniam</strong></span> <span class='ocrx_word' id='word_1_108' title='bbox 672 1629 685 1653; x_wconf 92' lang='lat'><strong>,</strong></span> <span class='ocrx_word' id='word_1_109' title='bbox 719 1596 838 1643; x_wconf 85' lang='lat' dir='ltr'><strong>erat</strong></span> <span class='ocrx_word' id='word_1_110' title='bbox 866 1586 1089 1658; x_wconf 89' lang='lat' dir='ltr'><strong>quidam</strong></span> <span class='ocrx_word' id='word_1_111' title='bbox 1115 1594 1300 1656; x_wconf 78' lang='lat' dir='ltr'><strong>pastor</strong></span> <span class='ocrx_word' id='word_1_112' title='bbox 1327 1585 1690 1653; x_wconf 74' lang='lat' dir='ltr'><strong>Maceddnlte,</strong></span> <span class='ocrx_word' id='word_1_113' title='bbox 1719 1584 1811 1640; x_wconf 89' lang='lat' dir='ltr'><strong>hic</strong></span> <span class='ocrx_word' id='word_1_114' title='bbox 1842 1590 2031 1640; x_wconf 46' lang='lat' dir='ltr'><strong>necesé</strong></span> 
     </span>
    </p>
   </div>
   <div class='ocr_carea' id='block_1_17' title="bbox 437 1679 2032 1749">
    <p class='ocr_par' dir='ltr' id='par_1_17' title="bbox 437 1679 2032 1749">
     <span class='ocr_line' id='line_1_17' title="bbox 437 1679 2032 1749; baseline -0.003 -14"><span class='ocrx_word' id='word_1_115' title='bbox 437 1681 640 1736; x_wconf 84' lang='lat' dir='ltr'><strong>sarium</strong></span> <span class='ocrx_word' id='word_1_116' title='bbox 671 1679 907 1735; x_wconf 72' lang='lat' dir='ltr'><strong>habebat</strong></span> <span class='ocrx_word' id='word_1_117' title='bbox 950 1679 1213 1734; x_wconf 52' lang='lat' dir='ltr'><strong>auxilium</strong></span> <span class='ocrx_word' id='word_1_118' title='bbox 1249 1679 1459 1733; x_wconf 84' lang='lat' dir='ltr'><strong>Domini</strong></span> <span class='ocrx_word' id='word_1_119' title='bbox 1494 1686 1506 1733; x_wconf 73' lang='grc' dir='ltr'><strong>ὲ</strong></span> <span class='ocrx_word' id='word_1_120' title='bbox 1537 1684 1825 1749; x_wconf 75' lang='lat' dir='ltr'><strong>propterea</strong></span> <span class='ocrx_word' id='word_1_121' title='bbox 1863 1691 2032 1748; x_wconf 54' lang='lat' dir='ltr'><strong>appa‘</strong></span> 
     </span>
    </p>
   </div>
   <div class='ocr_carea' id='block_1_18' title="bbox 436 1769 2030 1842">
    <p class='ocr_par' dir='ltr' id='par_1_18' title="bbox 436 1769 2030 1842">
     <span class='ocr_line' id='line_1_18' title="bbox 436 1769 2030 1842; baseline -0.004 -11"><span class='ocrx_word' id='word_1_122' title='bbox 436 1776 545 1831; x_wconf 89' lang='lat' dir='ltr'><strong>ruit</strong></span> <span class='ocrx_word' id='word_1_123' title='bbox 577 1778 628 1828; x_wconf 86' lang='lat' dir='ltr'><strong>lu</strong></span> <span class='ocrx_word' id='word_1_124' title='bbox 662 1774 865 1829; x_wconf 80' lang='lat' dir='ltr'><strong>sotnnis</strong></span> <span class='ocrx_word' id='word_1_125' title='bbox 896 1775 977 1829; x_wconf 82' lang='lat' dir='ltr'><strong>vir</strong></span> <span class='ocrx_word' id='word_1_126' title='bbox 1009 1770 1233 1829; x_wconf 77' lang='lat' dir='ltr'><strong>Macedo</strong></span> <span class='ocrx_word' id='word_1_127' title='bbox 1258 1772 1462 1842; x_wconf 84' lang='lat' dir='ltr'><strong>Paulo,</strong></span> <span class='ocrx_word' id='word_1_128' title='bbox 1494 1771 1718 1828; x_wconf 88' lang='lat' dir='ltr'><strong>dicens:</strong></span> <span class='ocrx_word' id='word_1_129' title='bbox 1745 1769 2030 1826; x_wconf 73' lang='lat' dir='ltr'><strong>Translens</strong></span> 
     </span>
    </p>
   </div>
   <div class='ocr_carea' id='block_1_19' title="bbox 433 1855 2109 1941">
    <p class='ocr_par' dir='ltr' id='par_1_19' title="bbox 433 1855 2109 1941">
     <span class='ocr_line' id='line_1_19' title="bbox 433 1855 2109 1941; baseline -0.004 -16"><span class='ocrx_word' id='word_1_130' title='bbox 433 1873 489 1925; x_wconf 86' lang='lat' dir='ltr'><strong>in</strong></span> <span class='ocrx_word' id='word_1_131' title='bbox 548 1866 910 1925; x_wconf 71' lang='lat' dir='ltr'><strong>Macedoniam</strong></span> <span class='ocrx_word' id='word_1_132' title='bbox 938 1912 952 1937; x_wconf 88' lang='lat'><strong>,</strong></span> <span class='ocrx_word' id='word_1_133' title='bbox 1009 1869 1203 1941; x_wconf 75' lang='lat' dir='ltr'><strong>mljut-a</strong></span> <span class='ocrx_word' id='word_1_134' title='bbox 1260 1885 1354 1922; x_wconf 80' lang='lat' dir='ltr'><strong>nos</strong></span> <span class='ocrx_word' id='word_1_135' title='bbox 1379 1870 1399 1940; x_wconf 88' lang='lat'><strong>(</strong></span> <span class='ocrx_word' id='word_1_136' title='bbox 1428 1870 1544 1922; x_wconf 80' lang='lat' dir='ltr'><strong>Act.</strong></span> <span class='ocrx_word' id='word_1_137' title='bbox 1584 1872 1674 1922; x_wconf 76' lang='lat' dir='ltr'><strong>xvi</strong></span> <span class='ocrx_word' id='word_1_138' title='bbox 1697 1867 1737 1938; x_wconf 86' lang='lat'><strong>).</strong></span> <span class='ocrx_word' id='word_1_139' title='bbox 1761 1858 1904 1933; x_wconf 87' lang='lat' dir='ltr'><strong>Quid</strong></span> <span class='ocrx_word' id='word_1_140' title='bbox 1962 1864 2032 1921; x_wconf 85' lang='lat' dir='ltr'><strong>de</strong></span> <span class='ocrx_word' id='word_1_141' title='bbox 2062 1855 2109 1916; x_wconf 79' lang='grc' dir='ltr'><strong>Β</strong></span> 
     </span>
    </p>
   </div>
   <div class='ocr_carea' id='block_1_20' title="bbox 440 1958 2033 2034">
    <p class='ocr_par' dir='ltr' id='par_1_20' title="bbox 440 1958 2033 2034">
     <span class='ocr_line' id='line_1_20' title="bbox 440 1958 2033 2034; baseline -0.004 -15"><span class='ocrx_word' id='word_1_142' title='bbox 440 1958 606 2019; x_wconf 81' lang='lat' dir='ltr'><strong>Paulo</strong></span> <span class='ocrx_word' id='word_1_143' title='bbox 640 1962 870 2034; x_wconf 79' lang='lat' dir='ltr'><strong>loquar?</strong></span> <span class='ocrx_word' id='word_1_144' title='bbox 891 1978 1013 2019; x_wconf 90' lang='lat' dir='ltr'><strong>eum</strong></span> <span class='ocrx_word' id='word_1_145' title='bbox 1047 1963 1161 2017; x_wconf 71' lang='lat' dir='ltr'><strong>haec</strong></span> <span class='ocrx_word' id='word_1_146' title='bbox 1193 1972 1299 2017; x_wconf 90' lang='lat' dir='ltr'><strong>non</strong></span> <span class='ocrx_word' id='word_1_147' title='bbox 1333 1961 1521 2029; x_wconf 84' lang='lat' dir='ltr'><strong>Paulo,</strong></span> <span class='ocrx_word' id='word_1_148' title='bbox 1557 1959 1655 2015; x_wconf 84' lang='lat' dir='ltr'><strong>sed</strong></span> <span class='ocrx_word' id='word_1_149' title='bbox 1686 1960 1776 2031; x_wconf 87' lang='lat' dir='ltr'><strong>qui</strong></span> <span class='ocrx_word' id='word_1_150' title='bbox 1809 1960 1860 2014; x_wconf 89' lang='lat' dir='ltr'><strong>in</strong></span> <span class='ocrx_word' id='word_1_151' title='bbox 1895 1959 2033 2014; x_wconf 74' lang='lat' dir='ltr'><strong>Patr-</strong></span> 
     </span>
    </p>
   </div>
   <div class='ocr_carea' id='block_1_21' title="bbox 438 2052 2034 2127">
    <p class='ocr_par' dir='ltr' id='par_1_21' title="bbox 438 2052 2034 2127">
     <span class='ocr_line' id='line_1_21' title="bbox 438 2052 2034 2127; baseline -0.003 -13"><span class='ocrx_word' id='word_1_152' title='bbox 438 2058 493 2116; x_wconf 90' lang='lat' dir='ltr'><strong>lo</strong></span> <span class='ocrx_word' id='word_1_153' title='bbox 521 2066 677 2122; x_wconf 82' lang='lat' dir='ltr'><strong>erat,</strong></span> <span class='ocrx_word' id='word_1_154' title='bbox 714 2052 926 2115; x_wconf 83' lang='lat' dir='ltr'><strong>locutus</strong></span> <span class='ocrx_word' id='word_1_155' title='bbox 958 2058 1032 2113; x_wconf 76' lang='lat' dir='ltr'><strong>sit</strong></span> <span class='ocrx_word' id='word_1_156' title='bbox 1061 2055 1266 2114; x_wconf 69' lang='lat' dir='ltr'><strong>Iesus?</strong></span> <span class='ocrx_word' id='word_1_157' title='bbox 1300 2055 1549 2127; x_wconf 82' lang='lat' dir='ltr'><strong>lntltgent</strong></span> <span class='ocrx_word' id='word_1_158' title='bbox 1575 2055 1756 2126; x_wconf 81' lang='lat' dir='ltr'><strong>itaque</strong></span> <span class='ocrx_word' id='word_1_159' title='bbox 1783 2066 2034 2125; x_wconf 74' lang='lat' dir='ltr'><strong>pastores</strong></span> 
     </span>
    </p>
   </div>
   <div class='ocr_carea' id='block_1_22' title="bbox 441 2146 2035 2219">
    <p class='ocr_par' dir='ltr' id='par_1_22' title="bbox 441 2146 2035 2219">
     <span class='ocr_line' id='line_1_22' title="bbox 441 2146 2035 2219; baseline -0.001 -14"><span class='ocrx_word' id='word_1_160' title='bbox 441 2149 726 2219; x_wconf 71' lang='lat' dir='ltr'><strong>prmSentia</strong></span> <span class='ocrx_word' id='word_1_161' title='bbox 756 2148 982 2205; x_wconf 82' lang='lat' dir='ltr'><strong>Christi.</strong></span> <span class='ocrx_word' id='word_1_162' title='bbox 1017 2148 1384 2217; x_wconf 73' lang='lat' dir='ltr'><strong>Quamobrem</strong></span> <span class='ocrx_word' id='word_1_163' title='bbox 1409 2149 1633 2219; x_wconf 83' lang='lat' dir='ltr'><strong>angelus</strong></span> <span class='ocrx_word' id='word_1_164' title='bbox 1656 2146 1939 2203; x_wconf 72' lang='lat' dir='ltr'><strong>descendit</strong></span> <span class='ocrx_word' id='word_1_165' title='bbox 1965 2146 2035 2204; x_wconf 78' lang='lat' dir='ltr'><strong>de</strong></span> 
     </span>
    </p>
   </div>
   <div class='ocr_carea' id='block_1_23' title="bbox 439 2236 2037 2305">
    <p class='ocr_par' dir='ltr' id='par_1_23' title="bbox 439 2236 2037 2305">
     <span class='ocr_line' id='line_1_23' title="bbox 439 2236 2037 2305; baseline 0.001 -8"><span class='ocrx_word' id='word_1_166' title='bbox 439 2242 599 2305; x_wconf 69' lang='grc' dir='ltr'>εωιο,</span> <span class='ocrx_word' id='word_1_167' title='bbox 634 2248 690 2299; x_wconf 85' lang='lat' dir='ltr'><strong>et</strong></span> <span class='ocrx_word' id='word_1_168' title='bbox 721 2243 797 2298; x_wconf 87' lang='lat' dir='ltr'><strong>alt</strong></span> <span class='ocrx_word' id='word_1_169' title='bbox 828 2262 840 2298; x_wconf 91' lang='lat'><strong>:</strong></span> <span class='ocrx_word' id='word_1_170' title='bbox 878 2236 1269 2300; x_wconf 79' lang='lat' dir='ltr'><strong>Nalitelimere.</strong></span> <span class='ocrx_word' id='word_1_171' title='bbox 1305 2238 1440 2297; x_wconf 83' lang='lat' dir='ltr'><strong>Ecce</strong></span> <span class='ocrx_word' id='word_1_172' title='bbox 1463 2244 1596 2298; x_wconf 73' lang='lat' dir='ltr'><strong>enim</strong></span> <span class='ocrx_word' id='word_1_173' title='bbox 1620 2244 1876 2298; x_wconf 72' lang='lat' dir='ltr'><strong>annuntio</strong></span> <span class='ocrx_word' id='word_1_174' title='bbox 1898 2240 2037 2298; x_wconf 71' lang='lat' dir='ltr'><strong>rebts</strong></span> 
     </span>
    </p>
   </div>
   <div class='ocr_carea' id='block_1_24' title="bbox 442 2328 2039 2409">
    <p class='ocr_par' dir='ltr' id='par_1_24' title="bbox 442 2328 2039 2409">
     <span class='ocr_line' id='line_1_24' title="bbox 442 2328 2039 2409; baseline 0.001 -18"><span class='ocrx_word' id='word_1_175' title='bbox 442 2337 690 2408; x_wconf 76' lang='lat' dir='ltr'><strong>gaudium</strong></span> <span class='ocrx_word' id='word_1_176' title='bbox 716 2344 981 2409; x_wconf 80' lang='lat' dir='ltr'><strong>maglittm.</strong></span> <span class='ocrx_word' id='word_1_177' title='bbox 1016 2328 1152 2393; x_wconf 74' lang='lat' dir='ltr'><strong>Vere</strong></span> <span class='ocrx_word' id='word_1_178' title='bbox 1180 2333 1436 2409; x_wconf 84' lang='lat' dir='ltr'><strong>gaudium</strong></span> <span class='ocrx_word' id='word_1_179' title='bbox 1472 2348 1727 2408; x_wconf 80' lang='lat' dir='ltr'><strong>magnum</strong></span> <span class='ocrx_word' id='word_1_180' title='bbox 1747 2379 1760 2404; x_wconf 93' lang='lat'><strong>,</strong></span> <span class='ocrx_word' id='word_1_181' title='bbox 1806 2336 1888 2392; x_wconf 81' lang='lat' dir='ltr'><strong>ills</strong></span> <span class='ocrx_word' id='word_1_182' title='bbox 1919 2336 2039 2408; x_wconf 84' lang='lat' dir='ltr'><strong>qui-</strong></span> 
     </span>
    </p>
   </div>
   <div class='ocr_carea' id='block_1_25' title="bbox 443 2427 2035 2501">
    <p class='ocr_par' dir='ltr' id='par_1_25' title="bbox 443 2427 2035 2501">
     <span class='ocr_line' id='line_1_25' title="bbox 443 2427 2035 2501; baseline 0 -18"><span class='ocrx_word' id='word_1_183' title='bbox 443 2430 543 2484; x_wconf 86' lang='lat' dir='ltr'><strong>bus</strong></span> <span class='ocrx_word' id='word_1_184' title='bbox 563 2428 843 2484; x_wconf 82' lang='lat' dir='ltr'><strong>hominum</strong></span> <span class='ocrx_word' id='word_1_185' title='bbox 868 2427 1065 2498; x_wconf 78' lang='lat' dir='ltr'><strong>fuerat,</strong></span> <span class='ocrx_word' id='word_1_186' title='bbox 1086 2439 1141 2485; x_wconf 92' lang='lat' dir='ltr'><strong>et</strong></span> <span class='ocrx_word' id='word_1_187' title='bbox 1167 2428 1571 2501; x_wconf 76' lang='lat' dir='ltr'><strong>provinciarum</strong></span> <span class='ocrx_word' id='word_1_188' title='bbox 1594 2438 1722 2485; x_wconf 80' lang='lat' dir='ltr'><strong>cura</strong></span> <span class='ocrx_word' id='word_1_189' title='bbox 1746 2428 2035 2501; x_wconf 77' lang='lat' dir='ltr'><strong>permissa,</strong></span> 
     </span>
    </p>
   </div>
   <div class='ocr_carea' id='block_1_26' title="bbox 444 2519 2038 2578">
    <p class='ocr_par' dir='ltr' id='par_1_26' title="bbox 444 2519 2038 2578">
     <span class='ocr_line' id='line_1_26' title="bbox 444 2519 2038 2578; baseline -0.001 -1"><span class='ocrx_word' id='word_1_190' title='bbox 444 2521 725 2577; x_wconf 82' lang='lat' dir='ltr'><strong>Christum</strong></span> <span class='ocrx_word' id='word_1_191' title='bbox 756 2523 974 2578; x_wconf 78' lang='lat' dir='ltr'><strong>venisse</strong></span> <span class='ocrx_word' id='word_1_192' title='bbox 1007 2521 1059 2576; x_wconf 88' lang='lat' dir='ltr'><strong>in</strong></span> <span class='ocrx_word' id='word_1_193' title='bbox 1093 2520 1376 2577; x_wconf 87' lang='lat' dir='ltr'><strong>mundum.</strong></span> <span class='ocrx_word' id='word_1_194' title='bbox 1413 2519 1636 2577; x_wconf 79' lang='lat' dir='ltr'><strong>Mulltlm</strong></span> <span class='ocrx_word' id='word_1_195' title='bbox 1668 2522 1917 2577; x_wconf 85' lang='lat' dir='ltr'><strong>utilitatis</strong></span> <span class='ocrx_word' id='word_1_196' title='bbox 1948 2528 2038 2576; x_wconf 77' lang='lat' dir='ltr'><strong>tic-</strong></span> 
     </span>
    </p>
   </div>
   <div class='ocr_carea' id='block_1_27' title="bbox 445 2612 2038 2687">
    <p class='ocr_par' dir='ltr' id='par_1_27' title="bbox 445 2612 2038 2687">
     <span class='ocr_line' id='line_1_27' title="bbox 445 2612 2038 2687; baseline -0.001 -18"><span class='ocrx_word' id='word_1_197' title='bbox 445 2615 590 2685; x_wconf 82' lang='lat' dir='ltr'><strong>cepit</strong></span> <span class='ocrx_word' id='word_1_198' title='bbox 621 2616 879 2686; x_wconf 79' lang='lat' dir='ltr'><strong>angelus,</strong></span> <span class='ocrx_word' id='word_1_199' title='bbox 916 2615 1006 2686; x_wconf 86' lang='lat' dir='ltr'><strong>qui</strong></span> <span class='ocrx_word' id='word_1_200' title='bbox 1028 2612 1382 2686; x_wconf 78' lang='lat' dir='ltr'><strong>dispensabat</strong></span> <span class='ocrx_word' id='word_1_201' title='bbox 1405 2613 1688 2687; x_wconf 62' lang='lat' dir='ltr'><strong>Egyptias</strong></span> <span class='ocrx_word' id='word_1_202' title='bbox 1714 2618 1832 2680; x_wconf 82' lang='lat' dir='ltr'><strong>res,</strong></span> <span class='ocrx_word' id='word_1_203' title='bbox 1887 2618 2038 2683; x_wconf 77' lang='lat' dir='ltr'><strong>pest-</strong></span> 
     </span>
    </p>
   </div>
   <div class='ocr_carea' id='block_1_28' title="bbox 450 2702 2044 2781">
    <p class='ocr_par' dir='ltr' id='par_1_28' title="bbox 450 2702 2044 2781">
     <span class='ocr_line' id='line_1_28' title="bbox 450 2702 2044 2781; baseline 0 -20"><span class='ocrx_word' id='word_1_204' title='bbox 450 2723 610 2778; x_wconf 87' lang='lat' dir='ltr'><strong>quam</strong></span> <span class='ocrx_word' id='word_1_205' title='bbox 644 2704 905 2765; x_wconf 85' lang='lat' dir='ltr'><strong>Dotttinus</strong></span> <span class='ocrx_word' id='word_1_206' title='bbox 936 2702 1224 2765; x_wconf 73' lang='lat' dir='ltr'><strong>desuendlt</strong></span> <span class='ocrx_word' id='word_1_207' title='bbox 1267 2714 1295 2764; x_wconf 80' lang='lat' dir='ltr'><strong>e</strong></span> <span class='ocrx_word' id='word_1_208' title='bbox 1334 2706 1497 2775; x_wconf 72' lang='grc' dir='ltr'>εωιο,</span> <span class='ocrx_word' id='word_1_209' title='bbox 1527 2708 1582 2764; x_wconf 80' lang='lat' dir='ltr'><strong>ut</strong></span> <span class='ocrx_word' id='word_1_210' title='bbox 1610 2706 1851 2781; x_wconf 67' lang='lat' dir='ltr'><strong>Egyptii</strong></span> <span class='ocrx_word' id='word_1_211' title='bbox 1883 2706 2044 2762; x_wconf 62' lang='lat' dir='ltr'><strong>Ebria</strong></span> 
     </span>
    </p>
   </div>
   <div class='ocr_carea' id='block_1_29' title="bbox 453 2798 2044 2871">
    <p class='ocr_par' dir='ltr' id='par_1_29' title="bbox 453 2798 2044 2871">
     <span class='ocr_line' id='line_1_29' title="bbox 453 2798 2044 2871; baseline 0.002 -17"><span class='ocrx_word' id='word_1_212' title='bbox 453 2800 620 2855; x_wconf 82' lang='lat' dir='ltr'><strong>stiani</strong></span> <span class='ocrx_word' id='word_1_213' title='bbox 674 2799 890 2857; x_wconf 82' lang='lat' dir='ltr'><strong>ﬁerent.</strong></span> <span class='ocrx_word' id='word_1_214' title='bbox 949 2798 1165 2858; x_wconf 79' lang='lat' dir='ltr'><strong>Profuit</strong></span> <span class='ocrx_word' id='word_1_215' title='bbox 1237 2810 1293 2857; x_wconf 88' lang='lat' dir='ltr'><strong>et</strong></span> <span class='ocrx_word' id='word_1_216' title='bbox 1362 2802 1602 2868; x_wconf 83' lang='lat' dir='ltr'><strong>cunctis,</strong></span> <span class='ocrx_word' id='word_1_217' title='bbox 1663 2805 1751 2871; x_wconf 84' lang='lat' dir='ltr'><strong>qui</strong></span> <span class='ocrx_word' id='word_1_218' title='bbox 1800 2802 2044 2858; x_wconf 67' lang='lat' dir='ltr'><strong>dirersas</strong></span> 
     </span>
    </p>
   </div>
   <div class='ocr_carea' id='block_1_30' title="bbox 451 2888 2045 2965">
    <p class='ocr_par' dir='ltr' id='par_1_30' title="bbox 451 2888 2045 2965">
     <span class='ocr_line' id='line_1_30' title="bbox 451 2888 2045 2965; baseline 0.003 -18"><span class='ocrx_word' id='word_1_219' title='bbox 451 2894 764 2961; x_wconf 73' lang='lat' dir='ltr'><strong>provincias</strong></span> <span class='ocrx_word' id='word_1_220' title='bbox 796 2888 1138 2949; x_wconf 81' lang='lat' dir='ltr'><strong>obtinebant.</strong></span> <span class='ocrx_word' id='word_1_221' title='bbox 1186 2892 1353 2949; x_wconf 78' lang='lat' dir='ltr'><strong>Verbi</strong></span> <span class='ocrx_word' id='word_1_222' title='bbox 1383 2898 1547 2949; x_wconf 73' lang='lat' dir='ltr'><strong>causa</strong></span> <span class='ocrx_word' id='word_1_223' title='bbox 1571 2939 1585 2963; x_wconf 88' lang='lat'><strong>,</strong></span> <span class='ocrx_word' id='word_1_224' title='bbox 1621 2893 1838 2965; x_wconf 70' lang='grc' dir='ltr'><strong>ιπεεεὶᾶί</strong></span> <span class='ocrx_word' id='word_1_225' title='bbox 1869 2892 2045 2951; x_wconf 48' lang='lat' dir='ltr'><strong>Maces</strong></span> 
     </span>
    </p>
   </div>
   <div class='ocr_carea' id='block_1_31' title="bbox 447 2983 2041 3060">
    <p class='ocr_par' dir='ltr' id='par_1_31' title="bbox 447 2983 2041 3060">
     <span class='ocr_line' id='line_1_31' title="bbox 447 2983 2041 3060; baseline 0.003 -21"><span class='ocrx_word' id='word_1_226' title='bbox 447 2984 656 3051; x_wconf 77' lang='lat' dir='ltr'><strong>donite,</strong></span> <span class='ocrx_word' id='word_1_227' title='bbox 694 2985 907 3054; x_wconf 62' lang='lat' dir='ltr'><strong>prtcsidi</strong></span> <span class='ocrx_word' id='word_1_228' title='bbox 941 2983 1192 3049; x_wconf 65' lang='lat' dir='ltr'><strong>Achaiae,</strong></span> <span class='ocrx_word' id='word_1_229' title='bbox 1244 2984 1684 3060; x_wconf 74' lang='lat' dir='ltr'><strong>reliquarumque</strong></span> <span class='ocrx_word' id='word_1_230' title='bbox 1738 2988 2041 3059; x_wconf 78' lang='lat' dir='ltr'><strong>reginnUm.</strong></span> 
     </span>
    </p>
   </div>
   <div class='ocr_carea' id='block_1_32' title="bbox 448 3070 2046 3153">
    <p class='ocr_par' dir='ltr' id='par_1_32' title="bbox 448 3070 2046 3153">
     <span class='ocr_line' id='line_1_32' title="bbox 448 3070 2046 3153; baseline 0.005 -23"><span class='ocrx_word' id='word_1_231' title='bbox 448 3070 635 3146; x_wconf 83' lang='lat' dir='ltr'><strong>Neque</strong></span> <span class='ocrx_word' id='word_1_232' title='bbox 687 3076 831 3131; x_wconf 87' lang='lat' dir='ltr'><strong>enim</strong></span> <span class='ocrx_word' id='word_1_233' title='bbox 884 3072 965 3131; x_wconf 82' lang='lat' dir='ltr'><strong>las</strong></span> <span class='ocrx_word' id='word_1_234' title='bbox 1022 3078 1109 3133; x_wconf 82' lang='lat' dir='ltr'><strong>est</strong></span> <span class='ocrx_word' id='word_1_235' title='bbox 1152 3076 1384 3134; x_wconf 82' lang='lat' dir='ltr'><strong>credere</strong></span> <span class='ocrx_word' id='word_1_236' title='bbox 1437 3076 1609 3137; x_wconf 76' lang='lat' dir='ltr'><strong>malos</strong></span> <span class='ocrx_word' id='word_1_237' title='bbox 1662 3078 1888 3153; x_wconf 79' lang='lat' dir='ltr'><strong>angelos</strong></span> <span class='ocrx_word' id='word_1_238' title='bbox 1930 3080 2046 3139; x_wconf 84' lang='lat' dir='ltr'><strong>suis</strong></span> 
     </span>
    </p>
   </div>
   <div class='ocr_carea' id='block_1_33' title="bbox 455 3167 2047 3244">
    <p class='ocr_par' dir='ltr' id='par_1_33' title="bbox 455 3167 2047 3244">
     <span class='ocr_line' id='line_1_33' title="bbox 455 3167 2047 3244; baseline 0.006 -23"><span class='ocrx_word' id='word_1_239' title='bbox 455 3178 691 3236; x_wconf 79' lang='lat' dir='ltr'><strong>praeesse</strong></span> <span class='ocrx_word' id='word_1_240' title='bbox 715 3168 1036 3239; x_wconf 62' lang='lat' dir='ltr'><strong>provinciis,</strong></span> <span class='ocrx_word' id='word_1_241' title='bbox 1066 3176 1118 3226; x_wconf 83' lang='lat' dir='ltr'><strong>et</strong></span> <span class='ocrx_word' id='word_1_242' title='bbox 1151 3167 1324 3226; x_wconf 85' lang='lat' dir='ltr'><strong>bonos</strong></span> <span class='ocrx_word' id='word_1_243' title='bbox 1348 3184 1453 3226; x_wconf 87' lang='lat' dir='ltr'><strong>uou</strong></span> <span class='ocrx_word' id='word_1_244' title='bbox 1480 3171 1701 3229; x_wconf 82' lang='lat' dir='ltr'><strong>easdem</strong></span> <span class='ocrx_word' id='word_1_245' title='bbox 1736 3170 2047 3244; x_wconf 75' lang='lat' dir='ltr'><strong>provincias</strong></span> 
     </span>
    </p>
   </div>
   <div class='ocr_carea' id='block_1_34' title="bbox 2131 544 3731 621">
    <p class='ocr_par' dir='ltr' id='par_1_34' title="bbox 2131 544 3731 621">
     <span class='ocr_line' id='line_1_34' title="bbox 2131 544 3731 621; baseline -0.006 -12"><span class='ocrx_word' id='word_1_246' title='bbox 2131 564 2177 609; x_wconf 82' lang='lat' dir='ltr'><strong>et</strong></span> <span class='ocrx_word' id='word_1_247' title='bbox 2206 551 2518 615; x_wconf 71' lang='lat' dir='ltr'><strong>Idumwum,</strong></span> <span class='ocrx_word' id='word_1_248' title='bbox 2550 550 2672 621; x_wconf 83' lang='lat' dir='ltr'><strong>quia</strong></span> <span class='ocrx_word' id='word_1_249' title='bbox 2699 552 2864 621; x_wconf 78' lang='lat' dir='ltr'><strong>frater</strong></span> <span class='ocrx_word' id='word_1_250' title='bbox 2894 557 3017 601; x_wconf 78' lang='lat' dir='ltr'><strong>tuus</strong></span> <span class='ocrx_word' id='word_1_251' title='bbox 3043 556 3136 602; x_wconf 75' lang='lat' dir='ltr'><strong>est.</strong></span> <span class='ocrx_word' id='word_1_252' title='bbox 3166 544 3297 600; x_wconf 81' lang='lat' dir='ltr'><strong>Filii</strong></span> <span class='ocrx_word' id='word_1_253' title='bbox 3324 546 3368 601; x_wconf 78' lang='lat' dir='ltr'><strong>si</strong></span> <span class='ocrx_word' id='word_1_254' title='bbox 3390 547 3501 600; x_wconf 85' lang='lat' dir='ltr'><strong>nati</strong></span> <span class='ocrx_word' id='word_1_255' title='bbox 3530 546 3731 617; x_wconf 63' lang='lat' dir='ltr'><strong>fuerint</strong></span> 
     </span>
    </p>
   </div>
   <div class='ocr_carea' id='block_1_35' title="bbox 2131 632 3729 719">
    <p class='ocr_par' dir='ltr' id='par_1_35' title="bbox 2131 632 3729 719">
     <span class='ocr_line' id='line_1_35' title="bbox 2131 632 3729 719; baseline -0.009 -16"><span class='ocrx_word' id='word_1_256' title='bbox 2131 649 2202 703; x_wconf 79' lang='lat' dir='ltr'><strong>eis</strong></span> <span class='ocrx_word' id='word_1_257' title='bbox 2230 689 2245 715; x_wconf 90' lang='lat'><strong>,</strong></span> <span class='ocrx_word' id='word_1_258' title='bbox 2278 647 2333 701; x_wconf 81' lang='lat' dir='ltr'><strong>in</strong></span> <span class='ocrx_word' id='word_1_259' title='bbox 2363 644 2691 719; x_wconf 72' lang='lat' dir='ltr'><strong>generatione</strong></span> <span class='ocrx_word' id='word_1_260' title='bbox 2721 642 2872 695; x_wconf 78' lang='lat' dir='ltr'><strong>tertia</strong></span> <span class='ocrx_word' id='word_1_261' title='bbox 2901 638 3169 693; x_wconf 75' lang='lat' dir='ltr'><strong>intrabunt</strong></span> <span class='ocrx_word' id='word_1_262' title='bbox 3222 638 3276 692; x_wconf 80' lang='lat' dir='ltr'><strong>in</strong></span> <span class='ocrx_word' id='word_1_263' title='bbox 3301 635 3599 694; x_wconf 67' lang='lat' dir='ltr'><strong>Ecclesium</strong></span> <span class='ocrx_word' id='word_1_264' title='bbox 3628 632 3729 689; x_wconf 82' lang='lat' dir='ltr'><strong>Dei</strong></span> 
     </span>
    </p>
   </div>
   <div class='ocr_carea' id='block_1_36' title="bbox 2132 729 3729 815">
    <p class='ocr_par' dir='ltr' id='par_1_36' title="bbox 2132 729 3729 815">
     <span class='ocr_line' id='line_1_36' title="bbox 2132 729 3729 815; baseline -0.008 -20"><span class='ocrx_word' id='word_1_265' title='bbox 2132 740 2326 815; x_wconf 74' lang='lat' dir='ltr'><strong>(Deut.</strong></span> <span class='ocrx_word' id='word_1_266' title='bbox 2360 753 2492 794; x_wconf 68' lang='grc' dir='ltr'><strong>χχιιι</strong></span> <span class='ocrx_word' id='word_1_267' title='bbox 2519 736 2561 809; x_wconf 92' lang='grc'><strong>).</strong></span> <span class='ocrx_word' id='word_1_268' title='bbox 2594 735 2773 806; x_wconf 78' lang='lat' dir='ltr'><strong>Atque</strong></span> <span class='ocrx_word' id='word_1_269' title='bbox 2801 734 2873 789; x_wconf 89' lang='lat' dir='ltr'><strong>ita</strong></span> <span class='ocrx_word' id='word_1_270' title='bbox 2904 732 3092 799; x_wconf 80' lang='lat' dir='ltr'><strong>ﬁebat,</strong></span> <span class='ocrx_word' id='word_1_271' title='bbox 3132 741 3188 786; x_wconf 89' lang='lat' dir='ltr'><strong>ut</strong></span> <span class='ocrx_word' id='word_1_272' title='bbox 3214 731 3283 787; x_wconf 84' lang='lat' dir='ltr'><strong>de</strong></span> <span class='ocrx_word' id='word_1_273' title='bbox 3309 729 3564 785; x_wconf 84' lang='lat' dir='ltr'><strong>omnibus</strong></span> <span class='ocrx_word' id='word_1_274' title='bbox 3585 742 3729 799; x_wconf 77' lang='lat' dir='ltr'><strong>gen-</strong></span> 
     </span>
    </p>
   </div>
   <div class='ocr_carea' id='block_1_37' title="bbox 2132 823 3731 901">
    <p class='ocr_par' dir='ltr' id='par_1_37' title="bbox 2132 823 3731 901">
     <span class='ocr_line' id='line_1_37' title="bbox 2132 823 3731 901; baseline -0.009 -11"><span class='ocrx_word' id='word_1_275' title='bbox 2132 836 2275 890; x_wconf 85' lang='lat' dir='ltr'><strong>tibus</strong></span> <span class='ocrx_word' id='word_1_276' title='bbox 2304 830 2550 887; x_wconf 85' lang='lat' dir='ltr'><strong>nonnulli</strong></span> <span class='ocrx_word' id='word_1_277' title='bbox 2585 826 2849 901; x_wconf 84' lang='lat' dir='ltr'><strong>proselyti</strong></span> <span class='ocrx_word' id='word_1_278' title='bbox 2880 826 3096 892; x_wconf 85' lang='lat' dir='ltr'><strong>herent,</strong></span> <span class='ocrx_word' id='word_1_279' title='bbox 3129 835 3187 881; x_wconf 82' lang='lat' dir='ltr'><strong>et</strong></span> <span class='ocrx_word' id='word_1_280' title='bbox 3215 823 3318 881; x_wconf 88' lang='lat' dir='ltr'><strong>hoc</strong></span> <span class='ocrx_word' id='word_1_281' title='bbox 3340 825 3518 894; x_wconf 74' lang='lat' dir='ltr'><strong>ipsum</strong></span> <span class='ocrx_word' id='word_1_282' title='bbox 3560 834 3731 892; x_wconf 81' lang='lat' dir='ltr'><strong>ange-</strong></span> 
     </span>
    </p>
   </div>
   <div class='ocr_carea' id='block_1_38' title="bbox 2132 915 3722 1002">
    <p class='ocr_par' dir='ltr' id='par_1_38' title="bbox 2132 915 3722 1002">
     <span class='ocr_line' id='line_1_38' title="bbox 2132 915 3722 1002; baseline -0.011 -15"><span class='ocrx_word' id='word_1_283' title='bbox 2132 932 2238 998; x_wconf 88' lang='lat' dir='ltr'><strong>lis,</strong></span> <span class='ocrx_word' id='word_1_284' title='bbox 2280 931 2369 1002; x_wconf 87' lang='lat' dir='ltr'><strong>qui</strong></span> <span class='ocrx_word' id='word_1_285' title='bbox 2417 937 2606 1000; x_wconf 87' lang='lat' dir='ltr'><strong>gentes</strong></span> <span class='ocrx_word' id='word_1_286' title='bbox 2654 925 2926 981; x_wconf 83' lang='lat' dir='ltr'><strong>habebant</strong></span> <span class='ocrx_word' id='word_1_287' title='bbox 2977 920 3223 977; x_wconf 77' lang='lat' dir='ltr'><strong>subditas</strong></span> <span class='ocrx_word' id='word_1_288' title='bbox 3252 954 3268 987; x_wconf 80' lang='lat'><strong>,</strong></span> <span class='ocrx_word' id='word_1_289' title='bbox 3328 915 3722 973; x_wconf 80' lang='lat' dir='ltr'><strong>adnitentibus.</strong></span> 
     </span>
    </p>
   </div>
   <div class='ocr_carea' id='block_1_39' title="bbox 2129 1008 3727 1092">
    <p class='ocr_par' dir='ltr' id='par_1_39' title="bbox 2129 1008 3727 1092">
     <span class='ocr_line' id='line_1_39' title="bbox 2129 1008 3727 1092; baseline -0.013 -9"><span class='ocrx_word' id='word_1_290' title='bbox 2129 1026 2284 1083; x_wconf 81' lang='lat' dir='ltr'><strong>Nunc</strong></span> <span class='ocrx_word' id='word_1_291' title='bbox 2309 1033 2489 1080; x_wconf 88' lang='lat' dir='ltr'><strong>autem</strong></span> <span class='ocrx_word' id='word_1_292' title='bbox 2523 1021 2708 1092; x_wconf 80' lang='lat' dir='ltr'><strong>pepuli</strong></span> <span class='ocrx_word' id='word_1_293' title='bbox 2754 1016 3095 1074; x_wconf 84' lang='lat' dir='ltr'><strong>credentium</strong></span> <span class='ocrx_word' id='word_1_294' title='bbox 3142 1011 3412 1069; x_wconf 83' lang='lat' dir='ltr'><strong>accedunt</strong></span> <span class='ocrx_word' id='word_1_295' title='bbox 3449 1009 3518 1066; x_wconf 85' lang='lat' dir='ltr'><strong>ad</strong></span> <span class='ocrx_word' id='word_1_296' title='bbox 3560 1008 3727 1065; x_wconf 84' lang='lat' dir='ltr'><strong>ﬁdem</strong></span> 
     </span>
    </p>
   </div>
   <div class='ocr_carea' id='block_1_40' title="bbox 2131 1102 3731 1186">
    <p class='ocr_par' dir='ltr' id='par_1_40' title="bbox 2131 1102 3731 1186">
     <span class='ocr_line' id='line_1_40' title="bbox 2131 1102 3731 1186; baseline -0.013 -10"><span class='ocrx_word' id='word_1_297' title='bbox 2131 1122 2282 1186; x_wconf 85' lang='lat' dir='ltr'><strong>Jesu,</strong></span> <span class='ocrx_word' id='word_1_298' title='bbox 2306 1126 2362 1173; x_wconf 87' lang='lat' dir='ltr'><strong>et</strong></span> <span class='ocrx_word' id='word_1_299' title='bbox 2390 1114 2566 1186; x_wconf 88' lang='lat' dir='ltr'><strong>angeli</strong></span> <span class='ocrx_word' id='word_1_300' title='bbox 2598 1114 2793 1184; x_wconf 88' lang='lat' dir='ltr'><strong>quibus</strong></span> <span class='ocrx_word' id='word_1_301' title='bbox 2821 1109 3045 1167; x_wconf 59' lang='lat' dir='ltr'><strong>creditae</strong></span> <span class='ocrx_word' id='word_1_302' title='bbox 3074 1107 3277 1163; x_wconf 77' lang='lat' dir='ltr'><strong>fuerint</strong></span> <span class='ocrx_word' id='word_1_303' title='bbox 3305 1102 3603 1169; x_wconf 66' lang='lat' dir='ltr'><strong>Eeclesie,</strong></span> <span class='ocrx_word' id='word_1_304' title='bbox 3638 1114 3731 1157; x_wconf 80' lang='lat' dir='ltr'><strong>ro-</strong></span> 
     </span>
    </p>
   </div>
   <div class='ocr_carea' id='block_1_41' title="bbox 2132 1200 3732 1283">
    <p class='ocr_par' dir='ltr' id='par_1_41' title="bbox 2132 1200 3732 1283">
     <span class='ocr_line' id='line_1_41' title="bbox 2132 1200 3732 1283; baseline -0.011 -14"><span class='ocrx_word' id='word_1_305' title='bbox 2132 1215 2307 1269; x_wconf 83' lang='lat' dir='ltr'><strong>boruti</strong></span> <span class='ocrx_word' id='word_1_306' title='bbox 2339 1210 2632 1283; x_wconf 77' lang='lat' dir='ltr'><strong>praesentia</strong></span> <span class='ocrx_word' id='word_1_307' title='bbox 2652 1204 2977 1273; x_wconf 75' lang='lat' dir='ltr'><strong>Salvatoris,</strong></span> <span class='ocrx_word' id='word_1_308' title='bbox 3001 1203 3204 1259; x_wconf 84' lang='lat' dir='ltr'><strong>multos</strong></span> <span class='ocrx_word' id='word_1_309' title='bbox 3231 1200 3510 1257; x_wconf 84' lang='lat' dir='ltr'><strong>adducunt</strong></span> <span class='ocrx_word' id='word_1_310' title='bbox 3538 1212 3732 1270; x_wconf 81' lang='lat' dir='ltr'><strong>prose-</strong></span> 
     </span>
    </p>
   </div>
   <div class='ocr_carea' id='block_1_42' title="bbox 2132 1293 3731 1383">
    <p class='ocr_par' dir='ltr' id='par_1_42' title="bbox 2132 1293 3731 1383">
     <span class='ocr_line' id='line_1_42' title="bbox 2132 1293 3731 1383; baseline -0.011 -17"><span class='ocrx_word' id='word_1_311' title='bbox 2132 1312 2303 1383; x_wconf 82' lang='lat' dir='ltr'><strong>lytos,</strong></span> <span class='ocrx_word' id='word_1_312' title='bbox 2357 1312 2415 1364; x_wconf 87' lang='lat' dir='ltr'><strong>ut</strong></span> <span class='ocrx_word' id='word_1_313' title='bbox 2442 1314 2844 1378; x_wconf 82' lang='lat' dir='ltr'><strong>congregemur</strong></span> <span class='ocrx_word' id='word_1_314' title='bbox 2877 1303 2937 1358; x_wconf 83' lang='lat' dir='ltr'><strong>in</strong></span> <span class='ocrx_word' id='word_1_315' title='bbox 2966 1302 3117 1357; x_wconf 88' lang='lat' dir='ltr'><strong>omni</strong></span> <span class='ocrx_word' id='word_1_316' title='bbox 3158 1299 3293 1355; x_wconf 80' lang='lat' dir='ltr'><strong>orbe</strong></span> <span class='ocrx_word' id='word_1_317' title='bbox 3340 1293 3731 1353; x_wconf 80' lang='lat' dir='ltr'><strong>conventicula</strong></span> 
     </span>
    </p>
   </div>
   <div class='ocr_carea' id='block_1_43' title="bbox 2131 1390 3732 1470">
    <p class='ocr_par' dir='ltr' id='par_1_43' title="bbox 2131 1390 3732 1470">
     <span class='ocr_line' id='line_1_43' title="bbox 2131 1390 3732 1470; baseline -0.01 -10"><span class='ocrx_word' id='word_1_318' title='bbox 2131 1404 2584 1461; x_wconf 78' lang='lat' dir='ltr'><strong>Christianorum.</strong></span> <span class='ocrx_word' id='word_1_319' title='bbox 2618 1399 2966 1470; x_wconf 84' lang='lat' dir='ltr'><strong>Quapropter</strong></span> <span class='ocrx_word' id='word_1_320' title='bbox 2990 1401 3396 1467; x_wconf 84' lang='lat' dir='ltr'><strong>consurgentes</strong></span> <span class='ocrx_word' id='word_1_321' title='bbox 3440 1390 3732 1446; x_wconf 81' lang='lat' dir='ltr'><strong>laudemus</strong></span> 
     </span>
    </p>
   </div>
   <div class='ocr_carea' id='block_1_44' title="bbox 2134 1484 3733 1566">
    <p class='ocr_par' dir='ltr' id='par_1_44' title="bbox 2134 1484 3733 1566">
     <span class='ocr_line' id='line_1_44' title="bbox 2134 1484 3733 1566; baseline -0.011 -10"><span class='ocrx_word' id='word_1_322' title='bbox 2134 1494 2421 1556; x_wconf 81' lang='lat' dir='ltr'><strong>Dominum</strong></span> <span class='ocrx_word' id='word_1_323' title='bbox 2449 1540 2463 1566; x_wconf 92' lang='lat'><strong>,</strong></span> <span class='ocrx_word' id='word_1_324' title='bbox 2497 1504 2547 1552; x_wconf 88' lang='lat' dir='ltr'><strong>et</strong></span> <span class='ocrx_word' id='word_1_325' title='bbox 2577 1496 2770 1550; x_wconf 76' lang='lat' dir='ltr'><strong>(lamus</strong></span> <span class='ocrx_word' id='word_1_326' title='bbox 2798 1502 2899 1564; x_wconf 84' lang='lat' dir='ltr'><strong>pro</strong></span> <span class='ocrx_word' id='word_1_327' title='bbox 2942 1489 3152 1548; x_wconf 74' lang='lat' dir='ltr'><strong>carnali</strong></span> <span class='ocrx_word' id='word_1_328' title='bbox 3196 1488 3363 1544; x_wconf 74' lang='lat' dir='ltr'><strong>Israel</strong></span> <span class='ocrx_word' id='word_1_329' title='bbox 3390 1520 3408 1554; x_wconf 80' lang='lat'><strong>,</strong></span> <span class='ocrx_word' id='word_1_330' title='bbox 3463 1484 3733 1556; x_wconf 77' lang='lat' dir='ltr'><strong>spiritalis</strong></span> 
     </span>
    </p>
   </div>
   <div class='ocr_carea' id='block_1_45' title="bbox 2134 1576 3732 1656">
    <p class='ocr_par' dir='ltr' id='par_1_45' title="bbox 2134 1576 3732 1656">
     <span class='ocr_line' id='line_1_45' title="bbox 2134 1576 3732 1656; baseline -0.011 -8"><span class='ocrx_word' id='word_1_331' title='bbox 2134 1588 2325 1648; x_wconf 83' lang='lat' dir='ltr'><strong>Israel.</strong></span> <span class='ocrx_word' id='word_1_332' title='bbox 2361 1590 2755 1647; x_wconf 86' lang='lat' dir='ltr'><strong>Benedicamus</strong></span> <span class='ocrx_word' id='word_1_333' title='bbox 2785 1584 3143 1656; x_wconf 85' lang='lat' dir='ltr'><strong>omnipotenti</strong></span> <span class='ocrx_word' id='word_1_334' title='bbox 3177 1583 3289 1639; x_wconf 84' lang='lat' dir='ltr'><strong>Deo</strong></span> <span class='ocrx_word' id='word_1_335' title='bbox 3319 1587 3524 1651; x_wconf 77' lang='lat' dir='ltr'><strong>apere,</strong></span> <span class='ocrx_word' id='word_1_336' title='bbox 3573 1576 3732 1648; x_wconf 68' lang='lat' dir='ltr'><strong>cogi-</strong></span> 
     </span>
    </p>
   </div>
   <div class='ocr_carea' id='block_1_46' title="bbox 2137 1672 3738 1751">
    <p class='ocr_par' dir='ltr' id='par_1_46' title="bbox 2137 1672 3738 1751">
     <span class='ocr_line' id='line_1_46' title="bbox 2137 1672 3738 1751; baseline -0.011 -8"><span class='ocrx_word' id='word_1_337' title='bbox 2137 1685 2374 1751; x_wconf 79' lang='lat' dir='ltr'><strong>tatimte,</strong></span> <span class='ocrx_word' id='word_1_338' title='bbox 2410 1692 2701 1748; x_wconf 79' lang='lat' dir='ltr'><strong>sermone,</strong></span> <span class='ocrx_word' id='word_1_339' title='bbox 2732 1681 2784 1736; x_wconf 90' lang='lat' dir='ltr'><strong>in</strong></span> <span class='ocrx_word' id='word_1_340' title='bbox 2817 1679 3034 1736; x_wconf 83' lang='lat' dir='ltr'><strong>Christo</strong></span> <span class='ocrx_word' id='word_1_341' title='bbox 3055 1676 3217 1743; x_wconf 80' lang='lat' dir='ltr'><strong>Jesu,</strong></span> <span class='ocrx_word' id='word_1_342' title='bbox 3250 1675 3337 1731; x_wconf 86' lang='lat' dir='ltr'><strong>cui</strong></span> <span class='ocrx_word' id='word_1_343' title='bbox 3364 1683 3447 1730; x_wconf 88' lang='lat' dir='ltr'><strong>est</strong></span> <span class='ocrx_word' id='word_1_344' title='bbox 3471 1672 3650 1744; x_wconf 80' lang='lat' dir='ltr'><strong>gloria</strong></span> <span class='ocrx_word' id='word_1_345' title='bbox 3678 1677 3738 1727; x_wconf 84' lang='lat' dir='ltr'><strong>et</strong></span> 
     </span>
    </p>
   </div>
   <div class='ocr_carea' id='block_1_47' title="bbox 2134 1768 3342 1851">
    <p class='ocr_par' dir='ltr' id='par_1_47' title="bbox 2134 1768 3342 1851">
     <span class='ocr_line' id='line_1_47' title="bbox 2134 1768 3342 1851; baseline -0.01 -15"><span class='ocrx_word' id='word_1_346' title='bbox 2134 1779 2423 1851; x_wconf 88' lang='lat' dir='ltr'><strong>imperium</strong></span> <span class='ocrx_word' id='word_1_347' title='bbox 2456 1778 2509 1833; x_wconf 91' lang='lat' dir='ltr'><strong>in</strong></span> <span class='ocrx_word' id='word_1_348' title='bbox 2542 1775 2741 1833; x_wconf 63' lang='lat' dir='ltr'><strong>saecula</strong></span> <span class='ocrx_word' id='word_1_349' title='bbox 2772 1773 3118 1830; x_wconf 70' lang='lat' dir='ltr'><strong>stecttlorutn.</strong></span> <span class='ocrx_word' id='word_1_350' title='bbox 3150 1768 3342 1826; x_wconf 84' lang='lat' dir='ltr'><strong>Amen.</strong></span> 
     </span>
    </p>
   </div>
   <div class='ocr_carea' id='block_1_48' title="bbox 2698 1923 3166 1984">
    <p class='ocr_par' dir='ltr' id='par_1_48' title="bbox 2698 1923 3166 1984">
     <span class='ocr_line' id='line_1_48' title="bbox 2698 1923 3166 1984; baseline -0.011 0"><span class='ocrx_word' id='word_1_351' title='bbox 2698 1926 2983 1984; x_wconf 80' lang='lat' dir='ltr'><strong>HOMILIA</strong></span> <span class='ocrx_word' id='word_1_352' title='bbox 3024 1923 3166 1981; x_wconf 80' lang='lat' dir='ltr'><strong>Xlil.</strong></span> 
     </span>
    </p>
   </div>
   <div class='ocr_carea' id='block_1_49' title="bbox 2141 2052 3738 2141">
    <p class='ocr_par' dir='ltr' id='par_1_49' title="bbox 2141 2052 3738 2141">
     <span class='ocr_line' id='line_1_49' title="bbox 2141 2052 3738 2141; baseline -0.011 -13"><span class='ocrx_word' id='word_1_353' title='bbox 2141 2072 2215 2128; x_wconf 88' lang='lat' dir='ltr'><strong>De</strong></span> <span class='ocrx_word' id='word_1_354' title='bbox 2264 2082 2330 2126; x_wconf 89' lang='lat' dir='ltr'><strong>eo</strong></span> <span class='ocrx_word' id='word_1_355' title='bbox 2376 2058 2518 2141; x_wconf 84' lang='lat' dir='ltr'><strong>quod</strong></span> <span class='ocrx_word' id='word_1_356' title='bbox 2560 2067 2820 2136; x_wconf 84' lang='lat' dir='ltr'><strong>scriptum</strong></span> <span class='ocrx_word' id='word_1_357' title='bbox 2873 2062 2958 2118; x_wconf 80' lang='lat' dir='ltr'><strong>est</strong></span> <span class='ocrx_word' id='word_1_358' title='bbox 2989 2074 3003 2116; x_wconf 71' lang='grc' dir='ltr'>ε</span> <span class='ocrx_word' id='word_1_359' title='bbox 3036 2052 3107 2141; x_wconf 65' lang='lat' dir='ltr'><strong>Et</strong></span> <span class='ocrx_word' id='word_1_360' title='bbox 3140 2058 3277 2141; x_wconf 64' lang='lat' dir='ltr'><strong>facta</strong></span> <span class='ocrx_word' id='word_1_361' title='bbox 3323 2062 3396 2113; x_wconf 76' lang='lat' dir='ltr'><strong>est</strong></span> <span class='ocrx_word' id='word_1_362' title='bbox 3450 2054 3738 2141; x_wconf 68' lang='lat' dir='ltr'><strong>multitudo</strong></span> 
     </span>
    </p>
   </div>
   <div class='ocr_carea' id='block_1_50' title="bbox 2210 2127 3737 2205">
    <p class='ocr_par' dir='ltr' id='par_1_50' title="bbox 2210 2127 3737 2205">
     <span class='ocr_line' id='line_1_50' title="bbox 2210 2127 3737 2205; baseline -0.013 -6"><span class='ocrx_word' id='word_1_363' title='bbox 2210 2127 2463 2200; x_wconf 59' lang='lat' dir='ltr'><strong>exercitus</strong></span> <span class='ocrx_word' id='word_1_364' title='bbox 2494 2127 2709 2195; x_wconf 65' lang='lat' dir='ltr'><strong>catastis</strong></span> <span class='ocrx_word' id='word_1_365' title='bbox 2738 2178 2751 2201; x_wconf 89' lang='lat'><strong>,</strong></span> <span class='ocrx_word' id='word_1_366' title='bbox 2784 2144 2953 2205; x_wconf 87' lang='lat' dir='ltr'><strong>usque</strong></span> <span class='ocrx_word' id='word_1_367' title='bbox 2995 2134 3061 2188; x_wconf 88' lang='lat' dir='ltr'><strong>ad</strong></span> <span class='ocrx_word' id='word_1_368' title='bbox 3090 2127 3212 2187; x_wconf 80' lang='lat' dir='ltr'><strong>eum</strong></span> <span class='ocrx_word' id='word_1_369' title='bbox 3265 2135 3444 2205; x_wconf 84' lang='lat' dir='ltr'><strong>locum</strong></span> <span class='ocrx_word' id='word_1_370' title='bbox 3479 2127 3568 2182; x_wconf 90' lang='lat' dir='ltr'><strong>ubi</strong></span> <span class='ocrx_word' id='word_1_371' title='bbox 3610 2129 3690 2180; x_wconf 86' lang='lat' dir='ltr'><strong>ait</strong></span> <span class='ocrx_word' id='word_1_372' title='bbox 3722 2144 3737 2180; x_wconf 90' lang='lat'><strong>:</strong></span> 
     </span>
    </p>
   </div>
   <div class='ocr_carea' id='block_1_51' title="bbox 2213 2203 3737 2277">
    <p class='ocr_par' dir='ltr' id='par_1_51' title="bbox 2213 2203 3737 2277">
     <span class='ocr_line' id='line_1_51' title="bbox 2213 2203 3737 2277; baseline -0.011 -7"><span class='ocrx_word' id='word_1_373' title='bbox 2213 2215 2524 2270; x_wconf 76' lang='lat' dir='ltr'><strong>Invenerunt</strong></span> <span class='ocrx_word' id='word_1_374' title='bbox 2565 2210 2796 2265; x_wconf 81' lang='lat' dir='ltr'><strong>Mariam</strong></span> <span class='ocrx_word' id='word_1_375' title='bbox 2840 2203 2886 2261; x_wconf 77' lang='lat' dir='ltr'><strong>et</strong></span> <span class='ocrx_word' id='word_1_376' title='bbox 2937 2207 3115 2260; x_wconf 65' lang='lat' dir='ltr'><strong>Iesum</strong></span> <span class='ocrx_word' id='word_1_377' title='bbox 3140 2206 3366 2277; x_wconf 83' lang='lat' dir='ltr'><strong>positum</strong></span> <span class='ocrx_word' id='word_1_378' title='bbox 3397 2203 3449 2255; x_wconf 87' lang='lat' dir='ltr'><strong>in</strong></span> <span class='ocrx_word' id='word_1_379' title='bbox 3479 2214 3737 2271; x_wconf 59' lang='lat' dir='ltr'><strong>prcurpe.</strong></span> 
     </span>
    </p>
   </div>
   <div class='ocr_carea' id='block_1_52' title="bbox 2209 2285 2451 2357">
    <p class='ocr_par' dir='ltr' id='par_1_52' title="bbox 2209 2285 2451 2357">
     <span class='ocr_line' id='line_1_52' title="bbox 2209 2285 2451 2357; baseline -0.021 -13"><span class='ocrx_word' id='word_1_380' title='bbox 2209 2287 2345 2357; x_wconf 68' lang='lat' dir='ltr'><strong>Cap.</strong></span> <span class='ocrx_word' id='word_1_381' title='bbox 2385 2285 2451 2340; x_wconf 92' lang='lat' dir='ltr'><strong>ll.</strong></span> 
     </span>
    </p>
   </div>
   <div class='ocr_carea' id='block_1_53' title="bbox 2214 2407 3743 2486">
    <p class='ocr_par' dir='ltr' id='par_1_53' title="bbox 2214 2407 3743 2486">
     <span class='ocr_line' id='line_1_53' title="bbox 2214 2407 3743 2486; baseline -0.013 -5"><span class='ocrx_word' id='word_1_382' title='bbox 2214 2424 2479 2481; x_wconf 82' lang='lat' dir='ltr'><strong>Dominus</strong></span> <span class='ocrx_word' id='word_1_383' title='bbox 2510 2429 2726 2486; x_wconf 85' lang='lat' dir='ltr'><strong>uoster,</strong></span> <span class='ocrx_word' id='word_1_384' title='bbox 2757 2424 2918 2486; x_wconf 83' lang='lat' dir='ltr'><strong>atque</strong></span> <span class='ocrx_word' id='word_1_385' title='bbox 2963 2412 3218 2470; x_wconf 81' lang='lat' dir='ltr'><strong>Salvator</strong></span> <span class='ocrx_word' id='word_1_386' title='bbox 3248 2411 3302 2464; x_wconf 91' lang='lat' dir='ltr'><strong>in</strong></span> <span class='ocrx_word' id='word_1_387' title='bbox 3335 2407 3651 2472; x_wconf 58' lang='lat' dir='ltr'><strong>Bethleem,</strong></span> <span class='ocrx_word' id='word_1_388' title='bbox 3685 2408 3743 2461; x_wconf 81' lang='lat' dir='ltr'><strong>et</strong></span> 
     </span>
    </p>
   </div>
   <div class='ocr_carea' id='block_1_54' title="bbox 2143 2498 3739 2575">
    <p class='ocr_par' dir='ltr' id='par_1_54' title="bbox 2143 2498 3739 2575">
     <span class='ocr_line' id='line_1_54' title="bbox 2143 2498 3739 2575; baseline -0.013 0"><span class='ocrx_word' id='word_1_389' title='bbox 2143 2517 2435 2575; x_wconf 86' lang='lat' dir='ltr'><strong>multitudo</strong></span> <span class='ocrx_word' id='word_1_390' title='bbox 2463 2512 2707 2570; x_wconf 75' lang='lat' dir='ltr'><strong>ccelestls</strong></span> <span class='ocrx_word' id='word_1_391' title='bbox 2739 2507 3010 2565; x_wconf 78' lang='lat' dir='ltr'><strong>exercitus</strong></span> <span class='ocrx_word' id='word_1_392' title='bbox 3035 2503 3218 2561; x_wconf 81' lang='lat' dir='ltr'><strong>laudat</strong></span> <span class='ocrx_word' id='word_1_393' title='bbox 3246 2503 3441 2567; x_wconf 85' lang='lat' dir='ltr'><strong>Deum,</strong></span> <span class='ocrx_word' id='word_1_394' title='bbox 3470 2509 3525 2555; x_wconf 88' lang='lat' dir='ltr'><strong>et</strong></span> <span class='ocrx_word' id='word_1_395' title='bbox 3555 2498 3693 2555; x_wconf 81' lang='lat' dir='ltr'><strong>dicit</strong></span> <span class='ocrx_word' id='word_1_396' title='bbox 3720 2514 3739 2554; x_wconf 87' lang='lat'><strong>:</strong></span> 
     </span>
    </p>
   </div>
   <div class='ocr_carea' id='block_1_55' title="bbox 2145 2591 3744 2673">
    <p class='ocr_par' dir='ltr' id='par_1_55' title="bbox 2145 2591 3744 2673">
     <span class='ocr_line' id='line_1_55' title="bbox 2145 2591 3744 2673; baseline -0.014 -5"><span class='ocrx_word' id='word_1_397' title='bbox 2145 2612 2327 2669; x_wconf 76' lang='lat' dir='ltr'><strong>Gloria</strong></span> <span class='ocrx_word' id='word_1_398' title='bbox 2356 2613 2408 2665; x_wconf 84' lang='lat' dir='ltr'><strong>in</strong></span> <span class='ocrx_word' id='word_1_399' title='bbox 2438 2606 2656 2664; x_wconf 70' lang='lat' dir='ltr'><strong>excelsis</strong></span> <span class='ocrx_word' id='word_1_400' title='bbox 2690 2603 2817 2668; x_wconf 83' lang='lat' dir='ltr'><strong>Deo,</strong></span> <span class='ocrx_word' id='word_1_401' title='bbox 2848 2610 2897 2656; x_wconf 69' lang='lat' dir='ltr'><strong>et</strong></span> <span class='ocrx_word' id='word_1_402' title='bbox 2918 2612 3070 2673; x_wconf 82' lang='lat' dir='ltr'><strong>super</strong></span> <span class='ocrx_word' id='word_1_403' title='bbox 3097 2608 3287 2652; x_wconf 81' lang='lat' dir='ltr'><strong>terram</strong></span> <span class='ocrx_word' id='word_1_404' title='bbox 3309 2610 3414 2669; x_wconf 77' lang='lat' dir='ltr'><strong>pan:</strong></span> <span class='ocrx_word' id='word_1_405' title='bbox 3443 2591 3744 2647; x_wconf 70' lang='lat' dir='ltr'><strong>horninibus</strong></span> 
     </span>
    </p>
   </div>
   <div class='ocr_carea' id='block_1_56' title="bbox 2146 2685 3746 2763">
    <p class='ocr_par' dir='ltr' id='par_1_56' title="bbox 2146 2685 3746 2763">
     <span class='ocr_line' id='line_1_56' title="bbox 2146 2685 3746 2763; baseline -0.014 0"><span class='ocrx_word' id='word_1_406' title='bbox 2146 2709 2293 2762; x_wconf 74' lang='lat' dir='ltr'><strong>Dente</strong></span> <span class='ocrx_word' id='word_1_407' title='bbox 2318 2703 2616 2759; x_wconf 58' lang='lat' dir='ltr'><strong>celeritatis.</strong></span> <span class='ocrx_word' id='word_1_408' title='bbox 2670 2699 2794 2754; x_wconf 80' lang='lat' dir='ltr'><strong>lla-.c</strong></span> <span class='ocrx_word' id='word_1_409' title='bbox 2823 2704 3004 2751; x_wconf 77' lang='lat' dir='ltr'><strong>autem</strong></span> <span class='ocrx_word' id='word_1_410' title='bbox 3045 2692 3281 2763; x_wconf 83' lang='lat' dir='ltr'><strong>loquitur</strong></span> <span class='ocrx_word' id='word_1_411' title='bbox 3309 2685 3599 2743; x_wconf 84' lang='lat' dir='ltr'><strong>multitudo</strong></span> <span class='ocrx_word' id='word_1_412' title='bbox 3626 2699 3746 2742; x_wconf 71' lang='lat' dir='ltr'><strong>cm-</strong></span> 
     </span>
    </p>
   </div>
   <div class='ocr_carea' id='block_1_57' title="bbox 2147 2776 3747 2863">
    <p class='ocr_par' dir='ltr' id='par_1_57' title="bbox 2147 2776 3747 2863">
     <span class='ocr_line' id='line_1_57' title="bbox 2147 2776 3747 2863; baseline -0.015 -7"><span class='ocrx_word' id='word_1_413' title='bbox 2147 2800 2299 2856; x_wconf 87' lang='lat' dir='ltr'><strong>lestis</strong></span> <span class='ocrx_word' id='word_1_414' title='bbox 2321 2797 2619 2858; x_wconf 78' lang='lat' dir='ltr'><strong>exercitus,</strong></span> <span class='ocrx_word' id='word_1_415' title='bbox 2656 2790 2779 2863; x_wconf 76' lang='lat' dir='ltr'><strong>quin</strong></span> <span class='ocrx_word' id='word_1_416' title='bbox 2808 2790 2920 2859; x_wconf 83' lang='lat' dir='ltr'><strong>jam</strong></span> <span class='ocrx_word' id='word_1_417' title='bbox 2953 2786 3234 2841; x_wconf 77' lang='lat' dir='ltr'><strong>defecerat</strong></span> <span class='ocrx_word' id='word_1_418' title='bbox 3281 2780 3529 2851; x_wconf 69' lang='lat' dir='ltr'><strong>prtchcre</strong></span> <span class='ocrx_word' id='word_1_419' title='bbox 3561 2776 3747 2833; x_wconf 84' lang='lat' dir='ltr'><strong>homi-</strong></span> 
     </span>
    </p>
   </div>
   <div class='ocr_carea' id='block_1_58' title="bbox 2148 2868 3753 2951">
    <p class='ocr_par' dir='ltr' id='par_1_58' title="bbox 2148 2868 3753 2951">
     <span class='ocr_line' id='line_1_58' title="bbox 2148 2868 3753 2951; baseline -0.016 -1"><span class='ocrx_word' id='word_1_420' title='bbox 2148 2893 2306 2950; x_wconf 83' lang='lat' dir='ltr'><strong>nibus</strong></span> <span class='ocrx_word' id='word_1_421' title='bbox 2333 2889 2620 2951; x_wconf 75' lang='lat' dir='ltr'><strong>attxilium,</strong></span> <span class='ocrx_word' id='word_1_422' title='bbox 2652 2896 2707 2940; x_wconf 86' lang='lat' dir='ltr'><strong>et</strong></span> <span class='ocrx_word' id='word_1_423' title='bbox 2730 2868 2946 2939; x_wconf 63' lang='lat' dir='ltr'><strong>videbat</strong></span> <span class='ocrx_word' id='word_1_424' title='bbox 2994 2895 3054 2935; x_wconf 84' lang='lat' dir='ltr'><strong>se</strong></span> <span class='ocrx_word' id='word_1_425' title='bbox 3099 2892 3237 2948; x_wconf 79' lang='lat' dir='ltr'><strong>opus</strong></span> <span class='ocrx_word' id='word_1_426' title='bbox 3265 2873 3409 2945; x_wconf 87' lang='lat' dir='ltr'><strong>quod</strong></span> <span class='ocrx_word' id='word_1_427' title='bbox 3435 2873 3536 2928; x_wconf 83' lang='lat' dir='ltr'><strong>sibi</strong></span> <span class='ocrx_word' id='word_1_428' title='bbox 3564 2870 3753 2927; x_wconf 83' lang='lat' dir='ltr'><strong>credi-</strong></span> 
     </span>
    </p>
   </div>
   <div class='ocr_carea' id='block_1_59' title="bbox 2149 2964 3751 3049">
    <p class='ocr_par' dir='ltr' id='par_1_59' title="bbox 2149 2964 3751 3049">
     <span class='ocr_line' id='line_1_59' title="bbox 2149 2964 3751 3049; baseline -0.012 -8"><span class='ocrx_word' id='word_1_429' title='bbox 2149 2994 2261 3042; x_wconf 87' lang='lat' dir='ltr'><strong>tum</strong></span> <span class='ocrx_word' id='word_1_430' title='bbox 2288 2983 2487 3049; x_wconf 85' lang='lat' dir='ltr'><strong>luerat,</strong></span> <span class='ocrx_word' id='word_1_431' title='bbox 2517 2980 2751 3049; x_wconf 71' lang='lat' dir='ltr'><strong>implere</strong></span> <span class='ocrx_word' id='word_1_432' title='bbox 2793 2986 2903 3031; x_wconf 72' lang='lat' dir='ltr'><strong>non</strong></span> <span class='ocrx_word' id='word_1_433' title='bbox 2936 2986 3093 3044; x_wconf 80' lang='lat' dir='ltr'><strong>posse</strong></span> <span class='ocrx_word' id='word_1_434' title='bbox 3131 2969 3338 3038; x_wconf 84' lang='lat' dir='ltr'><strong>absque</strong></span> <span class='ocrx_word' id='word_1_435' title='bbox 3386 2980 3452 3022; x_wconf 89' lang='lat' dir='ltr'><strong>eo</strong></span> <span class='ocrx_word' id='word_1_436' title='bbox 3489 2964 3579 3035; x_wconf 88' lang='lat' dir='ltr'><strong>qui</strong></span> <span class='ocrx_word' id='word_1_437' title='bbox 3608 2977 3751 3021; x_wconf 77' lang='lat' dir='ltr'><strong>vere</strong></span> 
     </span>
    </p>
   </div>
   <div class='ocr_carea' id='block_1_60' title="bbox 2149 3060 3755 3142">
    <p class='ocr_par' dir='ltr' id='par_1_60' title="bbox 2149 3060 3755 3142">
     <span class='ocr_line' id='line_1_60' title="bbox 2149 3060 3755 3142; baseline -0.013 -7"><span class='ocrx_word' id='word_1_438' title='bbox 2149 3078 2358 3135; x_wconf 69' lang='lat' dir='ltr'><strong>salvam</strong></span> <span class='ocrx_word' id='word_1_439' title='bbox 2385 3083 2623 3142; x_wconf 40' lang='lat' dir='ltr'><strong>poterat,</strong></span> <span class='ocrx_word' id='word_1_440' title='bbox 2653 3081 2707 3125; x_wconf 87' lang='lat' dir='ltr'><strong>et</strong></span> <span class='ocrx_word' id='word_1_441' title='bbox 2735 3068 2999 3142; x_wconf 68' lang='lat' dir='ltr'><strong>praeeuntes</strong></span> <span class='ocrx_word' id='word_1_442' title='bbox 3024 3074 3242 3137; x_wconf 82' lang='lat' dir='ltr'><strong>quoque</strong></span> <span class='ocrx_word' id='word_1_443' title='bbox 3271 3060 3658 3132; x_wconf 82' lang='lat' dir='ltr'><strong>ipsosjnvare,</strong></span> <span class='ocrx_word' id='word_1_444' title='bbox 3686 3064 3755 3114; x_wconf 69' lang='lat' dir='ltr'><strong>ut</strong></span> 
     </span>
    </p>
   </div>
   <div class='ocr_carea' id='block_1_61' title="bbox 2152 3153 3753 3230">
    <p class='ocr_par' dir='ltr' id='par_1_61' title="bbox 2152 3153 3753 3230">
     <span class='ocr_line' id='line_1_61' title="bbox 2152 3153 3753 3230; baseline -0.014 -2"><span class='ocrx_word' id='word_1_445' title='bbox 2152 3172 2400 3228; x_wconf 86' lang='lat' dir='ltr'><strong>homines</strong></span> <span class='ocrx_word' id='word_1_446' title='bbox 2439 3168 2803 3225; x_wconf 81' lang='lat' dir='ltr'><strong>salvarentur.</strong></span> <span class='ocrx_word' id='word_1_447' title='bbox 2836 3159 3122 3230; x_wconf 83' lang='lat' dir='ltr'><strong>Quentodo</strong></span> <span class='ocrx_word' id='word_1_448' title='bbox 3153 3154 3315 3229; x_wconf 88' lang='lat' dir='ltr'><strong>igitur</strong></span> <span class='ocrx_word' id='word_1_449' title='bbox 3363 3153 3624 3225; x_wconf 80' lang='lat' dir='ltr'><strong>scriptum</strong></span> <span class='ocrx_word' id='word_1_450' title='bbox 3661 3159 3753 3207; x_wconf 81' lang='lat' dir='ltr'><strong>est</strong></span> 
     </span>
    </p>
   </div>
   <div class='ocr_carea' id='block_1_62' title="bbox 454 3239 3751 3340">
    <p class='ocr_par' dir='ltr' id='par_1_62' title="bbox 454 3239 3751 3340">
     <span class='ocr_line' id='line_1_62' title="bbox 454 3239 3751 3340; baseline -0.003 -27"><span class='ocrx_word' id='word_1_451' title='bbox 454 3260 656 3316; x_wconf 86' lang='lat' dir='ltr'><strong>habere</strong></span> <span class='ocrx_word' id='word_1_452' title='bbox 689 3264 1003 3331; x_wconf 82' lang='lat' dir='ltr'><strong>permissas.</strong></span> <span class='ocrx_word' id='word_1_453' title='bbox 1044 3264 1154 3317; x_wconf 88' lang='lat' dir='ltr'><strong>Iloe</strong></span> <span class='ocrx_word' id='word_1_454' title='bbox 1183 3277 1364 3319; x_wconf 78' lang='lat' dir='ltr'><strong>autent</strong></span> <span class='ocrx_word' id='word_1_455' title='bbox 1393 3266 1535 3337; x_wconf 81' lang='lat' dir='ltr'><strong>qttud</strong></span> <span class='ocrx_word' id='word_1_456' title='bbox 1563 3266 1630 3323; x_wconf 88' lang='lat' dir='ltr'><strong>de</strong></span> <span class='ocrx_word' id='word_1_457' title='bbox 1659 3268 1888 3339; x_wconf 81' lang='lat' dir='ltr'><strong>singulis</strong></span> <span class='ocrx_word' id='word_1_458' title='bbox 1920 3282 2047 3340; x_wconf 77' lang='lat' dir='ltr'><strong>pro-</strong></span> <span class='ocrx_word' id='word_1_459' title='bbox 2071 3239 2118 3304; x_wconf 66' lang='grc' dir='ltr'>δ</span> <span class='ocrx_word' id='word_1_460' title='bbox 2153 3270 2204 3322; x_wconf 88' lang='lat' dir='ltr'><strong>tu</strong></span> <span class='ocrx_word' id='word_1_461' title='bbox 2237 3262 2526 3335; x_wconf 81' lang='lat' dir='ltr'><strong>Evangeliu</strong></span> <span class='ocrx_word' id='word_1_462' title='bbox 2558 3303 2573 3329; x_wconf 87' lang='lat'><strong>,</strong></span> <span class='ocrx_word' id='word_1_463' title='bbox 2625 3250 2767 3331; x_wconf 87' lang='lat' dir='ltr'><strong>quod</strong></span> <span class='ocrx_word' id='word_1_464' title='bbox 2808 3257 3029 3329; x_wconf 81' lang='lat' dir='ltr'><strong>quidam</strong></span> <span class='ocrx_word' id='word_1_465' title='bbox 3063 3253 3233 3310; x_wconf 84' lang='lat' dir='ltr'><strong>remis</strong></span> <span class='ocrx_word' id='word_1_466' title='bbox 3277 3251 3554 3307; x_wconf 67' lang='lat' dir='ltr'><strong>sulcantes</strong></span> <span class='ocrx_word' id='word_1_467' title='bbox 3593 3259 3751 3302; x_wconf 76' lang='lat' dir='ltr'><strong>mare</strong></span> 
     </span>
    </p>
   </div>
   <div class='ocr_carea' id='block_1_63' title="bbox 452 3352 2042 3435">
    <p class='ocr_par' dir='ltr' id='par_1_63' title="bbox 452 3352 2042 3435">
     <span class='ocr_line' id='line_1_63' title="bbox 452 3352 2042 3435; baseline 0.009 -31"><span class='ocrx_word' id='word_1_468' title='bbox 452 3352 651 3409; x_wconf 86' lang='lat' dir='ltr'><strong>vinciis</strong></span> <span class='ocrx_word' id='word_1_469' title='bbox 677 3353 833 3418; x_wconf 86' lang='lat' dir='ltr'><strong>dicit,</strong></span> <span class='ocrx_word' id='word_1_470' title='bbox 870 3363 1000 3425; x_wconf 84' lang='lat' dir='ltr'><strong>puto</strong></span> <span class='ocrx_word' id='word_1_471' title='bbox 1021 3357 1185 3411; x_wconf 83' lang='lat' dir='ltr'><strong>etiam</strong></span> <span class='ocrx_word' id='word_1_472' title='bbox 1216 3357 1285 3413; x_wconf 82' lang='lat' dir='ltr'><strong>de</strong></span> <span class='ocrx_word' id='word_1_473' title='bbox 1307 3356 1574 3414; x_wconf 61' lang='lat' dir='ltr'><strong>universis</strong></span> <span class='ocrx_word' id='word_1_474' title='bbox 1607 3361 1921 3418; x_wconf 88' lang='lat' dir='ltr'><strong>hominibus</strong></span> <span class='ocrx_word' id='word_1_475' title='bbox 1947 3378 2042 3435; x_wconf 85' lang='lat' dir='ltr'><strong>ge-</strong></span> 
     </span>
    </p>
   </div>
   <div class='ocr_carea' id='block_1_64' title="bbox 456 3440 2048 3523">
    <p class='ocr_par' dir='ltr' id='par_1_64' title="bbox 456 3440 2048 3523">
     <span class='ocr_line' id='line_1_64' title="bbox 456 3440 2048 3523; baseline 0.009 -22"><span class='ocrx_word' id='word_1_476' title='bbox 456 3448 718 3503; x_wconf 83' lang='lat' dir='ltr'><strong>neraliter</strong></span> <span class='ocrx_word' id='word_1_477' title='bbox 755 3446 958 3503; x_wconf 86' lang='lat' dir='ltr'><strong>debere</strong></span> <span class='ocrx_word' id='word_1_478' title='bbox 1005 3449 1253 3506; x_wconf 88' lang='lat' dir='ltr'><strong>credere.</strong></span> <span class='ocrx_word' id='word_1_479' title='bbox 1290 3440 1596 3523; x_wconf 85' lang='lat' dir='ltr'><strong>Unicuique</strong></span> <span class='ocrx_word' id='word_1_480' title='bbox 1648 3455 1756 3509; x_wconf 89' lang='lat' dir='ltr'><strong>duo</strong></span> <span class='ocrx_word' id='word_1_481' title='bbox 1786 3457 2048 3515; x_wconf 88' lang='lat' dir='ltr'><strong>assistunt</strong></span> 
     </span>
    </p>
   </div>
   <div class='ocr_carea' id='block_1_65' title="bbox 459 3530 2050 3617">
    <p class='ocr_par' dir='ltr' id='par_1_65' title="bbox 459 3530 2050 3617">
     <span class='ocr_line' id='line_1_65' title="bbox 459 3530 2050 3617; baseline 0.009 -24"><span class='ocrx_word' id='word_1_482' title='bbox 459 3549 485 3577; x_wconf 75' lang='grc' dir='ltr'>ι</span> <span class='ocrx_word' id='word_1_483' title='bbox 512 3538 703 3611; x_wconf 82' lang='lat' dir='ltr'><strong>Angell</strong></span> <span class='ocrx_word' id='word_1_484' title='bbox 726 3580 741 3606; x_wconf 87' lang='lat'><strong>,</strong></span> <span class='ocrx_word' id='word_1_485' title='bbox 770 3536 915 3596; x_wconf 83' lang='lat' dir='ltr'><strong>alter</strong></span> <span class='ocrx_word' id='word_1_486' title='bbox 955 3530 1213 3611; x_wconf 70' lang='lat' dir='ltr'><strong>jusdtim,</strong></span> <span class='ocrx_word' id='word_1_487' title='bbox 1269 3538 1407 3599; x_wconf 86' lang='lat' dir='ltr'><strong>alter</strong></span> <span class='ocrx_word' id='word_1_488' title='bbox 1438 3536 1763 3617; x_wconf 79' lang='lat' dir='ltr'><strong>iniquitatis.</strong></span> <span class='ocrx_word' id='word_1_489' title='bbox 1799 3542 1854 3605; x_wconf 78' lang='lat' dir='ltr'><strong>Si</strong></span> <span class='ocrx_word' id='word_1_490' title='bbox 1890 3549 2050 3607; x_wconf 71' lang='lat' dir='ltr'><strong>bona:</strong></span> 
     </span>
    </p>
   </div>
   <div class='ocr_carea' id='block_1_66' title="bbox 455 3624 2050 3709">
    <p class='ocr_par' dir='ltr' id='par_1_66' title="bbox 455 3624 2050 3709">
     <span class='ocr_line' id='line_1_66' title="bbox 455 3624 2050 3709; baseline 0.007 -20"><span class='ocrx_word' id='word_1_491' title='bbox 455 3626 816 3704; x_wconf 76' lang='lat' dir='ltr'><strong>cogitationes</strong></span> <span class='ocrx_word' id='word_1_492' title='bbox 848 3624 900 3688; x_wconf 88' lang='lat' dir='ltr'><strong>in</strong></span> <span class='ocrx_word' id='word_1_493' title='bbox 934 3628 1101 3690; x_wconf 84' lang='lat' dir='ltr'><strong>corde</strong></span> <span class='ocrx_word' id='word_1_494' title='bbox 1154 3646 1354 3692; x_wconf 85' lang='lat' dir='ltr'><strong>nostro.</strong></span> <span class='ocrx_word' id='word_1_495' title='bbox 1390 3637 1627 3709; x_wconf 80' lang='lat' dir='ltr'><strong>fuerint,</strong></span> <span class='ocrx_word' id='word_1_496' title='bbox 1662 3650 1716 3694; x_wconf 88' lang='lat' dir='ltr'><strong>et</strong></span> <span class='ocrx_word' id='word_1_497' title='bbox 1767 3642 1818 3696; x_wconf 92' lang='lat' dir='ltr'><strong>iu</strong></span> <span class='ocrx_word' id='word_1_498' title='bbox 1866 3644 2050 3700; x_wconf 89' lang='lat' dir='ltr'><strong>animo</strong></span> 
     </span>
    </p>
   </div>
   <div class='ocr_carea' id='block_1_67' title="bbox 447 3723 2051 3815">
    <p class='ocr_par' dir='ltr' id='par_1_67' title="bbox 447 3723 2051 3815">
     <span class='ocr_line' id='line_1_67' title="bbox 447 3723 2051 3815; baseline 0.005 -31"><span class='ocrx_word' id='word_1_499' title='bbox 447 3726 659 3797; x_wconf 74' lang='lat' dir='ltr'><strong>iustitia</strong></span> <span class='ocrx_word' id='word_1_500' title='bbox 696 3723 1018 3815; x_wconf 77' lang='lat' dir='ltr'><strong>pullularit,</strong></span> <span class='ocrx_word' id='word_1_501' title='bbox 1055 3730 1196 3785; x_wconf 86' lang='lat' dir='ltr'><strong>haud</strong></span> <span class='ocrx_word' id='word_1_502' title='bbox 1236 3731 1461 3787; x_wconf 87' lang='lat' dir='ltr'><strong>dubium</strong></span> <span class='ocrx_word' id='word_1_503' title='bbox 1490 3735 1620 3805; x_wconf 89' lang='lat' dir='ltr'><strong>quin</strong></span> <span class='ocrx_word' id='word_1_504' title='bbox 1655 3734 1818 3791; x_wconf 89' lang='lat' dir='ltr'><strong>nobis</strong></span> <span class='ocrx_word' id='word_1_505' title='bbox 1859 3736 2051 3807; x_wconf 86' lang='lat' dir='ltr'><strong>loqua-</strong></span> 
     </span>
    </p>
   </div>
   <div class='ocr_carea' id='block_1_68' title="bbox 456 3820 2052 3892">
    <p class='ocr_par' dir='ltr' id='par_1_68' title="bbox 456 3820 2052 3892">
     <span class='ocr_line' id='line_1_68' title="bbox 456 3820 2052 3892; baseline 0.009 -17"><span class='ocrx_word' id='word_1_506' title='bbox 456 3830 546 3877; x_wconf 88' lang='lat' dir='ltr'><strong>tur</strong></span> <span class='ocrx_word' id='word_1_507' title='bbox 575 3820 798 3892; x_wconf 75' lang='lat' dir='ltr'><strong>angelus</strong></span> <span class='ocrx_word' id='word_1_508' title='bbox 826 3823 1061 3878; x_wconf 76' lang='lat' dir='ltr'><strong>Dornlnl.</strong></span> <span class='ocrx_word' id='word_1_509' title='bbox 1092 3825 1152 3881; x_wconf 77' lang='lat' dir='ltr'><strong>Si</strong></span> <span class='ocrx_word' id='word_1_510' title='bbox 1180 3836 1313 3882; x_wconf 86' lang='lat' dir='ltr'><strong>vero</strong></span> <span class='ocrx_word' id='word_1_511' title='bbox 1357 3828 1496 3883; x_wconf 80' lang='lat' dir='ltr'><strong>male</strong></span> <span class='ocrx_word' id='word_1_512' title='bbox 1528 3827 1733 3885; x_wconf 78' lang='lat' dir='ltr'><strong>fuerint</strong></span> <span class='ocrx_word' id='word_1_513' title='bbox 1781 3834 1832 3887; x_wconf 89' lang='lat' dir='ltr'><strong>in</strong></span> <span class='ocrx_word' id='word_1_514' title='bbox 1863 3842 2052 3891; x_wconf 89' lang='lat' dir='ltr'><strong>nostro</strong></span> 
     </span>
    </p>
   </div>
   <div class='ocr_carea' id='block_1_69' title="bbox 459 3912 2049 3994">
    <p class='ocr_par' dir='ltr' id='par_1_69' title="bbox 459 3912 2049 3994">
     <span class='ocr_line' id='line_1_69' title="bbox 459 3912 2049 3994; baseline 0.008 -22"><span class='ocrx_word' id='word_1_515' title='bbox 459 3915 626 3972; x_wconf 83' lang='lat' dir='ltr'><strong>corde</strong></span> <span class='ocrx_word' id='word_1_516' title='bbox 652 3922 900 3985; x_wconf 77' lang='lat' dir='ltr'><strong>versata,</strong></span> <span class='ocrx_word' id='word_1_517' title='bbox 937 3912 1176 3990; x_wconf 77' lang='lat' dir='ltr'><strong>loquitur</strong></span> <span class='ocrx_word' id='word_1_518' title='bbox 1202 3922 1365 3977; x_wconf 86' lang='lat' dir='ltr'><strong>nobis</strong></span> <span class='ocrx_word' id='word_1_519' title='bbox 1395 3924 1621 3993; x_wconf 74' lang='lat' dir='ltr'><strong>angelus</strong></span> <span class='ocrx_word' id='word_1_520' title='bbox 1643 3925 1867 3983; x_wconf 80' lang='lat' dir='ltr'><strong>diaboli.</strong></span> <span class='ocrx_word' id='word_1_521' title='bbox 1900 3926 2049 3994; x_wconf 47' lang='lat' dir='ltr'><strong>Quod</strong></span> 
     </span>
    </p>
   </div>
   <div class='ocr_carea' id='block_1_70' title="bbox 460 4009 2050 4094">
    <p class='ocr_par' dir='ltr' id='par_1_70' title="bbox 460 4009 2050 4094">
     <span class='ocr_line' id='line_1_70' title="bbox 460 4009 2050 4094; baseline 0.009 -30"><span class='ocrx_word' id='word_1_522' title='bbox 460 4009 623 4065; x_wconf 88' lang='lat' dir='ltr'><strong>lnodo</strong></span> <span class='ocrx_word' id='word_1_523' title='bbox 672 4009 838 4081; x_wconf 80' lang='lat' dir='ltr'><strong>igitur</strong></span> <span class='ocrx_word' id='word_1_524' title='bbox 863 4018 961 4081; x_wconf 79' lang='lat' dir='ltr'><strong>per</strong></span> <span class='ocrx_word' id='word_1_525' title='bbox 988 4012 1236 4082; x_wconf 86' lang='lat' dir='ltr'><strong>slngulos</strong></span> <span class='ocrx_word' id='word_1_526' title='bbox 1261 4013 1513 4071; x_wconf 82' lang='lat' dir='ltr'><strong>homines</strong></span> <span class='ocrx_word' id='word_1_527' title='bbox 1541 4016 1649 4074; x_wconf 86' lang='lat' dir='ltr'><strong>bini</strong></span> <span class='ocrx_word' id='word_1_528' title='bbox 1680 4030 1807 4075; x_wconf 88' lang='lat' dir='ltr'><strong>sunt</strong></span> <span class='ocrx_word' id='word_1_529' title='bbox 1836 4023 2011 4094; x_wconf 80' lang='lat' dir='ltr'><strong>angeli</strong></span> <span class='ocrx_word' id='word_1_530' title='bbox 2035 4067 2050 4092; x_wconf 91' lang='lat'><strong>,</strong></span> 
     </span>
    </p>
   </div>
   <div class='ocr_carea' id='block_1_71' title="bbox 461 4101 2051 4186">
    <p class='ocr_par' dir='ltr' id='par_1_71' title="bbox 461 4101 2051 4186">
     <span class='ocr_line' id='line_1_71' title="bbox 461 4101 2051 4186; baseline 0.011 -29"><span class='ocrx_word' id='word_1_531' title='bbox 461 4103 542 4157; x_wconf 85' lang='lat' dir='ltr'><strong>sic</strong></span> <span class='ocrx_word' id='word_1_532' title='bbox 584 4101 785 4172; x_wconf 83' lang='lat' dir='ltr'><strong>opinor</strong></span> <span class='ocrx_word' id='word_1_533' title='bbox 815 4112 871 4159; x_wconf 84' lang='lat' dir='ltr'><strong>et</strong></span> <span class='ocrx_word' id='word_1_534' title='bbox 917 4107 970 4159; x_wconf 89' lang='lat' dir='ltr'><strong>lu</strong></span> <span class='ocrx_word' id='word_1_535' title='bbox 1014 4106 1248 4176; x_wconf 79' lang='lat' dir='ltr'><strong>singulis</strong></span> <span class='ocrx_word' id='word_1_536' title='bbox 1278 4107 1530 4178; x_wconf 69' lang='lat' dir='ltr'><strong>dispares</strong></span> <span class='ocrx_word' id='word_1_537' title='bbox 1565 4122 1688 4167; x_wconf 82' lang='lat' dir='ltr'><strong>esse</strong></span> <span class='ocrx_word' id='word_1_538' title='bbox 1716 4116 2051 4186; x_wconf 76' lang='lat' dir='ltr'><strong>provinciis,</strong></span> 
     </span>
    </p>
   </div>
   <div class='ocr_carea' id='block_1_72' title="bbox 461 4194 2055 4279">
    <p class='ocr_par' dir='ltr' id='par_1_72' title="bbox 461 4194 2055 4279">
     <span class='ocr_line' id='line_1_72' title="bbox 461 4194 2055 4279; baseline 0.011 -30"><span class='ocrx_word' id='word_1_539' title='bbox 461 4200 522 4249; x_wconf 87' lang='lat' dir='ltr'><strong>ut</strong></span> <span class='ocrx_word' id='word_1_540' title='bbox 544 4194 658 4248; x_wconf 83' lang='lat' dir='ltr'><strong>sint</strong></span> <span class='ocrx_word' id='word_1_541' title='bbox 680 4201 736 4250; x_wconf 86' lang='lat' dir='ltr'><strong>et</strong></span> <span class='ocrx_word' id='word_1_542' title='bbox 761 4194 912 4260; x_wconf 82' lang='lat' dir='ltr'><strong>bent,</strong></span> <span class='ocrx_word' id='word_1_543' title='bbox 934 4195 1043 4251; x_wconf 85' lang='lat' dir='ltr'><strong>sint</strong></span> <span class='ocrx_word' id='word_1_544' title='bbox 1064 4206 1115 4253; x_wconf 83' lang='lat' dir='ltr'><strong>et</strong></span> <span class='ocrx_word' id='word_1_545' title='bbox 1149 4199 1301 4254; x_wconf 84' lang='lat' dir='ltr'><strong>mali.</strong></span> <span class='ocrx_word' id='word_1_546' title='bbox 1333 4199 1495 4257; x_wconf 83' lang='lat' dir='ltr'><strong>Verbi</strong></span> <span class='ocrx_word' id='word_1_547' title='bbox 1521 4205 1723 4273; x_wconf 79' lang='lat' dir='ltr'><strong>gratia,</strong></span> <span class='ocrx_word' id='word_1_548' title='bbox 1758 4205 1811 4261; x_wconf 87' lang='lat' dir='ltr'><strong>in</strong></span> <span class='ocrx_word' id='word_1_549' title='bbox 1838 4207 2055 4279; x_wconf 69' lang='lat' dir='ltr'><strong>Epheso</strong></span> 
     </span>
    </p>
   </div>
   <div class='ocr_carea' id='block_1_73' title="bbox 464 4288 2051 4372">
    <p class='ocr_par' dir='ltr' id='par_1_73' title="bbox 464 4288 2051 4372">
     <span class='ocr_line' id='line_1_73' title="bbox 464 4288 2051 4372; baseline 0.012 -33"><span class='ocrx_word' id='word_1_550' title='bbox 464 4292 687 4355; x_wconf 82' lang='lat' dir='ltr'><strong>propter</strong></span> <span class='ocrx_word' id='word_1_551' title='bbox 729 4296 826 4341; x_wconf 79' lang='lat' dir='ltr'><strong>eus</strong></span> <span class='ocrx_word' id='word_1_552' title='bbox 865 4288 957 4356; x_wconf 85' lang='lat' dir='ltr'><strong>qui</strong></span> <span class='ocrx_word' id='word_1_553' title='bbox 1003 4288 1059 4343; x_wconf 86' lang='lat' dir='ltr'><strong>in</strong></span> <span class='ocrx_word' id='word_1_554' title='bbox 1111 4289 1203 4346; x_wconf 85' lang='lat' dir='ltr'><strong>illa</strong></span> <span class='ocrx_word' id='word_1_555' title='bbox 1255 4293 1390 4348; x_wconf 83' lang='lat' dir='ltr'><strong>urbe</strong></span> <span class='ocrx_word' id='word_1_556' title='bbox 1464 4305 1785 4364; x_wconf 84' lang='lat' dir='ltr'><strong>peccatores</strong></span> <span class='ocrx_word' id='word_1_557' title='bbox 1859 4306 2051 4372; x_wconf 79' lang='lat' dir='ltr'><strong>erant,</strong></span> 
     </span>
    </p>
   </div>
   <div class='ocr_carea' id='block_1_74' title="bbox 464 4378 2057 4457">
    <p class='ocr_par' dir='ltr' id='par_1_74' title="bbox 464 4378 2057 4457">
     <span class='ocr_line' id='line_1_74' title="bbox 464 4378 2057 4457; baseline 0.013 -26"><span class='ocrx_word' id='word_1_558' title='bbox 464 4378 685 4447; x_wconf 84' lang='lat' dir='ltr'><strong>pessimi</strong></span> <span class='ocrx_word' id='word_1_559' title='bbox 708 4378 886 4450; x_wconf 83' lang='lat' dir='ltr'><strong>angeli</strong></span> <span class='ocrx_word' id='word_1_560' title='bbox 916 4380 1304 4450; x_wconf 73' lang='lat' dir='ltr'><strong>prtesidebant.</strong></span> <span class='ocrx_word' id='word_1_561' title='bbox 1336 4384 1545 4441; x_wconf 81' lang='lat' dir='ltr'><strong>Rursus</strong></span> <span class='ocrx_word' id='word_1_562' title='bbox 1568 4390 1691 4457; x_wconf 78' lang='lat' dir='ltr'><strong>quia</strong></span> <span class='ocrx_word' id='word_1_563' title='bbox 1716 4391 1871 4447; x_wconf 87' lang='lat' dir='ltr'><strong>multl</strong></span> <span class='ocrx_word' id='word_1_564' title='bbox 1899 4398 2057 4451; x_wconf 82' lang='lat' dir='ltr'><strong>erant</strong></span> 
     </span>
    </p>
   </div>
   <div class='ocr_carea' id='block_1_75' title="bbox 463 4467 2054 4548">
    <p class='ocr_par' dir='ltr' id='par_1_75' title="bbox 463 4467 2054 4548">
     <span class='ocr_line' id='line_1_75' title="bbox 463 4467 2054 4548; baseline 0.013 -27"><span class='ocrx_word' id='word_1_565' title='bbox 463 4467 751 4524; x_wconf 77' lang='lat' dir='ltr'><strong>credentes</strong></span> <span class='ocrx_word' id='word_1_566' title='bbox 782 4468 838 4523; x_wconf 90' lang='lat' dir='ltr'><strong>iu</strong></span> <span class='ocrx_word' id='word_1_567' title='bbox 871 4481 934 4525; x_wconf 77' lang='lat' dir='ltr'><strong>ea</strong></span> <span class='ocrx_word' id='word_1_568' title='bbox 962 4509 977 4536; x_wconf 91' lang='lat'><strong>,</strong></span> <span class='ocrx_word' id='word_1_569' title='bbox 1006 4481 1127 4527; x_wconf 88' lang='lat' dir='ltr'><strong>erat</strong></span> <span class='ocrx_word' id='word_1_570' title='bbox 1153 4483 1208 4528; x_wconf 85' lang='lat' dir='ltr'><strong>et</strong></span> <span class='ocrx_word' id='word_1_571' title='bbox 1233 4476 1458 4543; x_wconf 77' lang='lat' dir='ltr'><strong>angelus</strong></span> <span class='ocrx_word' id='word_1_572' title='bbox 1490 4478 1747 4535; x_wconf 78' lang='lat' dir='ltr'><strong>Ecclesiae</strong></span> <span class='ocrx_word' id='word_1_573' title='bbox 1779 4475 2054 4548; x_wconf 69' lang='grc' dir='ltr'><strong>Εινιιεεὶοαι</strong></span> 
     </span>
    </p>
   </div>
   <div class='ocr_carea' id='block_1_76' title="bbox 464 4562 2053 4648">
    <p class='ocr_par' dir='ltr' id='par_1_76' title="bbox 464 4562 2053 4648">
     <span class='ocr_line' id='line_1_76' title="bbox 464 4562 2053 4648; baseline 0.013 -32"><span class='ocrx_word' id='word_1_574' title='bbox 464 4572 583 4616; x_wconf 86' lang='lat' dir='ltr'><strong>rum</strong></span> <span class='ocrx_word' id='word_1_575' title='bbox 613 4604 627 4629; x_wconf 93' lang='lat'><strong>,</strong></span> <span class='ocrx_word' id='word_1_576' title='bbox 683 4562 869 4635; x_wconf 84' lang='lat' dir='ltr'><strong>utique</strong></span> <span class='ocrx_word' id='word_1_577' title='bbox 918 4564 1111 4621; x_wconf 73' lang='lat' dir='ltr'><strong>bonus.</strong></span> <span class='ocrx_word' id='word_1_578' title='bbox 1142 4567 1259 4623; x_wconf 91' lang='lat' dir='ltr'><strong>lloe</strong></span> <span class='ocrx_word' id='word_1_579' title='bbox 1300 4578 1480 4626; x_wconf 80' lang='lat' dir='ltr'><strong>autem</strong></span> <span class='ocrx_word' id='word_1_580' title='bbox 1527 4574 1670 4643; x_wconf 86' lang='lat' dir='ltr'><strong>quod</strong></span> <span class='ocrx_word' id='word_1_581' title='bbox 1716 4574 1786 4631; x_wconf 90' lang='lat' dir='ltr'><strong>de</strong></span> <span class='ocrx_word' id='word_1_582' title='bbox 1835 4576 2053 4648; x_wconf 83' lang='lat' dir='ltr'><strong>Epheso</strong></span> 
     </span>
    </p>
   </div>
   <div class='ocr_carea' id='block_1_77' title="bbox 461 4648 2048 4735">
    <p class='ocr_par' dir='ltr' id='par_1_77' title="bbox 461 4648 2048 4735">
     <span class='ocr_line' id='line_1_77' title="bbox 461 4648 2048 4735; baseline 0.013 -29"><span class='ocrx_word' id='word_1_583' title='bbox 461 4648 699 4708; x_wconf 84' lang='lat' dir='ltr'><strong>diximus</strong></span> <span class='ocrx_word' id='word_1_584' title='bbox 723 4690 739 4722; x_wconf 89' lang='lat'><strong>,</strong></span> <span class='ocrx_word' id='word_1_585' title='bbox 768 4663 938 4724; x_wconf 79' lang='lat' dir='ltr'><strong>super</strong></span> <span class='ocrx_word' id='word_1_586' title='bbox 965 4656 1219 4714; x_wconf 81' lang='lat' dir='ltr'><strong>erunibus</strong></span> <span class='ocrx_word' id='word_1_587' title='bbox 1260 4661 1555 4730; x_wconf 79' lang='lat' dir='ltr'><strong>provinciis</strong></span> <span class='ocrx_word' id='word_1_588' title='bbox 1584 4668 2048 4735; x_wconf 82' lang='lat' dir='ltr'><strong>cognoscendum.</strong></span> 
     </span>
    </p>
   </div>
   <div class='ocr_carea' id='block_1_78' title="bbox 462 4744 2050 4832">
    <p class='ocr_par' dir='ltr' id='par_1_78' title="bbox 462 4744 2050 4832">
     <span class='ocr_line' id='line_1_78' title="bbox 462 4744 2050 4832; baseline 0.014 -34"><span class='ocrx_word' id='word_1_589' title='bbox 462 4744 606 4800; x_wconf 67' lang='lat' dir='ltr'><strong>Ante</strong></span> <span class='ocrx_word' id='word_1_590' title='bbox 627 4745 920 4802; x_wconf 63' lang='lat' dir='ltr'><strong>adventum</strong></span> <span class='ocrx_word' id='word_1_591' title='bbox 949 4748 1167 4805; x_wconf 87' lang='lat' dir='ltr'><strong>Domini</strong></span> <span class='ocrx_word' id='word_1_592' title='bbox 1194 4752 1514 4822; x_wconf 83' lang='lat' dir='ltr'><strong>Salvutoris,</strong></span> <span class='ocrx_word' id='word_1_593' title='bbox 1539 4756 1628 4820; x_wconf 83' lang='lat' dir='ltr'><strong>isti</strong></span> <span class='ocrx_word' id='word_1_594' title='bbox 1654 4761 1828 4829; x_wconf 82' lang='lat' dir='ltr'><strong>angeli</strong></span> <span class='ocrx_word' id='word_1_595' title='bbox 1859 4772 2050 4832; x_wconf 84' lang='lat' dir='ltr'><strong>parum</strong></span> 
     </span>
    </p>
   </div>
   <div class='ocr_carea' id='block_1_79' title="bbox 464 4838 2051 4917">
    <p class='ocr_par' dir='ltr' id='par_1_79' title="bbox 464 4838 2051 4917">
     <span class='ocr_line' id='line_1_79' title="bbox 464 4838 2051 4917; baseline 0.014 -27"><span class='ocrx_word' id='word_1_596' title='bbox 464 4844 720 4907; x_wconf 81' lang='lat' dir='ltr'><strong>poterant</strong></span> <span class='ocrx_word' id='word_1_597' title='bbox 765 4838 989 4895; x_wconf 84' lang='lat' dir='ltr'><strong>creditis</strong></span> <span class='ocrx_word' id='word_1_598' title='bbox 1016 4841 1120 4897; x_wconf 82' lang='lat' dir='ltr'><strong>sibi</strong></span> <span class='ocrx_word' id='word_1_599' title='bbox 1155 4843 1410 4898; x_wconf 84' lang='lat' dir='ltr'><strong>utilitatis</strong></span> <span class='ocrx_word' id='word_1_600' title='bbox 1456 4846 1653 4903; x_wconf 67' lang='lat' dir='ltr'><strong>alerre</strong></span> <span class='ocrx_word' id='word_1_601' title='bbox 1678 4888 1693 4917; x_wconf 94' lang='lat'><strong>,</strong></span> <span class='ocrx_word' id='word_1_602' title='bbox 1739 4859 1795 4906; x_wconf 85' lang='lat' dir='ltr'><strong>et</strong></span> <span class='ocrx_word' id='word_1_603' title='bbox 1824 4864 2051 4914; x_wconf 80' lang='lat' dir='ltr'><strong>conatus</strong></span> 
     </span>
    </p>
   </div>
   <div class='ocr_carea' id='block_1_80' title="bbox 461 4936 2047 5012">
    <p class='ocr_par' dir='ltr' id='par_1_80' title="bbox 461 4936 2047 5012">
     <span class='ocr_line' id='line_1_80' title="bbox 461 4936 2047 5012; baseline 0.013 -23"><span class='ocrx_word' id='word_1_604' title='bbox 461 4938 651 4989; x_wconf 84' lang='lat' dir='ltr'><strong>eorum</strong></span> <span class='ocrx_word' id='word_1_605' title='bbox 711 4938 866 5007; x_wconf 82' lang='lat' dir='ltr'><strong>sequi</strong></span> <span class='ocrx_word' id='word_1_606' title='bbox 934 4936 1288 5012; x_wconf 60' lang='grc' dir='ltr'><strong>εει-282</strong></span> <span class='ocrx_word' id='word_1_607' title='bbox 1346 4946 1454 4997; x_wconf 86' lang='lat' dir='ltr'><strong>nott</strong></span> <span class='ocrx_word' id='word_1_608' title='bbox 1533 4943 1747 5002; x_wconf 86' lang='lat' dir='ltr'><strong>valebat</strong></span> <span class='ocrx_word' id='word_1_609' title='bbox 1802 4949 2047 5008; x_wconf 67' lang='lat' dir='ltr'><strong>euectus.</strong></span> 
     </span>
    </p>
   </div>
   <div class='ocr_carea' id='block_1_81' title="bbox 459 5026 2051 5112">
    <p class='ocr_par' dir='ltr' id='par_1_81' title="bbox 459 5026 2051 5112">
     <span class='ocr_line' id='line_1_81' title="bbox 459 5026 2051 5112; baseline 0.012 -31"><span class='ocrx_word' id='word_1_610' title='bbox 459 5026 747 5095; x_wconf 73' lang='lat' dir='ltr'><strong>Quondam</strong></span> <span class='ocrx_word' id='word_1_611' title='bbox 776 5038 863 5085; x_wconf 82' lang='lat' dir='ltr'><strong>est</strong></span> <span class='ocrx_word' id='word_1_612' title='bbox 891 5030 1105 5102; x_wconf 76' lang='lat' dir='ltr'><strong>signum</strong></span> <span class='ocrx_word' id='word_1_613' title='bbox 1131 5072 1146 5098; x_wconf 92' lang='lat'><strong>,</strong></span> <span class='ocrx_word' id='word_1_614' title='bbox 1189 5044 1356 5104; x_wconf 80' lang='lat' dir='ltr'><strong>quam</strong></span> <span class='ocrx_word' id='word_1_615' title='bbox 1388 5048 1575 5105; x_wconf 86' lang='lat' dir='ltr'><strong>parum</strong></span> <span class='ocrx_word' id='word_1_616' title='bbox 1605 5042 1870 5110; x_wconf 86' lang='lat' dir='ltr'><strong>prodesse</strong></span> <span class='ocrx_word' id='word_1_617' title='bbox 1896 5051 2051 5112; x_wconf 83' lang='lat' dir='ltr'><strong>pote-</strong></span> 
     </span>
    </p>
   </div>
   <div class='ocr_carea' id='block_1_82' title="bbox 461 5123 2053 5201">
    <p class='ocr_par' dir='ltr' id='par_1_82' title="bbox 461 5123 2053 5201">
     <span class='ocr_line' id='line_1_82' title="bbox 461 5123 2053 5201; baseline 0.011 -26"><span class='ocrx_word' id='word_1_618' title='bbox 461 5128 585 5176; x_wconf 82' lang='lat' dir='ltr'><strong>rant</strong></span> <span class='ocrx_word' id='word_1_619' title='bbox 604 5123 889 5192; x_wconf 84' lang='lat' dir='ltr'><strong>subjectis.</strong></span> <span class='ocrx_word' id='word_1_620' title='bbox 921 5123 1181 5180; x_wconf 71' lang='lat' dir='ltr'><strong>Ausculta</strong></span> <span class='ocrx_word' id='word_1_621' title='bbox 1211 5127 1361 5197; x_wconf 84' lang='lat' dir='ltr'><strong>quod</strong></span> <span class='ocrx_word' id='word_1_622' title='bbox 1391 5128 1626 5187; x_wconf 83' lang='lat' dir='ltr'><strong>dicimus</strong></span> <span class='ocrx_word' id='word_1_623' title='bbox 1654 5142 1668 5187; x_wconf 73' lang='grc' dir='ltr'>ξ</span> <span class='ocrx_word' id='word_1_624' title='bbox 1699 5133 1927 5201; x_wconf 77' lang='lat' dir='ltr'><strong>Quando</strong></span> <span class='ocrx_word' id='word_1_625' title='bbox 1953 5150 2053 5192; x_wconf 49' lang='lat' dir='ltr'><strong>aus</strong></span> 
     </span>
    </p>
   </div>
   <div class='ocr_carea' id='block_1_83' title="bbox 458 5212 2052 5295">
    <p class='ocr_par' dir='ltr' id='par_1_83' title="bbox 458 5212 2052 5295">
     <span class='ocr_line' id='line_1_83' title="bbox 458 5212 2052 5295; baseline 0.011 -27"><span class='ocrx_word' id='word_1_626' title='bbox 458 5214 613 5284; x_wconf 79' lang='lat' dir='ltr'><strong>gelus</strong></span> <span class='ocrx_word' id='word_1_627' title='bbox 654 5212 1036 5287; x_wconf 61' lang='lat' dir='ltr'><strong>Egyptlorum</strong></span> <span class='ocrx_word' id='word_1_628' title='bbox 1082 5214 1372 5291; x_wconf 63' lang='lat' dir='ltr'><strong>Egyptios</strong></span> <span class='ocrx_word' id='word_1_629' title='bbox 1419 5218 1750 5295; x_wconf 80' lang='lat' dir='ltr'><strong>adjuvabat,</strong></span> <span class='ocrx_word' id='word_1_630' title='bbox 1781 5226 1867 5283; x_wconf 76' lang='lat' dir='ltr'><strong>vix</strong></span> <span class='ocrx_word' id='word_1_631' title='bbox 1911 5240 2052 5287; x_wconf 88' lang='lat' dir='ltr'><strong>unus</strong></span> 
     </span>
    </p>
   </div>
   <div class='ocr_carea' id='block_1_84' title="bbox 460 5307 2054 5393">
    <p class='ocr_par' dir='ltr' id='par_1_84' title="bbox 460 5307 2054 5393">
     <span class='ocr_line' id='line_1_84' title="bbox 460 5307 2054 5393; baseline 0.01 -33"><span class='ocrx_word' id='word_1_632' title='bbox 460 5307 772 5379; x_wconf 84' lang='lat' dir='ltr'><strong>proselytus</strong></span> <span class='ocrx_word' id='word_1_633' title='bbox 811 5308 1074 5365; x_wconf 75' lang='lat' dir='ltr'><strong>credebat</strong></span> <span class='ocrx_word' id='word_1_634' title='bbox 1097 5309 1150 5365; x_wconf 89' lang='lat' dir='ltr'><strong>iu</strong></span> <span class='ocrx_word' id='word_1_635' title='bbox 1183 5311 1376 5380; x_wconf 84' lang='lat' dir='ltr'><strong>Deum,</strong></span> <span class='ocrx_word' id='word_1_636' title='bbox 1404 5320 1459 5370; x_wconf 80' lang='lat' dir='ltr'><strong>et</strong></span> <span class='ocrx_word' id='word_1_637' title='bbox 1488 5314 1591 5370; x_wconf 83' lang='lat' dir='ltr'><strong>hoc</strong></span> <span class='ocrx_word' id='word_1_638' title='bbox 1620 5316 1817 5384; x_wconf 77' lang='lat' dir='ltr'><strong>nebat,</strong></span> <span class='ocrx_word' id='word_1_639' title='bbox 1850 5319 2054 5393; x_wconf 65' lang='lat' dir='ltr'><strong>rEgyp~</strong></span> 
     </span>
    </p>
   </div>
   <div class='ocr_carea' id='block_1_85' title="bbox 452 5400 2052 5485">
    <p class='ocr_par' dir='ltr' id='par_1_85' title="bbox 452 5400 2052 5485">
     <span class='ocr_line' id='line_1_85' title="bbox 452 5400 2052 5485; baseline 0.011 -30"><span class='ocrx_word' id='word_1_640' title='bbox 452 5400 562 5457; x_wconf 82' lang='lat' dir='ltr'><strong>tios</strong></span> <span class='ocrx_word' id='word_1_641' title='bbox 590 5402 785 5473; x_wconf 72' lang='lat' dir='ltr'><strong>angelo</strong></span> <span class='ocrx_word' id='word_1_642' title='bbox 827 5403 1202 5474; x_wconf 68' lang='lat' dir='ltr'><strong>dispensante.</strong></span> <span class='ocrx_word' id='word_1_643' title='bbox 1255 5406 1498 5479; x_wconf 81' lang='lat' dir='ltr'><strong>Denique</strong></span> <span class='ocrx_word' id='word_1_644' title='bbox 1524 5410 1651 5480; x_wconf 76' lang='lat' dir='ltr'><strong>quia</strong></span> <span class='ocrx_word' id='word_1_645' title='bbox 1698 5411 1951 5485; x_wconf 80' lang='lat' dir='ltr'><strong>plerique</strong></span> <span class='ocrx_word' id='word_1_646' title='bbox 1981 5415 2052 5473; x_wconf 87' lang='lat' dir='ltr'><strong>de</strong></span> 
     </span>
    </p>
   </div>
   <div class='ocr_carea' id='block_1_86' title="bbox 458 5488 2047 5573">
    <p class='ocr_par' dir='ltr' id='par_1_86' title="bbox 458 5488 2047 5573">
     <span class='ocr_line' id='line_1_86' title="bbox 458 5488 2047 5573; baseline 0.013 -27"><span class='ocrx_word' id='word_1_647' title='bbox 458 5488 731 5567; x_wconf 61' lang='lat' dir='ltr'><strong>Egyptiis</strong></span> <span class='ocrx_word' id='word_1_648' title='bbox 779 5501 835 5551; x_wconf 83' lang='lat' dir='ltr'><strong>et</strong></span> <span class='ocrx_word' id='word_1_649' title='bbox 890 5495 1143 5553; x_wconf 67' lang='lat' dir='ltr'><strong>Idllllimis</strong></span> <span class='ocrx_word' id='word_1_650' title='bbox 1181 5500 1439 5573; x_wconf 78' lang='lat' dir='ltr'><strong>proselyti</strong></span> <span class='ocrx_word' id='word_1_651' title='bbox 1487 5501 1835 5573; x_wconf 75' lang='lat' dir='ltr'><strong>scciplebant</strong></span> <span class='ocrx_word' id='word_1_652' title='bbox 1881 5505 2047 5566; x_wconf 79' lang='lat' dir='ltr'><strong>tidem</strong></span> 
     </span>
    </p>
   </div>
   <div class='ocr_carea' id='block_1_87' title="bbox 455 5584 2051 5663">
    <p class='ocr_par' dir='ltr' id='par_1_87' title="bbox 455 5584 2051 5663">
     <span class='ocr_line' id='line_1_87' title="bbox 455 5584 2051 5663; baseline 0.009 -21"><span class='ocrx_word' id='word_1_653' title='bbox 455 5584 702 5656; x_wconf 69' lang='lat' dir='ltr'><strong>Christi,</strong></span> <span class='ocrx_word' id='word_1_654' title='bbox 737 5594 1025 5660; x_wconf 78' lang='lat' dir='ltr'><strong>propterea</strong></span> <span class='ocrx_word' id='word_1_655' title='bbox 1052 5589 1331 5663; x_wconf 78' lang='lat' dir='ltr'><strong>Scriptura</strong></span> <span class='ocrx_word' id='word_1_656' title='bbox 1353 5592 1483 5650; x_wconf 79' lang='lat' dir='ltr'><strong>dicit</strong></span> <span class='ocrx_word' id='word_1_657' title='bbox 1509 5609 1522 5650; x_wconf 90' lang='lat'><strong>:</strong></span> <span class='ocrx_word' id='word_1_658' title='bbox 1560 5594 1684 5651; x_wconf 84' lang='lat' dir='ltr'><strong>Non</strong></span> <span class='ocrx_word' id='word_1_659' title='bbox 1708 5597 2051 5657; x_wconf 47' lang='lat' dir='ltr'><strong>abominabe‘</strong></span> 
     </span>
    </p>
   </div>
   <div class='ocr_carea' id='block_1_88' title="bbox 530 5775 2038 5864">
    <p class='ocr_par' dir='ltr' id='par_1_88' title="bbox 530 5775 2038 5864">
     <span class='ocr_line' id='line_1_88' title="bbox 530 5775 2038 5864; baseline 0.014 -34"><span class='ocrx_word' id='word_1_660' title='bbox 530 5775 669 5864; x_wconf 49' lang='lat' dir='ltr'><strong>spe</strong></span> <span class='ocrx_word' id='word_1_661' title='bbox 680 5777 894 5864; x_wconf 62' lang='lat' dir='ltr'><strong>angelis</strong></span> <span class='ocrx_word' id='word_1_662' title='bbox 918 5778 1196 5864; x_wconf 73' lang='lat' dir='ltr'><strong>hominum</strong></span> <span class='ocrx_word' id='word_1_663' title='bbox 1225 5783 1744 5864; x_wconf 76' lang='lat' dir='ltr'><strong>provinciarumque</strong></span> <span class='ocrx_word' id='word_1_664' title='bbox 1776 5794 2038 5851; x_wconf 77' lang='lat' dir='ltr'><strong>custodite</strong></span> 
     </span>
    </p>
   </div>
   <div class='ocr_carea' id='block_1_89' title="bbox 455 5846 2040 5933">
    <p class='ocr_par' dir='ltr' id='par_1_89' title="bbox 455 5846 2040 5933">
     <span class='ocr_line' id='line_1_89' title="bbox 455 5846 2040 5933; baseline 0.014 -30"><span class='ocrx_word' id='word_1_665' title='bbox 455 5846 726 5922; x_wconf 79' lang='lat' dir='ltr'><strong>praefectis</strong></span> <span class='ocrx_word' id='word_1_666' title='bbox 754 5846 822 5906; x_wconf 77' lang='lat' dir='ltr'><strong>ex</strong></span> <span class='ocrx_word' id='word_1_667' title='bbox 847 5850 1101 5926; x_wconf 84' lang='lat' dir='ltr'><strong>Origenis</strong></span> <span class='ocrx_word' id='word_1_668' title='bbox 1140 5846 1408 5916; x_wconf 74' lang='lat' dir='ltr'><strong>sententia</strong></span> <span class='ocrx_word' id='word_1_669' title='bbox 1439 5859 1565 5933; x_wconf 89' lang='lat' dir='ltr'><strong>(qui</strong></span> <span class='ocrx_word' id='word_1_670' title='bbox 1605 5846 1798 5921; x_wconf 64' lang='lat' dir='ltr'><strong>tamen</strong></span> <span class='ocrx_word' id='word_1_671' title='bbox 1817 5846 2040 5925; x_wconf 57' lang='lat' dir='ltr'><strong>sibimet</strong></span> 
     </span>
    </p>
   </div>
   <div class='ocr_carea' id='block_1_90' title="bbox 2152 3343 3749 3421">
    <p class='ocr_par' dir='ltr' id='par_1_90' title="bbox 2152 3343 3749 3421">
     <span class='ocr_line' id='line_1_90' title="bbox 2152 3343 3749 3421; baseline -0.014 -4"><span class='ocrx_word' id='word_1_672' title='bbox 2152 3362 2414 3418; x_wconf 84' lang='lat' dir='ltr'><strong>adversus</strong></span> <span class='ocrx_word' id='word_1_673' title='bbox 2456 3357 2762 3413; x_wconf 83' lang='lat' dir='ltr'><strong>contrarios</strong></span> <span class='ocrx_word' id='word_1_674' title='bbox 2792 3362 2983 3410; x_wconf 82' lang='lat' dir='ltr'><strong>ventos</strong></span> <span class='ocrx_word' id='word_1_675' title='bbox 3023 3352 3137 3421; x_wconf 75' lang='lat' dir='ltr'><strong>jam</strong></span> <span class='ocrx_word' id='word_1_676' title='bbox 3171 3348 3295 3404; x_wconf 84' lang='lat' dir='ltr'><strong>t‘essi</strong></span> <span class='ocrx_word' id='word_1_677' title='bbox 3325 3352 3518 3411; x_wconf 82' lang='lat' dir='ltr'><strong>erant,</strong></span> <span class='ocrx_word' id='word_1_678' title='bbox 3574 3351 3631 3397; x_wconf 86' lang='lat' dir='ltr'><strong>et</strong></span> <span class='ocrx_word' id='word_1_679' title='bbox 3660 3343 3749 3397; x_wconf 47' lang='lat' dir='ltr'><strong>vi.</strong></span> 
     </span>
    </p>
   </div>
   <div class='ocr_carea' id='block_1_91' title="bbox 2152 3441 3752 3529">
    <p class='ocr_par' dir='ltr' id='par_1_91' title="bbox 2152 3441 3752 3529">
     <span class='ocr_line' id='line_1_91' title="bbox 2152 3441 3752 3529; baseline -0.015 -16"><span class='ocrx_word' id='word_1_680' title='bbox 2152 3457 2287 3529; x_wconf 86' lang='lat' dir='ltr'><strong>glutl</strong></span> <span class='ocrx_word' id='word_1_681' title='bbox 2314 3454 2585 3526; x_wconf 87' lang='lat' dir='ltr'><strong>quinque,</strong></span> <span class='ocrx_word' id='word_1_682' title='bbox 2611 3451 2725 3505; x_wconf 85' lang='lat' dir='ltr'><strong>sive</strong></span> <span class='ocrx_word' id='word_1_683' title='bbox 2754 3450 2975 3518; x_wconf 80' lang='lat' dir='ltr'><strong>triginta</strong></span> <span class='ocrx_word' id='word_1_684' title='bbox 3006 3443 3198 3500; x_wconf 71' lang='lat' dir='ltr'><strong>stadiis</strong></span> <span class='ocrx_word' id='word_1_685' title='bbox 3231 3441 3548 3495; x_wconf 80' lang='lat' dir='ltr'><strong>laborantes</strong></span> <span class='ocrx_word' id='word_1_686' title='bbox 3568 3476 3582 3504; x_wconf 87' lang='lat'><strong>,</strong></span> <span class='ocrx_word' id='word_1_687' title='bbox 3617 3450 3752 3506; x_wconf 85' lang='lat' dir='ltr'><strong>por-</strong></span> 
     </span>
    </p>
   </div>
   <div class='ocr_carea' id='block_1_92' title="bbox 2156 3532 3755 3613">
    <p class='ocr_par' dir='ltr' id='par_1_92' title="bbox 2156 3532 3755 3613">
     <span class='ocr_line' id='line_1_92' title="bbox 2156 3532 3755 3613; baseline -0.013 -8"><span class='ocrx_word' id='word_1_688' title='bbox 2156 3556 2266 3607; x_wconf 87' lang='lat' dir='ltr'><strong>tum</strong></span> <span class='ocrx_word' id='word_1_689' title='bbox 2298 3554 2488 3605; x_wconf 79' lang='lat' dir='ltr'><strong>tenere</strong></span> <span class='ocrx_word' id='word_1_690' title='bbox 2518 3560 2625 3600; x_wconf 91' lang='lat' dir='ltr'><strong>non</strong></span> <span class='ocrx_word' id='word_1_691' title='bbox 2662 3548 2935 3613; x_wconf 81' lang='lat' dir='ltr'><strong>poterant,</strong></span> <span class='ocrx_word' id='word_1_692' title='bbox 2965 3547 3021 3596; x_wconf 84' lang='lat' dir='ltr'><strong>et</strong></span> <span class='ocrx_word' id='word_1_693' title='bbox 3054 3546 3239 3609; x_wconf 72' lang='lat' dir='ltr'><strong>postea</strong></span> <span class='ocrx_word' id='word_1_694' title='bbox 3268 3532 3531 3589; x_wconf 69' lang='lat' dir='ltr'><strong>Dominus</strong></span> <span class='ocrx_word' id='word_1_695' title='bbox 3559 3542 3755 3601; x_wconf 74' lang='lat' dir='ltr'><strong>super-</strong></span> 
     </span>
    </p>
   </div>
   <div class='ocr_carea' id='block_1_93' title="bbox 2155 3634 3753 3712">
    <p class='ocr_par' dir='ltr' id='par_1_93' title="bbox 2155 3634 3753 3712">
     <span class='ocr_line' id='line_1_93' title="bbox 2155 3634 3753 3712; baseline -0.014 -12"><span class='ocrx_word' id='word_1_696' title='bbox 2155 3642 2322 3710; x_wconf 82' lang='lat' dir='ltr'><strong>venit,</strong></span> <span class='ocrx_word' id='word_1_697' title='bbox 2345 3650 2402 3698; x_wconf 89' lang='lat' dir='ltr'><strong>et</strong></span> <span class='ocrx_word' id='word_1_698' title='bbox 2427 3640 2711 3712; x_wconf 82' lang='lat' dir='ltr'><strong>quiescere</strong></span> <span class='ocrx_word' id='word_1_699' title='bbox 2737 3635 2870 3691; x_wconf 78' lang='lat' dir='ltr'><strong>feclt</strong></span> <span class='ocrx_word' id='word_1_700' title='bbox 2889 3634 3087 3689; x_wconf 82' lang='lat' dir='ltr'><strong>ﬂuctus</strong></span> <span class='ocrx_word' id='word_1_701' title='bbox 3119 3636 3412 3698; x_wconf 82' lang='lat' dir='ltr'><strong>tumentes,</strong></span> <span class='ocrx_word' id='word_1_702' title='bbox 3444 3634 3753 3696; x_wconf 78' lang='lat' dir='ltr'><strong>navemque</strong></span> 
     </span>
    </p>
   </div>
   <div class='ocr_carea' id='block_1_94' title="bbox 2154 3716 3753 3808">
    <p class='ocr_par' dir='ltr' id='par_1_94' title="bbox 2154 3716 3753 3808">
     <span class='ocr_line' id='line_1_94' title="bbox 2154 3716 3753 3808; baseline -0.015 -14"><span class='ocrx_word' id='word_1_703' title='bbox 2154 3739 2309 3808; x_wconf 78' lang='lat' dir='ltr'><strong>cujus</strong></span> <span class='ocrx_word' id='word_1_704' title='bbox 2356 3736 2480 3790; x_wconf 91' lang='lat' dir='ltr'><strong>hinc</strong></span> <span class='ocrx_word' id='word_1_705' title='bbox 2508 3732 2634 3788; x_wconf 88' lang='lat' dir='ltr'><strong>inde</strong></span> <span class='ocrx_word' id='word_1_706' title='bbox 2678 3732 2847 3785; x_wconf 86' lang='lat' dir='ltr'><strong>latera</strong></span> <span class='ocrx_word' id='word_1_707' title='bbox 2881 3720 3251 3783; x_wconf 85' lang='lat' dir='ltr'><strong>tundebautur</strong></span> <span class='ocrx_word' id='word_1_708' title='bbox 3274 3760 3289 3788; x_wconf 85' lang='lat'><strong>,</strong></span> <span class='ocrx_word' id='word_1_709' title='bbox 3338 3722 3407 3776; x_wconf 82' lang='lat' dir='ltr'><strong>ab</strong></span> <span class='ocrx_word' id='word_1_710' title='bbox 3438 3716 3753 3774; x_wconf 80' lang='lat' dir='ltr'><strong>imminenti</strong></span> 
     </span>
    </p>
   </div>
   <div class='ocr_carea' id='block_1_95' title="bbox 2157 3813 3753 3895">
    <p class='ocr_par' dir='ltr' id='par_1_95' title="bbox 2157 3813 3753 3895">
     <span class='ocr_line' id='line_1_95' title="bbox 2157 3813 3753 3895; baseline -0.016 -5"><span class='ocrx_word' id='word_1_711' title='bbox 2157 3831 2469 3890; x_wconf 85' lang='lat' dir='ltr'><strong>discrimine</strong></span> <span class='ocrx_word' id='word_1_712' title='bbox 2515 3825 2763 3882; x_wconf 86' lang='lat' dir='ltr'><strong>liberavit</strong></span> <span class='ocrx_word' id='word_1_713' title='bbox 2799 3821 2995 3895; x_wconf 79' lang='lat' dir='ltr'><strong>(Joan.</strong></span> <span class='ocrx_word' id='word_1_714' title='bbox 3026 3822 3112 3886; x_wconf 87' lang='lat' dir='ltr'><strong>vt)</strong></span> <span class='ocrx_word' id='word_1_715' title='bbox 3145 3836 3157 3872; x_wconf 89' lang='lat'><strong>:</strong></span> <span class='ocrx_word' id='word_1_716' title='bbox 3191 3818 3271 3872; x_wconf 79' lang='lat' dir='ltr'><strong>sic</strong></span> <span class='ocrx_word' id='word_1_717' title='bbox 3320 3813 3566 3885; x_wconf 84' lang='lat' dir='ltr'><strong>iutellige</strong></span> <span class='ocrx_word' id='word_1_718' title='bbox 3605 3824 3753 3883; x_wconf 78' lang='lat' dir='ltr'><strong>quo-</strong></span> 
     </span>
    </p>
   </div>
   <div class='ocr_carea' id='block_1_96' title="bbox 2158 3904 3745 3993">
    <p class='ocr_par' dir='ltr' id='par_1_96' title="bbox 2158 3904 3745 3993">
     <span class='ocr_line' id='line_1_96' title="bbox 2158 3904 3745 3993; baseline -0.013 -12"><span class='ocrx_word' id='word_1_719' title='bbox 2158 3926 2300 3981; x_wconf 90' lang='lat' dir='ltr'><strong>niam</strong></span> <span class='ocrx_word' id='word_1_720' title='bbox 2322 3932 2376 3978; x_wconf 90' lang='lat' dir='ltr'><strong>et</strong></span> <span class='ocrx_word' id='word_1_721' title='bbox 2405 3921 2581 3993; x_wconf 82' lang='lat' dir='ltr'><strong>angeli</strong></span> <span class='ocrx_word' id='word_1_722' title='bbox 2616 3917 2867 3974; x_wconf 83' lang='lat' dir='ltr'><strong>volebant</strong></span> <span class='ocrx_word' id='word_1_723' title='bbox 2896 3913 3117 3985; x_wconf 83' lang='lat' dir='ltr'><strong>quidem</strong></span> <span class='ocrx_word' id='word_1_724' title='bbox 3153 3908 3463 3965; x_wconf 85' lang='lat' dir='ltr'><strong>hominibus</strong></span> <span class='ocrx_word' id='word_1_725' title='bbox 3493 3904 3745 3976; x_wconf 69' lang='lat' dir='ltr'><strong>praebere</strong></span> 
     </span>
    </p>
   </div>
   <div class='ocr_carea' id='block_1_97' title="bbox 2158 4000 3754 4082">
    <p class='ocr_par' dir='ltr' id='par_1_97' title="bbox 2158 4000 3754 4082">
     <span class='ocr_line' id='line_1_97' title="bbox 2158 4000 3754 4082; baseline -0.015 -7"><span class='ocrx_word' id='word_1_726' title='bbox 2158 4018 2417 4075; x_wconf 81' lang='lat' dir='ltr'><strong>auxilium</strong></span> <span class='ocrx_word' id='word_1_727' title='bbox 2441 4057 2455 4082; x_wconf 93' lang='lat'><strong>,</strong></span> <span class='ocrx_word' id='word_1_728' title='bbox 2482 4024 2538 4069; x_wconf 88' lang='lat' dir='ltr'><strong>et</strong></span> <span class='ocrx_word' id='word_1_729' title='bbox 2566 4012 2643 4068; x_wconf 87' lang='lat' dir='ltr'><strong>eis</strong></span> <span class='ocrx_word' id='word_1_730' title='bbox 2666 4010 2734 4067; x_wconf 81' lang='lat' dir='ltr'><strong>ab</strong></span> <span class='ocrx_word' id='word_1_731' title='bbox 2760 4005 3209 4080; x_wconf 59' lang='lat' dir='ltr'><strong>aegrotationibus</strong></span> <span class='ocrx_word' id='word_1_732' title='bbox 3236 4004 3348 4057; x_wconf 80' lang='lat' dir='ltr'><strong>suis</strong></span> <span class='ocrx_word' id='word_1_733' title='bbox 3381 4000 3622 4056; x_wconf 85' lang='lat' dir='ltr'><strong>tribuere</strong></span> <span class='ocrx_word' id='word_1_734' title='bbox 3663 4010 3754 4052; x_wconf 79' lang='lat' dir='ltr'><strong>sa-</strong></span> 
     </span>
    </p>
   </div>
   <div class='ocr_carea' id='block_1_98' title="bbox 2159 4088 3753 4177">
    <p class='ocr_par' dir='ltr' id='par_1_98' title="bbox 2159 4088 3753 4177">
     <span class='ocr_line' id='line_1_98' title="bbox 2159 4088 3753 4177; baseline -0.016 -12"><span class='ocrx_word' id='word_1_735' title='bbox 2159 4106 2383 4165; x_wconf 81' lang='lat' dir='ltr'><strong>nitatem</strong></span> <span class='ocrx_word' id='word_1_736' title='bbox 2406 4149 2419 4173; x_wconf 91' lang='lat'><strong>,</strong></span> <span class='ocrx_word' id='word_1_737' title='bbox 2454 4105 2579 4177; x_wconf 84' lang='lat' dir='ltr'><strong>quia</strong></span> <span class='ocrx_word' id='word_1_738' title='bbox 2606 4112 2780 4157; x_wconf 79' lang='lat' dir='ltr'><strong>omnes</strong></span> <span class='ocrx_word' id='word_1_739' title='bbox 2809 4108 2926 4154; x_wconf 81' lang='lat' dir='ltr'><strong>sunt</strong></span> <span class='ocrx_word' id='word_1_740' title='bbox 2952 4097 3277 4170; x_wconf 77' lang='lat' dir='ltr'><strong>apparitores</strong></span> <span class='ocrx_word' id='word_1_741' title='bbox 3304 4091 3523 4166; x_wconf 75' lang='lat' dir='ltr'><strong>spiritus</strong></span> <span class='ocrx_word' id='word_1_742' title='bbox 3567 4090 3621 4143; x_wconf 78' lang='lat' dir='ltr'><strong>in</strong></span> <span class='ocrx_word' id='word_1_743' title='bbox 3651 4088 3753 4141; x_wconf 83' lang='lat' dir='ltr'><strong>mi-</strong></span> 
     </span>
    </p>
   </div>
   <div class='ocr_carea' id='block_1_99' title="bbox 2159 4185 3754 4269">
    <p class='ocr_par' dir='ltr' id='par_1_99' title="bbox 2159 4185 3754 4269">
     <span class='ocr_line' id='line_1_99' title="bbox 2159 4185 3754 4269; baseline -0.014 -11"><span class='ocrx_word' id='word_1_744' title='bbox 2159 4202 2428 4258; x_wconf 81' lang='lat' dir='ltr'><strong>nisterium</strong></span> <span class='ocrx_word' id='word_1_745' title='bbox 2472 4198 2616 4253; x_wconf 76' lang='lat' dir='ltr'><strong>missi</strong></span> <span class='ocrx_word' id='word_1_746' title='bbox 2644 4205 2854 4269; x_wconf 84' lang='lat' dir='ltr'><strong>propter</strong></span> <span class='ocrx_word' id='word_1_747' title='bbox 2882 4208 2965 4247; x_wconf 82' lang='lat' dir='ltr'><strong>eos</strong></span> <span class='ocrx_word' id='word_1_748' title='bbox 2992 4191 3077 4261; x_wconf 82' lang='lat' dir='ltr'><strong>qui</strong></span> <span class='ocrx_word' id='word_1_749' title='bbox 3102 4189 3363 4244; x_wconf 80' lang='lat' dir='ltr'><strong>consecuti</strong></span> <span class='ocrx_word' id='word_1_750' title='bbox 3388 4196 3507 4241; x_wconf 83' lang='lat' dir='ltr'><strong>sunt</strong></span> <span class='ocrx_word' id='word_1_751' title='bbox 3531 4185 3754 4239; x_wconf 73' lang='lat' dir='ltr'><strong>salutem</strong></span> 
     </span>
    </p>
   </div>
   <div class='ocr_carea' id='block_1_100' title="bbox 2159 4275 3754 4368">
    <p class='ocr_par' dir='ltr' id='par_1_100' title="bbox 2159 4275 3754 4368">
     <span class='ocr_line' id='line_1_100' title="bbox 2159 4275 3754 4368; baseline -0.013 -18"><span class='ocrx_word' id='word_1_752' title='bbox 2159 4294 2362 4368; x_wconf 86' lang='lat' dir='ltr'><strong>(Hebr.</strong></span> <span class='ocrx_word' id='word_1_753' title='bbox 2390 4292 2441 4363; x_wconf 84' lang='lat' dir='ltr'><strong>t)</strong></span> <span class='ocrx_word' id='word_1_754' title='bbox 2472 4302 2487 4347; x_wconf 86' lang='lat'><strong>:</strong></span> <span class='ocrx_word' id='word_1_755' title='bbox 2516 4290 2607 4360; x_wconf 82' lang='lat' dir='ltr'><strong>qui</strong></span> <span class='ocrx_word' id='word_1_756' title='bbox 2650 4295 2912 4360; x_wconf 86' lang='lat' dir='ltr'><strong>quantum</strong></span> <span class='ocrx_word' id='word_1_757' title='bbox 2946 4286 2998 4339; x_wconf 90' lang='lat' dir='ltr'><strong>lu</strong></span> <span class='ocrx_word' id='word_1_758' title='bbox 3027 4283 3140 4339; x_wconf 85' lang='lat' dir='ltr'><strong>suis</strong></span> <span class='ocrx_word' id='word_1_759' title='bbox 3169 4281 3375 4336; x_wconf 88' lang='lat' dir='ltr'><strong>viribus</strong></span> <span class='ocrx_word' id='word_1_760' title='bbox 3405 4288 3524 4335; x_wconf 82' lang='lat' dir='ltr'><strong>erat</strong></span> <span class='ocrx_word' id='word_1_761' title='bbox 3545 4317 3560 4344; x_wconf 85' lang='lat'><strong>,</strong></span> <span class='ocrx_word' id='word_1_762' title='bbox 3593 4275 3754 4345; x_wconf 63' lang='lat' dir='ltr'><strong>adjuo</strong></span> 
     </span>
    </p>
   </div>
   <div class='ocr_carea' id='block_1_101' title="bbox 2157 4368 3754 4446">
    <p class='ocr_par' dir='ltr' id='par_1_101' title="bbox 2157 4368 3754 4446">
     <span class='ocr_line' id='line_1_101' title="bbox 2157 4368 3754 4446; baseline -0.014 -2"><span class='ocrx_word' id='word_1_763' title='bbox 2157 4387 2365 4446; x_wconf 81' lang='lat' dir='ltr'><strong>vabant</strong></span> <span class='ocrx_word' id='word_1_764' title='bbox 2410 4383 2683 4438; x_wconf 85' lang='lat' dir='ltr'><strong>homines.</strong></span> <span class='ocrx_word' id='word_1_765' title='bbox 2720 4377 2986 4434; x_wconf 79' lang='lat' dir='ltr'><strong>Videbunt</strong></span> <span class='ocrx_word' id='word_1_766' title='bbox 3015 4384 3192 4431; x_wconf 85' lang='lat' dir='ltr'><strong>autem</strong></span> <span class='ocrx_word' id='word_1_767' title='bbox 3221 4374 3391 4429; x_wconf 84' lang='lat' dir='ltr'><strong>multo</strong></span> <span class='ocrx_word' id='word_1_768' title='bbox 3434 4368 3754 4426; x_wconf 80' lang='lat' dir='ltr'><strong>inferiorem</strong></span> 
     </span>
    </p>
   </div>
   <div class='ocr_carea' id='block_1_102' title="bbox 2158 4460 3749 4541">
    <p class='ocr_par' dir='ltr' id='par_1_102' title="bbox 2158 4460 3749 4541">
     <span class='ocr_line' id='line_1_102' title="bbox 2158 4460 3749 4541; baseline -0.015 -4"><span class='ocrx_word' id='word_1_769' title='bbox 2158 4490 2311 4539; x_wconf 83' lang='lat' dir='ltr'><strong>suam</strong></span> <span class='ocrx_word' id='word_1_770' title='bbox 2338 4490 2464 4533; x_wconf 88' lang='lat' dir='ltr'><strong>esse</strong></span> <span class='ocrx_word' id='word_1_771' title='bbox 2490 4472 2843 4539; x_wconf 88' lang='lat' dir='ltr'><strong>medicinam,</strong></span> <span class='ocrx_word' id='word_1_772' title='bbox 2876 4484 3034 4541; x_wconf 84' lang='lat' dir='ltr'><strong>quam</strong></span> <span class='ocrx_word' id='word_1_773' title='bbox 3058 4468 3276 4522; x_wconf 85' lang='lat' dir='ltr'><strong>illorum</strong></span> <span class='ocrx_word' id='word_1_774' title='bbox 3304 4478 3435 4521; x_wconf 79' lang='lat' dir='ltr'><strong>curs</strong></span> <span class='ocrx_word' id='word_1_775' title='bbox 3468 4460 3749 4533; x_wconf 84' lang='lat' dir='ltr'><strong>poscebat.</strong></span> 
     </span>
    </p>
   </div>
   <div class='ocr_carea' id='block_1_103' title="bbox 2161 4553 3755 4635">
    <p class='ocr_par' dir='ltr' id='par_1_103' title="bbox 2161 4553 3755 4635">
     <span class='ocr_line' id='line_1_103' title="bbox 2161 4553 3755 4635; baseline -0.015 -6"><span class='ocrx_word' id='word_1_776' title='bbox 2161 4574 2334 4629; x_wconf 77' lang='lat' dir='ltr'><strong>Purru</strong></span> <span class='ocrx_word' id='word_1_777' title='bbox 2378 4574 2438 4624; x_wconf 74' lang='grc' dir='ltr'><strong>ιη</strong></span> <span class='ocrx_word' id='word_1_778' title='bbox 2462 4567 2535 4623; x_wconf 84' lang='lat' dir='ltr'><strong>de</strong></span> <span class='ocrx_word' id='word_1_779' title='bbox 2563 4564 2817 4635; x_wconf 81' lang='lat' dir='ltr'><strong>exemplo</strong></span> <span class='ocrx_word' id='word_1_780' title='bbox 2871 4557 3044 4633; x_wconf 85' lang='lat' dir='ltr'><strong>possis</strong></span> <span class='ocrx_word' id='word_1_781' title='bbox 3075 4559 3384 4628; x_wconf 84' lang='lat' dir='ltr'><strong>intelligere</strong></span> <span class='ocrx_word' id='word_1_782' title='bbox 3436 4553 3580 4627; x_wconf 86' lang='lat' dir='ltr'><strong>quod</strong></span> <span class='ocrx_word' id='word_1_783' title='bbox 3611 4553 3755 4610; x_wconf 81' lang='lat' dir='ltr'><strong>dici-</strong></span> 
     </span>
    </p>
   </div>
   <div class='ocr_carea' id='block_1_104' title="bbox 2081 4635 3758 4729">
    <p class='ocr_par' dir='ltr' id='par_1_104' title="bbox 2081 4635 3758 4729">
     <span class='ocr_line' id='line_1_104' title="bbox 2081 4635 3758 4729; baseline -0.01 -11"><span class='ocrx_word' id='word_1_784' title='bbox 2081 4635 2131 4696; x_wconf 74' lang='grc' dir='ltr'><strong>θ</strong></span> <span class='ocrx_word' id='word_1_785' title='bbox 2158 4674 2284 4723; x_wconf 79' lang='lat' dir='ltr'><strong>mus</strong></span> <span class='ocrx_word' id='word_1_786' title='bbox 2310 4703 2324 4729; x_wconf 89' lang='lat'><strong>,</strong></span> <span class='ocrx_word' id='word_1_787' title='bbox 2369 4661 2492 4717; x_wconf 89' lang='lat' dir='ltr'><strong>vide</strong></span> <span class='ocrx_word' id='word_1_788' title='bbox 2521 4658 2654 4715; x_wconf 91' lang='lat' dir='ltr'><strong>mihi</strong></span> <span class='ocrx_word' id='word_1_789' title='bbox 2677 4657 2863 4711; x_wconf 81' lang='lat' dir='ltr'><strong>urbem</strong></span> <span class='ocrx_word' id='word_1_790' title='bbox 2897 4654 2951 4709; x_wconf 91' lang='lat' dir='ltr'><strong>in</strong></span> <span class='ocrx_word' id='word_1_791' title='bbox 2980 4666 3084 4723; x_wconf 80' lang='lat' dir='ltr'><strong>qua</strong></span> <span class='ocrx_word' id='word_1_792' title='bbox 3116 4658 3382 4722; x_wconf 70' lang='lat' dir='ltr'><strong>aegrotent</strong></span> <span class='ocrx_word' id='word_1_793' title='bbox 3406 4647 3624 4718; x_wconf 89' lang='lat' dir='ltr'><strong>plurimi</strong></span> <span class='ocrx_word' id='word_1_794' title='bbox 3650 4686 3665 4712; x_wconf 94' lang='lat'><strong>,</strong></span> <span class='ocrx_word' id='word_1_795' title='bbox 3697 4653 3758 4702; x_wconf 78' lang='lat' dir='ltr'><strong>et</strong></span> 
     </span>
    </p>
   </div>
   <div class='ocr_carea' id='block_1_105' title="bbox 2158 4739 3754 4825">
    <p class='ocr_par' dir='ltr' id='par_1_105' title="bbox 2158 4739 3754 4825">
     <span class='ocr_line' id='line_1_105' title="bbox 2158 4739 3754 4825; baseline -0.014 -6"><span class='ocrx_word' id='word_1_796' title='bbox 2158 4759 2494 4819; x_wconf 83' lang='lat' dir='ltr'><strong>medicorum</strong></span> <span class='ocrx_word' id='word_1_797' title='bbox 2516 4750 2777 4825; x_wconf 82' lang='lat' dir='ltr'><strong>lrequens</strong></span> <span class='ocrx_word' id='word_1_798' title='bbox 2801 4746 3126 4804; x_wconf 79' lang='lat' dir='ltr'><strong>adhibeatur</strong></span> <span class='ocrx_word' id='word_1_799' title='bbox 3143 4756 3337 4798; x_wconf 85' lang='lat' dir='ltr'><strong>manus</strong></span> <span class='ocrx_word' id='word_1_800' title='bbox 3362 4760 3374 4795; x_wconf 90' lang='lat'>:</span> <span class='ocrx_word' id='word_1_801' title='bbox 3407 4742 3509 4796; x_wconf 89' lang='lat' dir='ltr'><strong>sint</strong></span> <span class='ocrx_word' id='word_1_802' title='bbox 3536 4739 3754 4796; x_wconf 75' lang='lat' dir='ltr'><strong>diversa</strong></span> 
     </span>
    </p>
   </div>
   <div class='ocr_carea' id='block_1_106' title="bbox 2158 4842 3750 4920">
    <p class='ocr_par' dir='ltr' id='par_1_106' title="bbox 2158 4842 3750 4920">
     <span class='ocr_line' id='line_1_106' title="bbox 2158 4842 3750 4920; baseline -0.016 -10"><span class='ocrx_word' id='word_1_803' title='bbox 2158 4854 2386 4909; x_wconf 85' lang='lat' dir='ltr'><strong>vulnera</strong></span> <span class='ocrx_word' id='word_1_804' title='bbox 2406 4888 2421 4917; x_wconf 93' lang='lat'><strong>,</strong></span> <span class='ocrx_word' id='word_1_805' title='bbox 2447 4842 2693 4920; x_wconf 86' lang='lat' dir='ltr'><strong>quotidie</strong></span> <span class='ocrx_word' id='word_1_806' title='bbox 2722 4845 2775 4899; x_wconf 91' lang='lat' dir='ltr'><strong>in</strong></span> <span class='ocrx_word' id='word_1_807' title='bbox 2808 4846 3110 4898; x_wconf 81' lang='lat' dir='ltr'><strong>emortuam</strong></span> <span class='ocrx_word' id='word_1_808' title='bbox 3139 4848 3359 4892; x_wconf 86' lang='lat' dir='ltr'><strong>carnem</strong></span> <span class='ocrx_word' id='word_1_809' title='bbox 3386 4847 3620 4903; x_wconf 82' lang='lat' dir='ltr'><strong>serpens</strong></span> <span class='ocrx_word' id='word_1_810' title='bbox 3648 4847 3750 4904; x_wconf 87' lang='lat' dir='ltr'><strong>pu-</strong></span> 
     </span>
    </p>
   </div>
   <div class='ocr_carea' id='block_1_107' title="bbox 2160 4927 3754 5016">
    <p class='ocr_par' dir='ltr' id='par_1_107' title="bbox 2160 4927 3754 5016">
     <span class='ocr_line' id='line_1_107' title="bbox 2160 4927 3754 5016; baseline -0.016 -9"><span class='ocrx_word' id='word_1_811' title='bbox 2160 4938 2317 5007; x_wconf 83' lang='lat' dir='ltr'><strong>tredo</strong></span> <span class='ocrx_word' id='word_1_812' title='bbox 2350 4952 2597 5016; x_wconf 81' lang='lat' dir='ltr'><strong>penetret</strong></span> <span class='ocrx_word' id='word_1_813' title='bbox 2618 4954 2632 4996; x_wconf 83' lang='lat'><strong>:</strong></span> <span class='ocrx_word' id='word_1_814' title='bbox 2651 4950 2706 4997; x_wconf 87' lang='lat' dir='ltr'><strong>et</strong></span> <span class='ocrx_word' id='word_1_815' title='bbox 2736 4950 2916 4995; x_wconf 80' lang='lat' dir='ltr'><strong>tamen</strong></span> <span class='ocrx_word' id='word_1_816' title='bbox 2944 4934 3138 4992; x_wconf 88' lang='lat' dir='ltr'><strong>medici</strong></span> <span class='ocrx_word' id='word_1_817' title='bbox 3166 4932 3262 4999; x_wconf 78' lang='lat' dir='ltr'><strong>qui</strong></span> <span class='ocrx_word' id='word_1_818' title='bbox 3285 4929 3514 4987; x_wconf 84' lang='lat' dir='ltr'><strong>adhibiti</strong></span> <span class='ocrx_word' id='word_1_819' title='bbox 3537 4938 3667 4985; x_wconf 78' lang='lat' dir='ltr'><strong>sunt</strong></span> <span class='ocrx_word' id='word_1_820' title='bbox 3685 4927 3754 4983; x_wconf 88' lang='lat' dir='ltr'><strong>ad</strong></span> 
     </span>
    </p>
   </div>
   <div class='ocr_carea' id='block_1_108' title="bbox 2159 5021 3749 5107">
    <p class='ocr_par' dir='ltr' id='par_1_108' title="bbox 2159 5021 3749 5107">
     <span class='ocr_line' id='line_1_108' title="bbox 2159 5021 3749 5107; baseline -0.016 -8"><span class='ocrx_word' id='word_1_821' title='bbox 2159 5040 2481 5105; x_wconf 81' lang='lat' dir='ltr'><strong>curandum,</strong></span> <span class='ocrx_word' id='word_1_822' title='bbox 2499 5042 2771 5107; x_wconf 86' lang='lat' dir='ltr'><strong>nequeant</strong></span> <span class='ocrx_word' id='word_1_823' title='bbox 2801 5032 2908 5087; x_wconf 83' lang='lat' dir='ltr'><strong>alia</strong></span> <span class='ocrx_word' id='word_1_824' title='bbox 2927 5030 3069 5085; x_wconf 90' lang='lat' dir='ltr'><strong>ultra</strong></span> <span class='ocrx_word' id='word_1_825' title='bbox 3090 5027 3342 5083; x_wconf 75' lang='lat' dir='ltr'><strong>invenire</strong></span> <span class='ocrx_word' id='word_1_826' title='bbox 3362 5021 3749 5088; x_wconf 79' lang='lat' dir='ltr'><strong>medicamina,</strong></span> 
     </span>
    </p>
   </div>
   <div class='ocr_carea' id='block_1_109' title="bbox 2159 5118 3750 5194">
    <p class='ocr_par' dir='ltr' id='par_1_109' title="bbox 2159 5118 3750 5194">
     <span class='ocr_line' id='line_1_109' title="bbox 2159 5118 3750 5194; baseline -0.013 -2"><span class='ocrx_word' id='word_1_827' title='bbox 2159 5140 2215 5192; x_wconf 88' lang='lat' dir='ltr'><strong>et</strong></span> <span class='ocrx_word' id='word_1_828' title='bbox 2261 5134 2393 5190; x_wconf 90' lang='lat' dir='ltr'><strong>artis</strong></span> <span class='ocrx_word' id='word_1_829' title='bbox 2443 5142 2555 5187; x_wconf 74' lang='lat' dir='ltr'><strong>sure</strong></span> <span class='ocrx_word' id='word_1_830' title='bbox 2594 5127 2826 5185; x_wconf 84' lang='lat' dir='ltr'><strong>scientia</strong></span> <span class='ocrx_word' id='word_1_831' title='bbox 2858 5121 3285 5194; x_wconf 80' lang='lat' dir='ltr'><strong>magnitudinem</strong></span> <span class='ocrx_word' id='word_1_832' title='bbox 3332 5118 3459 5175; x_wconf 81' lang='lat' dir='ltr'><strong>mali</strong></span> <span class='ocrx_word' id='word_1_833' title='bbox 3488 5118 3750 5183; x_wconf 84' lang='lat' dir='ltr'><strong>vincere;</strong></span> 
     </span>
    </p>
   </div>
   <div class='ocr_carea' id='block_1_110' title="bbox 2158 5212 3754 5286">
    <p class='ocr_par' dir='ltr' id='par_1_110' title="bbox 2158 5212 3754 5286">
     <span class='ocr_line' id='line_1_110' title="bbox 2158 5212 3754 5286; baseline -0.013 -1"><span class='ocrx_word' id='word_1_834' title='bbox 2158 5238 2280 5286; x_wconf 86' lang='lat' dir='ltr'><strong>eum</strong></span> <span class='ocrx_word' id='word_1_835' title='bbox 2327 5226 2446 5283; x_wconf 80' lang='lat' dir='ltr'><strong>lucc</strong></span> <span class='ocrx_word' id='word_1_836' title='bbox 2480 5225 2538 5280; x_wconf 87' lang='lat' dir='ltr'><strong>itt</strong></span> <span class='ocrx_word' id='word_1_837' title='bbox 2572 5222 2772 5279; x_wconf 85' lang='lat' dir='ltr'><strong>talibus</strong></span> <span class='ocrx_word' id='word_1_838' title='bbox 2817 5219 2961 5275; x_wconf 86' lang='lat' dir='ltr'><strong>nacti</strong></span> <span class='ocrx_word' id='word_1_839' title='bbox 2992 5217 3130 5285; x_wconf 84' lang='lat' dir='ltr'><strong>sint,</strong></span> <span class='ocrx_word' id='word_1_840' title='bbox 3178 5215 3395 5271; x_wconf 84' lang='lat' dir='ltr'><strong>eveniat</strong></span> <span class='ocrx_word' id='word_1_841' title='bbox 3435 5212 3633 5284; x_wconf 83' lang='lat' dir='ltr'><strong>aliquis</strong></span> <span class='ocrx_word' id='word_1_842' title='bbox 3662 5226 3754 5266; x_wconf 37' lang='lat' dir='ltr'><strong>ars</strong></span> 
     </span>
    </p>
   </div>
   <div class='ocr_carea' id='block_1_111' title="bbox 2153 5301 3752 5392">
    <p class='ocr_par' dir='ltr' id='par_1_111' title="bbox 2153 5301 3752 5392">
     <span class='ocr_line' id='line_1_111' title="bbox 2153 5301 3752 5392; baseline -0.014 -10"><span class='ocrx_word' id='word_1_843' title='bbox 2153 5324 2364 5382; x_wconf 85' lang='lat' dir='ltr'><strong>chlater</strong></span> <span class='ocrx_word' id='word_1_844' title='bbox 2388 5321 2478 5392; x_wconf 85' lang='lat' dir='ltr'><strong>qui</strong></span> <span class='ocrx_word' id='word_1_845' title='bbox 2510 5318 2710 5374; x_wconf 77' lang='lat' dir='ltr'><strong>habent</strong></span> <span class='ocrx_word' id='word_1_846' title='bbox 2738 5324 3005 5371; x_wconf 87' lang='lat' dir='ltr'><strong>sumtttam</strong></span> <span class='ocrx_word' id='word_1_847' title='bbox 3028 5310 3083 5366; x_wconf 91' lang='lat' dir='ltr'><strong>in</strong></span> <span class='ocrx_word' id='word_1_848' title='bbox 3114 5319 3229 5365; x_wconf 84' lang='lat' dir='ltr'><strong>arte</strong></span> <span class='ocrx_word' id='word_1_849' title='bbox 3260 5307 3506 5364; x_wconf 85' lang='lat' dir='ltr'><strong>notitiam</strong></span> <span class='ocrx_word' id='word_1_850' title='bbox 3525 5346 3541 5372; x_wconf 93' lang='lat'><strong>,</strong></span> <span class='ocrx_word' id='word_1_851' title='bbox 3589 5313 3646 5361; x_wconf 87' lang='lat' dir='ltr'><strong>et</strong></span> <span class='ocrx_word' id='word_1_852' title='bbox 3675 5301 3752 5360; x_wconf 88' lang='lat' dir='ltr'><strong>illi</strong></span> 
     </span>
    </p>
   </div>
   <div class='ocr_carea' id='block_1_112' title="bbox 2154 5394 3753 5489">
    <p class='ocr_par' dir='ltr' id='par_1_112' title="bbox 2154 5394 3753 5489">
     <span class='ocr_line' id='line_1_112' title="bbox 2154 5394 3753 5489; baseline -0.009 -20"><span class='ocrx_word' id='word_1_853' title='bbox 2154 5416 2248 5489; x_wconf 86' lang='lat' dir='ltr'><strong>qui</strong></span> <span class='ocrx_word' id='word_1_854' title='bbox 2302 5413 2455 5486; x_wconf 89' lang='lat' dir='ltr'><strong>prius</strong></span> <span class='ocrx_word' id='word_1_855' title='bbox 2503 5422 2699 5467; x_wconf 80' lang='lat' dir='ltr'><strong>sanare</strong></span> <span class='ocrx_word' id='word_1_856' title='bbox 2748 5405 3106 5479; x_wconf 79' lang='lat' dir='ltr'><strong>nequiverant</strong></span> <span class='ocrx_word' id='word_1_857' title='bbox 3161 5410 3450 5458; x_wconf 78' lang='lat' dir='ltr'><strong>cernentes</strong></span> <span class='ocrx_word' id='word_1_858' title='bbox 3505 5394 3753 5469; x_wconf 73' lang='lat' dir='ltr'><strong>magistri</strong></span> 
     </span>
    </p>
   </div>
   <div class='ocr_carea' id='block_1_113' title="bbox 2156 5493 3753 5582">
    <p class='ocr_par' dir='ltr' id='par_1_113' title="bbox 2156 5493 3753 5582">
     <span class='ocr_line' id='line_1_113' title="bbox 2156 5493 3753 5582; baseline -0.014 -13"><span class='ocrx_word' id='word_1_859' title='bbox 2156 5526 2316 5568; x_wconf 87' lang='lat' dir='ltr'><strong>manu</strong></span> <span class='ocrx_word' id='word_1_860' title='bbox 2348 5506 2662 5582; x_wconf 82' lang='lat' dir='ltr'><strong>putredines</strong></span> <span class='ocrx_word' id='word_1_861' title='bbox 2708 5514 2925 5561; x_wconf 86' lang='lat' dir='ltr'><strong>cessare</strong></span> <span class='ocrx_word' id='word_1_862' title='bbox 2961 5500 3275 5564; x_wconf 85' lang='lat' dir='ltr'><strong>vulnerum,</strong></span> <span class='ocrx_word' id='word_1_863' title='bbox 3318 5505 3424 5552; x_wconf 89' lang='lat' dir='ltr'><strong>non</strong></span> <span class='ocrx_word' id='word_1_864' title='bbox 3457 5493 3753 5560; x_wconf 84' lang='lat' dir='ltr'><strong>invideant,</strong></span> 
     </span>
    </p>
   </div>
   <div class='ocr_carea' id='block_1_114' title="bbox 2147 5591 3754 5667">
    <p class='ocr_par' dir='ltr' id='par_1_114' title="bbox 2147 5591 3754 5667">
     <span class='ocr_line' id='line_1_114' title="bbox 2147 5591 3754 5667; baseline -0.013 -5"><span class='ocrx_word' id='word_1_865' title='bbox 2147 5618 2252 5662; x_wconf 91' lang='lat' dir='ltr'><strong>non</strong></span> <span class='ocrx_word' id='word_1_866' title='bbox 2285 5604 2461 5661; x_wconf 88' lang='lat' dir='ltr'><strong>livore</strong></span> <span class='ocrx_word' id='word_1_867' title='bbox 2486 5600 2836 5667; x_wconf 89' lang='lat' dir='ltr'><strong>crucientur,</strong></span> <span class='ocrx_word' id='word_1_868' title='bbox 2892 5594 2989 5652; x_wconf 87' lang='lat' dir='ltr'><strong>sed</strong></span> <span class='ocrx_word' id='word_1_869' title='bbox 3011 5596 3063 5650; x_wconf 89' lang='lat' dir='ltr'><strong>in</strong></span> <span class='ocrx_word' id='word_1_870' title='bbox 3110 5591 3300 5649; x_wconf 85' lang='lat' dir='ltr'><strong>laudes</strong></span> <span class='ocrx_word' id='word_1_871' title='bbox 3340 5595 3635 5660; x_wconf 85' lang='lat' dir='ltr'><strong>erumpant</strong></span> <span class='ocrx_word' id='word_1_872' title='bbox 3663 5596 3754 5643; x_wconf 63' lang='lat' dir='ltr'><strong>aro</strong></span> 
     </span>
    </p>
   </div>
   <div class='ocr_carea' id='block_1_115' title="bbox 2150 5776 3756 5867">
    <p class='ocr_par' dir='ltr' id='par_1_115' title="bbox 2150 5776 3756 5867">
     <span class='ocr_line' id='line_1_115' title="bbox 2150 5776 3756 5867; baseline -0.011 -15"><span class='ocrx_word' id='word_1_873' title='bbox 2150 5799 2625 5867; x_wconf 65' lang='lat' dir='ltr'><strong>parumconstans</strong></span> <span class='ocrx_word' id='word_1_874' title='bbox 2654 5790 2787 5862; x_wconf 78' lang='lat' dir='ltr'><strong>fuit)</strong></span> <span class='ocrx_word' id='word_1_875' title='bbox 2820 5787 3067 5847; x_wconf 86' lang='lat' dir='ltr'><strong>dicemus</strong></span> <span class='ocrx_word' id='word_1_876' title='bbox 3101 5781 3267 5858; x_wconf 82' lang='lat' dir='ltr'><strong>paulo</strong></span> <span class='ocrx_word' id='word_1_877' title='bbox 3314 5778 3547 5837; x_wconf 80' lang='lat' dir='ltr'><strong>inferius</strong></span> <span class='ocrx_word' id='word_1_878' title='bbox 3572 5776 3638 5834; x_wconf 83' lang='lat' dir='ltr'><strong>ad</strong></span> <span class='ocrx_word' id='word_1_879' title='bbox 3658 5776 3756 5835; x_wconf 84' lang='lat' dir='ltr'><strong>Ho-</strong></span> 
     </span>
    </p>
   </div>
   <div class='ocr_carea' id='block_1_116' title="bbox 2145 5861 2553 5925">
    <p class='ocr_par' dir='ltr' id='par_1_116' title="bbox 2145 5861 2553 5925">
     <span class='ocr_line' id='line_1_116' title="bbox 2145 5861 2553 5925; baseline -0.005 0"><span class='ocrx_word' id='word_1_880' title='bbox 2145 5861 2260 5925; x_wconf 83' lang='lat' dir='ltr'><strong>intl.</strong></span> <span class='ocrx_word' id='word_1_881' title='bbox 2288 5864 2361 5923; x_wconf 63' lang='grc' dir='ltr'><strong>εδ</strong></span> <span class='ocrx_word' id='word_1_882' title='bbox 2382 5874 2439 5924; x_wconf 80' lang='lat' dir='ltr'><strong>et</strong></span> <span class='ocrx_word' id='word_1_883' title='bbox 2464 5861 2553 5923; x_wconf 60' lang='grc' dir='ltr'><strong>ὅδε</strong></span> 
     </span>
    </p>
   </div>
  </div>
