  <div class='ocr_page' id='page_1' title='image "/cluster/home/n/w/nwhite01/storage/ocr_20150623/26/hvd.32044015471402/128.png"; bbox 0 0 3978 6338; ppageno 0'>
   <div class='ocr_carea' id='block_1_1' title="bbox 245 313 339 370">
    <p class='ocr_par' dir='ltr' id='par_1_1' title="bbox 245 313 339 370">
     <span class='ocr_line' id='line_1_1' title="bbox 245 313 339 370; baseline 0 -1"><span class='ocrx_word' id='word_1_1' title='bbox 245 313 339 370; x_wconf 74' lang='grc'><strong>245</strong></span> 
     </span>
    </p>
   </div>
   <div class='ocr_carea' id='block_1_2' title="bbox 822 307 2909 375">
    <p class='ocr_par' dir='ltr' id='par_1_2' title="bbox 822 307 2909 375">
     <span class='ocr_line' id='line_1_2' title="bbox 822 307 2909 375; baseline 0.003 -10"><span class='ocrx_word' id='word_1_2' title='bbox 822 307 1262 368; x_wconf 74' lang='lat' dir='ltr'><strong>TRANSLATIO</strong></span> <span class='ocrx_word' id='word_1_3' title='bbox 1306 308 1736 368; x_wconf 66' lang='lat' dir='ltr'><strong>IIOMILIARUM</strong></span> <span class='ocrx_word' id='word_1_4' title='bbox 1775 309 2106 371; x_wconf 73' lang='lat' dir='ltr'><strong>ORIGENIS</strong></span> <span class='ocrx_word' id='word_1_5' title='bbox 2147 311 2212 370; x_wconf 83' lang='lat' dir='ltr'><strong>IN</strong></span> <span class='ocrx_word' id='word_1_6' title='bbox 2254 313 2509 372; x_wconf 69' lang='lat' dir='ltr'><strong>LUCAM.</strong></span> <span class='ocrx_word' id='word_1_7' title='bbox 2556 315 2722 373; x_wconf 80' lang='lat' dir='ltr'><strong>HOM.</strong></span> <span class='ocrx_word' id='word_1_8' title='bbox 2767 317 2909 375; x_wconf 78' lang='lat' dir='ltr'><strong>XIV.</strong></span> 
     </span>
    </p>
   </div>
   <div class='ocr_carea' id='block_1_3' title="bbox 3425 321 3528 380">
    <p class='ocr_par' dir='ltr' id='par_1_3' title="bbox 3425 321 3528 380">
     <span class='ocr_line' id='line_1_3' title="bbox 3425 321 3528 380; baseline 0.039 -4"><span class='ocrx_word' id='word_1_9' title='bbox 3425 321 3528 380; x_wconf 53' lang='lat'><strong>2&amp;6</strong></span> 
     </span>
    </p>
   </div>
   <div class='ocr_carea' id='block_1_4' title="bbox 243 424 3526 512">
    <p class='ocr_par' dir='ltr' id='par_1_4' title="bbox 243 424 3526 512">
     <span class='ocr_line' id='line_1_4' title="bbox 243 424 3526 512; baseline 0.003 -26"><span class='ocrx_word' id='word_1_10' title='bbox 243 428 440 494; x_wconf 82' lang='lat' dir='ltr'><strong>chiatri,</strong></span> <span class='ocrx_word' id='word_1_11' title='bbox 465 433 521 482; x_wconf 89' lang='lat' dir='ltr'><strong>et</strong></span> <span class='ocrx_word' id='word_1_12' title='bbox 550 424 838 496; x_wconf 63' lang='lat' dir='ltr'><strong>pradicent</strong></span> <span class='ocrx_word' id='word_1_13' title='bbox 869 425 1041 482; x_wconf 84' lang='lat' dir='ltr'><strong>Deum</strong></span> <span class='ocrx_word' id='word_1_14' title='bbox 1067 425 1160 497; x_wconf 93' lang='lat' dir='ltr'><strong>qui</strong></span> <span class='ocrx_word' id='word_1_15' title='bbox 1205 434 1260 482; x_wconf 90' lang='lat' dir='ltr'><strong>et</strong></span> <span class='ocrx_word' id='word_1_16' title='bbox 1280 425 1385 482; x_wconf 83' lang='lat' dir='ltr'><strong>sibi</strong></span> <span class='ocrx_word' id='word_1_17' title='bbox 1413 437 1467 482; x_wconf 86' lang='lat' dir='ltr'><strong>et</strong></span> <span class='ocrx_word' id='word_1_18' title='bbox 1493 427 1808 498; x_wconf 62' lang='lat' dir='ltr'><strong>aegrotanti-</strong></span> <span class='ocrx_word' id='word_1_19' title='bbox 1845 433 1896 494; x_wconf 78' lang='grc' dir='ltr'><strong>Α</strong></span> <span class='ocrx_word' id='word_1_20' title='bbox 1922 430 2182 502; x_wconf 83' lang='lat' dir='ltr'><strong>consequi</strong></span> <span class='ocrx_word' id='word_1_21' title='bbox 2205 431 2230 486; x_wconf 77' lang='grc' dir='ltr'><strong><em>τ</em></strong></span> <span class='ocrx_word' id='word_1_22' title='bbox 2252 431 2368 504; x_wconf 80' lang='lat' dir='ltr'><strong>Ego</strong></span> <span class='ocrx_word' id='word_1_23' title='bbox 2399 441 2528 504; x_wconf 90' lang='lat' dir='ltr'><strong>puto</strong></span> <span class='ocrx_word' id='word_1_24' title='bbox 2559 433 2794 491; x_wconf 76' lang='lat' dir='ltr'><strong>inveniri</strong></span> <span class='ocrx_word' id='word_1_25' title='bbox 2813 437 2974 492; x_wconf 80' lang='lat' dir='ltr'><strong>simul</strong></span> <span class='ocrx_word' id='word_1_26' title='bbox 3008 451 3169 508; x_wconf 84' lang='lat' dir='ltr'><strong>posse</strong></span> <span class='ocrx_word' id='word_1_27' title='bbox 3193 441 3526 512; x_wconf 85' lang='lat' dir='ltr'><strong>etangelum</strong></span> 
     </span>
    </p>
   </div>
   <div class='ocr_carea' id='block_1_5' title="bbox 241 519 1814 593">
    <p class='ocr_par' dir='ltr' id='par_1_5' title="bbox 241 519 1814 593">
     <span class='ocr_line' id='line_1_5' title="bbox 241 519 1814 593; baseline -0.001 -13"><span class='ocrx_word' id='word_1_28' title='bbox 241 522 334 580; x_wconf 78' lang='lat' dir='ltr'><strong>bus</strong></span> <span class='ocrx_word' id='word_1_29' title='bbox 372 530 530 576; x_wconf 65' lang='lat' dir='ltr'><strong>tanta</strong></span> <span class='ocrx_word' id='word_1_30' title='bbox 571 519 813 576; x_wconf 69' lang='lat' dir='ltr'><strong>scientiae</strong></span> <span class='ocrx_word' id='word_1_31' title='bbox 844 519 1122 576; x_wconf 81' lang='lat' dir='ltr'><strong>hominem</strong></span> <span class='ocrx_word' id='word_1_32' title='bbox 1154 519 1386 578; x_wconf 77' lang='lat' dir='ltr'><strong>miserit.</strong></span> <span class='ocrx_word' id='word_1_33' title='bbox 1422 519 1479 580; x_wconf 89' lang='lat' dir='ltr'><strong>ln</strong></span> <span class='ocrx_word' id='word_1_34' title='bbox 1510 519 1651 578; x_wconf 80' lang='lat' dir='ltr'><strong>hanc</strong></span> <span class='ocrx_word' id='word_1_35' title='bbox 1682 535 1814 593; x_wconf 86' lang='lat' dir='ltr'><strong>ergo</strong></span> 
     </span>
    </p>
   </div>
   <div class='ocr_carea' id='block_1_6' title="bbox 243 614 1817 690">
    <p class='ocr_par' dir='ltr' id='par_1_6' title="bbox 243 614 1817 690">
     <span class='ocr_line' id='line_1_6' title="bbox 243 614 1817 690; baseline 0.001 -18"><span class='ocrx_word' id='word_1_36' title='bbox 243 614 636 672; x_wconf 70' lang='lat' dir='ltr'><strong>similitudinem</strong></span> <span class='ocrx_word' id='word_1_37' title='bbox 698 624 750 670; x_wconf 85' lang='lat' dir='ltr'><strong>et</strong></span> <span class='ocrx_word' id='word_1_38' title='bbox 810 615 1098 672; x_wconf 89' lang='lat' dir='ltr'><strong>tnultitudo</strong></span> <span class='ocrx_word' id='word_1_39' title='bbox 1158 618 1434 674; x_wconf 85' lang='lat' dir='ltr'><strong>exercitus</strong></span> <span class='ocrx_word' id='word_1_40' title='bbox 1499 617 1817 690; x_wconf 78' lang='lat' dir='ltr'><strong>angelorum</strong></span> 
     </span>
    </p>
   </div>
   <div class='ocr_carea' id='block_1_7' title="bbox 241 707 1818 782">
    <p class='ocr_par' dir='ltr' id='par_1_7' title="bbox 241 707 1818 782">
     <span class='ocr_line' id='line_1_7' title="bbox 241 707 1818 782; baseline 0 -16"><span class='ocrx_word' id='word_1_41' title='bbox 241 709 405 766; x_wconf 81' lang='lat' dir='ltr'><strong>audita</strong></span> <span class='ocrx_word' id='word_1_42' title='bbox 427 719 510 764; x_wconf 91' lang='lat' dir='ltr'><strong>est</strong></span> <span class='ocrx_word' id='word_1_43' title='bbox 541 709 726 765; x_wconf 85' lang='lat' dir='ltr'><strong>dicens</strong></span> <span class='ocrx_word' id='word_1_44' title='bbox 755 730 769 763; x_wconf 90' lang='lat'><strong>:</strong></span> <span class='ocrx_word' id='word_1_45' title='bbox 801 707 984 764; x_wconf 76' lang='lat' dir='ltr'><strong>Gloria</strong></span> <span class='ocrx_word' id='word_1_46' title='bbox 1014 710 1069 764; x_wconf 85' lang='lat' dir='ltr'><strong>in</strong></span> <span class='ocrx_word' id='word_1_47' title='bbox 1107 711 1325 766; x_wconf 73' lang='lat' dir='ltr'><strong>excelsis</strong></span> <span class='ocrx_word' id='word_1_48' title='bbox 1357 709 1468 767; x_wconf 91' lang='lat' dir='ltr'><strong>Deo</strong></span> <span class='ocrx_word' id='word_1_49' title='bbox 1497 755 1512 779; x_wconf 95' lang='lat'><strong>,</strong></span> <span class='ocrx_word' id='word_1_50' title='bbox 1566 720 1614 767; x_wconf 89' lang='lat' dir='ltr'><strong>et</strong></span> <span class='ocrx_word' id='word_1_51' title='bbox 1660 726 1818 782; x_wconf 88' lang='lat' dir='ltr'><strong>super</strong></span> 
     </span>
    </p>
   </div>
   <div class='ocr_carea' id='block_1_8' title="bbox 243 801 1814 877">
    <p class='ocr_par' dir='ltr' id='par_1_8' title="bbox 243 801 1814 877">
     <span class='ocr_line' id='line_1_8' title="bbox 243 801 1814 877; baseline 0.001 -18"><span class='ocrx_word' id='word_1_52' title='bbox 243 813 416 859; x_wconf 79' lang='lat' dir='ltr'><strong>terram</strong></span> <span class='ocrx_word' id='word_1_53' title='bbox 455 819 559 874; x_wconf 71' lang='lat' dir='ltr'><strong>pax</strong></span> <span class='ocrx_word' id='word_1_54' title='bbox 597 802 652 857; x_wconf 86' lang='lat' dir='ltr'><strong>in</strong></span> <span class='ocrx_word' id='word_1_55' title='bbox 679 803 970 857; x_wconf 86' lang='lat' dir='ltr'><strong>hominibus</strong></span> <span class='ocrx_word' id='word_1_56' title='bbox 1009 801 1156 857; x_wconf 68' lang='lat' dir='ltr'><strong>bona!</strong></span> <span class='ocrx_word' id='word_1_57' title='bbox 1183 805 1486 860; x_wconf 74' lang='lat' dir='ltr'><strong>voluntatis.</strong></span> <span class='ocrx_word' id='word_1_58' title='bbox 1515 804 1814 877; x_wconf 85' lang='lat' dir='ltr'><strong>Postquam</strong></span> 
     </span>
    </p>
   </div>
   <div class='ocr_carea' id='block_1_9' title="bbox 241 896 1820 969">
    <p class='ocr_par' dir='ltr' id='par_1_9' title="bbox 241 896 1820 969">
     <span class='ocr_line' id='line_1_9' title="bbox 241 896 1820 969; baseline 0 -14"><span class='ocrx_word' id='word_1_59' title='bbox 241 899 374 956; x_wconf 91' lang='lat' dir='ltr'><strong>enim</strong></span> <span class='ocrx_word' id='word_1_60' title='bbox 415 897 677 952; x_wconf 87' lang='lat' dir='ltr'><strong>Dominus</strong></span> <span class='ocrx_word' id='word_1_61' title='bbox 727 896 874 951; x_wconf 93' lang='lat' dir='ltr'><strong>venit</strong></span> <span class='ocrx_word' id='word_1_62' title='bbox 921 897 987 952; x_wconf 85' lang='lat' dir='ltr'><strong>ad</strong></span> <span class='ocrx_word' id='word_1_63' title='bbox 1035 907 1258 964; x_wconf 88' lang='lat' dir='ltr'><strong>terram,</strong></span> <span class='ocrx_word' id='word_1_64' title='bbox 1299 913 1488 969; x_wconf 89' lang='lat' dir='ltr'><strong>pacem</strong></span> <span class='ocrx_word' id='word_1_65' title='bbox 1535 897 1666 955; x_wconf 86' lang='lat' dir='ltr'><strong>fecit</strong></span> <span class='ocrx_word' id='word_1_66' title='bbox 1720 912 1820 969; x_wconf 90' lang='lat' dir='ltr'><strong>per</strong></span> 
     </span>
    </p>
   </div>
   <div class='ocr_carea' id='block_1_10' title="bbox 238 990 1816 1064">
    <p class='ocr_par' dir='ltr' id='par_1_10' title="bbox 238 990 1816 1064">
     <span class='ocr_line' id='line_1_10' title="bbox 238 990 1816 1064; baseline 0 -16"><span class='ocrx_word' id='word_1_67' title='bbox 238 990 543 1063; x_wconf 84' lang='lat' dir='ltr'><strong>sanguinem</strong></span> <span class='ocrx_word' id='word_1_68' title='bbox 587 991 768 1046; x_wconf 87' lang='lat' dir='ltr'><strong>crucis</strong></span> <span class='ocrx_word' id='word_1_69' title='bbox 806 1004 955 1058; x_wconf 69' lang='lat' dir='ltr'><strong>suae,</strong></span> <span class='ocrx_word' id='word_1_70' title='bbox 1005 990 1120 1047; x_wconf 89' lang='lat' dir='ltr'><strong>sive</strong></span> <span class='ocrx_word' id='word_1_71' title='bbox 1150 1005 1338 1048; x_wconf 87' lang='lat' dir='ltr'><strong>eorum</strong></span> <span class='ocrx_word' id='word_1_72' title='bbox 1389 1008 1510 1064; x_wconf 71' lang='lat' dir='ltr'><strong>quae</strong></span> <span class='ocrx_word' id='word_1_73' title='bbox 1565 995 1618 1049; x_wconf 92' lang='lat' dir='ltr'><strong>in</strong></span> <span class='ocrx_word' id='word_1_74' title='bbox 1670 1003 1816 1050; x_wconf 87' lang='lat' dir='ltr'><strong>terra</strong></span> 
     </span>
    </p>
   </div>
   <div class='ocr_carea' id='block_1_11' title="bbox 235 1085 1816 1160">
    <p class='ocr_par' dir='ltr' id='par_1_11' title="bbox 235 1085 1816 1160">
     <span class='ocr_line' id='line_1_11' title="bbox 235 1085 1816 1160; baseline -0.001 -17"><span class='ocrx_word' id='word_1_75' title='bbox 235 1091 397 1155; x_wconf 80' lang='lat' dir='ltr'><strong>erant,</strong></span> <span class='ocrx_word' id='word_1_76' title='bbox 429 1085 546 1140; x_wconf 77' lang='lat' dir='ltr'><strong>sive</strong></span> <span class='ocrx_word' id='word_1_77' title='bbox 572 1099 762 1140; x_wconf 89' lang='lat' dir='ltr'><strong>eorum</strong></span> <span class='ocrx_word' id='word_1_78' title='bbox 806 1099 930 1155; x_wconf 64' lang='lat' dir='ltr'><strong>quae</strong></span> <span class='ocrx_word' id='word_1_79' title='bbox 987 1085 1042 1140; x_wconf 91' lang='lat' dir='ltr'><strong>in</strong></span> <span class='ocrx_word' id='word_1_80' title='bbox 1081 1085 1238 1142; x_wconf 67' lang='lat' dir='ltr'><strong>cretis</strong></span> <span class='ocrx_word' id='word_1_81' title='bbox 1266 1085 1490 1159; x_wconf 75' lang='lat' dir='ltr'><strong>(Ep/tes.</strong></span> <span class='ocrx_word' id='word_1_82' title='bbox 1521 1088 1601 1160; x_wconf 91' lang='lat' dir='ltr'><strong>t).</strong></span> <span class='ocrx_word' id='word_1_83' title='bbox 1631 1087 1816 1158; x_wconf 83' lang='lat' dir='ltr'><strong>Siqui-</strong></span> 
     </span>
    </p>
   </div>
   <div class='ocr_carea' id='block_1_12' title="bbox 235 1175 1819 1248">
    <p class='ocr_par' dir='ltr' id='par_1_12' title="bbox 235 1175 1819 1248">
     <span class='ocr_line' id='line_1_12' title="bbox 235 1175 1819 1248; baseline 0.001 -14"><span class='ocrx_word' id='word_1_84' title='bbox 235 1179 345 1234; x_wconf 88' lang='lat' dir='ltr'><strong>dem</strong></span> <span class='ocrx_word' id='word_1_85' title='bbox 371 1175 620 1233; x_wconf 79' lang='lat' dir='ltr'><strong>volcntes</strong></span> <span class='ocrx_word' id='word_1_86' title='bbox 643 1177 822 1248; x_wconf 78' lang='lat' dir='ltr'><strong>angeli</strong></span> <span class='ocrx_word' id='word_1_87' title='bbox 854 1186 910 1232; x_wconf 90' lang='lat' dir='ltr'><strong>ut</strong></span> <span class='ocrx_word' id='word_1_88' title='bbox 937 1176 1359 1240; x_wconf 80' lang='lat' dir='ltr'><strong>recordarentur</strong></span> <span class='ocrx_word' id='word_1_89' title='bbox 1392 1179 1642 1235; x_wconf 85' lang='lat' dir='ltr'><strong>homines</strong></span> <span class='ocrx_word' id='word_1_90' title='bbox 1667 1193 1819 1235; x_wconf 87' lang='lat' dir='ltr'><strong>crea-</strong></span> 
     </span>
    </p>
   </div>
   <div class='ocr_carea' id='block_1_13' title="bbox 236 1269 1810 1342">
    <p class='ocr_par' dir='ltr' id='par_1_13' title="bbox 236 1269 1810 1342">
     <span class='ocr_line' id='line_1_13' title="bbox 236 1269 1810 1342; baseline 0.001 -15"><span class='ocrx_word' id='word_1_91' title='bbox 236 1272 354 1328; x_wconf 87' lang='lat' dir='ltr'><strong>toris</strong></span> <span class='ocrx_word' id='word_1_92' title='bbox 377 1270 494 1336; x_wconf 89' lang='lat' dir='ltr'><strong>sui,</strong></span> <span class='ocrx_word' id='word_1_93' title='bbox 548 1286 671 1325; x_wconf 87' lang='lat' dir='ltr'><strong>cum</strong></span> <span class='ocrx_word' id='word_1_94' title='bbox 716 1269 970 1326; x_wconf 81' lang='lat' dir='ltr'><strong>fecissent</strong></span> <span class='ocrx_word' id='word_1_95' title='bbox 999 1272 1181 1326; x_wconf 85' lang='lat' dir='ltr'><strong>omnia</strong></span> <span class='ocrx_word' id='word_1_96' title='bbox 1209 1286 1330 1342; x_wconf 71' lang='lat' dir='ltr'><strong>quae</strong></span> <span class='ocrx_word' id='word_1_97' title='bbox 1374 1271 1426 1327; x_wconf 89' lang='lat' dir='ltr'><strong>in</strong></span> <span class='ocrx_word' id='word_1_98' title='bbox 1455 1273 1571 1328; x_wconf 85' lang='lat' dir='ltr'><strong>suis</strong></span> <span class='ocrx_word' id='word_1_99' title='bbox 1606 1274 1810 1328; x_wconf 90' lang='lat' dir='ltr'><strong>viribus</strong></span> 
     </span>
    </p>
   </div>
   <div class='ocr_carea' id='block_1_14' title="bbox 233 1362 1814 1435">
    <p class='ocr_par' dir='ltr' id='par_1_14' title="bbox 233 1362 1814 1435">
     <span class='ocr_line' id='line_1_14' title="bbox 233 1362 1814 1435; baseline -0.001 -14"><span class='ocrx_word' id='word_1_100' title='bbox 233 1374 392 1431; x_wconf 86' lang='lat' dir='ltr'><strong>erant,</strong></span> <span class='ocrx_word' id='word_1_101' title='bbox 415 1374 470 1418; x_wconf 90' lang='lat' dir='ltr'><strong>ut</strong></span> <span class='ocrx_word' id='word_1_102' title='bbox 495 1372 822 1418; x_wconf 84' lang='lat' dir='ltr'><strong>sanarentur</strong></span> <span class='ocrx_word' id='word_1_103' title='bbox 845 1403 862 1430; x_wconf 93' lang='lat'><strong>,</strong></span> <span class='ocrx_word' id='word_1_104' title='bbox 894 1371 950 1418; x_wconf 89' lang='lat' dir='ltr'><strong>et</strong></span> <span class='ocrx_word' id='word_1_105' title='bbox 980 1362 1282 1420; x_wconf 88' lang='lat' dir='ltr'><strong>noluissent</strong></span> <span class='ocrx_word' id='word_1_106' title='bbox 1312 1363 1390 1419; x_wconf 90' lang='lat' dir='ltr'><strong>illi</strong></span> <span class='ocrx_word' id='word_1_107' title='bbox 1421 1365 1696 1435; x_wconf 84' lang='lat' dir='ltr'><strong>respicere</strong></span> <span class='ocrx_word' id='word_1_108' title='bbox 1725 1380 1814 1419; x_wconf 85' lang='lat' dir='ltr'><strong>sa-</strong></span> 
     </span>
    </p>
   </div>
   <div class='ocr_carea' id='block_1_15' title="bbox 233 1457 1813 1530">
    <p class='ocr_par' dir='ltr' id='par_1_15' title="bbox 233 1457 1813 1530">
     <span class='ocr_line' id='line_1_15' title="bbox 233 1457 1813 1530; baseline -0.001 -16"><span class='ocrx_word' id='word_1_109' title='bbox 233 1458 468 1524; x_wconf 84' lang='lat' dir='ltr'><strong>nitatem,</strong></span> <span class='ocrx_word' id='word_1_110' title='bbox 499 1467 733 1512; x_wconf 89' lang='lat' dir='ltr'><strong>cernunt</strong></span> <span class='ocrx_word' id='word_1_111' title='bbox 761 1472 884 1512; x_wconf 90' lang='lat' dir='ltr'><strong>eum</strong></span> <span class='ocrx_word' id='word_1_112' title='bbox 915 1459 1005 1528; x_wconf 87' lang='lat' dir='ltr'><strong>qui</strong></span> <span class='ocrx_word' id='word_1_113' title='bbox 1039 1471 1234 1514; x_wconf 88' lang='lat' dir='ltr'><strong>sanare</strong></span> <span class='ocrx_word' id='word_1_114' title='bbox 1257 1458 1466 1528; x_wconf 89' lang='lat' dir='ltr'><strong>potuit,</strong></span> <span class='ocrx_word' id='word_1_115' title='bbox 1515 1467 1572 1514; x_wconf 88' lang='lat' dir='ltr'><strong>et</strong></span> <span class='ocrx_word' id='word_1_116' title='bbox 1599 1457 1813 1530; x_wconf 80' lang='lat' dir='ltr'><strong>glorifi-</strong></span> 
     </span>
    </p>
   </div>
   <div class='ocr_carea' id='block_1_16' title="bbox 231 1547 1818 1625">
    <p class='ocr_par' dir='ltr' id='par_1_16' title="bbox 231 1547 1818 1625">
     <span class='ocr_line' id='line_1_16' title="bbox 231 1547 1818 1625; baseline -0.001 -17"><span class='ocrx_word' id='word_1_117' title='bbox 231 1562 399 1608; x_wconf 82' lang='lat' dir='ltr'><strong>cantes</strong></span> <span class='ocrx_word' id='word_1_118' title='bbox 418 1551 608 1606; x_wconf 83' lang='lat' dir='ltr'><strong>dicunt</strong></span> <span class='ocrx_word' id='word_1_119' title='bbox 638 1567 651 1604; x_wconf 92' lang='lat'><strong>:</strong></span> <span class='ocrx_word' id='word_1_120' title='bbox 682 1547 870 1605; x_wconf 83' lang='lat' dir='ltr'><strong>Gloria</strong></span> <span class='ocrx_word' id='word_1_121' title='bbox 897 1553 950 1604; x_wconf 89' lang='lat' dir='ltr'><strong>in</strong></span> <span class='ocrx_word' id='word_1_122' title='bbox 973 1552 1186 1606; x_wconf 72' lang='lat' dir='ltr'><strong>excelsis</strong></span> <span class='ocrx_word' id='word_1_123' title='bbox 1214 1549 1326 1606; x_wconf 90' lang='lat' dir='ltr'><strong>Deo</strong></span> <span class='ocrx_word' id='word_1_124' title='bbox 1351 1560 1400 1606; x_wconf 90' lang='lat' dir='ltr'><strong>et</strong></span> <span class='ocrx_word' id='word_1_125' title='bbox 1439 1569 1595 1625; x_wconf 78' lang='lat' dir='ltr'><strong>super</strong></span> <span class='ocrx_word' id='word_1_126' title='bbox 1624 1561 1818 1608; x_wconf 87' lang='lat' dir='ltr'><strong>terram</strong></span> 
     </span>
    </p>
   </div>
   <div class='ocr_carea' id='block_1_17' title="bbox 232 1645 1816 1720">
    <p class='ocr_par' dir='ltr' id='par_1_17' title="bbox 232 1645 1816 1720">
     <span class='ocr_line' id='line_1_17' title="bbox 232 1645 1816 1720; baseline 0.004 -21"><span class='ocrx_word' id='word_1_127' title='bbox 232 1664 341 1720; x_wconf 66' lang='lat' dir='ltr'><strong>pax.</strong></span> <span class='ocrx_word' id='word_1_128' title='bbox 369 1647 613 1717; x_wconf 88' lang='lat' dir='ltr'><strong>Diligens</strong></span> <span class='ocrx_word' id='word_1_129' title='bbox 637 1645 936 1716; x_wconf 66' lang='lat' dir='ltr'><strong>Scriptura:</strong></span> <span class='ocrx_word' id='word_1_130' title='bbox 963 1649 1136 1703; x_wconf 86' lang='lat' dir='ltr'><strong>lector</strong></span> <span class='ocrx_word' id='word_1_131' title='bbox 1155 1649 1387 1720; x_wconf 89' lang='lat' dir='ltr'><strong>inquirat</strong></span> <span class='ocrx_word' id='word_1_132' title='bbox 1410 1650 1684 1720; x_wconf 88' lang='lat' dir='ltr'><strong>quomodo</strong></span> <span class='ocrx_word' id='word_1_133' title='bbox 1699 1650 1816 1706; x_wconf 86' lang='lat' dir='ltr'><strong>Sal-</strong></span> 
     </span>
    </p>
   </div>
   <div class='ocr_carea' id='block_1_18' title="bbox 232 1740 1812 1814">
    <p class='ocr_par' dir='ltr' id='par_1_18' title="bbox 232 1740 1812 1814">
     <span class='ocr_line' id='line_1_18' title="bbox 232 1740 1812 1814; baseline 0.003 -20"><span class='ocrx_word' id='word_1_134' title='bbox 232 1750 370 1796; x_wconf 83' lang='lat' dir='ltr'><strong>vator</strong></span> <span class='ocrx_word' id='word_1_135' title='bbox 397 1742 642 1811; x_wconf 83' lang='lat' dir='ltr'><strong>loquitur</strong></span> <span class='ocrx_word' id='word_1_136' title='bbox 667 1759 680 1796; x_wconf 88' lang='lat'><strong>:</strong></span> <span class='ocrx_word' id='word_1_137' title='bbox 707 1740 833 1796; x_wconf 80' lang='lat' dir='ltr'><strong>Non</strong></span> <span class='ocrx_word' id='word_1_138' title='bbox 858 1742 970 1796; x_wconf 74' lang='lat' dir='ltr'><strong>veni</strong></span> <span class='ocrx_word' id='word_1_139' title='bbox 996 1757 1172 1814; x_wconf 83' lang='lat' dir='ltr'><strong>pacem</strong></span> <span class='ocrx_word' id='word_1_140' title='bbox 1192 1743 1392 1798; x_wconf 75' lang='lat' dir='ltr'><strong>mittere</strong></span> <span class='ocrx_word' id='word_1_141' title='bbox 1419 1759 1576 1814; x_wconf 88' lang='lat' dir='ltr'><strong>super</strong></span> <span class='ocrx_word' id='word_1_142' title='bbox 1599 1754 1812 1808; x_wconf 86' lang='lat' dir='ltr'><strong>terram,</strong></span> 
     </span>
    </p>
   </div>
   <div class='ocr_carea' id='block_1_19' title="bbox 1919 524 3519 603">
    <p class='ocr_par' dir='ltr' id='par_1_19' title="bbox 1919 524 3519 603">
     <span class='ocr_line' id='line_1_19' title="bbox 1919 524 3519 603; baseline 0.008 -26"><span class='ocrx_word' id='word_1_143' title='bbox 1919 531 1974 577; x_wconf 89' lang='lat' dir='ltr'><strong>et</strong></span> <span class='ocrx_word' id='word_1_144' title='bbox 2018 524 2292 580; x_wconf 86' lang='lat' dir='ltr'><strong>hominem</strong></span> <span class='ocrx_word' id='word_1_145' title='bbox 2323 526 2496 582; x_wconf 83' lang='lat' dir='ltr'><strong>bonos</strong></span> <span class='ocrx_word' id='word_1_146' title='bbox 2529 526 2786 583; x_wconf 75' lang='lat' dir='ltr'><strong>Ecclesiae</strong></span> <span class='ocrx_word' id='word_1_147' title='bbox 2811 530 3125 601; x_wconf 79' lang='lat' dir='ltr'><strong>episcopos,</strong></span> <span class='ocrx_word' id='word_1_148' title='bbox 3152 541 3207 586; x_wconf 89' lang='lat' dir='ltr'><strong>et</strong></span> <span class='ocrx_word' id='word_1_149' title='bbox 3251 533 3519 603; x_wconf 56' lang='lat' dir='ltr'><strong>quodam-</strong></span> 
     </span>
    </p>
   </div>
   <div class='ocr_carea' id='block_1_20' title="bbox 1921 614 3508 692">
    <p class='ocr_par' dir='ltr' id='par_1_20' title="bbox 1921 614 3508 692">
     <span class='ocr_line' id='line_1_20' title="bbox 1921 614 3508 692; baseline 0.006 -22"><span class='ocrx_word' id='word_1_150' title='bbox 1921 614 2083 671; x_wconf 88' lang='lat' dir='ltr'><strong>modo</strong></span> <span class='ocrx_word' id='word_1_151' title='bbox 2108 618 2268 672; x_wconf 88' lang='lat' dir='ltr'><strong>unius</strong></span> <span class='ocrx_word' id='word_1_152' title='bbox 2291 619 2476 689; x_wconf 84' lang='lat' dir='ltr'><strong>cperis</strong></span> <span class='ocrx_word' id='word_1_153' title='bbox 2502 633 2623 676; x_wconf 88' lang='lat' dir='ltr'><strong>csse</strong></span> <span class='ocrx_word' id='word_1_154' title='bbox 2647 621 2958 690; x_wconf 79' lang='lat' dir='ltr'><strong>participes.</strong></span> <span class='ocrx_word' id='word_1_155' title='bbox 2983 621 3140 691; x_wconf 75' lang='lat' dir='ltr'><strong>Quod</strong></span> <span class='ocrx_word' id='word_1_156' title='bbox 3169 639 3293 680; x_wconf 92' lang='lat' dir='ltr'><strong>cum</strong></span> <span class='ocrx_word' id='word_1_157' title='bbox 3317 625 3392 681; x_wconf 86' lang='lat' dir='ltr'><strong>ita</strong></span> <span class='ocrx_word' id='word_1_158' title='bbox 3418 626 3508 692; x_wconf 90' lang='lat' dir='ltr'><strong>sit,</strong></span> 
     </span>
    </p>
   </div>
   <div class='ocr_carea' id='block_1_21' title="bbox 1919 713 3512 788">
    <p class='ocr_par' dir='ltr' id='par_1_21' title="bbox 1919 713 3512 788">
     <span class='ocr_line' id='line_1_21' title="bbox 1919 713 3512 788; baseline 0.005 -22"><span class='ocrx_word' id='word_1_159' title='bbox 1919 717 2167 780; x_wconf 82' lang='lat' dir='ltr'><strong>petamus</strong></span> <span class='ocrx_word' id='word_1_160' title='bbox 2189 713 2619 784; x_wconf 80' lang='lat' dir='ltr'><strong>omnipotentem</strong></span> <span class='ocrx_word' id='word_1_161' title='bbox 2650 713 2818 770; x_wconf 87' lang='lat' dir='ltr'><strong>Deum</strong></span> <span class='ocrx_word' id='word_1_162' title='bbox 2836 759 2849 784; x_wconf 95' lang='lat'><strong>,</strong></span> <span class='ocrx_word' id='word_1_163' title='bbox 2877 723 2936 770; x_wconf 89' lang='lat' dir='ltr'><strong>ut</strong></span> <span class='ocrx_word' id='word_1_164' title='bbox 2955 717 3134 788; x_wconf 82' lang='lat' dir='ltr'><strong>angeli</strong></span> <span class='ocrx_word' id='word_1_165' title='bbox 3155 728 3211 774; x_wconf 90' lang='lat' dir='ltr'><strong>et</strong></span> <span class='ocrx_word' id='word_1_166' title='bbox 3239 717 3512 786; x_wconf 88' lang='lat' dir='ltr'><strong>homines,</strong></span> 
     </span>
    </p>
   </div>
   <div class='ocr_carea' id='block_1_22' title="bbox 1919 801 3516 880">
    <p class='ocr_par' dir='ltr' id='par_1_22' title="bbox 1919 801 3516 880">
     <span class='ocr_line' id='line_1_22' title="bbox 1919 801 3516 880; baseline 0.005 -22"><span class='ocrx_word' id='word_1_167' title='bbox 1919 801 2296 859; x_wconf 85' lang='lat' dir='ltr'><strong>Eccleslarum</strong></span> <span class='ocrx_word' id='word_1_168' title='bbox 2355 805 2621 876; x_wconf 82' lang='lat' dir='ltr'><strong>episcopi,</strong></span> <span class='ocrx_word' id='word_1_169' title='bbox 2677 806 2995 877; x_wconf 86' lang='lat' dir='ltr'><strong>adjumento</strong></span> <span class='ocrx_word' id='word_1_170' title='bbox 3058 810 3169 865; x_wconf 89' lang='lat' dir='ltr'><strong>sint</strong></span> <span class='ocrx_word' id='word_1_171' title='bbox 3231 810 3416 880; x_wconf 90' lang='lat' dir='ltr'><strong>nobis,</strong></span> <span class='ocrx_word' id='word_1_172' title='bbox 3458 821 3516 868; x_wconf 91' lang='lat' dir='ltr'><strong>et</strong></span> 
     </span>
    </p>
   </div>
   <div class='ocr_carea' id='block_1_23' title="bbox 1920 897 3515 976">
    <p class='ocr_par' dir='ltr' id='par_1_23' title="bbox 1920 897 3515 976">
     <span class='ocr_line' id='line_1_23' title="bbox 1920 897 3515 976; baseline 0.006 -24"><span class='ocrx_word' id='word_1_173' title='bbox 1920 897 2154 953; x_wconf 80' lang='lat' dir='ltr'><strong>sciamus</strong></span> <span class='ocrx_word' id='word_1_174' title='bbox 2180 900 2436 969; x_wconf 88' lang='lat' dir='ltr'><strong>quoniam</strong></span> <span class='ocrx_word' id='word_1_175' title='bbox 2467 901 2686 971; x_wconf 85' lang='lat' dir='ltr'><strong>utrique</strong></span> <span class='ocrx_word' id='word_1_176' title='bbox 2713 917 2812 973; x_wconf 90' lang='lat' dir='ltr'><strong>pro</strong></span> <span class='ocrx_word' id='word_1_177' title='bbox 2843 903 3003 959; x_wconf 91' lang='lat' dir='ltr'><strong>nobis</strong></span> <span class='ocrx_word' id='word_1_178' title='bbox 3031 917 3063 957; x_wconf 91' lang='lat' dir='ltr'><strong>a</strong></span> <span class='ocrx_word' id='word_1_179' title='bbox 3095 904 3326 960; x_wconf 90' lang='lat' dir='ltr'><strong>Domino</strong></span> <span class='ocrx_word' id='word_1_180' title='bbox 3367 905 3515 976; x_wconf 86' lang='lat' dir='ltr'><strong>judi-</strong></span> 
     </span>
    </p>
   </div>
   <div class='ocr_carea' id='block_1_24' title="bbox 1920 989 3525 1070">
    <p class='ocr_par' dir='ltr' id='par_1_24' title="bbox 1920 989 3525 1070">
     <span class='ocr_line' id='line_1_24' title="bbox 1920 989 3525 1070; baseline 0.006 -25"><span class='ocrx_word' id='word_1_181' title='bbox 1920 998 2135 1046; x_wconf 89' lang='lat' dir='ltr'><strong>centur.</strong></span> <span class='ocrx_word' id='word_1_182' title='bbox 2163 989 2319 1059; x_wconf 86' lang='lat' dir='ltr'><strong>Quod</strong></span> <span class='ocrx_word' id='word_1_183' title='bbox 2345 991 2392 1047; x_wconf 91' lang='lat' dir='ltr'><strong>si</strong></span> <span class='ocrx_word' id='word_1_184' title='bbox 2430 991 2505 1047; x_wconf 92' lang='lat' dir='ltr'><strong>illi</strong></span> <span class='ocrx_word' id='word_1_185' title='bbox 2529 992 2730 1049; x_wconf 90' lang='lat' dir='ltr'><strong>fuerint</strong></span> <span class='ocrx_word' id='word_1_186' title='bbox 2765 994 3018 1065; x_wconf 85' lang='lat' dir='ltr'><strong>judicati,</strong></span> <span class='ocrx_word' id='word_1_187' title='bbox 3053 1007 3111 1052; x_wconf 88' lang='lat' dir='ltr'><strong>et</strong></span> <span class='ocrx_word' id='word_1_188' title='bbox 3133 997 3325 1054; x_wconf 83' lang='lat' dir='ltr'><strong>vitium</strong></span> <span class='ocrx_word' id='word_1_189' title='bbox 3357 1008 3525 1070; x_wconf 86' lang='lat' dir='ltr'><strong>atque</strong></span> 
     </span>
    </p>
   </div>
   <div class='ocr_carea' id='block_1_25' title="bbox 1923 1083 3526 1156">
    <p class='ocr_par' dir='ltr' id='par_1_25' title="bbox 1923 1083 3526 1156">
     <span class='ocr_line' id='line_1_25' title="bbox 1923 1083 3526 1156; baseline 0.006 -18"><span class='ocrx_word' id='word_1_190' title='bbox 1923 1091 2204 1154; x_wconf 84' lang='lat' dir='ltr'><strong>peccatum</strong></span> <span class='ocrx_word' id='word_1_191' title='bbox 2231 1098 2338 1139; x_wconf 90' lang='lat' dir='ltr'><strong>non</strong></span> <span class='ocrx_word' id='word_1_192' title='bbox 2367 1083 2423 1139; x_wconf 82' lang='lat' dir='ltr'><strong>in</strong></span> <span class='ocrx_word' id='word_1_193' title='bbox 2451 1100 2639 1141; x_wconf 87' lang='lat' dir='ltr'><strong>eorum</strong></span> <span class='ocrx_word' id='word_1_194' title='bbox 2669 1084 2906 1156; x_wconf 87' lang='lat' dir='ltr'><strong>incuria,</strong></span> <span class='ocrx_word' id='word_1_195' title='bbox 2937 1090 3033 1145; x_wconf 90' lang='lat' dir='ltr'><strong>sed</strong></span> <span class='ocrx_word' id='word_1_196' title='bbox 3081 1090 3135 1145; x_wconf 92' lang='lat' dir='ltr'><strong>in</strong></span> <span class='ocrx_word' id='word_1_197' title='bbox 3180 1100 3372 1147; x_wconf 88' lang='lat' dir='ltr'><strong>nostra</strong></span> <span class='ocrx_word' id='word_1_198' title='bbox 3423 1107 3526 1148; x_wconf 85' lang='lat' dir='ltr'><strong>ne-</strong></span> 
     </span>
    </p>
   </div>
   <div class='ocr_carea' id='block_1_26' title="bbox 1920 1176 3523 1256">
    <p class='ocr_par' dir='ltr' id='par_1_26' title="bbox 1920 1176 3523 1256">
     <span class='ocr_line' id='line_1_26' title="bbox 1920 1176 3523 1256; baseline 0.006 -26"><span class='ocrx_word' id='word_1_199' title='bbox 1920 1176 2183 1248; x_wconf 80' lang='lat' dir='ltr'><strong>gligentia</strong></span> <span class='ocrx_word' id='word_1_200' title='bbox 2241 1176 2406 1234; x_wconf 89' lang='lat' dir='ltr'><strong>fuerit</strong></span> <span class='ocrx_word' id='word_1_201' title='bbox 2464 1179 2770 1246; x_wconf 87' lang='lat' dir='ltr'><strong>inventum,</strong></span> <span class='ocrx_word' id='word_1_202' title='bbox 2823 1194 2922 1236; x_wconf 90' lang='lat' dir='ltr'><strong>nos</strong></span> <span class='ocrx_word' id='word_1_203' title='bbox 2978 1197 3296 1252; x_wconf 75' lang='lat' dir='ltr'><strong>urguemur,</strong></span> <span class='ocrx_word' id='word_1_204' title='bbox 3356 1194 3523 1256; x_wconf 89' lang='lat' dir='ltr'><strong>atque</strong></span> 
     </span>
    </p>
   </div>
   <div class='ocr_carea' id='block_1_27' title="bbox 1921 1271 3522 1348">
    <p class='ocr_par' dir='ltr' id='par_1_27' title="bbox 1921 1271 3522 1348">
     <span class='ocr_line' id='line_1_27' title="bbox 1921 1271 3522 1348; baseline 0.006 -24"><span class='ocrx_word' id='word_1_205' title='bbox 1921 1273 2246 1341; x_wconf 88' lang='lat' dir='ltr'><strong>plectemur.</strong></span> <span class='ocrx_word' id='word_1_206' title='bbox 2295 1271 2406 1327; x_wconf 86' lang='lat' dir='ltr'><strong>Illis</strong></span> <span class='ocrx_word' id='word_1_207' title='bbox 2438 1272 2581 1328; x_wconf 91' lang='lat' dir='ltr'><strong>enim</strong></span> <span class='ocrx_word' id='word_1_208' title='bbox 2626 1273 2883 1329; x_wconf 87' lang='lat' dir='ltr'><strong>universa</strong></span> <span class='ocrx_word' id='word_1_209' title='bbox 2933 1275 3279 1345; x_wconf 79' lang='lat' dir='ltr'><strong>facientibus,</strong></span> <span class='ocrx_word' id='word_1_210' title='bbox 3328 1285 3384 1332; x_wconf 90' lang='lat' dir='ltr'><strong>et</strong></span> <span class='ocrx_word' id='word_1_211' title='bbox 3418 1291 3522 1348; x_wconf 90' lang='lat' dir='ltr'><strong>pro</strong></span> 
     </span>
    </p>
   </div>
   <div class='ocr_carea' id='block_1_28' title="bbox 1923 1364 3516 1441">
    <p class='ocr_par' dir='ltr' id='par_1_28' title="bbox 1923 1364 3516 1441">
     <span class='ocr_line' id='line_1_28' title="bbox 1923 1364 3516 1441; baseline 0.005 -23"><span class='ocrx_word' id='word_1_212' title='bbox 1923 1375 2108 1420; x_wconf 88' lang='lat' dir='ltr'><strong>nostra</strong></span> <span class='ocrx_word' id='word_1_213' title='bbox 2135 1364 2316 1421; x_wconf 88' lang='lat' dir='ltr'><strong>salute</strong></span> <span class='ocrx_word' id='word_1_214' title='bbox 2363 1366 2684 1434; x_wconf 81' lang='lat' dir='ltr'><strong>nitentibus,</strong></span> <span class='ocrx_word' id='word_1_215' title='bbox 2743 1382 2844 1422; x_wconf 90' lang='lat' dir='ltr'><strong>nos</strong></span> <span class='ocrx_word' id='word_1_216' title='bbox 2897 1367 3250 1425; x_wconf 89' lang='lat' dir='ltr'><strong>nihilominus</strong></span> <span class='ocrx_word' id='word_1_217' title='bbox 3299 1385 3328 1424; x_wconf 90' lang='lat' dir='ltr'><strong>a</strong></span> <span class='ocrx_word' id='word_1_218' title='bbox 3383 1385 3516 1441; x_wconf 91' lang='lat' dir='ltr'><strong>pec-</strong></span> 
     </span>
    </p>
   </div>
   <div class='ocr_carea' id='block_1_29' title="bbox 1922 1457 3518 1532">
    <p class='ocr_par' dir='ltr' id='par_1_29' title="bbox 1922 1457 3518 1532">
     <span class='ocr_line' id='line_1_29' title="bbox 1922 1457 3518 1532; baseline 0.003 -18"><span class='ocrx_word' id='word_1_219' title='bbox 1922 1457 2059 1514; x_wconf 85' lang='lat' dir='ltr'><strong>catis</strong></span> <span class='ocrx_word' id='word_1_220' title='bbox 2089 1459 2430 1514; x_wconf 87' lang='lat' dir='ltr'><strong>vacabimus.</strong></span> <span class='ocrx_word' id='word_1_221' title='bbox 2477 1459 2650 1515; x_wconf 86' lang='lat' dir='ltr'><strong>Porro</strong></span> <span class='ocrx_word' id='word_1_222' title='bbox 2681 1460 2999 1532; x_wconf 86' lang='lat' dir='ltr'><strong>frequenter</strong></span> <span class='ocrx_word' id='word_1_223' title='bbox 3028 1462 3234 1529; x_wconf 86' lang='lat' dir='ltr'><strong>evenit,</strong></span> <span class='ocrx_word' id='word_1_224' title='bbox 3271 1471 3331 1519; x_wconf 92' lang='lat' dir='ltr'><strong>ut</strong></span> <span class='ocrx_word' id='word_1_225' title='bbox 3359 1465 3518 1520; x_wconf 88' lang='lat' dir='ltr'><strong>nobis</strong></span> 
     </span>
    </p>
   </div>
   <div class='ocr_carea' id='block_1_30' title="bbox 1921 1551 3512 1628">
    <p class='ocr_par' dir='ltr' id='par_1_30' title="bbox 1921 1551 3512 1628">
     <span class='ocr_line' id='line_1_30' title="bbox 1921 1551 3512 1628; baseline 0.004 -21"><span class='ocrx_word' id='word_1_226' title='bbox 1921 1551 2318 1620; x_wconf 86' lang='lat' dir='ltr'><strong>laborantibus,</strong></span> <span class='ocrx_word' id='word_1_227' title='bbox 2343 1553 2420 1608; x_wconf 92' lang='lat' dir='ltr'><strong>illi</strong></span> <span class='ocrx_word' id='word_1_228' title='bbox 2451 1568 2606 1609; x_wconf 90' lang='lat' dir='ltr'><strong>suum</strong></span> <span class='ocrx_word' id='word_1_229' title='bbox 2638 1553 2880 1610; x_wconf 86' lang='lat' dir='ltr'><strong>officium</strong></span> <span class='ocrx_word' id='word_1_230' title='bbox 2914 1571 3020 1610; x_wconf 93' lang='lat' dir='ltr'><strong>non</strong></span> <span class='ocrx_word' id='word_1_231' title='bbox 3049 1559 3328 1628; x_wconf 84' lang='lat' dir='ltr'><strong>expleant,</strong></span> <span class='ocrx_word' id='word_1_232' title='bbox 3377 1569 3432 1613; x_wconf 93' lang='lat' dir='ltr'><strong>et</strong></span> <span class='ocrx_word' id='word_1_233' title='bbox 3459 1559 3512 1612; x_wconf 89' lang='lat' dir='ltr'><strong>in</strong></span> 
     </span>
    </p>
   </div>
   <div class='ocr_carea' id='block_1_31' title="bbox 1921 1645 3517 1718">
    <p class='ocr_par' dir='ltr' id='par_1_31' title="bbox 1921 1645 3517 1718">
     <span class='ocr_line' id='line_1_31' title="bbox 1921 1645 3517 1718; baseline 0.003 -18"><span class='ocrx_word' id='word_1_234' title='bbox 1921 1646 2096 1717; x_wconf 86' lang='lat' dir='ltr'><strong>culpis</strong></span> <span class='ocrx_word' id='word_1_235' title='bbox 2129 1646 2259 1701; x_wconf 88' lang='lat' dir='ltr'><strong>sint.</strong></span> <span class='ocrx_word' id='word_1_236' title='bbox 2294 1645 2365 1700; x_wconf 86' lang='lat' dir='ltr'><strong>Et</strong></span> <span class='ocrx_word' id='word_1_237' title='bbox 2393 1646 2591 1716; x_wconf 79' lang='lat' dir='ltr'><strong>factum</strong></span> <span class='ocrx_word' id='word_1_238' title='bbox 2618 1654 2729 1715; x_wconf 40' lang='lat' dir='ltr'><strong>Lest,</strong></span> <span class='ocrx_word' id='word_1_239' title='bbox 2777 1648 2971 1718; x_wconf 88' lang='lat' dir='ltr'><strong>inquit,</strong></span> <span class='ocrx_word' id='word_1_240' title='bbox 3002 1665 3118 1703; x_wconf 86' lang='lat' dir='ltr'><strong>cum</strong></span> <span class='ocrx_word' id='word_1_241' title='bbox 3164 1650 3407 1704; x_wconf 85' lang='lat' dir='ltr'><strong>abiissent</strong></span> <span class='ocrx_word' id='word_1_242' title='bbox 3453 1649 3517 1703; x_wconf 83' lang='lat' dir='ltr'><strong>ab</strong></span> 
     </span>
    </p>
   </div>
   <div class='ocr_carea' id='block_1_32' title="bbox 1921 1739 3514 1812">
    <p class='ocr_par' dir='ltr' id='par_1_32' title="bbox 1921 1739 3514 1812">
     <span class='ocr_line' id='line_1_32' title="bbox 1921 1739 3514 1812; baseline 0.002 -17"><span class='ocrx_word' id='word_1_243' title='bbox 1921 1741 1994 1795; x_wconf 86' lang='lat' dir='ltr'><strong>eis</strong></span> <span class='ocrx_word' id='word_1_244' title='bbox 2048 1739 2220 1812; x_wconf 83' lang='lat' dir='ltr'><strong>angeli</strong></span> <span class='ocrx_word' id='word_1_245' title='bbox 2267 1740 2320 1794; x_wconf 87' lang='lat' dir='ltr'><strong>in</strong></span> <span class='ocrx_word' id='word_1_246' title='bbox 2351 1741 2528 1807; x_wconf 68' lang='lat' dir='ltr'><strong>stelas,</strong></span> <span class='ocrx_word' id='word_1_247' title='bbox 2590 1753 2824 1810; x_wconf 84' lang='lat' dir='ltr'><strong>pastores</strong></span> <span class='ocrx_word' id='word_1_248' title='bbox 2870 1740 3117 1795; x_wconf 77' lang='lat' dir='ltr'><strong>dixerunt</strong></span> <span class='ocrx_word' id='word_1_249' title='bbox 3163 1742 3232 1797; x_wconf 88' lang='lat' dir='ltr'><strong>ad</strong></span> <span class='ocrx_word' id='word_1_250' title='bbox 3277 1742 3514 1798; x_wconf 74' lang='lat' dir='ltr'><strong>invicem.</strong></span> 
     </span>
    </p>
   </div>
   <div class='ocr_carea' id='block_1_33' title="bbox 230 1831 3511 1907">
    <p class='ocr_par' dir='ltr' id='par_1_33' title="bbox 230 1831 3511 1907">
     <span class='ocr_line' id='line_1_33' title="bbox 230 1831 3511 1907; baseline 0.001 -19"><span class='ocrx_word' id='word_1_251' title='bbox 230 1835 305 1888; x_wconf 87' lang='lat' dir='ltr'><strong>sed</strong></span> <span class='ocrx_word' id='word_1_252' title='bbox 320 1833 548 1905; x_wconf 82' lang='lat' dir='ltr'><strong>gladium</strong></span> <span class='ocrx_word' id='word_1_253' title='bbox 569 1835 587 1904; x_wconf 93' lang='lat'>(</span> <span class='ocrx_word' id='word_1_254' title='bbox 608 1832 764 1888; x_wconf 75' lang='lat' dir='ltr'><strong>Matt.</strong></span> <span class='ocrx_word' id='word_1_255' title='bbox 801 1834 877 1903; x_wconf 72' lang='grc' dir='ltr'><strong>ιι),</strong></span> <span class='ocrx_word' id='word_1_256' title='bbox 924 1833 1282 1907; x_wconf 60' lang='lat'><strong>283-2“</strong></span> <span class='ocrx_word' id='word_1_257' title='bbox 1308 1844 1363 1891; x_wconf 88' lang='lat' dir='ltr'><strong>et</strong></span> <span class='ocrx_word' id='word_1_258' title='bbox 1392 1851 1535 1892; x_wconf 90' lang='lat' dir='ltr'><strong>nunc</strong></span> <span class='ocrx_word' id='word_1_259' title='bbox 1563 1838 1736 1907; x_wconf 88' lang='lat' dir='ltr'><strong>angeli</strong></span> <span class='ocrx_word' id='word_1_260' title='bbox 1755 1836 1811 1894; x_wconf 90' lang='lat' dir='ltr'><strong>in</strong></span> <span class='ocrx_word' id='word_1_261' title='bbox 1841 1833 1893 1898; x_wconf 80' lang='grc' dir='ltr'><strong>Β</strong></span> <span class='ocrx_word' id='word_1_262' title='bbox 1922 1832 2263 1889; x_wconf 80' lang='lat' dir='ltr'><strong>Transeamus</strong></span> <span class='ocrx_word' id='word_1_263' title='bbox 2295 1850 2454 1905; x_wconf 83' lang='lat' dir='ltr'><strong>usque</strong></span> <span class='ocrx_word' id='word_1_264' title='bbox 2481 1831 2768 1900; x_wconf 82' lang='lat' dir='ltr'><strong>Bethleem,</strong></span> <span class='ocrx_word' id='word_1_265' title='bbox 2803 1844 2852 1889; x_wconf 92' lang='lat' dir='ltr'><strong>et</strong></span> <span class='ocrx_word' id='word_1_266' title='bbox 2890 1833 3156 1889; x_wconf 83' lang='lat' dir='ltr'><strong>videamus</strong></span> <span class='ocrx_word' id='word_1_267' title='bbox 3183 1834 3280 1889; x_wconf 89' lang='lat' dir='ltr'><strong>hoc</strong></span> <span class='ocrx_word' id='word_1_268' title='bbox 3306 1838 3511 1890; x_wconf 79' lang='lat' dir='ltr'><strong>verbum</strong></span> 
     </span>
    </p>
   </div>
   <div class='ocr_carea' id='block_1_34' title="bbox 230 1927 1812 2002">
    <p class='ocr_par' dir='ltr' id='par_1_34' title="bbox 230 1927 1812 2002">
     <span class='ocr_line' id='line_1_34' title="bbox 230 1927 1812 2002; baseline 0.003 -19"><span class='ocrx_word' id='word_1_269' title='bbox 230 1927 332 1997; x_wconf 86' lang='lat' dir='ltr'><strong>ejus</strong></span> <span class='ocrx_word' id='word_1_270' title='bbox 357 1928 640 1983; x_wconf 82' lang='lat' dir='ltr'><strong>nativitate</strong></span> <span class='ocrx_word' id='word_1_271' title='bbox 661 1928 980 1994; x_wconf 86' lang='lat' dir='ltr'><strong>decantant,</strong></span> <span class='ocrx_word' id='word_1_272' title='bbox 1002 1944 1160 1998; x_wconf 85' lang='lat' dir='ltr'><strong>super</strong></span> <span class='ocrx_word' id='word_1_273' title='bbox 1173 1938 1359 1984; x_wconf 88' lang='lat' dir='ltr'><strong>terram</strong></span> <span class='ocrx_word' id='word_1_274' title='bbox 1386 1946 1510 2001; x_wconf 74' lang='lat' dir='ltr'><strong>pax.</strong></span> <span class='ocrx_word' id='word_1_275' title='bbox 1531 1930 1812 2002; x_wconf 83' lang='lat' dir='ltr'><strong>Siquidem</strong></span> 
     </span>
    </p>
   </div>
   <div class='ocr_carea' id='block_1_35' title="bbox 229 2020 1816 2092">
    <p class='ocr_par' dir='ltr' id='par_1_35' title="bbox 229 2020 1816 2092">
     <span class='ocr_line' id='line_1_35' title="bbox 229 2020 1816 2092; baseline 0.002 -16"><span class='ocrx_word' id='word_1_276' title='bbox 229 2031 276 2076; x_wconf 88' lang='lat' dir='ltr'><strong>et</strong></span> <span class='ocrx_word' id='word_1_277' title='bbox 308 2021 358 2076; x_wconf 92' lang='lat' dir='ltr'><strong>in</strong></span> <span class='ocrx_word' id='word_1_278' title='bbox 398 2020 502 2075; x_wconf 87' lang='lat' dir='ltr'><strong>alio</strong></span> <span class='ocrx_word' id='word_1_279' title='bbox 542 2021 666 2076; x_wconf 88' lang='lat' dir='ltr'><strong>loco</strong></span> <span class='ocrx_word' id='word_1_280' title='bbox 704 2037 770 2076; x_wconf 79' lang='lat' dir='ltr'><strong>ex</strong></span> <span class='ocrx_word' id='word_1_281' title='bbox 819 2035 1051 2091; x_wconf 82' lang='lat' dir='ltr'><strong>persona</strong></span> <span class='ocrx_word' id='word_1_282' title='bbox 1101 2022 1269 2092; x_wconf 89' lang='lat' dir='ltr'><strong>ipsius</strong></span> <span class='ocrx_word' id='word_1_283' title='bbox 1314 2022 1518 2078; x_wconf 86' lang='lat' dir='ltr'><strong>dicitur</strong></span> <span class='ocrx_word' id='word_1_284' title='bbox 1568 2042 1581 2077; x_wconf 90' lang='lat'><strong>:</strong></span> <span class='ocrx_word' id='word_1_285' title='bbox 1622 2023 1816 2079; x_wconf 77' lang='lat' dir='ltr'><strong>Pacem</strong></span> 
     </span>
    </p>
   </div>
   <div class='ocr_carea' id='block_1_36' title="bbox 228 2114 1812 2187">
    <p class='ocr_par' dir='ltr' id='par_1_36' title="bbox 228 2114 1812 2187">
     <span class='ocr_line' id='line_1_36' title="bbox 228 2114 1812 2187; baseline 0.001 -19"><span class='ocrx_word' id='word_1_286' title='bbox 228 2131 370 2168; x_wconf 78' lang='lat' dir='ltr'><strong>nteant</strong></span> <span class='ocrx_word' id='word_1_287' title='bbox 391 2115 455 2169; x_wconf 83' lang='lat' dir='ltr'><strong>do</strong></span> <span class='ocrx_word' id='word_1_288' title='bbox 481 2114 652 2180; x_wconf 80' lang='lat' dir='ltr'><strong>vobis,</strong></span> <span class='ocrx_word' id='word_1_289' title='bbox 685 2130 863 2187; x_wconf 76' lang='lat' dir='ltr'><strong>parem</strong></span> <span class='ocrx_word' id='word_1_290' title='bbox 876 2116 1113 2185; x_wconf 84' lang='lat' dir='ltr'><strong>relinquo</strong></span> <span class='ocrx_word' id='word_1_291' title='bbox 1125 2116 1282 2171; x_wconf 84' lang='lat' dir='ltr'><strong>vobis.</strong></span> <span class='ocrx_word' id='word_1_292' title='bbox 1305 2115 1426 2171; x_wconf 82' lang='lat' dir='ltr'><strong>Non</strong></span> <span class='ocrx_word' id='word_1_293' title='bbox 1442 2117 1812 2172; x_wconf 84' lang='lat' dir='ltr'><strong>sicutmundus</strong></span> 
     </span>
    </p>
   </div>
   <div class='ocr_carea' id='block_1_37' title="bbox 228 2207 1814 2282">
    <p class='ocr_par' dir='ltr' id='par_1_37' title="bbox 228 2207 1814 2282">
     <span class='ocr_line' id='line_1_37' title="bbox 228 2207 1814 2282; baseline 0.004 -22"><span class='ocrx_word' id='word_1_294' title='bbox 228 2207 402 2262; x_wconf 82' lang='lat' dir='ltr'><strong>isledat</strong></span> <span class='ocrx_word' id='word_1_295' title='bbox 417 2223 634 2279; x_wconf 83' lang='lat' dir='ltr'><strong>pacem,</strong></span> <span class='ocrx_word' id='word_1_296' title='bbox 670 2224 764 2280; x_wconf 86' lang='lat' dir='ltr'><strong>ego</strong></span> <span class='ocrx_word' id='word_1_297' title='bbox 784 2208 852 2262; x_wconf 85' lang='lat' dir='ltr'><strong>do</strong></span> <span class='ocrx_word' id='word_1_298' title='bbox 867 2225 1043 2279; x_wconf 85' lang='lat' dir='ltr'><strong>pacem</strong></span> <span class='ocrx_word' id='word_1_299' title='bbox 1075 2208 1271 2281; x_wconf 80' lang='lat' dir='ltr'><strong>(Joan.</strong></span> <span class='ocrx_word' id='word_1_300' title='bbox 1303 2209 1436 2281; x_wconf 79' lang='lat' dir='ltr'><strong>xw).</strong></span> <span class='ocrx_word' id='word_1_301' title='bbox 1470 2210 1660 2265; x_wconf 78' lang='lat' dir='ltr'><strong>Videat</strong></span> <span class='ocrx_word' id='word_1_302' title='bbox 1683 2226 1814 2282; x_wconf 87' lang='lat' dir='ltr'><strong>ergo</strong></span> 
     </span>
    </p>
   </div>
   <div class='ocr_carea' id='block_1_38' title="bbox 226 2302 1807 2375">
    <p class='ocr_par' dir='ltr' id='par_1_38' title="bbox 226 2302 1807 2375">
     <span class='ocr_line' id='line_1_38' title="bbox 226 2302 1807 2375; baseline 0.003 -19"><span class='ocrx_word' id='word_1_303' title='bbox 226 2303 346 2372; x_wconf 85' lang='lat' dir='ltr'><strong>quod</strong></span> <span class='ocrx_word' id='word_1_304' title='bbox 421 2302 746 2368; x_wconf 78' lang='lat' dir='ltr'><strong>interimus,</strong></span> <span class='ocrx_word' id='word_1_305' title='bbox 806 2315 874 2357; x_wconf 87' lang='lat' dir='ltr'><strong>an</strong></span> <span class='ocrx_word' id='word_1_306' title='bbox 925 2303 1095 2372; x_wconf 87' lang='lat' dir='ltr'><strong>possit</strong></span> <span class='ocrx_word' id='word_1_307' title='bbox 1138 2303 1353 2360; x_wconf 89' lang='lat' dir='ltr'><strong>solvere</strong></span> <span class='ocrx_word' id='word_1_308' title='bbox 1421 2303 1807 2375; x_wconf 72' lang='lat' dir='ltr'><strong>quzcstioncm.</strong></span> 
     </span>
    </p>
   </div>
   <div class='ocr_carea' id='block_1_39' title="bbox 226 2393 1812 2469">
    <p class='ocr_par' dir='ltr' id='par_1_39' title="bbox 226 2393 1812 2469">
     <span class='ocr_line' id='line_1_39' title="bbox 226 2393 1812 2469; baseline 0.005 -21"><span class='ocrx_word' id='word_1_309' title='bbox 226 2393 273 2448; x_wconf 88' lang='lat' dir='ltr'><strong>Si</strong></span> <span class='ocrx_word' id='word_1_310' title='bbox 301 2395 562 2465; x_wconf 89' lang='lat' dir='ltr'><strong>scriptum</strong></span> <span class='ocrx_word' id='word_1_311' title='bbox 595 2403 766 2461; x_wconf 87' lang='lat' dir='ltr'><strong>esset,</strong></span> <span class='ocrx_word' id='word_1_312' title='bbox 822 2411 975 2468; x_wconf 81' lang='lat' dir='ltr'><strong>super</strong></span> <span class='ocrx_word' id='word_1_313' title='bbox 1021 2404 1209 2450; x_wconf 87' lang='lat' dir='ltr'><strong>terram</strong></span> <span class='ocrx_word' id='word_1_314' title='bbox 1239 2413 1367 2469; x_wconf 72' lang='lat' dir='ltr'><strong>pax,</strong></span> <span class='ocrx_word' id='word_1_315' title='bbox 1419 2406 1475 2451; x_wconf 88' lang='lat' dir='ltr'><strong>et</strong></span> <span class='ocrx_word' id='word_1_316' title='bbox 1531 2399 1812 2468; x_wconf 85' lang='lat' dir='ltr'><strong>hucusque</strong></span> 
     </span>
    </p>
   </div>
   <div class='ocr_carea' id='block_1_40' title="bbox 225 2489 1806 2561">
    <p class='ocr_par' dir='ltr' id='par_1_40' title="bbox 225 2489 1806 2561">
     <span class='ocr_line' id='line_1_40' title="bbox 225 2489 1806 2561; baseline 0.004 -18"><span class='ocrx_word' id='word_1_317' title='bbox 225 2497 355 2544; x_wconf 87' lang='lat' dir='ltr'><strong>esset</strong></span> <span class='ocrx_word' id='word_1_318' title='bbox 399 2489 548 2544; x_wconf 88' lang='lat' dir='ltr'><strong>finita</strong></span> <span class='ocrx_word' id='word_1_319' title='bbox 631 2490 927 2558; x_wconf 88' lang='lat' dir='ltr'><strong>sententia,</strong></span> <span class='ocrx_word' id='word_1_320' title='bbox 980 2499 1129 2545; x_wconf 86' lang='lat' dir='ltr'><strong>recte</strong></span> <span class='ocrx_word' id='word_1_321' title='bbox 1175 2492 1405 2561; x_wconf 59' lang='lat' dir='ltr'><strong>quaestio</strong></span> <span class='ocrx_word' id='word_1_322' title='bbox 1467 2502 1806 2549; x_wconf 88' lang='lat' dir='ltr'><strong>nasceretur.</strong></span> 
     </span>
    </p>
   </div>
   <div class='ocr_carea' id='block_1_41' title="bbox 229 2581 1809 2656">
    <p class='ocr_par' dir='ltr' id='par_1_41' title="bbox 229 2581 1809 2656">
     <span class='ocr_line' id='line_1_41' title="bbox 229 2581 1809 2656; baseline 0.004 -19"><span class='ocrx_word' id='word_1_323' title='bbox 229 2581 361 2637; x_wconf 77' lang='lat' dir='ltr'><strong>Nunc</strong></span> <span class='ocrx_word' id='word_1_324' title='bbox 394 2597 525 2639; x_wconf 88' lang='lat' dir='ltr'><strong>vero</strong></span> <span class='ocrx_word' id='word_1_325' title='bbox 552 2581 609 2637; x_wconf 91' lang='lat' dir='ltr'><strong>in</strong></span> <span class='ocrx_word' id='word_1_326' title='bbox 637 2595 706 2638; x_wconf 91' lang='lat' dir='ltr'><strong>eo</strong></span> <span class='ocrx_word' id='word_1_327' title='bbox 733 2582 877 2653; x_wconf 88' lang='lat' dir='ltr'><strong>quod</strong></span> <span class='ocrx_word' id='word_1_328' title='bbox 912 2583 1154 2638; x_wconf 85' lang='lat' dir='ltr'><strong>additum</strong></span> <span class='ocrx_word' id='word_1_329' title='bbox 1204 2591 1308 2652; x_wconf 90' lang='lat' dir='ltr'><strong>est,</strong></span> <span class='ocrx_word' id='word_1_330' title='bbox 1360 2583 1465 2640; x_wconf 91' lang='lat' dir='ltr'><strong>hoc</strong></span> <span class='ocrx_word' id='word_1_331' title='bbox 1491 2593 1607 2654; x_wconf 86' lang='lat' dir='ltr'><strong>est,</strong></span> <span class='ocrx_word' id='word_1_332' title='bbox 1663 2586 1809 2656; x_wconf 87' lang='lat' dir='ltr'><strong>quod</strong></span> 
     </span>
    </p>
   </div>
   <div class='ocr_carea' id='block_1_42' title="bbox 226 2676 1806 2747">
    <p class='ocr_par' dir='ltr' id='par_1_42' title="bbox 226 2676 1806 2747">
     <span class='ocr_line' id='line_1_42' title="bbox 226 2676 1806 2747; baseline 0.001 -16"><span class='ocrx_word' id='word_1_333' title='bbox 226 2685 330 2745; x_wconf 89' lang='lat' dir='ltr'><strong>post</strong></span> <span class='ocrx_word' id='word_1_334' title='bbox 355 2691 533 2747; x_wconf 86' lang='lat' dir='ltr'><strong>pacem</strong></span> <span class='ocrx_word' id='word_1_335' title='bbox 564 2676 790 2742; x_wconf 91' lang='lat' dir='ltr'><strong>dicitur,</strong></span> <span class='ocrx_word' id='word_1_336' title='bbox 821 2678 874 2731; x_wconf 88' lang='lat' dir='ltr'><strong>in</strong></span> <span class='ocrx_word' id='word_1_337' title='bbox 901 2677 1193 2732; x_wconf 85' lang='lat' dir='ltr'><strong>hominibus</strong></span> <span class='ocrx_word' id='word_1_338' title='bbox 1237 2677 1386 2732; x_wconf 73' lang='lat' dir='ltr'><strong>bonae</strong></span> <span class='ocrx_word' id='word_1_339' title='bbox 1432 2687 1460 2716; x_wconf 72' lang='grc' dir='ltr'><strong>ι</strong></span> <span class='ocrx_word' id='word_1_340' title='bbox 1501 2677 1806 2745; x_wconf 77' lang='lat' dir='ltr'><strong>uoluntatis,</strong></span> 
     </span>
    </p>
   </div>
   <div class='ocr_carea' id='block_1_43' title="bbox 228 2769 1804 2842">
    <p class='ocr_par' dir='ltr' id='par_1_43' title="bbox 228 2769 1804 2842">
     <span class='ocr_line' id='line_1_43' title="bbox 228 2769 1804 2842; baseline 0.001 -17"><span class='ocrx_word' id='word_1_341' title='bbox 228 2771 368 2825; x_wconf 81' lang='lat' dir='ltr'><strong>solvit</strong></span> <span class='ocrx_word' id='word_1_342' title='bbox 432 2770 819 2842; x_wconf 66' lang='lat' dir='ltr'><strong>questionem.</strong></span> <span class='ocrx_word' id='word_1_343' title='bbox 865 2769 976 2826; x_wconf 77' lang='lat' dir='ltr'><strong>Pax</strong></span> <span class='ocrx_word' id='word_1_344' title='bbox 1005 2772 1151 2826; x_wconf 90' lang='lat' dir='ltr'><strong>enim</strong></span> <span class='ocrx_word' id='word_1_345' title='bbox 1191 2783 1353 2842; x_wconf 79' lang='lat' dir='ltr'><strong>quam</strong></span> <span class='ocrx_word' id='word_1_346' title='bbox 1404 2785 1509 2827; x_wconf 82' lang='lat' dir='ltr'><strong>neu</strong></span> <span class='ocrx_word' id='word_1_347' title='bbox 1549 2772 1642 2826; x_wconf 84' lang='lat' dir='ltr'><strong>dat</strong></span> <span class='ocrx_word' id='word_1_348' title='bbox 1699 2773 1804 2827; x_wconf 84' lang='lat' dir='ltr'><strong>Do-</strong></span> 
     </span>
    </p>
   </div>
   <div class='ocr_carea' id='block_1_44' title="bbox 226 2867 1805 2938">
    <p class='ocr_par' dir='ltr' id='par_1_44' title="bbox 226 2867 1805 2938">
     <span class='ocr_line' id='line_1_44' title="bbox 226 2867 1805 2938; baseline 0.003 -18"><span class='ocrx_word' id='word_1_349' title='bbox 226 2867 383 2922; x_wconf 85' lang='lat' dir='ltr'><strong>minus</strong></span> <span class='ocrx_word' id='word_1_350' title='bbox 408 2881 575 2938; x_wconf 89' lang='lat' dir='ltr'><strong>snper</strong></span> <span class='ocrx_word' id='word_1_351' title='bbox 622 2876 854 2932; x_wconf 86' lang='lat' dir='ltr'><strong>terram,</strong></span> <span class='ocrx_word' id='word_1_352' title='bbox 888 2882 995 2922; x_wconf 89' lang='lat' dir='ltr'><strong>non</strong></span> <span class='ocrx_word' id='word_1_353' title='bbox 1039 2878 1122 2923; x_wconf 88' lang='lat' dir='ltr'><strong>est</strong></span> <span class='ocrx_word' id='word_1_354' title='bbox 1153 2881 1256 2938; x_wconf 82' lang='lat' dir='ltr'><strong>pax</strong></span> <span class='ocrx_word' id='word_1_355' title='bbox 1295 2869 1452 2924; x_wconf 66' lang='lat' dir='ltr'><strong>bona:</strong></span> <span class='ocrx_word' id='word_1_356' title='bbox 1483 2868 1805 2924; x_wconf 82' lang='lat' dir='ltr'><strong>voluntatis.</strong></span> 
     </span>
    </p>
   </div>
   <div class='ocr_carea' id='block_1_45' title="bbox 227 2959 1803 3030">
    <p class='ocr_par' dir='ltr' id='par_1_45' title="bbox 227 2959 1803 3030">
     <span class='ocr_line' id='line_1_45' title="bbox 227 2959 1803 3030; baseline 0.001 -17"><span class='ocrx_word' id='word_1_357' title='bbox 227 2959 386 3030; x_wconf 77' lang='lat' dir='ltr'><strong>Neque</strong></span> <span class='ocrx_word' id='word_1_358' title='bbox 412 2960 560 3014; x_wconf 86' lang='lat' dir='ltr'><strong>enim</strong></span> <span class='ocrx_word' id='word_1_359' title='bbox 598 2959 678 3013; x_wconf 87' lang='lat' dir='ltr'><strong>ait</strong></span> <span class='ocrx_word' id='word_1_360' title='bbox 705 2959 1048 3030; x_wconf 86' lang='lat' dir='ltr'><strong>simpliciter,</strong></span> <span class='ocrx_word' id='word_1_361' title='bbox 1079 2960 1204 3014; x_wconf 87' lang='lat' dir='ltr'><strong>Non</strong></span> <span class='ocrx_word' id='word_1_362' title='bbox 1233 2960 1348 3013; x_wconf 81' lang='lat' dir='ltr'><strong>veni</strong></span> <span class='ocrx_word' id='word_1_363' title='bbox 1373 2977 1553 3030; x_wconf 87' lang='lat' dir='ltr'><strong>pacem</strong></span> <span class='ocrx_word' id='word_1_364' title='bbox 1575 2961 1803 3028; x_wconf 79' lang='lat' dir='ltr'><strong>mittere,</strong></span> 
     </span>
    </p>
   </div>
   <div class='ocr_carea' id='block_1_46' title="bbox 227 3050 1807 3123">
    <p class='ocr_par' dir='ltr' id='par_1_46' title="bbox 227 3050 1807 3123">
     <span class='ocr_line' id='line_1_46' title="bbox 227 3050 1807 3123; baseline 0 -17"><span class='ocrx_word' id='word_1_365' title='bbox 227 3050 306 3107; x_wconf 88' lang='lat' dir='ltr'><strong>sed</strong></span> <span class='ocrx_word' id='word_1_366' title='bbox 325 3067 438 3107; x_wconf 89' lang='lat' dir='ltr'><strong>cum</strong></span> <span class='ocrx_word' id='word_1_367' title='bbox 461 3051 866 3119; x_wconf 68' lang='lat' dir='ltr'><strong>additamenta,</strong></span> <span class='ocrx_word' id='word_1_368' title='bbox 892 3065 1051 3122; x_wconf 83' lang='lat' dir='ltr'><strong>super</strong></span> <span class='ocrx_word' id='word_1_369' title='bbox 1083 3062 1314 3108; x_wconf 81' lang='lat' dir='ltr'><strong>terram:</strong></span> <span class='ocrx_word' id='word_1_370' title='bbox 1347 3065 1523 3123; x_wconf 87' lang='lat' dir='ltr'><strong>neque</strong></span> <span class='ocrx_word' id='word_1_371' title='bbox 1550 3063 1807 3108; x_wconf 80' lang='lat' dir='ltr'><strong>econtra-</strong></span> 
     </span>
    </p>
   </div>
   <div class='ocr_carea' id='block_1_47' title="bbox 228 3143 1805 3217">
    <p class='ocr_par' dir='ltr' id='par_1_47' title="bbox 228 3143 1805 3217">
     <span class='ocr_line' id='line_1_47' title="bbox 228 3143 1805 3217; baseline 0.001 -19"><span class='ocrx_word' id='word_1_372' title='bbox 228 3147 295 3198; x_wconf 89' lang='lat' dir='ltr'><strong>rio</strong></span> <span class='ocrx_word' id='word_1_373' title='bbox 311 3144 458 3208; x_wconf 79' lang='lat' dir='ltr'><strong>dixit,</strong></span> <span class='ocrx_word' id='word_1_374' title='bbox 488 3143 620 3199; x_wconf 78' lang='lat' dir='ltr'><strong>Non</strong></span> <span class='ocrx_word' id='word_1_375' title='bbox 643 3144 759 3198; x_wconf 83' lang='lat' dir='ltr'><strong>veni</strong></span> <span class='ocrx_word' id='word_1_376' title='bbox 775 3159 955 3216; x_wconf 84' lang='lat' dir='ltr'><strong>pacem</strong></span> <span class='ocrx_word' id='word_1_377' title='bbox 981 3145 1184 3198; x_wconf 81' lang='lat' dir='ltr'><strong>mittere</strong></span> <span class='ocrx_word' id='word_1_378' title='bbox 1195 3161 1349 3217; x_wconf 82' lang='lat' dir='ltr'><strong>super</strong></span> <span class='ocrx_word' id='word_1_379' title='bbox 1373 3154 1565 3200; x_wconf 87' lang='lat' dir='ltr'><strong>terram</strong></span> <span class='ocrx_word' id='word_1_380' title='bbox 1577 3144 1805 3200; x_wconf 86' lang='lat' dir='ltr'><strong>homini-</strong></span> 
     </span>
    </p>
   </div>
   <div class='ocr_carea' id='block_1_48' title="bbox 1918 1926 3510 1998">
    <p class='ocr_par' dir='ltr' id='par_1_48' title="bbox 1918 1926 3510 1998">
     <span class='ocr_line' id='line_1_48' title="bbox 1918 1926 3510 1998; baseline 0.001 -17"><span class='ocrx_word' id='word_1_381' title='bbox 1918 1927 2057 1994; x_wconf 84' lang='lat' dir='ltr'><strong>quod</strong></span> <span class='ocrx_word' id='word_1_382' title='bbox 2077 1927 2277 1996; x_wconf 79' lang='lat' dir='ltr'><strong>factum</strong></span> <span class='ocrx_word' id='word_1_383' title='bbox 2306 1936 2402 1994; x_wconf 86' lang='lat' dir='ltr'><strong>est,</strong></span> <span class='ocrx_word' id='word_1_384' title='bbox 2426 1926 2566 1998; x_wconf 78' lang='lat' dir='ltr'><strong>quod</strong></span> <span class='ocrx_word' id='word_1_385' title='bbox 2597 1926 2854 1982; x_wconf 83' lang='lat' dir='ltr'><strong>Dominus</strong></span> <span class='ocrx_word' id='word_1_386' title='bbox 2890 1926 3114 1983; x_wconf 85' lang='lat' dir='ltr'><strong>ostendit</strong></span> <span class='ocrx_word' id='word_1_387' title='bbox 3136 1929 3301 1982; x_wconf 85' lang='lat' dir='ltr'><strong>nobis.</strong></span> <span class='ocrx_word' id='word_1_388' title='bbox 3340 1927 3510 1984; x_wconf 87' lang='lat' dir='ltr'><strong>Vene-</strong></span> 
     </span>
    </p>
   </div>
   <div class='ocr_carea' id='block_1_49' title="bbox 1918 2018 3510 2092">
    <p class='ocr_par' dir='ltr' id='par_1_49' title="bbox 1918 2018 3510 2092">
     <span class='ocr_line' id='line_1_49' title="bbox 1918 2018 3510 2092; baseline 0.001 -18"><span class='ocrx_word' id='word_1_389' title='bbox 1918 2029 2038 2074; x_wconf 84' lang='lat' dir='ltr'><strong>runt</strong></span> <span class='ocrx_word' id='word_1_390' title='bbox 2082 2021 2408 2092; x_wconf 78' lang='lat' dir='ltr'><strong>festinantes,</strong></span> <span class='ocrx_word' id='word_1_391' title='bbox 2447 2030 2492 2074; x_wconf 92' lang='lat' dir='ltr'><strong>et</strong></span> <span class='ocrx_word' id='word_1_392' title='bbox 2521 2020 2830 2075; x_wconf 72' lang='lat' dir='ltr'><strong>invenerunt</strong></span> <span class='ocrx_word' id='word_1_393' title='bbox 2862 2018 3088 2073; x_wconf 79' lang='lat' dir='ltr'><strong>Mariam</strong></span> <span class='ocrx_word' id='word_1_394' title='bbox 3125 2029 3174 2074; x_wconf 89' lang='lat' dir='ltr'><strong>et</strong></span> <span class='ocrx_word' id='word_1_395' title='bbox 3216 2019 3416 2091; x_wconf 74' lang='lat' dir='ltr'><strong>Ioseph</strong></span> <span class='ocrx_word' id='word_1_396' title='bbox 3460 2030 3510 2075; x_wconf 88' lang='lat' dir='ltr'><strong>et</strong></span> 
     </span>
    </p>
   </div>
   <div class='ocr_carea' id='block_1_50' title="bbox 1917 2115 3518 2187">
    <p class='ocr_par' dir='ltr' id='par_1_50' title="bbox 1917 2115 3518 2187">
     <span class='ocr_line' id='line_1_50' title="bbox 1917 2115 3518 2187; baseline 0 -19"><span class='ocrx_word' id='word_1_397' title='bbox 1917 2131 2156 2186; x_wconf 82' lang='lat' dir='ltr'><strong>puerum.</strong></span> <span class='ocrx_word' id='word_1_398' title='bbox 2181 2115 2317 2182; x_wconf 84' lang='lat' dir='ltr'><strong>Quia</strong></span> <span class='ocrx_word' id='word_1_399' title='bbox 2349 2115 2668 2170; x_wconf 87' lang='lat' dir='ltr'><strong>festinantes</strong></span> <span class='ocrx_word' id='word_1_400' title='bbox 2689 2125 2981 2182; x_wconf 83' lang='lat' dir='ltr'><strong>venerant,</strong></span> <span class='ocrx_word' id='word_1_401' title='bbox 3015 2125 3070 2170; x_wconf 91' lang='lat' dir='ltr'><strong>et</strong></span> <span class='ocrx_word' id='word_1_402' title='bbox 3102 2129 3211 2170; x_wconf 91' lang='lat' dir='ltr'><strong>non</strong></span> <span class='ocrx_word' id='word_1_403' title='bbox 3252 2115 3518 2187; x_wconf 84' lang='lat' dir='ltr'><strong>pedeten-</strong></span> 
     </span>
    </p>
   </div>
   <div class='ocr_carea' id='block_1_51' title="bbox 1919 2207 3508 2281">
    <p class='ocr_par' dir='ltr' id='par_1_51' title="bbox 1919 2207 3508 2281">
     <span class='ocr_line' id='line_1_51' title="bbox 1919 2207 3508 2281; baseline 0.001 -18"><span class='ocrx_word' id='word_1_404' title='bbox 1919 2209 2038 2273; x_wconf 90' lang='lat' dir='ltr'><strong>tim,</strong></span> <span class='ocrx_word' id='word_1_405' title='bbox 2069 2223 2242 2278; x_wconf 90' lang='lat' dir='ltr'><strong>ueque</strong></span> <span class='ocrx_word' id='word_1_406' title='bbox 2268 2207 2411 2263; x_wconf 88' lang='lat' dir='ltr'><strong>fesso</strong></span> <span class='ocrx_word' id='word_1_407' title='bbox 2431 2207 2624 2278; x_wconf 87' lang='lat' dir='ltr'><strong>gradu,</strong></span> <span class='ocrx_word' id='word_1_408' title='bbox 2653 2207 2776 2263; x_wconf 89' lang='lat' dir='ltr'><strong>ideo</strong></span> <span class='ocrx_word' id='word_1_409' title='bbox 2807 2209 3132 2264; x_wconf 86' lang='lat' dir='ltr'><strong>invenerunt</strong></span> <span class='ocrx_word' id='word_1_410' title='bbox 3161 2209 3365 2281; x_wconf 86' lang='lat' dir='ltr'><strong>Joseph</strong></span> <span class='ocrx_word' id='word_1_411' title='bbox 3393 2210 3508 2265; x_wconf 83' lang='lat' dir='ltr'><strong>dis-</strong></span> 
     </span>
    </p>
   </div>
   <div class='ocr_carea' id='block_1_52' title="bbox 1917 2302 3502 2375">
    <p class='ocr_par' dir='ltr' id='par_1_52' title="bbox 1917 2302 3502 2375">
     <span class='ocr_line' id='line_1_52' title="bbox 1917 2302 3502 2375; baseline 0.001 -18"><span class='ocrx_word' id='word_1_412' title='bbox 1917 2311 2261 2373; x_wconf 88' lang='lat' dir='ltr'><strong>pensatorcm</strong></span> <span class='ocrx_word' id='word_1_413' title='bbox 2306 2312 2460 2357; x_wconf 88' lang='lat' dir='ltr'><strong>ortus</strong></span> <span class='ocrx_word' id='word_1_414' title='bbox 2488 2302 2776 2370; x_wconf 90' lang='lat' dir='ltr'><strong>Dominici,</strong></span> <span class='ocrx_word' id='word_1_415' title='bbox 2806 2313 2862 2358; x_wconf 91' lang='lat' dir='ltr'><strong>et</strong></span> <span class='ocrx_word' id='word_1_416' title='bbox 2891 2303 3114 2359; x_wconf 77' lang='lat' dir='ltr'><strong>Mariam</strong></span> <span class='ocrx_word' id='word_1_417' title='bbox 3143 2319 3265 2375; x_wconf 67' lang='lat' dir='ltr'><strong>quae</strong></span> <span class='ocrx_word' id='word_1_418' title='bbox 3315 2304 3502 2361; x_wconf 66' lang='lat' dir='ltr'><strong>Jesnm</strong></span> 
     </span>
    </p>
   </div>
   <div class='ocr_carea' id='block_1_53' title="bbox 1916 2393 3511 2466">
    <p class='ocr_par' dir='ltr' id='par_1_53' title="bbox 1916 2393 3511 2466">
     <span class='ocr_line' id='line_1_53' title="bbox 1916 2393 3511 2466; baseline 0.003 -18"><span class='ocrx_word' id='word_1_419' title='bbox 1916 2393 2127 2450; x_wconf 88' lang='lat' dir='ltr'><strong>fnditin</strong></span> <span class='ocrx_word' id='word_1_420' title='bbox 2162 2401 2394 2463; x_wconf 87' lang='lat' dir='ltr'><strong>partum,</strong></span> <span class='ocrx_word' id='word_1_421' title='bbox 2425 2402 2480 2448; x_wconf 92' lang='lat' dir='ltr'><strong>et</strong></span> <span class='ocrx_word' id='word_1_422' title='bbox 2529 2393 2702 2464; x_wconf 85' lang='lat' dir='ltr'><strong>ipsum</strong></span> <span class='ocrx_word' id='word_1_423' title='bbox 2750 2393 3089 2450; x_wconf 85' lang='lat' dir='ltr'><strong>Salvatorem</strong></span> <span class='ocrx_word' id='word_1_424' title='bbox 3153 2396 3428 2466; x_wconf 88' lang='lat' dir='ltr'><strong>jacentem</strong></span> <span class='ocrx_word' id='word_1_425' title='bbox 3460 2399 3511 2452; x_wconf 89' lang='lat' dir='ltr'><strong>in</strong></span> 
     </span>
    </p>
   </div>
   <div class='ocr_carea' id='block_1_54' title="bbox 1914 2486 3505 2558">
    <p class='ocr_par' dir='ltr' id='par_1_54' title="bbox 1914 2486 3505 2558">
     <span class='ocr_line' id='line_1_54' title="bbox 1914 2486 3505 2558; baseline 0.001 -16"><span class='ocrx_word' id='word_1_426' title='bbox 1914 2487 2202 2558; x_wconf 69' lang='lat' dir='ltr'><strong>prmsepio.</strong></span> <span class='ocrx_word' id='word_1_427' title='bbox 2257 2486 2395 2540; x_wconf 88' lang='lat' dir='ltr'><strong>[llud</strong></span> <span class='ocrx_word' id='word_1_428' title='bbox 2443 2490 2598 2553; x_wconf 87' lang='lat' dir='ltr'><strong>erat‘,</strong></span> <span class='ocrx_word' id='word_1_429' title='bbox 2657 2487 2724 2542; x_wconf 91' lang='lat' dir='ltr'><strong>de</strong></span> <span class='ocrx_word' id='word_1_430' title='bbox 2777 2501 2884 2558; x_wconf 86' lang='lat' dir='ltr'><strong>quo</strong></span> <span class='ocrx_word' id='word_1_431' title='bbox 2931 2487 3193 2558; x_wconf 86' lang='lat' dir='ltr'><strong>propheta</strong></span> <span class='ocrx_word' id='word_1_432' title='bbox 3230 2490 3505 2544; x_wconf 80' lang='lat' dir='ltr'><strong>vaticina-</strong></span> 
     </span>
    </p>
   </div>
   <div class='ocr_carea' id='block_1_55' title="bbox 1916 2577 3510 2652">
    <p class='ocr_par' dir='ltr' id='par_1_55' title="bbox 1916 2577 3510 2652">
     <span class='ocr_line' id='line_1_55' title="bbox 1916 2577 3510 2652; baseline 0.001 -17"><span class='ocrx_word' id='word_1_433' title='bbox 1916 2588 2002 2635; x_wconf 91' lang='lat' dir='ltr'><strong>tus</strong></span> <span class='ocrx_word' id='word_1_434' title='bbox 2046 2588 2129 2634; x_wconf 88' lang='lat' dir='ltr'><strong>est</strong></span> <span class='ocrx_word' id='word_1_435' title='bbox 2174 2578 2405 2635; x_wconf 87' lang='lat' dir='ltr'><strong>dicens:</strong></span> <span class='ocrx_word' id='word_1_436' title='bbox 2437 2577 2708 2652; x_wconf 31' lang='lat' dir='ltr'><strong>Cagnotn&#39;t,</strong></span> <span class='ocrx_word' id='word_1_437' title='bbox 2736 2579 2825 2634; x_wconf 87' lang='lat' dir='ltr'><strong>bos</strong></span> <span class='ocrx_word' id='word_1_438' title='bbox 2863 2597 3208 2651; x_wconf 85' lang='lat' dir='ltr'><strong>possessorem</strong></span> <span class='ocrx_word' id='word_1_439' title='bbox 3254 2601 3427 2650; x_wconf 87' lang='lat' dir='ltr'><strong>suum,</strong></span> <span class='ocrx_word' id='word_1_440' title='bbox 3463 2595 3510 2637; x_wconf 82' lang='lat' dir='ltr'><strong>et</strong></span> 
     </span>
    </p>
   </div>
   <div class='ocr_carea' id='block_1_56' title="bbox 1913 2674 3508 2748">
    <p class='ocr_par' dir='ltr' id='par_1_56' title="bbox 1913 2674 3508 2748">
     <span class='ocr_line' id='line_1_56' title="bbox 1913 2674 3508 2748; baseline 0.003 -19"><span class='ocrx_word' id='word_1_441' title='bbox 1913 2677 2090 2730; x_wconf 86' lang='lat' dir='ltr'><strong>asinus</strong></span> <span class='ocrx_word' id='word_1_442' title='bbox 2121 2691 2346 2748; x_wconf 76' lang='lat' dir='ltr'><strong>prwsepe</strong></span> <span class='ocrx_word' id='word_1_443' title='bbox 2394 2674 2605 2730; x_wconf 85' lang='lat' dir='ltr'><strong>Domini</strong></span> <span class='ocrx_word' id='word_1_444' title='bbox 2644 2677 2723 2730; x_wconf 90' lang='lat' dir='ltr'><strong>sui</strong></span> <span class='ocrx_word' id='word_1_445' title='bbox 2770 2692 2787 2729; x_wconf 91' lang='lat'><em>:</em></span> <span class='ocrx_word' id='word_1_446' title='bbox 2835 2676 2940 2731; x_wconf 84' lang='lat' dir='ltr'><strong>Bos</strong></span> <span class='ocrx_word' id='word_1_447' title='bbox 2991 2677 3191 2732; x_wconf 83' lang='lat' dir='ltr'><strong>animal</strong></span> <span class='ocrx_word' id='word_1_448' title='bbox 3244 2679 3508 2734; x_wconf 91' lang='lat' dir='ltr'><strong>mundum</strong></span> 
     </span>
    </p>
   </div>
   <div class='ocr_carea' id='block_1_57' title="bbox 1913 2767 3516 2841">
    <p class='ocr_par' dir='ltr' id='par_1_57' title="bbox 1913 2767 3516 2841">
     <span class='ocr_line' id='line_1_57' title="bbox 1913 2767 3516 2841; baseline 0.001 -17"><span class='ocrx_word' id='word_1_449' title='bbox 1913 2779 2019 2835; x_wconf 91' lang='lat' dir='ltr'><strong>est,</strong></span> <span class='ocrx_word' id='word_1_450' title='bbox 2073 2768 2257 2823; x_wconf 85' lang='lat' dir='ltr'><strong>asinus</strong></span> <span class='ocrx_word' id='word_1_451' title='bbox 2308 2767 2508 2823; x_wconf 89' lang='lat' dir='ltr'><strong>animal</strong></span> <span class='ocrx_word' id='word_1_452' title='bbox 2568 2768 2928 2824; x_wconf 90' lang='lat' dir='ltr'><strong>immundum.</strong></span> <span class='ocrx_word' id='word_1_453' title='bbox 2993 2767 3261 2841; x_wconf 81' lang='lat' dir='ltr'><strong>Cognovit</strong></span> <span class='ocrx_word' id='word_1_454' title='bbox 3324 2773 3516 2826; x_wconf 84' lang='lat' dir='ltr'><strong>asinus</strong></span> 
     </span>
    </p>
   </div>
   <div class='ocr_carea' id='block_1_58' title="bbox 1914 2859 3508 2937">
    <p class='ocr_par' dir='ltr' id='par_1_58' title="bbox 1914 2859 3508 2937">
     <span class='ocr_line' id='line_1_58' title="bbox 1914 2859 3508 2937; baseline 0.001 -22"><span class='ocrx_word' id='word_1_455' title='bbox 1914 2876 2159 2932; x_wconf 67' lang='lat' dir='ltr'><strong>praesepe</strong></span> <span class='ocrx_word' id='word_1_456' title='bbox 2214 2860 2425 2915; x_wconf 85' lang='lat' dir='ltr'><strong>Domini</strong></span> <span class='ocrx_word' id='word_1_457' title='bbox 2467 2861 2573 2916; x_wconf 88' lang='lat' dir='ltr'><strong>sui.</strong></span> <span class='ocrx_word' id='word_1_458' title='bbox 2606 2859 2724 2916; x_wconf 83' lang='lat' dir='ltr'><strong>Non</strong></span> <span class='ocrx_word' id='word_1_459' title='bbox 2780 2861 3012 2932; x_wconf 85' lang='lat' dir='ltr'><strong>populus</strong></span> <span class='ocrx_word' id='word_1_460' title='bbox 3043 2861 3208 2918; x_wconf 89' lang='lat' dir='ltr'><strong>Israel</strong></span> <span class='ocrx_word' id='word_1_461' title='bbox 3249 2865 3508 2937; x_wconf 75' lang='lat' dir='ltr'><strong>cognovit</strong></span> 
     </span>
    </p>
   </div>
   <div class='ocr_carea' id='block_1_59' title="bbox 1911 2954 3514 3026">
    <p class='ocr_par' dir='ltr' id='par_1_59' title="bbox 1911 2954 3514 3026">
     <span class='ocr_line' id='line_1_59' title="bbox 1911 2954 3514 3026; baseline 0.002 -16"><span class='ocrx_word' id='word_1_462' title='bbox 1911 2970 2155 3026; x_wconf 59' lang='lat' dir='ltr'><strong>prasepe</strong></span> <span class='ocrx_word' id='word_1_463' title='bbox 2209 2955 2420 3010; x_wconf 83' lang='lat' dir='ltr'><strong>Domini</strong></span> <span class='ocrx_word' id='word_1_464' title='bbox 2468 2957 2572 3019; x_wconf 88' lang='lat' dir='ltr'><strong>sui,</strong></span> <span class='ocrx_word' id='word_1_465' title='bbox 2635 2955 2730 3011; x_wconf 89' lang='lat' dir='ltr'><strong>sed</strong></span> <span class='ocrx_word' id='word_1_466' title='bbox 2779 2954 3122 3011; x_wconf 89' lang='lat' dir='ltr'><strong>immundum</strong></span> <span class='ocrx_word' id='word_1_467' title='bbox 3183 2957 3385 3012; x_wconf 82' lang='lat' dir='ltr'><strong>animal</strong></span> <span class='ocrx_word' id='word_1_468' title='bbox 3448 2973 3514 3013; x_wconf 80' lang='lat' dir='ltr'><strong>ex</strong></span> 
     </span>
    </p>
   </div>
   <div class='ocr_carea' id='block_1_60' title="bbox 1909 3047 3515 3122">
    <p class='ocr_par' dir='ltr' id='par_1_60' title="bbox 1909 3047 3515 3122">
     <span class='ocr_line' id='line_1_60' title="bbox 1909 3047 3515 3122; baseline 0.001 -21"><span class='ocrx_word' id='word_1_469' title='bbox 1909 3048 2182 3118; x_wconf 85' lang='lat' dir='ltr'><strong>gentibus.</strong></span> <span class='ocrx_word' id='word_1_470' title='bbox 2214 3047 2386 3102; x_wconf 84' lang='lat' dir='ltr'><strong>Israel</strong></span> <span class='ocrx_word' id='word_1_471' title='bbox 2436 3063 2554 3102; x_wconf 71' lang='lat' dir='ltr'><strong>vero</strong></span> <span class='ocrx_word' id='word_1_472' title='bbox 2605 3064 2683 3103; x_wconf 90' lang='lat' dir='ltr'><strong>me</strong></span> <span class='ocrx_word' id='word_1_473' title='bbox 2713 3063 2816 3103; x_wconf 86' lang='lat' dir='ltr'><strong>non</strong></span> <span class='ocrx_word' id='word_1_474' title='bbox 2873 3049 3128 3122; x_wconf 76' lang='lat' dir='ltr'><strong>cognovit,</strong></span> <span class='ocrx_word' id='word_1_475' title='bbox 3184 3058 3233 3104; x_wconf 82' lang='lat' dir='ltr'><strong>et</strong></span> <span class='ocrx_word' id='word_1_476' title='bbox 3287 3051 3515 3121; x_wconf 74' lang='lat' dir='ltr'><strong>papulas</strong></span> 
     </span>
    </p>
   </div>
   <div class='ocr_carea' id='block_1_61' title="bbox 1910 3141 3513 3216">
    <p class='ocr_par' dir='ltr' id='par_1_61' title="bbox 1910 3141 3513 3216">
     <span class='ocr_line' id='line_1_61' title="bbox 1910 3141 3513 3216; baseline 0 -18"><span class='ocrx_word' id='word_1_477' title='bbox 1910 3160 2052 3199; x_wconf 84' lang='lat' dir='ltr'><strong>meus</strong></span> <span class='ocrx_word' id='word_1_478' title='bbox 2080 3159 2157 3198; x_wconf 84' lang='lat' dir='ltr'><strong>me</strong></span> <span class='ocrx_word' id='word_1_479' title='bbox 2178 3157 2282 3198; x_wconf 83' lang='lat' dir='ltr'><strong>non</strong></span> <span class='ocrx_word' id='word_1_480' title='bbox 2307 3143 2561 3198; x_wconf 65' lang='lat' dir='ltr'><strong>intellexit</strong></span> <span class='ocrx_word' id='word_1_481' title='bbox 2583 3141 2742 3214; x_wconf 73' lang='lat' dir='ltr'><strong>(lani.</strong></span> <span class='ocrx_word' id='word_1_482' title='bbox 2760 3144 2822 3216; x_wconf 84' lang='grc' dir='ltr'><strong>ι).</strong></span> <span class='ocrx_word' id='word_1_483' title='bbox 2851 3143 3218 3215; x_wconf 87' lang='lat' dir='ltr'><strong>littelligentcs</strong></span> <span class='ocrx_word' id='word_1_484' title='bbox 3241 3141 3346 3200; x_wconf 82' lang='lat' dir='ltr'><strong>hoc</strong></span> <span class='ocrx_word' id='word_1_485' title='bbox 3372 3159 3513 3216; x_wconf 71' lang='lat' dir='ltr'><strong>prte-</strong></span> 
     </span>
    </p>
   </div>
   <div class='ocr_carea' id='block_1_62' title="bbox 229 3234 3501 3310">
    <p class='ocr_par' dir='ltr' id='par_1_62' title="bbox 229 3234 3501 3310">
     <span class='ocr_line' id='line_1_62' title="bbox 229 3234 3501 3310; baseline 0.001 -22"><span class='ocrx_word' id='word_1_486' title='bbox 229 3236 302 3291; x_wconf 77' lang='lat' dir='ltr'><strong>lnts</strong></span> <span class='ocrx_word' id='word_1_487' title='bbox 334 3237 471 3292; x_wconf 63' lang='lat' dir='ltr'><strong>bona</strong></span> <span class='ocrx_word' id='word_1_488' title='bbox 509 3236 820 3291; x_wconf 81' lang='lat' dir='ltr'><strong>voluntatis.</strong></span> <span class='ocrx_word' id='word_1_489' title='bbox 853 3235 980 3291; x_wconf 63' lang='lat' dir='ltr'><strong>Haec</strong></span> <span class='ocrx_word' id='word_1_490' title='bbox 1010 3237 1172 3292; x_wconf 87' lang='lat' dir='ltr'><strong>locuti</strong></span> <span class='ocrx_word' id='word_1_491' title='bbox 1207 3247 1333 3292; x_wconf 86' lang='lat' dir='ltr'><strong>sunt</strong></span> <span class='ocrx_word' id='word_1_492' title='bbox 1363 3238 1540 3310; x_wconf 88' lang='lat' dir='ltr'><strong>angeli</strong></span> <span class='ocrx_word' id='word_1_493' title='bbox 1583 3237 1648 3293; x_wconf 89' lang='lat' dir='ltr'><strong>ad</strong></span> <span class='ocrx_word' id='word_1_494' title='bbox 1680 3253 1803 3308; x_wconf 88' lang='lat' dir='ltr'><strong>pas-</strong></span> <span class='ocrx_word' id='word_1_495' title='bbox 1829 3234 1877 3297; x_wconf 90' lang='lat' dir='ltr'>C</span> <span class='ocrx_word' id='word_1_496' title='bbox 1909 3253 2062 3308; x_wconf 85' lang='lat' dir='ltr'><strong>sepe,</strong></span> <span class='ocrx_word' id='word_1_497' title='bbox 2098 3239 2332 3293; x_wconf 87' lang='lat' dir='ltr'><strong>nitamur</strong></span> <span class='ocrx_word' id='word_1_498' title='bbox 2361 3253 2690 3310; x_wconf 83' lang='lat' dir='ltr'><strong>cognoscere</strong></span> <span class='ocrx_word' id='word_1_499' title='bbox 2738 3238 3054 3304; x_wconf 87' lang='lat' dir='ltr'><strong>Dominum,</strong></span> <span class='ocrx_word' id='word_1_500' title='bbox 3090 3245 3144 3293; x_wconf 90' lang='lat' dir='ltr'><strong>et</strong></span> <span class='ocrx_word' id='word_1_501' title='bbox 3193 3237 3341 3309; x_wconf 89' lang='lat' dir='ltr'><strong>digni</strong></span> <span class='ocrx_word' id='word_1_502' title='bbox 3387 3237 3501 3293; x_wconf 88' lang='lat' dir='ltr'><strong>fieri</strong></span> 
     </span>
    </p>
   </div>
   <div class='ocr_carea' id='block_1_63' title="bbox 229 3331 1807 3404">
    <p class='ocr_par' dir='ltr' id='par_1_63' title="bbox 229 3331 1807 3404">
     <span class='ocr_line' id='line_1_63' title="bbox 229 3331 1807 3404; baseline 0.005 -20"><span class='ocrx_word' id='word_1_503' title='bbox 229 3339 372 3400; x_wconf 87' lang='lat' dir='ltr'><strong>tores,</strong></span> <span class='ocrx_word' id='word_1_504' title='bbox 401 3333 492 3404; x_wconf 92' lang='lat' dir='ltr'><strong>qui</strong></span> <span class='ocrx_word' id='word_1_505' title='bbox 521 3348 638 3387; x_wconf 90' lang='lat' dir='ltr'><strong>non</strong></span> <span class='ocrx_word' id='word_1_506' title='bbox 677 3331 855 3386; x_wconf 89' lang='lat' dir='ltr'><strong>solum</strong></span> <span class='ocrx_word' id='word_1_507' title='bbox 892 3345 960 3387; x_wconf 86' lang='lat' dir='ltr'><strong>eo</strong></span> <span class='ocrx_word' id='word_1_508' title='bbox 987 3340 1235 3402; x_wconf 88' lang='lat' dir='ltr'><strong>tempore</strong></span> <span class='ocrx_word' id='word_1_509' title='bbox 1287 3333 1584 3403; x_wconf 85' lang='lat' dir='ltr'><strong>loquebant</strong></span> <span class='ocrx_word' id='word_1_510' title='bbox 1607 3351 1678 3401; x_wconf 80' lang='lat' dir='ltr'><strong>tr,</strong></span> <span class='ocrx_word' id='word_1_511' title='bbox 1706 3335 1807 3392; x_wconf 86' lang='lat' dir='ltr'><strong>sed</strong></span> 
     </span>
    </p>
   </div>
   <div class='ocr_carea' id='block_1_64' title="bbox 230 3423 1798 3498">
    <p class='ocr_par' dir='ltr' id='par_1_64' title="bbox 230 3423 1798 3498">
     <span class='ocr_line' id='line_1_64' title="bbox 230 3423 1798 3498; baseline 0.006 -22"><span class='ocrx_word' id='word_1_512' title='bbox 230 3437 379 3494; x_wconf 85' lang='lat' dir='ltr'><strong>usque</strong></span> <span class='ocrx_word' id='word_1_513' title='bbox 407 3424 575 3480; x_wconf 88' lang='lat' dir='ltr'><strong>hodie</strong></span> <span class='ocrx_word' id='word_1_514' title='bbox 606 3424 708 3478; x_wconf 85' lang='lat' dir='ltr'><strong>nisi</strong></span> <span class='ocrx_word' id='word_1_515' title='bbox 735 3423 897 3478; x_wconf 91' lang='lat' dir='ltr'><strong>locuti</strong></span> <span class='ocrx_word' id='word_1_516' title='bbox 923 3423 1123 3478; x_wconf 86' lang='lat' dir='ltr'><strong>fuerint</strong></span> <span class='ocrx_word' id='word_1_517' title='bbox 1170 3424 1235 3479; x_wconf 89' lang='lat' dir='ltr'><strong>ad</strong></span> <span class='ocrx_word' id='word_1_518' title='bbox 1271 3435 1540 3498; x_wconf 84' lang='lat' dir='ltr'><strong>pastores,</strong></span> <span class='ocrx_word' id='word_1_519' title='bbox 1597 3437 1652 3483; x_wconf 91' lang='lat' dir='ltr'><strong>et</strong></span> <span class='ocrx_word' id='word_1_520' title='bbox 1701 3443 1798 3485; x_wconf 86' lang='lat' dir='ltr'><strong>sua</strong></span> 
     </span>
    </p>
   </div>
   <div class='ocr_carea' id='block_1_65' title="bbox 230 3520 1802 3592">
    <p class='ocr_par' dir='ltr' id='par_1_65' title="bbox 230 3520 1802 3592">
     <span class='ocr_line' id='line_1_65' title="bbox 230 3520 1802 3592; baseline 0.004 -18"><span class='ocrx_word' id='word_1_521' title='bbox 230 3522 294 3575; x_wconf 84' lang='lat' dir='ltr'><strong>eis</strong></span> <span class='ocrx_word' id='word_1_522' title='bbox 320 3537 474 3592; x_wconf 86' lang='lat' dir='ltr'><strong>opera</strong></span> <span class='ocrx_word' id='word_1_523' title='bbox 504 3520 845 3592; x_wconf 84' lang='lat' dir='ltr'><strong>copularint,</strong></span> <span class='ocrx_word' id='word_1_524' title='bbox 873 3521 1072 3576; x_wconf 85' lang='lat' dir='ltr'><strong>dicitur</strong></span> <span class='ocrx_word' id='word_1_525' title='bbox 1102 3521 1168 3576; x_wconf 89' lang='lat' dir='ltr'><strong>ad</strong></span> <span class='ocrx_word' id='word_1_526' title='bbox 1219 3537 1314 3578; x_wconf 89' lang='lat' dir='ltr'><strong>eos</strong></span> <span class='ocrx_word' id='word_1_527' title='bbox 1341 3541 1351 3576; x_wconf 91' lang='lat'>:</span> <span class='ocrx_word' id='word_1_528' title='bbox 1385 3523 1506 3579; x_wconf 84' lang='lat' dir='ltr'><strong>Nisi</strong></span> <span class='ocrx_word' id='word_1_529' title='bbox 1539 3523 1802 3581; x_wconf 84' lang='lat' dir='ltr'><strong>Dominus</strong></span> 
     </span>
    </p>
   </div>
   <div class='ocr_carea' id='block_1_66' title="bbox 228 3614 1791 3689">
    <p class='ocr_par' dir='ltr' id='par_1_66' title="bbox 228 3614 1791 3689">
     <span class='ocr_line' id='line_1_66' title="bbox 228 3614 1791 3689; baseline 0.006 -24"><span class='ocrx_word' id='word_1_530' title='bbox 228 3614 531 3683; x_wconf 74' lang='lat' dir='ltr'><strong>adi/icaucrit</strong></span> <span class='ocrx_word' id='word_1_531' title='bbox 565 3615 808 3681; x_wconf 81' lang='lat' dir='ltr'><strong>domum,</strong></span> <span class='ocrx_word' id='word_1_532' title='bbox 839 3615 892 3669; x_wconf 86' lang='lat' dir='ltr'><strong>in</strong></span> <span class='ocrx_word' id='word_1_533' title='bbox 917 3629 1104 3669; x_wconf 83' lang='lat' dir='ltr'><strong>vanum</strong></span> <span class='ocrx_word' id='word_1_534' title='bbox 1150 3615 1512 3671; x_wconf 77' lang='lat' dir='ltr'><strong>laboraverunt</strong></span> <span class='ocrx_word' id='word_1_535' title='bbox 1543 3620 1627 3689; x_wconf 83' lang='lat' dir='ltr'><strong>qui</strong></span> <span class='ocrx_word' id='word_1_536' title='bbox 1657 3619 1791 3674; x_wconf 74' lang='lat' dir='ltr'><strong>tedi-</strong></span> 
     </span>
    </p>
   </div>
   <div class='ocr_carea' id='block_1_67' title="bbox 232 3706 1800 3777">
    <p class='ocr_par' dir='ltr' id='par_1_67' title="bbox 232 3706 1800 3777">
     <span class='ocr_line' id='line_1_67' title="bbox 232 3706 1800 3777; baseline 0.005 -19"><span class='ocrx_word' id='word_1_537' title='bbox 232 3706 367 3774; x_wconf 74' lang='lat' dir='ltr'><strong>j‘icant</strong></span> <span class='ocrx_word' id='word_1_538' title='bbox 386 3724 516 3762; x_wconf 85' lang='lat' dir='ltr'><strong>eam.</strong></span> <span class='ocrx_word' id='word_1_539' title='bbox 556 3707 682 3763; x_wconf 85' lang='lat' dir='ltr'><strong>Nisi</strong></span> <span class='ocrx_word' id='word_1_540' title='bbox 705 3706 958 3761; x_wconf 80' lang='lat' dir='ltr'><strong>Dominus</strong></span> <span class='ocrx_word' id='word_1_541' title='bbox 984 3707 1280 3764; x_wconf 81' lang='lat' dir='ltr'><strong>custodierit</strong></span> <span class='ocrx_word' id='word_1_542' title='bbox 1309 3710 1584 3777; x_wconf 82' lang='lat' dir='ltr'><strong>civitatem,</strong></span> <span class='ocrx_word' id='word_1_543' title='bbox 1633 3713 1684 3766; x_wconf 87' lang='lat' dir='ltr'><strong>in</strong></span> <span class='ocrx_word' id='word_1_544' title='bbox 1709 3729 1800 3766; x_wconf 82' lang='lat' dir='ltr'><strong>va-</strong></span> 
     </span>
    </p>
   </div>
   <div class='ocr_carea' id='block_1_68' title="bbox 231 3801 1801 3878">
    <p class='ocr_par' dir='ltr' id='par_1_68' title="bbox 231 3801 1801 3878">
     <span class='ocr_line' id='line_1_68' title="bbox 231 3801 1801 3878; baseline 0.007 -26"><span class='ocrx_word' id='word_1_545' title='bbox 231 3816 334 3854; x_wconf 84' lang='lat' dir='ltr'><strong>num</strong></span> <span class='ocrx_word' id='word_1_546' title='bbox 357 3801 609 3857; x_wconf 83' lang='lat' dir='ltr'><strong>laborabit</strong></span> <span class='ocrx_word' id='word_1_547' title='bbox 634 3803 726 3872; x_wconf 84' lang='lat' dir='ltr'><strong>qui</strong></span> <span class='ocrx_word' id='word_1_548' title='bbox 750 3803 970 3857; x_wconf 86' lang='lat' dir='ltr'><strong>custodit</strong></span> <span class='ocrx_word' id='word_1_549' title='bbox 1001 3819 1113 3859; x_wconf 86' lang='lat' dir='ltr'><strong>eam</strong></span> <span class='ocrx_word' id='word_1_550' title='bbox 1140 3802 1325 3876; x_wconf 88' lang='lat' dir='ltr'><strong>(Psal.</strong></span> <span class='ocrx_word' id='word_1_551' title='bbox 1357 3805 1582 3878; x_wconf 81' lang='lat' dir='ltr'><strong>cxxvn).</strong></span> <span class='ocrx_word' id='word_1_552' title='bbox 1611 3806 1666 3862; x_wconf 91' lang='lat' dir='ltr'><strong>Si</strong></span> <span class='ocrx_word' id='word_1_553' title='bbox 1695 3822 1801 3863; x_wconf 83' lang='lat' dir='ltr'><strong>au-</strong></span> 
     </span>
    </p>
   </div>
   <div class='ocr_carea' id='block_1_69' title="bbox 235 3893 1803 3972">
    <p class='ocr_par' dir='ltr' id='par_1_69' title="bbox 235 3893 1803 3972">
     <span class='ocr_line' id='line_1_69' title="bbox 235 3893 1803 3972; baseline 0.005 -24"><span class='ocrx_word' id='word_1_554' title='bbox 235 3893 398 3952; x_wconf 86' lang='lat' dir='ltr'><strong>dacter</strong></span> <span class='ocrx_word' id='word_1_555' title='bbox 421 3897 648 3970; x_wconf 83' lang='lat' dir='ltr'><strong>expedit</strong></span> <span class='ocrx_word' id='word_1_556' title='bbox 675 3898 822 3968; x_wconf 91' lang='lat' dir='ltr'><strong>loqui</strong></span> <span class='ocrx_word' id='word_1_557' title='bbox 857 3897 1265 3968; x_wconf 86' lang='lat' dir='ltr'><strong>Scripturarnm</strong></span> <span class='ocrx_word' id='word_1_558' title='bbox 1290 3914 1507 3955; x_wconf 87' lang='lat' dir='ltr'><strong>sensum</strong></span> <span class='ocrx_word' id='word_1_559' title='bbox 1530 3904 1803 3972; x_wconf 87' lang='lat' dir='ltr'><strong>sequenti,</strong></span> 
     </span>
    </p>
   </div>
   <div class='ocr_carea' id='block_1_70' title="bbox 234 3989 1794 4063">
    <p class='ocr_par' dir='ltr' id='par_1_70' title="bbox 234 3989 1794 4063">
     <span class='ocr_line' id='line_1_70' title="bbox 234 3989 1794 4063; baseline 0.005 -19"><span class='ocrx_word' id='word_1_560' title='bbox 234 4003 314 4058; x_wconf 88' lang='lat' dir='ltr'><strong>per</strong></span> <span class='ocrx_word' id='word_1_561' title='bbox 331 3991 567 4062; x_wconf 83' lang='lat' dir='ltr'><strong>singulas</strong></span> <span class='ocrx_word' id='word_1_562' title='bbox 600 3990 880 4046; x_wconf 74' lang='lat' dir='ltr'><strong>Ecclesiae</strong></span> <span class='ocrx_word' id='word_1_563' title='bbox 905 3989 933 4028; x_wconf 73' lang='grc' dir='ltr'>δ</span> <span class='ocrx_word' id='word_1_564' title='bbox 957 3991 1068 4046; x_wconf 92' lang='lat' dir='ltr'><strong>bini</strong></span> <span class='ocrx_word' id='word_1_565' title='bbox 1101 4002 1228 4048; x_wconf 90' lang='lat' dir='ltr'><strong>sunt</strong></span> <span class='ocrx_word' id='word_1_566' title='bbox 1250 3993 1511 4063; x_wconf 79' lang='lat' dir='ltr'><strong>episcOpi,</strong></span> <span class='ocrx_word' id='word_1_567' title='bbox 1544 3995 1684 4051; x_wconf 86' lang='lat' dir='ltr'><strong>alius</strong></span> <span class='ocrx_word' id='word_1_568' title='bbox 1712 3997 1794 4052; x_wconf 87' lang='lat' dir='ltr'><strong>vi-</strong></span> 
     </span>
    </p>
   </div>
   <div class='ocr_carea' id='block_1_71' title="bbox 233 4084 1803 4158">
    <p class='ocr_par' dir='ltr' id='par_1_71' title="bbox 233 4084 1803 4158">
     <span class='ocr_line' id='line_1_71' title="bbox 233 4084 1803 4158; baseline 0.006 -21"><span class='ocrx_word' id='word_1_569' title='bbox 233 4084 401 4154; x_wconf 88' lang='lat' dir='ltr'><strong>sibilis,</strong></span> <span class='ocrx_word' id='word_1_570' title='bbox 425 4086 569 4143; x_wconf 85' lang='lat' dir='ltr'><strong>alius</strong></span> <span class='ocrx_word' id='word_1_571' title='bbox 602 4085 898 4142; x_wconf 87' lang='lat' dir='ltr'><strong>invisibilis</strong></span> <span class='ocrx_word' id='word_1_572' title='bbox 927 4102 940 4139; x_wconf 89' lang='lat'><strong>:</strong></span> <span class='ocrx_word' id='word_1_573' title='bbox 975 4085 1066 4142; x_wconf 92' lang='lat' dir='ltr'><strong>ille</strong></span> <span class='ocrx_word' id='word_1_574' title='bbox 1097 4086 1232 4143; x_wconf 79' lang='lat' dir='ltr'><strong>visui</strong></span> <span class='ocrx_word' id='word_1_575' title='bbox 1261 4087 1464 4158; x_wconf 88' lang='lat' dir='ltr'><strong>carnis,</strong></span> <span class='ocrx_word' id='word_1_576' title='bbox 1493 4089 1581 4146; x_wconf 90' lang='lat' dir='ltr'><strong>hic</strong></span> <span class='ocrx_word' id='word_1_577' title='bbox 1613 4091 1803 4147; x_wconf 87' lang='lat' dir='ltr'><strong>sensui</strong></span> 
     </span>
    </p>
   </div>
   <div class='ocr_carea' id='block_1_72' title="bbox 233 4182 1798 4254">
    <p class='ocr_par' dir='ltr' id='par_1_72' title="bbox 233 4182 1798 4254">
     <span class='ocr_line' id='line_1_72' title="bbox 233 4182 1798 4254; baseline 0.006 -19"><span class='ocrx_word' id='word_1_578' title='bbox 233 4191 418 4250; x_wconf 81' lang='lat' dir='ltr'><strong>patens.</strong></span> <span class='ocrx_word' id='word_1_579' title='bbox 452 4183 520 4239; x_wconf 80' lang='lat' dir='ltr'><strong>Et</strong></span> <span class='ocrx_word' id='word_1_580' title='bbox 560 4182 842 4254; x_wconf 90' lang='lat' dir='ltr'><strong>quomodo</strong></span> <span class='ocrx_word' id='word_1_581' title='bbox 889 4183 1054 4238; x_wconf 83' lang='lat' dir='ltr'><strong>homo</strong></span> <span class='ocrx_word' id='word_1_582' title='bbox 1082 4183 1128 4239; x_wconf 86' lang='lat' dir='ltr'><strong>si</strong></span> <span class='ocrx_word' id='word_1_583' title='bbox 1159 4185 1507 4242; x_wconf 88' lang='lat' dir='ltr'><strong>commissam</strong></span> <span class='ocrx_word' id='word_1_584' title='bbox 1551 4187 1653 4245; x_wconf 83' lang='lat' dir='ltr'><strong>sibi</strong></span> <span class='ocrx_word' id='word_1_585' title='bbox 1683 4189 1798 4245; x_wconf 85' lang='lat' dir='ltr'><strong>dis-</strong></span> 
     </span>
    </p>
   </div>
   <div class='ocr_carea' id='block_1_73' title="bbox 233 4276 1806 4346">
    <p class='ocr_par' dir='ltr' id='par_1_73' title="bbox 233 4276 1806 4346">
     <span class='ocr_line' id='line_1_73' title="bbox 233 4276 1806 4346; baseline 0.008 -18"><span class='ocrx_word' id='word_1_586' title='bbox 233 4276 583 4342; x_wconf 84' lang='lat' dir='ltr'><strong>pensationem</strong></span> <span class='ocrx_word' id='word_1_587' title='bbox 637 4276 777 4332; x_wconf 90' lang='lat' dir='ltr'><strong>hene</strong></span> <span class='ocrx_word' id='word_1_588' title='bbox 807 4277 999 4346; x_wconf 80' lang='lat' dir='ltr'><strong>egerit,</strong></span> <span class='ocrx_word' id='word_1_589' title='bbox 1052 4277 1304 4334; x_wconf 78' lang='lat' dir='ltr'><strong>laudatur</strong></span> <span class='ocrx_word' id='word_1_590' title='bbox 1351 4295 1378 4333; x_wconf 70' lang='grc' dir='ltr'><strong>ει</strong></span> <span class='ocrx_word' id='word_1_591' title='bbox 1435 4281 1706 4340; x_wconf 89' lang='lat' dir='ltr'><strong>Domino:</strong></span> <span class='ocrx_word' id='word_1_592' title='bbox 1759 4285 1806 4340; x_wconf 89' lang='lat' dir='ltr'><strong>si</strong></span> 
     </span>
    </p>
   </div>
   <div class='ocr_carea' id='block_1_74' title="bbox 234 4365 1806 4450">
    <p class='ocr_par' dir='ltr' id='par_1_74' title="bbox 234 4365 1806 4450">
     <span class='ocr_line' id='line_1_74' title="bbox 234 4365 1806 4450; baseline 0.008 -31"><span class='ocrx_word' id='word_1_593' title='bbox 234 4365 370 4434; x_wconf 79' lang='lat' dir='ltr'><strong>male,</strong></span> <span class='ocrx_word' id='word_1_594' title='bbox 397 4369 568 4441; x_wconf 66' lang='lat' dir='ltr'><strong>culpae</strong></span> <span class='ocrx_word' id='word_1_595' title='bbox 590 4375 646 4425; x_wconf 89' lang='lat' dir='ltr'><strong>et</strong></span> <span class='ocrx_word' id='word_1_596' title='bbox 671 4369 803 4423; x_wconf 87' lang='lat' dir='ltr'><strong>vitio</strong></span> <span class='ocrx_word' id='word_1_597' title='bbox 827 4368 1108 4439; x_wconf 79' lang='lat' dir='ltr'><strong>subjacet;</strong></span> <span class='ocrx_word' id='word_1_598' title='bbox 1142 4369 1224 4426; x_wconf 88' lang='lat' dir='ltr'><strong>sic</strong></span> <span class='ocrx_word' id='word_1_599' title='bbox 1252 4381 1308 4427; x_wconf 89' lang='lat' dir='ltr'><strong>et</strong></span> <span class='ocrx_word' id='word_1_600' title='bbox 1332 4373 1576 4444; x_wconf 80' lang='lat' dir='ltr'><strong>angelus.</strong></span> <span class='ocrx_word' id='word_1_601' title='bbox 1609 4375 1806 4450; x_wconf 83' lang='lat' dir='ltr'><strong>Serip-</strong></span> 
     </span>
    </p>
   </div>
   <div class='ocr_carea' id='block_1_75' title="bbox 234 4461 1788 4534">
    <p class='ocr_par' dir='ltr' id='par_1_75' title="bbox 234 4461 1788 4534">
     <span class='ocr_line' id='line_1_75' title="bbox 234 4461 1788 4534; baseline 0.008 -23"><span class='ocrx_word' id='word_1_602' title='bbox 234 4467 327 4515; x_wconf 90' lang='lat' dir='ltr'><strong>tum</strong></span> <span class='ocrx_word' id='word_1_603' title='bbox 353 4470 433 4519; x_wconf 82' lang='lat' dir='ltr'><strong>est</strong></span> <span class='ocrx_word' id='word_1_604' title='bbox 455 4462 605 4519; x_wconf 86' lang='lat' dir='ltr'><strong>enim</strong></span> <span class='ocrx_word' id='word_1_605' title='bbox 633 4461 690 4518; x_wconf 88' lang='lat' dir='ltr'><strong>in</strong></span> <span class='ocrx_word' id='word_1_606' title='bbox 716 4462 1039 4534; x_wconf 83' lang='lat' dir='ltr'><strong>Apocalypsi</strong></span> <span class='ocrx_word' id='word_1_607' title='bbox 1067 4464 1291 4521; x_wconf 81' lang='lat' dir='ltr'><strong>Joannis</strong></span> <span class='ocrx_word' id='word_1_608' title='bbox 1322 4485 1334 4518; x_wconf 87' lang='lat'><strong>:</strong></span> <span class='ocrx_word' id='word_1_609' title='bbox 1381 4466 1489 4522; x_wconf 84' lang='lat' dir='ltr'><strong>Sed</strong></span> <span class='ocrx_word' id='word_1_610' title='bbox 1533 4467 1689 4524; x_wconf 85' lang='lat' dir='ltr'><strong>habes</strong></span> <span class='ocrx_word' id='word_1_611' title='bbox 1719 4472 1788 4526; x_wconf 84' lang='lat' dir='ltr'><strong>ibi</strong></span> 
     </span>
    </p>
   </div>
   <div class='ocr_carea' id='block_1_76' title="bbox 235 4553 1793 4626">
    <p class='ocr_par' dir='ltr' id='par_1_76' title="bbox 235 4553 1793 4626">
     <span class='ocr_line' id='line_1_76' title="bbox 235 4553 1793 4626; baseline 0.009 -23"><span class='ocrx_word' id='word_1_612' title='bbox 235 4553 416 4608; x_wconf 81' lang='lat' dir='ltr'><strong>nomina</strong></span> <span class='ocrx_word' id='word_1_613' title='bbox 460 4570 631 4626; x_wconf 78' lang='lat' dir='ltr'><strong>pauca</strong></span> <span class='ocrx_word' id='word_1_614' title='bbox 683 4568 801 4623; x_wconf 71' lang='lat' dir='ltr'><strong>qua</strong></span> <span class='ocrx_word' id='word_1_615' title='bbox 829 4553 1124 4624; x_wconf 72' lang='lat' dir='ltr'><strong>polluerunt</strong></span> <span class='ocrx_word' id='word_1_616' title='bbox 1179 4555 1332 4625; x_wconf 79' lang='lat' dir='ltr'><strong>illud,</strong></span> <span class='ocrx_word' id='word_1_617' title='bbox 1379 4559 1462 4613; x_wconf 86' lang='lat' dir='ltr'><strong>vel</strong></span> <span class='ocrx_word' id='word_1_618' title='bbox 1519 4559 1674 4617; x_wconf 87' lang='lat' dir='ltr'><strong>illud.</strong></span> <span class='ocrx_word' id='word_1_619' title='bbox 1729 4563 1793 4617; x_wconf 83' lang='lat' dir='ltr'><strong>Et</strong></span> 
     </span>
    </p>
   </div>
   <div class='ocr_carea' id='block_1_77' title="bbox 1911 3332 3508 3402">
    <p class='ocr_par' dir='ltr' id='par_1_77' title="bbox 1911 3332 3508 3402">
     <span class='ocr_line' id='line_1_77' title="bbox 1911 3332 3508 3402; baseline -0.001 -14"><span class='ocrx_word' id='word_1_620' title='bbox 1911 3333 2136 3388; x_wconf 87' lang='lat' dir='ltr'><strong>scientia</strong></span> <span class='ocrx_word' id='word_1_621' title='bbox 2157 3333 2296 3402; x_wconf 91' lang='lat' dir='ltr'><strong>ejus,</strong></span> <span class='ocrx_word' id='word_1_622' title='bbox 2327 3346 2606 3387; x_wconf 81' lang='lat' dir='ltr'><strong>assumere</strong></span> <span class='ocrx_word' id='word_1_623' title='bbox 2625 3347 2841 3402; x_wconf 89' lang='lat' dir='ltr'><strong>quoque</strong></span> <span class='ocrx_word' id='word_1_624' title='bbox 2869 3332 3209 3387; x_wconf 82' lang='lat' dir='ltr'><strong>nativitatem</strong></span> <span class='ocrx_word' id='word_1_625' title='bbox 3236 3342 3289 3386; x_wconf 92' lang='lat' dir='ltr'><strong>et</strong></span> <span class='ocrx_word' id='word_1_626' title='bbox 3322 3346 3508 3387; x_wconf 91' lang='lat' dir='ltr'><strong>resur-</strong></span> 
     </span>
    </p>
   </div>
   <div class='ocr_carea' id='block_1_78' title="bbox 1911 3423 3500 3496">
    <p class='ocr_par' dir='ltr' id='par_1_78' title="bbox 1911 3423 3500 3496">
     <span class='ocr_line' id='line_1_78' title="bbox 1911 3423 3500 3496; baseline -0.002 -14"><span class='ocrx_word' id='word_1_627' title='bbox 1911 3426 2206 3482; x_wconf 86' lang='lat' dir='ltr'><strong>rectionem</strong></span> <span class='ocrx_word' id='word_1_628' title='bbox 2237 3424 2418 3480; x_wconf 86' lang='lat' dir='ltr'><strong>carnis</strong></span> <span class='ocrx_word' id='word_1_629' title='bbox 2440 3424 2580 3494; x_wconf 85' lang='lat' dir='ltr'><strong>ejus,</strong></span> <span class='ocrx_word' id='word_1_630' title='bbox 2613 3424 2708 3480; x_wconf 84' lang='lat' dir='ltr'><strong>sed</strong></span> <span class='ocrx_word' id='word_1_631' title='bbox 2737 3434 2788 3481; x_wconf 89' lang='lat' dir='ltr'><strong>et</strong></span> <span class='ocrx_word' id='word_1_632' title='bbox 2819 3424 3079 3496; x_wconf 89' lang='lat' dir='ltr'><strong>inclytum</strong></span> <span class='ocrx_word' id='word_1_633' title='bbox 3105 3439 3170 3480; x_wconf 91' lang='lat' dir='ltr'><strong>ac</strong></span> <span class='ocrx_word' id='word_1_634' title='bbox 3203 3423 3500 3480; x_wconf 88' lang='lat' dir='ltr'><strong>secundum</strong></span> 
     </span>
    </p>
   </div>
   <div class='ocr_carea' id='block_1_79' title="bbox 1909 3517 3498 3591">
    <p class='ocr_par' dir='ltr' id='par_1_79' title="bbox 1909 3517 3498 3591">
     <span class='ocr_line' id='line_1_79' title="bbox 1909 3517 3498 3591; baseline -0.001 -15"><span class='ocrx_word' id='word_1_635' title='bbox 1909 3519 2206 3591; x_wconf 85' lang='lat' dir='ltr'><strong>majestatis</strong></span> <span class='ocrx_word' id='word_1_636' title='bbox 2225 3519 2341 3588; x_wconf 91' lang='lat' dir='ltr'><strong>ejus</strong></span> <span class='ocrx_word' id='word_1_637' title='bbox 2367 3518 2685 3584; x_wconf 87' lang='lat' dir='ltr'><strong>adventum,</strong></span> <span class='ocrx_word' id='word_1_638' title='bbox 2714 3517 2799 3573; x_wconf 92' lang='lat' dir='ltr'><strong>cui</strong></span> <span class='ocrx_word' id='word_1_639' title='bbox 2826 3527 2909 3574; x_wconf 87' lang='lat' dir='ltr'><strong>est</strong></span> <span class='ocrx_word' id='word_1_640' title='bbox 2929 3519 3099 3590; x_wconf 82' lang='lat' dir='ltr'><strong>gloria</strong></span> <span class='ocrx_word' id='word_1_641' title='bbox 3124 3527 3177 3576; x_wconf 91' lang='lat' dir='ltr'><strong>et</strong></span> <span class='ocrx_word' id='word_1_642' title='bbox 3212 3519 3498 3590; x_wconf 88' lang='lat' dir='ltr'><strong>imperium</strong></span> 
     </span>
    </p>
   </div>
   <div class='ocr_carea' id='block_1_80' title="bbox 1911 3613 2792 3672">
    <p class='ocr_par' dir='ltr' id='par_1_80' title="bbox 1911 3613 2792 3672">
     <span class='ocr_line' id='line_1_80' title="bbox 1911 3613 2792 3672; baseline -0.003 -2"><span class='ocrx_word' id='word_1_643' title='bbox 1911 3616 1963 3670; x_wconf 89' lang='lat' dir='ltr'><strong>in</strong></span> <span class='ocrx_word' id='word_1_644' title='bbox 1997 3615 2194 3672; x_wconf 68' lang='lat' dir='ltr'><strong>saecula</strong></span> <span class='ocrx_word' id='word_1_645' title='bbox 2219 3614 2562 3671; x_wconf 70' lang='lat' dir='ltr'><strong>saaculorum.</strong></span> <span class='ocrx_word' id='word_1_646' title='bbox 2597 3613 2792 3668; x_wconf 85' lang='lat' dir='ltr'><strong>Amen.</strong></span> 
     </span>
    </p>
   </div>
   <div class='ocr_carea' id='block_1_81' title="bbox 2285 3703 3147 3779">
    <p class='ocr_par' dir='ltr' id='par_1_81' title="bbox 2285 3703 3147 3779">
     <span class='ocr_line' id='line_1_81' title="bbox 2285 3703 3147 3779; baseline -0.016 -7"><span class='ocrx_word' id='word_1_647' title='bbox 2285 3706 2644 3779; x_wconf 71' lang='lat'><strong>285-233</strong></span> <span class='ocrx_word' id='word_1_648' title='bbox 2674 3704 2964 3779; x_wconf 30' lang='lat' dir='ltr'><strong>neptunia</strong></span> <span class='ocrx_word' id='word_1_649' title='bbox 3002 3703 3147 3760; x_wconf 82' lang='lat' dir='ltr'><strong>xw.</strong></span> 
     </span>
    </p>
   </div>
   <div class='ocr_carea' id='block_1_82' title="bbox 1912 3776 3509 3849">
    <p class='ocr_par' dir='ltr' id='par_1_82' title="bbox 1912 3776 3509 3849">
     <span class='ocr_line' id='line_1_82' title="bbox 1912 3776 3509 3849; baseline -0.002 -15"><span class='ocrx_word' id='word_1_650' title='bbox 1912 3780 1986 3834; x_wconf 90' lang='lat' dir='ltr'><strong>De</strong></span> <span class='ocrx_word' id='word_1_651' title='bbox 2007 3793 2073 3834; x_wconf 90' lang='lat' dir='ltr'><strong>eo</strong></span> <span class='ocrx_word' id='word_1_652' title='bbox 2104 3778 2244 3848; x_wconf 86' lang='lat' dir='ltr'><strong>quod</strong></span> <span class='ocrx_word' id='word_1_653' title='bbox 2285 3776 2572 3847; x_wconf 52' lang='lat' dir='ltr'><strong>s—criptnnt&#39;</strong></span> <span class='ocrx_word' id='word_1_654' title='bbox 2589 3776 2668 3833; x_wconf 68' lang='lat' dir='ltr'><strong>est</strong></span> <span class='ocrx_word' id='word_1_655' title='bbox 2698 3795 2710 3830; x_wconf 90' lang='lat'><strong>:</strong></span> <span class='ocrx_word' id='word_1_656' title='bbox 2745 3776 2870 3830; x_wconf 85' lang='lat' dir='ltr'><strong>Cum</strong></span> <span class='ocrx_word' id='word_1_657' title='bbox 2895 3786 3065 3832; x_wconf 82' lang='lat' dir='ltr'><strong>autem</strong></span> <span class='ocrx_word' id='word_1_658' title='bbox 3105 3777 3302 3849; x_wconf 82' lang='lat' dir='ltr'><strong>impleti</strong></span> <span class='ocrx_word' id='word_1_659' title='bbox 3340 3787 3509 3831; x_wconf 83' lang='lat' dir='ltr'><strong>essent</strong></span> 
     </span>
    </p>
   </div>
   <div class='ocr_carea' id='block_1_83' title="bbox 1981 3849 3507 3922">
    <p class='ocr_par' dir='ltr' id='par_1_83' title="bbox 1981 3849 3507 3922">
     <span class='ocr_line' id='line_1_83' title="bbox 1981 3849 3507 3922; baseline -0.001 -18"><span class='ocrx_word' id='word_1_660' title='bbox 1981 3852 2086 3904; x_wconf 85' lang='lat' dir='ltr'><strong>dies</strong></span> <span class='ocrx_word' id='word_1_661' title='bbox 2116 3851 2520 3904; x_wconf 85' lang='lat' dir='ltr'><strong>circumcisionis</strong></span> <span class='ocrx_word' id='word_1_662' title='bbox 2541 3853 2674 3922; x_wconf 79' lang='lat' dir='ltr'><strong>ejus,</strong></span> <span class='ocrx_word' id='word_1_663' title='bbox 2707 3864 2876 3919; x_wconf 89' lang='lat' dir='ltr'><strong>usque</strong></span> <span class='ocrx_word' id='word_1_664' title='bbox 2907 3849 2998 3922; x_wconf 26' lang='lat' dir='ltr'><strong>add</strong></span> <span class='ocrx_word' id='word_1_665' title='bbox 3017 3863 3140 3903; x_wconf 88' lang='lat' dir='ltr'><strong>eum</strong></span> <span class='ocrx_word' id='word_1_666' title='bbox 3189 3851 3364 3922; x_wconf 81' lang='lat' dir='ltr'><strong>locum</strong></span> <span class='ocrx_word' id='word_1_667' title='bbox 3417 3849 3507 3902; x_wconf 88' lang='lat' dir='ltr'><strong>ubi</strong></span> 
     </span>
    </p>
   </div>
   <div class='ocr_carea' id='block_1_84' title="bbox 1982 3919 3505 3992">
    <p class='ocr_par' dir='ltr' id='par_1_84' title="bbox 1982 3919 3505 3992">
     <span class='ocr_line' id='line_1_84' title="bbox 1982 3919 3505 3992; baseline -0.001 -16"><span class='ocrx_word' id='word_1_668' title='bbox 1982 3925 2090 3978; x_wconf 82' lang='lat' dir='ltr'><strong>ait:</strong></span> <span class='ocrx_word' id='word_1_669' title='bbox 2137 3922 2247 3976; x_wconf 86' lang='lat' dir='ltr'><strong>Par</strong></span> <span class='ocrx_word' id='word_1_670' title='bbox 2291 3919 2637 3976; x_wconf 44' lang='lat' dir='ltr'><strong>turturum&#39;et</strong></span> <span class='ocrx_word' id='word_1_671' title='bbox 2701 3921 2830 3974; x_wconf 76' lang='lat' dir='ltr'><strong>duos</strong></span> <span class='ocrx_word' id='word_1_672' title='bbox 2888 3919 3057 3992; x_wconf 87' lang='lat' dir='ltr'><strong>pullos</strong></span> <span class='ocrx_word' id='word_1_673' title='bbox 3125 3919 3505 3974; x_wconf 85' lang='lat' dir='ltr'><strong>columbarum.</strong></span> 
     </span>
    </p>
   </div>
   <div class='ocr_carea' id='block_1_85' title="bbox 1982 3993 2216 4067">
    <p class='ocr_par' dir='ltr' id='par_1_85' title="bbox 1982 3993 2216 4067">
     <span class='ocr_line' id='line_1_85' title="bbox 1982 3993 2216 4067; baseline 0 -18"><span class='ocrx_word' id='word_1_674' title='bbox 1982 3995 2116 4067; x_wconf 82' lang='lat' dir='ltr'><strong>Cap.</strong></span> <span class='ocrx_word' id='word_1_675' title='bbox 2153 3993 2216 4050; x_wconf 91' lang='lat' dir='ltr'><strong>ll.</strong></span> 
     </span>
    </p>
   </div>
   <div class='ocr_carea' id='block_1_86' title="bbox 1980 4085 3503 4160">
    <p class='ocr_par' dir='ltr' id='par_1_86' title="bbox 1980 4085 3503 4160">
     <span class='ocr_line' id='line_1_86' title="bbox 1980 4085 3503 4160; baseline -0.003 -16"><span class='ocrx_word' id='word_1_676' title='bbox 1980 4089 2132 4160; x_wconf 87' lang='lat' dir='ltr'><strong>Quod</strong></span> <span class='ocrx_word' id='word_1_677' title='bbox 2163 4098 2408 4146; x_wconf 90' lang='lat' dir='ltr'><strong>mortuus</strong></span> <span class='ocrx_word' id='word_1_678' title='bbox 2429 4097 2514 4145; x_wconf 88' lang='lat' dir='ltr'><strong>est</strong></span> <span class='ocrx_word' id='word_1_679' title='bbox 2538 4085 2806 4151; x_wconf 86' lang='lat' dir='ltr'><strong>Christus,</strong></span> <span class='ocrx_word' id='word_1_680' title='bbox 2843 4101 2940 4156; x_wconf 89' lang='lat' dir='ltr'><strong>pro</strong></span> <span class='ocrx_word' id='word_1_681' title='bbox 2991 4093 3213 4154; x_wconf 89' lang='lat' dir='ltr'><strong>peccato</strong></span> <span class='ocrx_word' id='word_1_682' title='bbox 3254 4094 3503 4140; x_wconf 87' lang='lat' dir='ltr'><strong>mortuus</strong></span> 
     </span>
    </p>
   </div>
   <div class='ocr_carea' id='block_1_87' title="bbox 1908 4178 3503 4254">
    <p class='ocr_par' dir='ltr' id='par_1_87' title="bbox 1908 4178 3503 4254">
     <span class='ocr_line' id='line_1_87' title="bbox 1908 4178 3503 4254; baseline -0.005 -12"><span class='ocrx_word' id='word_1_683' title='bbox 1908 4194 2014 4242; x_wconf 85' lang='lat' dir='ltr'><strong>est.</strong></span> <span class='ocrx_word' id='word_1_684' title='bbox 2048 4182 2162 4239; x_wconf 88' lang='lat' dir='ltr'><strong>Non</strong></span> <span class='ocrx_word' id='word_1_685' title='bbox 2186 4183 2310 4254; x_wconf 87' lang='lat' dir='ltr'><strong>quia</strong></span> <span class='ocrx_word' id='word_1_686' title='bbox 2330 4183 2446 4253; x_wconf 87' lang='lat' dir='ltr'><strong>ipse</strong></span> <span class='ocrx_word' id='word_1_687' title='bbox 2469 4180 2798 4252; x_wconf 84' lang='lat' dir='ltr'><strong>peccaverit,</strong></span> <span class='ocrx_word' id='word_1_688' title='bbox 2837 4193 3013 4248; x_wconf 90' lang='lat' dir='ltr'><strong>neque</strong></span> <span class='ocrx_word' id='word_1_689' title='bbox 3037 4178 3184 4234; x_wconf 89' lang='lat' dir='ltr'><strong>enim</strong></span> <span class='ocrx_word' id='word_1_690' title='bbox 3224 4189 3503 4249; x_wconf 87' lang='lat' dir='ltr'><strong>peccatum</strong></span> 
     </span>
    </p>
   </div>
   <div class='ocr_carea' id='block_1_88' title="bbox 1909 4270 3505 4344">
    <p class='ocr_par' dir='ltr' id='par_1_88' title="bbox 1909 4270 3505 4344">
     <span class='ocr_line' id='line_1_88' title="bbox 1909 4270 3505 4344; baseline -0.006 -10"><span class='ocrx_word' id='word_1_691' title='bbox 1909 4279 2058 4344; x_wconf 90' lang='lat' dir='ltr'><strong>fecit,</strong></span> <span class='ocrx_word' id='word_1_692' title='bbox 2088 4289 2188 4332; x_wconf 90' lang='lat' dir='ltr'><strong>nec</strong></span> <span class='ocrx_word' id='word_1_693' title='bbox 2219 4275 2471 4330; x_wconf 89' lang='lat' dir='ltr'><strong>inventus</strong></span> <span class='ocrx_word' id='word_1_694' title='bbox 2500 4282 2583 4329; x_wconf 88' lang='lat' dir='ltr'><strong>est</strong></span> <span class='ocrx_word' id='word_1_695' title='bbox 2620 4272 2781 4328; x_wconf 91' lang='lat' dir='ltr'><strong>dolus</strong></span> <span class='ocrx_word' id='word_1_696' title='bbox 2807 4273 2858 4326; x_wconf 89' lang='lat' dir='ltr'><strong>in</strong></span> <span class='ocrx_word' id='word_1_697' title='bbox 2897 4285 2993 4327; x_wconf 89' lang='lat' dir='ltr'><strong>ore</strong></span> <span class='ocrx_word' id='word_1_698' title='bbox 3017 4270 3140 4342; x_wconf 85' lang='lat' dir='ltr'><strong>ejus</strong></span> <span class='ocrx_word' id='word_1_699' title='bbox 3167 4287 3181 4337; x_wconf 91' lang='lat'><strong>;</strong></span> <span class='ocrx_word' id='word_1_700' title='bbox 3231 4271 3326 4327; x_wconf 88' lang='lat' dir='ltr'><strong>sed</strong></span> <span class='ocrx_word' id='word_1_701' title='bbox 3355 4285 3505 4326; x_wconf 89' lang='lat' dir='ltr'><strong>mor-</strong></span> 
     </span>
    </p>
   </div>
   <div class='ocr_carea' id='block_1_89' title="bbox 1910 4363 3504 4440">
    <p class='ocr_par' dir='ltr' id='par_1_89' title="bbox 1910 4363 3504 4440">
     <span class='ocr_line' id='line_1_89' title="bbox 1910 4363 3504 4440; baseline -0.003 -14"><span class='ocrx_word' id='word_1_702' title='bbox 1910 4380 2032 4427; x_wconf 90' lang='lat' dir='ltr'><strong>tuus</strong></span> <span class='ocrx_word' id='word_1_703' title='bbox 2053 4378 2155 4438; x_wconf 90' lang='lat' dir='ltr'><strong>est,</strong></span> <span class='ocrx_word' id='word_1_704' title='bbox 2183 4378 2240 4424; x_wconf 93' lang='lat' dir='ltr'><strong>ut</strong></span> <span class='ocrx_word' id='word_1_705' title='bbox 2266 4383 2362 4424; x_wconf 91' lang='lat' dir='ltr'><strong>nos</strong></span> <span class='ocrx_word' id='word_1_706' title='bbox 2385 4367 2475 4440; x_wconf 89' lang='lat' dir='ltr'><strong>qui</strong></span> <span class='ocrx_word' id='word_1_707' title='bbox 2504 4367 2700 4423; x_wconf 87' lang='lat' dir='ltr'><strong>mortui</strong></span> <span class='ocrx_word' id='word_1_708' title='bbox 2723 4379 2932 4434; x_wconf 90' lang='lat' dir='ltr'><strong>sumus,</strong></span> <span class='ocrx_word' id='word_1_709' title='bbox 2958 4363 3049 4421; x_wconf 91' lang='lat' dir='ltr'><strong>illo</strong></span> <span class='ocrx_word' id='word_1_710' title='bbox 3074 4367 3346 4422; x_wconf 88' lang='lat' dir='ltr'><strong>moriente</strong></span> <span class='ocrx_word' id='word_1_711' title='bbox 3377 4382 3504 4437; x_wconf 90' lang='lat' dir='ltr'><strong>pec-</strong></span> 
     </span>
    </p>
   </div>
   <div class='ocr_carea' id='block_1_90' title="bbox 1909 4459 3501 4535">
    <p class='ocr_par' dir='ltr' id='par_1_90' title="bbox 1909 4459 3501 4535">
     <span class='ocr_line' id='line_1_90' title="bbox 1909 4459 3501 4535; baseline -0.005 -13"><span class='ocrx_word' id='word_1_712' title='bbox 1909 4467 2064 4530; x_wconf 85' lang='lat' dir='ltr'><strong>catis.</strong></span> <span class='ocrx_word' id='word_1_713' title='bbox 2094 4478 2436 4535; x_wconf 84' lang='lat' dir='ltr'><strong>nequaquam</strong></span> <span class='ocrx_word' id='word_1_714' title='bbox 2468 4470 2692 4533; x_wconf 85' lang='lat' dir='ltr'><strong>peccato</strong></span> <span class='ocrx_word' id='word_1_715' title='bbox 2724 4470 2782 4518; x_wconf 89' lang='lat' dir='ltr'><strong>et</strong></span> <span class='ocrx_word' id='word_1_716' title='bbox 2811 4459 2958 4515; x_wconf 90' lang='lat' dir='ltr'><strong>vitiis</strong></span> <span class='ocrx_word' id='word_1_717' title='bbox 2984 4461 3293 4518; x_wconf 83' lang='lat' dir='ltr'><strong>viveremus</strong></span> <span class='ocrx_word' id='word_1_718' title='bbox 3317 4461 3501 4531; x_wconf 85' lang='lat' dir='ltr'><strong>(Rom.</strong></span> 
     </span>
    </p>
   </div>
   <div class='ocr_carea' id='block_1_91' title="bbox 1909 4554 3504 4630">
    <p class='ocr_par' dir='ltr' id='par_1_91' title="bbox 1909 4554 3504 4630">
     <span class='ocr_line' id='line_1_91' title="bbox 1909 4554 3504 4630; baseline -0.001 -20"><span class='ocrx_word' id='word_1_719' title='bbox 1909 4560 2016 4630; x_wconf 82' lang='lat' dir='ltr'><strong>vt).</strong></span> <span class='ocrx_word' id='word_1_720' title='bbox 2051 4559 2204 4615; x_wconf 85' lang='lat' dir='ltr'><strong>Unde</strong></span> <span class='ocrx_word' id='word_1_721' title='bbox 2233 4557 2486 4613; x_wconf 87' lang='lat' dir='ltr'><strong>scribitur</strong></span> <span class='ocrx_word' id='word_1_722' title='bbox 2517 4574 2528 4610; x_wconf 90' lang='lat'>:</span> <span class='ocrx_word' id='word_1_723' title='bbox 2571 4556 2727 4612; x_wconf 89' lang='lat' dir='ltr'><strong>Sicut</strong></span> <span class='ocrx_word' id='word_1_724' title='bbox 2757 4555 2921 4626; x_wconf 87' lang='lat' dir='ltr'><strong>igitur</strong></span> <span class='ocrx_word' id='word_1_725' title='bbox 2947 4554 3275 4610; x_wconf 87' lang='lat' dir='ltr'><strong>commortui</strong></span> <span class='ocrx_word' id='word_1_726' title='bbox 3314 4569 3504 4609; x_wconf 78' lang='lat' dir='ltr'><strong>sumtis</strong></span> 
     </span>
    </p>
   </div>
   <div class='ocr_carea' id='block_1_92' title="bbox 231 4636 3502 4722">
    <p class='ocr_par' dir='ltr' id='par_1_92' title="bbox 231 4636 3502 4722">
     <span class='ocr_line' id='line_1_92' title="bbox 231 4636 3502 4722; baseline 0.002 -25"><span class='ocrx_word' id='word_1_727' title='bbox 231 4660 432 4702; x_wconf 85' lang='lat' dir='ltr'><strong>rursus:</strong></span> <span class='ocrx_word' id='word_1_728' title='bbox 486 4647 661 4702; x_wconf 81' lang='lat' dir='ltr'><strong>Habes</strong></span> <span class='ocrx_word' id='word_1_729' title='bbox 700 4647 772 4701; x_wconf 87' lang='lat' dir='ltr'><strong>ibi</strong></span> <span class='ocrx_word' id='word_1_730' title='bbox 795 4646 884 4718; x_wconf 83' lang='lat' dir='ltr'><strong>qui</strong></span> <span class='ocrx_word' id='word_1_731' title='bbox 912 4646 1201 4702; x_wconf 84' lang='lat' dir='ltr'><strong>doctrinam</strong></span> <span class='ocrx_word' id='word_1_732' title='bbox 1253 4647 1638 4706; x_wconf 83' lang='lat' dir='ltr'><strong>Nicolaitarum</strong></span> <span class='ocrx_word' id='word_1_733' title='bbox 1695 4655 1796 4710; x_wconf 84' lang='lat' dir='ltr'><strong>do-</strong></span> <span class='ocrx_word' id='word_1_734' title='bbox 1831 4636 1886 4696; x_wconf 85' lang='grc' dir='ltr'>Ῑ)</span> <span class='ocrx_word' id='word_1_735' title='bbox 1915 4664 2038 4710; x_wconf 80' lang='lat' dir='ltr'><strong>tunc</strong></span> <span class='ocrx_word' id='word_1_736' title='bbox 2068 4654 2162 4708; x_wconf 91' lang='lat' dir='ltr'><strong>illo</strong></span> <span class='ocrx_word' id='word_1_737' title='bbox 2218 4651 2506 4719; x_wconf 88' lang='lat' dir='ltr'><strong>moriente,</strong></span> <span class='ocrx_word' id='word_1_738' title='bbox 2563 4659 2618 4705; x_wconf 92' lang='lat' dir='ltr'><strong>et</strong></span> <span class='ocrx_word' id='word_1_739' title='bbox 2667 4650 3112 4705; x_wconf 78' lang='lat' dir='ltr'><strong>consurreximus</strong></span> <span class='ocrx_word' id='word_1_740' title='bbox 3146 4651 3454 4722; x_wconf 78' lang='lat' dir='ltr'><strong>resurgenti</strong></span> <span class='ocrx_word' id='word_1_741' title='bbox 3489 4670 3502 4705; x_wconf 89' lang='lat'><strong>:</strong></span> 
     </span>
    </p>
   </div>
   <div class='ocr_carea' id='block_1_93' title="bbox 235 4729 1804 4820">
    <p class='ocr_par' dir='ltr' id='par_1_93' title="bbox 235 4729 1804 4820">
     <span class='ocr_line' id='line_1_93' title="bbox 235 4729 1804 4820; baseline 0.009 -28"><span class='ocrx_word' id='word_1_742' title='bbox 235 4740 395 4811; x_wconf 78' lang='lat' dir='ltr'><strong>ceant(</strong></span> <span class='ocrx_word' id='word_1_743' title='bbox 416 4741 574 4813; x_wconf 79' lang='lat' dir='ltr'><strong>Apoc.</strong></span> <span class='ocrx_word' id='word_1_744' title='bbox 606 4740 685 4811; x_wconf 85' lang='grc' dir='ltr'><strong>ιι)</strong></span> <span class='ocrx_word' id='word_1_745' title='bbox 711 4758 724 4795; x_wconf 89' lang='lat'><strong>:</strong></span> <span class='ocrx_word' id='word_1_746' title='bbox 757 4755 820 4796; x_wconf 92' lang='lat' dir='ltr'><strong>ac</strong></span> <span class='ocrx_word' id='word_1_747' title='bbox 845 4739 1041 4798; x_wconf 88' lang='lat' dir='ltr'><strong>deinde</strong></span> <span class='ocrx_word' id='word_1_748' title='bbox 1072 4740 1237 4798; x_wconf 76' lang='lat' dir='ltr'><strong>habes</strong></span> <span class='ocrx_word' id='word_1_749' title='bbox 1267 4743 1357 4798; x_wconf 83' lang='lat' dir='ltr'><strong>illa</strong></span> <span class='ocrx_word' id='word_1_750' title='bbox 1387 4745 1481 4802; x_wconf 90' lang='lat' dir='ltr'><strong>vel</strong></span> <span class='ocrx_word' id='word_1_751' title='bbox 1533 4747 1623 4802; x_wconf 87' lang='lat' dir='ltr'><strong>illa</strong></span> <span class='ocrx_word' id='word_1_752' title='bbox 1651 4729 1804 4820; x_wconf 73' lang='grc' dir='ltr'><strong>’ρος-</strong></span> 
     </span>
    </p>
   </div>
   <div class='ocr_carea' id='block_1_94' title="bbox 237 4833 1798 4908">
    <p class='ocr_par' dir='ltr' id='par_1_94' title="bbox 237 4833 1798 4908">
     <span class='ocr_line' id='line_1_94' title="bbox 237 4833 1798 4908; baseline 0.01 -24"><span class='ocrx_word' id='word_1_753' title='bbox 237 4840 333 4885; x_wconf 66' lang='lat' dir='ltr'><strong>cata</strong></span> <span class='ocrx_word' id='word_1_754' title='bbox 359 4833 642 4902; x_wconf 79' lang='lat' dir='ltr'><strong>facientes,</strong></span> <span class='ocrx_word' id='word_1_755' title='bbox 676 4841 733 4890; x_wconf 90' lang='lat' dir='ltr'><strong>et</strong></span> <span class='ocrx_word' id='word_1_756' title='bbox 754 4845 1082 4891; x_wconf 81' lang='lat' dir='ltr'><strong>accusantur</strong></span> <span class='ocrx_word' id='word_1_757' title='bbox 1107 4837 1303 4907; x_wconf 80' lang='lat' dir='ltr'><strong>angeli,</strong></span> <span class='ocrx_word' id='word_1_758' title='bbox 1337 4837 1532 4908; x_wconf 89' lang='lat' dir='ltr'><strong>quibus</strong></span> <span class='ocrx_word' id='word_1_759' title='bbox 1564 4843 1798 4900; x_wconf 60' lang='lat' dir='ltr'><strong>credita</strong></span> 
     </span>
    </p>
   </div>
   <div class='ocr_carea' id='block_1_95' title="bbox 237 4929 1801 5008">
    <p class='ocr_par' dir='ltr' id='par_1_95' title="bbox 237 4929 1801 5008">
     <span class='ocr_line' id='line_1_95' title="bbox 237 4929 1801 5008; baseline 0.01 -29"><span class='ocrx_word' id='word_1_760' title='bbox 237 4937 342 4983; x_wconf 87' lang='lat' dir='ltr'><strong>sunt</strong></span> <span class='ocrx_word' id='word_1_761' title='bbox 391 4929 666 4988; x_wconf 68' lang='lat' dir='ltr'><strong>Ecclesiae.</strong></span> <span class='ocrx_word' id='word_1_762' title='bbox 706 4929 765 4986; x_wconf 89' lang='lat' dir='ltr'><strong>Si</strong></span> <span class='ocrx_word' id='word_1_763' title='bbox 814 4938 994 4986; x_wconf 87' lang='lat' dir='ltr'><strong>autem</strong></span> <span class='ocrx_word' id='word_1_764' title='bbox 1047 4931 1251 5002; x_wconf 82' lang='lat' dir='ltr'><strong>angelis</strong></span> <span class='ocrx_word' id='word_1_765' title='bbox 1321 4933 1630 4993; x_wconf 88' lang='lat' dir='ltr'><strong>sollicitudo</strong></span> <span class='ocrx_word' id='word_1_766' title='bbox 1686 4949 1801 5008; x_wconf 86' lang='lat' dir='ltr'><strong>est,</strong></span> 
     </span>
    </p>
   </div>
   <div class='ocr_carea' id='block_1_96' title="bbox 238 5024 1801 5098">
    <p class='ocr_par' dir='ltr' id='par_1_96' title="bbox 238 5024 1801 5098">
     <span class='ocr_line' id='line_1_96' title="bbox 238 5024 1801 5098; baseline 0.01 -24"><span class='ocrx_word' id='word_1_767' title='bbox 238 5024 479 5090; x_wconf 83' lang='lat' dir='ltr'><strong>quomodo</strong></span> <span class='ocrx_word' id='word_1_768' title='bbox 507 5025 766 5082; x_wconf 79' lang='lat' dir='ltr'><strong>Ecclesiae</strong></span> <span class='ocrx_word' id='word_1_769' title='bbox 793 5024 1184 5095; x_wconf 86' lang='lat' dir='ltr'><strong>gubernentur,</strong></span> <span class='ocrx_word' id='word_1_770' title='bbox 1213 5027 1341 5098; x_wconf 89' lang='lat' dir='ltr'><strong>quid</strong></span> <span class='ocrx_word' id='word_1_771' title='bbox 1366 5044 1592 5088; x_wconf 89' lang='lat' dir='ltr'><strong>necesse</strong></span> <span class='ocrx_word' id='word_1_772' title='bbox 1619 5043 1704 5087; x_wconf 88' lang='lat' dir='ltr'><strong>est</strong></span> <span class='ocrx_word' id='word_1_773' title='bbox 1732 5035 1801 5090; x_wconf 89' lang='lat' dir='ltr'><strong>de</strong></span> 
     </span>
    </p>
   </div>
   <div class='ocr_carea' id='block_1_97' title="bbox 240 5109 1804 5196">
    <p class='ocr_par' dir='ltr' id='par_1_97' title="bbox 240 5109 1804 5196">
     <span class='ocr_line' id='line_1_97' title="bbox 240 5109 1804 5196; baseline 0.01 -31"><span class='ocrx_word' id='word_1_774' title='bbox 240 5109 521 5173; x_wconf 84' lang='lat' dir='ltr'><strong>hominibus</strong></span> <span class='ocrx_word' id='word_1_775' title='bbox 550 5117 758 5185; x_wconf 88' lang='lat' dir='ltr'><strong>dicere,</strong></span> <span class='ocrx_word' id='word_1_776' title='bbox 788 5127 1050 5188; x_wconf 76' lang='lat' dir='ltr'><strong>quantum</strong></span> <span class='ocrx_word' id='word_1_777' title='bbox 1077 5127 1282 5174; x_wconf 86' lang='lat' dir='ltr'><strong>metum</strong></span> <span class='ocrx_word' id='word_1_778' title='bbox 1309 5120 1564 5186; x_wconf 81' lang='lat' dir='ltr'><strong>habeant,</strong></span> <span class='ocrx_word' id='word_1_779' title='bbox 1590 5133 1651 5179; x_wconf 83' lang='lat' dir='ltr'><strong>ut</strong></span> <span class='ocrx_word' id='word_1_780' title='bbox 1675 5141 1804 5196; x_wconf 80' lang='lat' dir='ltr'><strong>pos-</strong></span> 
     </span>
    </p>
   </div>
   <div class='ocr_carea' id='block_1_98' title="bbox 239 5204 1804 5284">
    <p class='ocr_par' dir='ltr' id='par_1_98' title="bbox 239 5204 1804 5284">
     <span class='ocr_line' id='line_1_98' title="bbox 239 5204 1804 5284; baseline 0.013 -26"><span class='ocrx_word' id='word_1_781' title='bbox 239 5204 329 5262; x_wconf 85' lang='lat' dir='ltr'><strong>sint</strong></span> <span class='ocrx_word' id='word_1_782' title='bbox 352 5223 468 5266; x_wconf 84' lang='lat' dir='ltr'><strong>cum</strong></span> <span class='ocrx_word' id='word_1_783' title='bbox 519 5209 732 5284; x_wconf 89' lang='lat' dir='ltr'><strong>angelis</strong></span> <span class='ocrx_word' id='word_1_784' title='bbox 789 5210 1167 5268; x_wconf 81' lang='lat' dir='ltr'><strong>laborantibus</strong></span> <span class='ocrx_word' id='word_1_785' title='bbox 1213 5212 1526 5270; x_wconf 87' lang='lat' dir='ltr'><strong>laborantes</strong></span> <span class='ocrx_word' id='word_1_786' title='bbox 1573 5218 1804 5278; x_wconf 88' lang='lat' dir='ltr'><strong>salutem</strong></span> 
     </span>
    </p>
   </div>
   <div class='ocr_carea' id='block_1_99' title="bbox 302 5411 1795 5484">
    <p class='ocr_par' dir='ltr' id='par_1_99' title="bbox 302 5411 1795 5484">
     <span class='ocr_line' id='line_1_99' title="bbox 302 5411 1795 5484; baseline 0.002 -15"><span class='ocrx_word' id='word_1_787' title='bbox 302 5421 322 5447; x_wconf 71' lang='grc' dir='ltr'><strong><em>λ</em></strong></span> <span class='ocrx_word' id='word_1_788' title='bbox 355 5413 732 5471; x_wconf 85' lang='lat' dir='ltr'><strong>Genebrardns</strong></span> <span class='ocrx_word' id='word_1_789' title='bbox 759 5414 870 5469; x_wconf 89' lang='lat' dir='ltr'><strong>ait:</strong></span> <span class='ocrx_word' id='word_1_790' title='bbox 907 5411 1058 5484; x_wconf 83' lang='lat' dir='ltr'><strong>Legit</strong></span> <span class='ocrx_word' id='word_1_791' title='bbox 1077 5426 1208 5484; x_wconf 80' lang='lat' dir='ltr'><strong>ergo</strong></span> <span class='ocrx_word' id='word_1_792' title='bbox 1235 5412 1501 5484; x_wconf 83' lang='lat' dir='ltr'><strong>Origenes</strong></span> <span class='ocrx_word' id='word_1_793' title='bbox 1528 5430 1652 5471; x_wconf 87' lang='lat' dir='ltr'><strong>eum</strong></span> <span class='ocrx_word' id='word_1_794' title='bbox 1684 5416 1795 5472; x_wconf 78' lang='lat' dir='ltr'><strong>La-</strong></span> 
     </span>
    </p>
   </div>
   <div class='ocr_carea' id='block_1_100' title="bbox 244 5482 1794 5551">
    <p class='ocr_par' dir='ltr' id='par_1_100' title="bbox 244 5482 1794 5551">
     <span class='ocr_line' id='line_1_100' title="bbox 244 5482 1794 5551; baseline 0.005 -15"><span class='ocrx_word' id='word_1_795' title='bbox 244 5482 368 5549; x_wconf 86' lang='lat' dir='ltr'><strong>tinis,</strong></span> <span class='ocrx_word' id='word_1_796' title='bbox 392 5486 530 5541; x_wconf 63' lang='lat' dir='ltr'><strong>bona</strong></span> <span class='ocrx_word' id='word_1_797' title='bbox 554 5487 852 5548; x_wconf 83' lang='lat' dir='ltr'><strong>voluntatis,</strong></span> <span class='ocrx_word' id='word_1_798' title='bbox 887 5482 1075 5539; x_wconf 55' lang='lat' dir='ltr'><strong>non&#39;ut</strong></span> <span class='ocrx_word' id='word_1_799' title='bbox 1095 5482 1356 5551; x_wconf 68' lang='lat' dir='ltr'><strong>Grmculi,</strong></span> <span class='ocrx_word' id='word_1_800' title='bbox 1381 5487 1515 5540; x_wconf 83' lang='lat' dir='ltr'><strong>bona</strong></span> <span class='ocrx_word' id='word_1_801' title='bbox 1535 5490 1794 5546; x_wconf 87' lang='lat' dir='ltr'><strong>voluntas.</strong></span> 
     </span>
    </p>
   </div>
   <div class='ocr_carea' id='block_1_101' title="bbox 302 5555 1798 5631">
    <p class='ocr_par' dir='ltr' id='par_1_101' title="bbox 302 5555 1798 5631">
     <span class='ocr_line' id='line_1_101' title="bbox 302 5555 1798 5631; baseline 0.004 -20"><span class='ocrx_word' id='word_1_802' title='bbox 302 5555 325 5594; x_wconf 68' lang='grc' dir='ltr'><strong>ι)</strong></span> <span class='ocrx_word' id='word_1_803' title='bbox 351 5557 540 5631; x_wconf 80' lang='lat' dir='ltr'><strong>Demus</strong></span> <span class='ocrx_word' id='word_1_804' title='bbox 564 5558 875 5614; x_wconf 78' lang='lat' dir='ltr'><strong>Adamantii</strong></span> <span class='ocrx_word' id='word_1_805' title='bbox 904 5556 1142 5627; x_wconf 88' lang='lat' dir='ltr'><strong>ingenio,</strong></span> <span class='ocrx_word' id='word_1_806' title='bbox 1176 5558 1320 5631; x_wconf 77' lang='lat' dir='ltr'><strong>quod</strong></span> <span class='ocrx_word' id='word_1_807' title='bbox 1346 5559 1414 5612; x_wconf 84' lang='lat' dir='ltr'><strong>ita</strong></span> <span class='ocrx_word' id='word_1_808' title='bbox 1441 5560 1798 5631; x_wconf 82' lang='lat' dir='ltr'><strong>Apocalypsis</strong></span> 
     </span>
    </p>
   </div>
   <div class='ocr_carea' id='block_1_102' title="bbox 245 5628 1804 5700">
    <p class='ocr_par' dir='ltr' id='par_1_102' title="bbox 245 5628 1804 5700">
     <span class='ocr_line' id='line_1_102' title="bbox 245 5628 1804 5700; baseline 0.004 -19"><span class='ocrx_word' id='word_1_809' title='bbox 245 5639 346 5700; x_wconf 80' lang='lat' dir='ltr'><strong>cap.</strong></span> <span class='ocrx_word' id='word_1_810' title='bbox 368 5630 421 5683; x_wconf 84' lang='lat' dir='ltr'><strong>lt</strong></span> <span class='ocrx_word' id='word_1_811' title='bbox 452 5632 620 5685; x_wconf 80' lang='lat' dir='ltr'><strong>locum</strong></span> <span class='ocrx_word' id='word_1_812' title='bbox 655 5632 1068 5700; x_wconf 86' lang='lat' dir='ltr'><strong>interpretetur,</strong></span> <span class='ocrx_word' id='word_1_813' title='bbox 1083 5638 1135 5682; x_wconf 88' lang='lat' dir='ltr'><strong>et</strong></span> <span class='ocrx_word' id='word_1_814' title='bbox 1152 5628 1424 5698; x_wconf 83' lang='lat' dir='ltr'><strong>geminum</strong></span> <span class='ocrx_word' id='word_1_815' title='bbox 1453 5628 1681 5700; x_wconf 77' lang='lat' dir='ltr'><strong>singulis</strong></span> <span class='ocrx_word' id='word_1_816' title='bbox 1702 5633 1804 5688; x_wconf 88' lang='lat' dir='ltr'><strong>Ec-</strong></span> 
     </span>
    </p>
   </div>
   <div class='ocr_carea' id='block_1_103' title="bbox 247 5699 1793 5773">
    <p class='ocr_par' dir='ltr' id='par_1_103' title="bbox 247 5699 1793 5773">
     <span class='ocr_line' id='line_1_103' title="bbox 247 5699 1793 5773; baseline 0.004 -21"><span class='ocrx_word' id='word_1_817' title='bbox 247 5699 402 5773; x_wconf 80' lang='lat' dir='ltr'><strong>clesiis</strong></span> <span class='ocrx_word' id='word_1_818' title='bbox 441 5701 747 5773; x_wconf 85' lang='lat' dir='ltr'><strong>episcopum</strong></span> <span class='ocrx_word' id='word_1_819' title='bbox 806 5699 1054 5770; x_wconf 88' lang='lat' dir='ltr'><strong>deputet,</strong></span> <span class='ocrx_word' id='word_1_820' title='bbox 1100 5701 1329 5773; x_wconf 86' lang='lat' dir='ltr'><strong>alterum</strong></span> <span class='ocrx_word' id='word_1_821' title='bbox 1383 5699 1793 5773; x_wconf 77' lang='lat' dir='ltr'><strong>aspectabilem,</strong></span> 
     </span>
    </p>
   </div>
   <div class='ocr_carea' id='block_1_104' title="bbox 249 5771 1801 5844">
    <p class='ocr_par' dir='ltr' id='par_1_104' title="bbox 249 5771 1801 5844">
     <span class='ocr_line' id='line_1_104' title="bbox 249 5771 1801 5844; baseline 0.003 -18"><span class='ocrx_word' id='word_1_822' title='bbox 249 5771 448 5844; x_wconf 62' lang='lat' dir='ltr'><strong>alterum</strong></span> <span class='ocrx_word' id='word_1_823' title='bbox 472 5771 567 5829; x_wconf 79' lang='lat' dir='ltr'><strong>sub</strong></span> <span class='ocrx_word' id='word_1_824' title='bbox 594 5771 789 5830; x_wconf 78' lang='lat' dir='ltr'><strong>oculos</strong></span> <span class='ocrx_word' id='word_1_825' title='bbox 811 5774 1123 5844; x_wconf 83' lang='lat' dir='ltr'><strong>neutiquam</strong></span> <span class='ocrx_word' id='word_1_826' title='bbox 1151 5771 1466 5844; x_wconf 68' lang='lat' dir='ltr'><strong>cadentem,</strong></span> <span class='ocrx_word' id='word_1_827' title='bbox 1491 5771 1801 5844; x_wconf 49' lang='lat' dir='ltr'><strong>quodjiinfe;</strong></span> 
     </span>
    </p>
   </div>
   <div class='ocr_carea' id='block_1_105' title="bbox 252 5841 1791 5919">
    <p class='ocr_par' dir='ltr' id='par_1_105' title="bbox 252 5841 1791 5919">
     <span class='ocr_line' id='line_1_105' title="bbox 252 5841 1791 5919; baseline 0.005 -24"><span class='ocrx_word' id='word_1_828' title='bbox 252 5842 345 5896; x_wconf 82' lang='lat' dir='ltr'><strong>rius</strong></span> <span class='ocrx_word' id='word_1_829' title='bbox 369 5841 553 5900; x_wconf 81' lang='lat' dir='ltr'><strong>Homil.</strong></span> <span class='ocrx_word' id='word_1_830' title='bbox 581 5846 652 5903; x_wconf 71' lang='lat'><strong>23</strong></span> <span class='ocrx_word' id='word_1_831' title='bbox 681 5845 948 5918; x_wconf 84' lang='lat' dir='ltr'><strong>replicat:</strong></span> <span class='ocrx_word' id='word_1_832' title='bbox 978 5841 1030 5898; x_wconf 86' lang='lat' dir='ltr'><strong>at</strong></span> <span class='ocrx_word' id='word_1_833' title='bbox 1061 5842 1193 5898; x_wconf 87' lang='lat' dir='ltr'><strong>illttd</strong></span> <span class='ocrx_word' id='word_1_834' title='bbox 1241 5844 1331 5916; x_wconf 91' lang='lat' dir='ltr'><strong>pio</strong></span> <span class='ocrx_word' id='word_1_835' title='bbox 1361 5841 1656 5919; x_wconf 70' lang='lat' dir='ltr'><strong>unicuique</strong></span> <span class='ocrx_word' id='word_1_836' title='bbox 1702 5861 1791 5903; x_wconf 86' lang='lat' dir='ltr'><strong>re-</strong></span> 
     </span>
    </p>
   </div>
   <div class='ocr_carea' id='block_1_106' title="bbox 1907 4743 3504 4813">
    <p class='ocr_par' dir='ltr' id='par_1_106' title="bbox 1907 4743 3504 4813">
     <span class='ocr_line' id='line_1_106' title="bbox 1907 4743 3504 4813; baseline -0.003 -9"><span class='ocrx_word' id='word_1_837' title='bbox 1907 4749 1988 4804; x_wconf 90' lang='lat' dir='ltr'><strong>sic</strong></span> <span class='ocrx_word' id='word_1_838' title='bbox 2007 4763 2129 4802; x_wconf 89' lang='lat' dir='ltr'><strong>cum</strong></span> <span class='ocrx_word' id='word_1_839' title='bbox 2150 4761 2217 4804; x_wconf 88' lang='lat' dir='ltr'><strong>eo</strong></span> <span class='ocrx_word' id='word_1_840' title='bbox 2235 4745 2538 4802; x_wconf 83' lang='lat' dir='ltr'><strong>circumcisi</strong></span> <span class='ocrx_word' id='word_1_841' title='bbox 2563 4758 2771 4811; x_wconf 88' lang='lat' dir='ltr'><strong>sumus,</strong></span> <span class='ocrx_word' id='word_1_842' title='bbox 2797 4753 2854 4799; x_wconf 88' lang='lat' dir='ltr'><strong>et</strong></span> <span class='ocrx_word' id='word_1_843' title='bbox 2878 4753 3002 4813; x_wconf 87' lang='lat' dir='ltr'><strong>post</strong></span> <span class='ocrx_word' id='word_1_844' title='bbox 3033 4743 3504 4802; x_wconf 83' lang='lat' dir='ltr'><strong>circumcisionem</strong></span> 
     </span>
    </p>
   </div>
   <div class='ocr_carea' id='block_1_107' title="bbox 1910 4836 3501 4910">
    <p class='ocr_par' dir='ltr' id='par_1_107' title="bbox 1910 4836 3501 4910">
     <span class='ocr_line' id='line_1_107' title="bbox 1910 4836 3501 4910; baseline -0.003 -13"><span class='ocrx_word' id='word_1_845' title='bbox 1910 4841 2141 4898; x_wconf 89' lang='lat' dir='ltr'><strong>solemni</strong></span> <span class='ocrx_word' id='word_1_846' title='bbox 2168 4839 2491 4910; x_wconf 88' lang='lat' dir='ltr'><strong>purgatione</strong></span> <span class='ocrx_word' id='word_1_847' title='bbox 2518 4836 2783 4892; x_wconf 71' lang='lat' dir='ltr'><strong>mandati.</strong></span> <span class='ocrx_word' id='word_1_848' title='bbox 2812 4836 2969 4893; x_wconf 88' lang='lat' dir='ltr'><strong>Unde</strong></span> <span class='ocrx_word' id='word_1_849' title='bbox 3009 4850 3114 4892; x_wconf 88' lang='lat' dir='ltr'><strong>non</strong></span> <span class='ocrx_word' id='word_1_850' title='bbox 3141 4836 3255 4906; x_wconf 87' lang='lat' dir='ltr'><strong>jam</strong></span> <span class='ocrx_word' id='word_1_851' title='bbox 3292 4837 3501 4908; x_wconf 83' lang='lat' dir='ltr'><strong>indige-</strong></span> 
     </span>
    </p>
   </div>
   <div class='ocr_carea' id='block_1_108' title="bbox 1912 4929 3504 5000">
    <p class='ocr_par' dir='ltr' id='par_1_108' title="bbox 1912 4929 3504 5000">
     <span class='ocr_line' id='line_1_108' title="bbox 1912 4929 3504 5000; baseline -0.004 -9"><span class='ocrx_word' id='word_1_852' title='bbox 1912 4949 2032 4991; x_wconf 87' lang='lat' dir='ltr'><strong>mus</strong></span> <span class='ocrx_word' id='word_1_853' title='bbox 2059 4931 2475 4990; x_wconf 88' lang='lat' dir='ltr'><strong>circumcisione</strong></span> <span class='ocrx_word' id='word_1_854' title='bbox 2499 4929 2724 4986; x_wconf 86' lang='lat' dir='ltr'><strong>carnali.</strong></span> <span class='ocrx_word' id='word_1_855' title='bbox 2781 4930 2845 4985; x_wconf 83' lang='lat' dir='ltr'><strong>Et</strong></span> <span class='ocrx_word' id='word_1_856' title='bbox 2869 4939 2926 4984; x_wconf 93' lang='lat' dir='ltr'><strong>ut</strong></span> <span class='ocrx_word' id='word_1_857' title='bbox 2953 4929 3095 4985; x_wconf 88' lang='lat' dir='ltr'><strong>scias</strong></span> <span class='ocrx_word' id='word_1_858' title='bbox 3125 4940 3344 5000; x_wconf 83' lang='lat' dir='ltr'><strong>propter</strong></span> <span class='ocrx_word' id='word_1_859' title='bbox 3405 4944 3504 4986; x_wconf 91' lang='lat' dir='ltr'><strong>nos</strong></span> 
     </span>
    </p>
   </div>
   <div class='ocr_carea' id='block_1_109' title="bbox 1910 5023 3500 5094">
    <p class='ocr_par' dir='ltr' id='par_1_109' title="bbox 1910 5023 3500 5094">
     <span class='ocr_line' id='line_1_109' title="bbox 1910 5023 3500 5094; baseline -0.003 -10"><span class='ocrx_word' id='word_1_860' title='bbox 1910 5028 2080 5084; x_wconf 89' lang='lat' dir='ltr'><strong>fuisse</strong></span> <span class='ocrx_word' id='word_1_861' title='bbox 2126 5025 2277 5082; x_wconf 91' lang='lat' dir='ltr'><strong>illum</strong></span> <span class='ocrx_word' id='word_1_862' title='bbox 2325 5025 2726 5094; x_wconf 85' lang='lat' dir='ltr'><strong>circumcisum,</strong></span> <span class='ocrx_word' id='word_1_863' title='bbox 2785 5023 2908 5078; x_wconf 88' lang='lat' dir='ltr'><strong>audi</strong></span> <span class='ocrx_word' id='word_1_864' title='bbox 2967 5023 3187 5080; x_wconf 83' lang='lat' dir='ltr'><strong>Paulum</strong></span> <span class='ocrx_word' id='word_1_865' title='bbox 3239 5023 3500 5080; x_wconf 79' lang='lat' dir='ltr'><strong>manifes-</strong></span> 
     </span>
    </p>
   </div>
   <div class='ocr_carea' id='block_1_110' title="bbox 1913 5116 3500 5191">
    <p class='ocr_par' dir='ltr' id='par_1_110' title="bbox 1913 5116 3500 5191">
     <span class='ocr_line' id='line_1_110' title="bbox 1913 5116 3500 5191; baseline -0.004 -14"><span class='ocrx_word' id='word_1_866' title='bbox 1913 5122 2124 5177; x_wconf 87' lang='lat' dir='ltr'><strong>tissime</strong></span> <span class='ocrx_word' id='word_1_867' title='bbox 2154 5119 2561 5191; x_wconf 72' lang='lat' dir='ltr'><strong>prtedicantem.</strong></span> <span class='ocrx_word' id='word_1_868' title='bbox 2597 5117 2663 5171; x_wconf 85' lang='lat' dir='ltr'><strong>In</strong></span> <span class='ocrx_word' id='word_1_869' title='bbox 2689 5134 2792 5188; x_wconf 83' lang='lat' dir='ltr'><strong>quo</strong></span> <span class='ocrx_word' id='word_1_870' title='bbox 2817 5117 3037 5183; x_wconf 82' lang='lat' dir='ltr'><strong>habitat,</strong></span> <span class='ocrx_word' id='word_1_871' title='bbox 3079 5116 3276 5184; x_wconf 88' lang='lat' dir='ltr'><strong>inquit,</strong></span> <span class='ocrx_word' id='word_1_872' title='bbox 3333 5119 3500 5170; x_wconf 82' lang='lat' dir='ltr'><strong>omnis</strong></span> 
     </span>
    </p>
   </div>
   <div class='ocr_carea' id='block_1_111' title="bbox 1915 5207 3502 5288">
    <p class='ocr_par' dir='ltr' id='par_1_111' title="bbox 1915 5207 3502 5288">
     <span class='ocr_line' id='line_1_111' title="bbox 1915 5207 3502 5288; baseline -0.004 -18"><span class='ocrx_word' id='word_1_873' title='bbox 1915 5215 2181 5288; x_wconf 81' lang='lat' dir='ltr'><strong>plenitudo</strong></span> <span class='ocrx_word' id='word_1_874' title='bbox 2204 5213 2488 5269; x_wconf 86' lang='lat' dir='ltr'><strong>divinitatis</strong></span> <span class='ocrx_word' id='word_1_875' title='bbox 2539 5209 2902 5285; x_wconf 84' lang='lat' dir='ltr'><strong>corporaliter,</strong></span> <span class='ocrx_word' id='word_1_876' title='bbox 2963 5219 3008 5264; x_wconf 88' lang='lat' dir='ltr'><strong>et</strong></span> <span class='ocrx_word' id='word_1_877' title='bbox 3057 5209 3181 5264; x_wconf 85' lang='lat' dir='ltr'><strong>estis</strong></span> <span class='ocrx_word' id='word_1_878' title='bbox 3209 5209 3264 5262; x_wconf 87' lang='lat' dir='ltr'><strong>in</strong></span> <span class='ocrx_word' id='word_1_879' title='bbox 3295 5207 3388 5262; x_wconf 82' lang='lat' dir='ltr'><strong>illo</strong></span> <span class='ocrx_word' id='word_1_880' title='bbox 3417 5223 3502 5263; x_wconf 87' lang='lat' dir='ltr'><strong>re-</strong></span> 
     </span>
    </p>
   </div>
   <div class='ocr_carea' id='block_1_112' title="bbox 1905 5405 3500 5489">
    <p class='ocr_par' dir='ltr' id='par_1_112' title="bbox 1905 5405 3500 5489">
     <span class='ocr_line' id='line_1_112' title="bbox 1905 5405 3500 5489; baseline -0.008 -16"><span class='ocrx_word' id='word_1_881' title='bbox 1905 5416 2238 5489; x_wconf 88' lang='lat' dir='ltr'><strong>pudiandum</strong></span> <span class='ocrx_word' id='word_1_882' title='bbox 2267 5411 2493 5489; x_wconf 76' lang='lat' dir='ltr'><strong>omnino</strong></span> <span class='ocrx_word' id='word_1_883' title='bbox 2518 5420 2624 5475; x_wconf 88' lang='lat' dir='ltr'><strong>est,</strong></span> <span class='ocrx_word' id='word_1_884' title='bbox 2653 5417 2818 5478; x_wconf 85' lang='lat' dir='ltr'><strong>atque</strong></span> <span class='ocrx_word' id='word_1_885' title='bbox 2843 5422 2872 5461; x_wconf 70' lang='grc' dir='ltr'><strong>τι</strong></span> <span class='ocrx_word' id='word_1_886' title='bbox 2897 5406 3002 5489; x_wconf 78' lang='lat' dir='ltr'><strong>tida</strong></span> <span class='ocrx_word' id='word_1_887' title='bbox 3031 5407 3323 5489; x_wconf 73' lang='lat' dir='ltr'><strong>absonum,</strong></span> <span class='ocrx_word' id='word_1_888' title='bbox 3346 5405 3500 5489; x_wconf 68' lang='lat' dir='ltr'><strong>quod</strong></span> 
     </span>
    </p>
   </div>
   <div class='ocr_carea' id='block_1_113' title="bbox 1906 5477 3499 5562">
    <p class='ocr_par' dir='ltr' id='par_1_113' title="bbox 1906 5477 3499 5562">
     <span class='ocr_line' id='line_1_113' title="bbox 1906 5477 3499 5562; baseline -0.008 -17"><span class='ocrx_word' id='word_1_889' title='bbox 1906 5477 2068 5562; x_wconf 71' lang='lat' dir='ltr'><strong>paulo</strong></span> <span class='ocrx_word' id='word_1_890' title='bbox 2095 5496 2216 5558; x_wconf 87' lang='lat' dir='ltr'><strong>post</strong></span> <span class='ocrx_word' id='word_1_891' title='bbox 2233 5485 2443 5562; x_wconf 72' lang='lat' dir='ltr'><strong>subdit,</strong></span> <span class='ocrx_word' id='word_1_892' title='bbox 2467 5477 2782 5562; x_wconf 67' lang='lat' dir='ltr'><strong>frequenter</strong></span> <span class='ocrx_word' id='word_1_893' title='bbox 2799 5479 3217 5562; x_wconf 41' lang='lat' dir='ltr'><strong>evetiire‘bonos</strong></span> <span class='ocrx_word' id='word_1_894' title='bbox 3237 5477 3499 5532; x_wconf 88' lang='lat' dir='ltr'><strong>custodes</strong></span> 
     </span>
    </p>
   </div>
   <div class='ocr_carea' id='block_1_114' title="bbox 1905 5549 3496 5632">
    <p class='ocr_par' dir='ltr' id='par_1_114' title="bbox 1905 5549 3496 5632">
     <span class='ocr_line' id='line_1_114' title="bbox 1905 5549 3496 5632; baseline -0.009 -15"><span class='ocrx_word' id='word_1_895' title='bbox 1905 5549 2148 5632; x_wconf 70' lang='lat' dir='ltr'><strong>angelos,</strong></span> <span class='ocrx_word' id='word_1_896' title='bbox 2185 5558 2352 5632; x_wconf 71' lang='lat' dir='ltr'><strong>nobis</strong></span> <span class='ocrx_word' id='word_1_897' title='bbox 2374 5549 2772 5632; x_wconf 72' lang='lat' dir='ltr'><strong>laborantibus,</strong></span> <span class='ocrx_word' id='word_1_898' title='bbox 2799 5565 2956 5606; x_wconf 87' lang='lat' dir='ltr'><strong>suum</strong></span> <span class='ocrx_word' id='word_1_899' title='bbox 2988 5549 3228 5632; x_wconf 76' lang='lat' dir='ltr'><strong>officium</strong></span> <span class='ocrx_word' id='word_1_900' title='bbox 3257 5563 3367 5632; x_wconf 78' lang='lat' dir='ltr'><strong>non</strong></span> <span class='ocrx_word' id='word_1_901' title='bbox 3398 5565 3496 5603; x_wconf 70' lang='lat' dir='ltr'><strong>ex-</strong></span> 
     </span>
    </p>
   </div>
   <div class='ocr_carea' id='block_1_115' title="bbox 1943 5623 3492 5701">
    <p class='ocr_par' dir='ltr' id='par_1_115' title="bbox 1943 5623 3492 5701">
     <span class='ocr_line' id='line_1_115' title="bbox 1943 5623 3492 5701; baseline -0.008 -14"><span class='ocrx_word' id='word_1_902' title='bbox 1943 5623 2075 5701; x_wconf 46' lang='lat' dir='ltr'><strong>levre,</strong></span> <span class='ocrx_word' id='word_1_903' title='bbox 2106 5623 2160 5686; x_wconf 83' lang='lat' dir='ltr'><strong>et</strong></span> <span class='ocrx_word' id='word_1_904' title='bbox 2187 5631 2241 5683; x_wconf 90' lang='lat' dir='ltr'><strong>in</strong></span> <span class='ocrx_word' id='word_1_905' title='bbox 2270 5628 2428 5695; x_wconf 88' lang='lat' dir='ltr'><strong>culpa</strong></span> <span class='ocrx_word' id='word_1_906' title='bbox 2458 5640 2602 5701; x_wconf 75' lang='lat' dir='ltr'><strong>esse.</strong></span> <span class='ocrx_word' id='word_1_907' title='bbox 2639 5625 2770 5678; x_wconf 84' lang='lat' dir='ltr'><strong>Vide</strong></span> <span class='ocrx_word' id='word_1_908' title='bbox 2795 5639 2944 5701; x_wconf 34' lang='lat' dir='ltr'><strong>quem</strong></span> <span class='ocrx_word' id='word_1_909' title='bbox 2964 5631 3154 5701; x_wconf 80' lang='lat' dir='ltr'><strong>contra</strong></span> <span class='ocrx_word' id='word_1_910' title='bbox 3187 5623 3492 5701; x_wconf 77' lang='lat' dir='ltr'><strong>solemnem</strong></span> 
     </span>
    </p>
   </div>
   <div class='ocr_carea' id='block_1_116' title="bbox 1943 5691 3488 5773">
    <p class='ocr_par' dir='ltr' id='par_1_116' title="bbox 1943 5691 3488 5773">
     <span class='ocr_line' id='line_1_116' title="bbox 1943 5691 3488 5773; baseline -0.008 -15"><span class='ocrx_word' id='word_1_911' title='bbox 1943 5721 2044 5760; x_wconf 79' lang='lat' dir='ltr'><strong>nnc</strong></span> <span class='ocrx_word' id='word_1_912' title='bbox 2065 5691 2320 5773; x_wconf 70' lang='lat' dir='ltr'><strong>Origenis</strong></span> <span class='ocrx_word' id='word_1_913' title='bbox 2347 5691 2421 5773; x_wconf 67' lang='lat' dir='ltr'><strong>de</strong></span> <span class='ocrx_word' id='word_1_914' title='bbox 2444 5697 2761 5773; x_wconf 70' lang='lat' dir='ltr'><strong>angelorum</strong></span> <span class='ocrx_word' id='word_1_915' title='bbox 2790 5695 3030 5773; x_wconf 70' lang='lat' dir='ltr'><strong>lapsibus</strong></span> <span class='ocrx_word' id='word_1_916' title='bbox 3059 5691 3372 5764; x_wconf 80' lang='lat' dir='ltr'><strong>Opinionem</strong></span> <span class='ocrx_word' id='word_1_917' title='bbox 3405 5692 3488 5746; x_wconf 90' lang='lat' dir='ltr'><strong>in-</strong></span> 
     </span>
    </p>
   </div>
   <div class='ocr_carea' id='block_1_117' title="bbox 1908 5764 2948 5833">
    <p class='ocr_par' dir='ltr' id='par_1_117' title="bbox 1908 5764 2948 5833">
     <span class='ocr_line' id='line_1_117' title="bbox 1908 5764 2948 5833; baseline -0.015 1"><span class='ocrx_word' id='word_1_918' title='bbox 1908 5777 1994 5833; x_wconf 81' lang='lat' dir='ltr'><strong>ira</strong></span> <span class='ocrx_word' id='word_1_919' title='bbox 2023 5776 2088 5833; x_wconf 89' lang='lat' dir='ltr'><strong>ad</strong></span> <span class='ocrx_word' id='word_1_920' title='bbox 2121 5764 2319 5830; x_wconf 73' lang='lat' dir='ltr'><strong>llomil.</strong></span> <span class='ocrx_word' id='word_1_921' title='bbox 2354 5770 2425 5824; x_wconf 73' lang='lat'><strong>25</strong></span> <span class='ocrx_word' id='word_1_922' title='bbox 2447 5764 2948 5823; x_wconf 83' lang='lat' dir='ltr'><strong>animadvertimus.</strong></span> 
     </span>
    </p>
   </div>
  </div>
