3978 6338
434 292 541 347 ΞΠ

1707 285 1763 339 S.
1810 280 2082 338 EUSEBII
2124 278 2510 337 IllERONYMI

3634 280 3740 340 ειιε

436 407 584 477 pleti,
611 406 700 474 qui
737 413 810 459 est
843 412 1001 473 caput
1026 405 1194 458 omnis
1222 402 1547 473 principatus
1577 407 1626 452 et
1652 398 1944 469 potestatis,
1977 393 2030 448 in
2059 393 2115 455 Α
2138 407 2289 447 nemo
2304 393 2764 452 mundusasorde.
2790 394 2975 466 Neque
2996 395 3144 451 enim
3172 395 3405 461 idipsum
3429 395 3741 468 signiﬁcant

436 518 537 572 quo
565 508 612 553 et
639 498 926 552 circumcisi
956 498 1078 551 estis
1107 495 1499 551 circumcisione
1552 492 1664 546 sine
1694 490 1933 544 manibus
1985 488 2039 541 in

434 592 812 662 exspoliatione
833 591 1059 662 corporis
1089 592 1280 653 carnis,
1317 589 1371 642 in
1400 587 1789 640 circumcisione
1815 582 2032 649 Christi,

436 682 729 739 consenulti
758 682 805 735 ei
835 682 886 736 in
920 682 1246 753 baptismate,
1298 681 1349 733 in
1381 696 1484 748 quo
1523 689 1570 731 et
1616 678 2037 732 consurreximus

437 793 528 847 per
548 774 704 845 ﬁdem
733 773 1049 847 Operationis
1081 772 1199 833 Dei,
1250 773 1335 841 qui
1359 771 1625 826 suscitavit
1672 786 1786 823 eum
1818 785 1849 822 a
1900 786 2039 822 mor-

441 872 540 923 tuis
568 868 723 941 (Col.
758 882 827 931 ti.
870 867 934 922 Et
978 880 1126 920 ntors
1157 864 1343 936 igitur,
1370 873 1428 919 et
1473 861 1827 926 resurrectio,
1852 868 1909 914 et
1933 860 2039 914 cir-

437 961 698 1017 ClllllClslIt
730 962 868 1027 ejus,
902 974 1000 1029 pro
1039 957 1197 1012 nobis
1249 956 1403 1010 facta:
1452 964 1602 1011 sunt.
1633 952 1763 1007 Cum
1816 952 2036 1025 impleti,

439 1054 641 1122 inquit,
672 1064 832 1109 essent
883 1053 992 1107 dies
1046 1051 1447 1106 circuntcidendi
1504 1065 1740 1118 puerum,
1798 1054 2041 1100 uocatum

438 1147 606 1217 fuerat
629 1162 813 1199 nomen
840 1147 951 1217 ejus
979 1144 1156 1208 Jesus,
1188 1143 1326 1214 quod
1368 1151 1600 1196 vocatum
1643 1150 1716 1195 est
1746 1138 1811 1193 ab
1852 1137 2039 1209 angelo

440 1249 717 1310 antequam
769 1238 1146 1309 conciperetur.
1174 1235 1512 1291 Vocabulum
1565 1233 1693 1289 .lesu
1738 1231 2035 1302 gloriasum

438 1331 585 1385 omni
615 1328 865 1394 adorato,
912 1329 1171 1396 cultuque
1200 1325 1485 1396 appellari,
1538 1340 1713 1395 neque
1742 1324 1809 1378 ab
1853 1326 1936 1379 eis
1962 1323 2041 1378 ol-

447 1420 576 1476 ferri
606 1421 657 1475 in
694 1421 979 1486 mundum,
1014 1419 1108 1474 sed
1140 1419 1209 1473 ab
1230 1417 1612 1473 excellentiori
1643 1415 1875 1487 quadam
1926 1433 2037 1471 nta-

439 1518 654 1589 joriquc
684 1527 897 1571 natura.
929 1515 1084 1572 Unde
1123 1516 1407 1585 signanter
1458 1514 1795 1584 evangelista
1820 1512 2042 1585 addidit

439 1613 628 1667 dicens
656 1629 668 1664 :
709 1610 771 1664 Et
794 1619 1030 1664 vocatum
1053 1620 1126 1663 est
1149 1625 1333 1663 nomen
1359 1610 1472 1678 eius
1498 1606 1675 1672 Iesus,
1699 1606 1837 1676 quod
1884 1622 2040 1659 voca-

444 1717 551 1759 tum
581 1705 748 1775 fuerat
775 1703 837 1757 ab
868 1700 1051 1773 angelo
1081 1709 1357 1772 antequam
1389 1704 1442 1755 in
1468 1712 1611 1756 utero
1657 1701 2036 1768 conciperetur.

2141 488 2333 542 sordes
2360 488 2766 562 287—288
2787 500 2948 560 atque
2979 502 3219 561 peccata.
3248 491 3309 546 Et
3338 503 3393 546 ut
3426 492 3572 546 scias
3593 492 3738 547 aliud

2141 578 2354 634 Sordent
2368 620 2381 643 ,
2397 580 2538 633 aliud
2558 596 2756 635 sultare
2778 593 3080 651 peccatum,
3097 581 3259 637 Isaias
3277 582 3565 638 manifeste
3582 583 3741 640 docet

2140 670 2324 727 dicens
2349 689 2367 726 :
2403 670 2616 727 Lavabit
2652 672 2907 730 Dominus
2932 676 3140 730 sordem
3171 676 3400 744 ﬁliorum
3433 687 3479 730 et
3508 677 3744 747 filiarum

2143 763 2295 825 Sion,
2320 774 2367 818 et
2394 766 2701 835 sanguinem
2730 767 3000 821 ntuudabit
3029 767 3093 820 de
3119 769 3287 822 medio
3318 784 3517 831 eorum,
3552 768 3743 839 spiritu

2133 858 2327 927 judicii
2374 858 2601 919 sordem,
2650 869 2695 913 et
2745 859 2936 930 spiritu
3000 861 3368 916 combustionis
3435 862 3743 932 sanguinem

2142 950 2280 1021 (Isai
2304 955 2404 1024 tv).
2437 952 2625 1008 Omnis
2668 955 2847 1008 anima
2880 971 3001 1024 qua:
3051 955 3288 1010 humano
3315 970 3552 1025 corpore
3584 955 3746 1011 fuerit

2143 1044 2351 1111 induta,
2399 1047 2561 1101 habet
2610 1048 2802 1102 sordes
2847 1063 2991 1103 suas.
3042 1048 3114 1105 Ut
3161 1060 3340 1104 autem
3383 1048 3526 1104 scias
3555 1050 3742 1105 Jesum

2142 1155 2357 1211 quoque
2400 1140 2740 1196 sordidatum
2790 1142 3130 1197 sentit-udum
3164 1144 3465 1199 secundum
3515 1143 3748 1214 ignomi-

2144 1235 2287 1288 niam
2317 1236 2525 1298 crucis,
2561 1251 2666 1289 non
2696 1236 2994 1291 secundum
3024 1236 3200 1306 ipsam
3251 1253 3412 1309 quam
3446 1239 3749 1308 assumpsit.

2143 1335 2387 1381 sanctam
2415 1342 2661 1393 carnem,
2695 1328 2762 1383 de
2788 1344 2890 1398 qua
2924 1329 3219 1398 Apostolus
3246 1330 3322 1383 ait
3352 1347 3364 1379 :
3396 1326 3465 1383 In
3494 1329 3742 1383 similitu-

2144 1418 2318 1473 dinem
2346 1421 2518 1475 curnis
2562 1421 2760 1492 peccati
2813 1419 2980 1476 fuisse
3024 1421 3241 1493 propria
3272 1420 3574 1487 voluntate,
3621 1419 3747 1491 quia

2145 1530 2242 1584 pro
2267 1513 2441 1568 salute
2471 1527 2655 1568 nostra
2684 1513 2981 1568 humanum
3006 1528 3206 1581 corpus
3231 1524 3623 1584 assumpserat,
3649 1512 3750 1567 Za-

2144 1609 2385 1665 chariam
2416 1610 2735 1678 prophetam
2767 1609 3009 1664 ausculta
3052 1607 3323 1664 dicentem
3369 1624 3383 1660 :
3430 1606 3587 1661 Iesus
3635 1620 3748 1663 erat

2142 1704 2362 1758 indutus
2387 1704 2606 1757 vestibus
2629 1702 2854 1758 sordidis
2876 1701 3063 1772 (Zuch.
3097 1701 3200 1773 tu).
3236 1700 3390 1769 Quod
3421 1701 3643 1772 quidem
3690 1710 3746 1755 et

445 1795 652 1851 Dehinc
683 1797 933 1865 sequitur
963 1813 976 1849 :
1006 1793 1132 1849 Cum
1154 1799 1272 1868 jam
1295 1793 1496 1861 imp.'eti
1518 1802 1685 1848 essent
1706 1794 1815 1848 dies
1846 1811 2038 1867 purga-
2067 1792 2117 1852 B
2143 1800 2401 1854 adversus
2442 1813 2537 1853 eos
2564 1808 2586 1837 ε
2632 1796 2783 1863 facit,
2812 1797 2901 1868 qui
2945 1806 3141 1867 negant
3172 1796 3461 1851 Dominum
3494 1806 3748 1849 nostrum

447 1888 608 1942 tionis
654 1904 837 1943 eorum
866 1886 1149 1941 secundum
1174 1886 1337 1959 legem
1369 1885 1563 1957 Moysi,
1620 1888 1883 1941 duxerunt
1926 1903 2043 1941 eum

444 1978 846 2052 Jerosolymam.
880 1981 1109 2051 Propter
1150 1981 1556 2053 purgatioitem,
1603 1981 1799 2053 inquit,
1830 1967 2041 2037 eorum.

444 2076 688 2145 Quorum
721 2076 952 2131 eorum?
994 2076 1049 2130 Si
1097 2078 1359 2147 scriptum
1400 2086 1546 2133 esset
1586 2087 1814 2147 propter
1843 2091 2043 2147 purga-

446 2172 651 2226 tionem
677 2173 819 2239 ejus,
837 2171 890 2225 id
913 2181 1015 2236 est,
1036 2170 1218 2226 Maria:
1243 2187 1362 2237 quin
1380 2182 1691 2243 pepererat,
1714 2172 1845 2227 nihil
1872 2188 2046 2243 quais-

456 2262 625 2319 tionis
673 2264 934 2331 oriretur,
990 2274 1045 2320 et
1085 2264 1348 2321 audacter
1401 2265 1740 2331 diceremus,
1797 2265 2043 2330 Mariam,

452 2366 479 2395 τι
508 2372 627 2426 quae
649 2358 810 2411 homo
827 2367 965 2422 erat,
991 2359 1311 2426 purgatione
1339 2358 1640 2427 indiguisse
1662 2369 1785 2428 post
1808 2368 2043 2427 partum.

449 2447 606 2504 Nunc
635 2464 767 2503 vero
793 2451 843 2502 in
877 2465 940 2504 eo
973 2449 1117 2519 quod
1148 2451 1251 2518 ait,
1282 2451 1390 2506 dies
1438 2453 1765 2523 purgationis
1791 2452 1818 2491 ι’
1842 2470 2044 2523 eorum,

453 2557 562 2596 non
610 2540 825 2597 videtur
874 2558 1040 2598 unum
1094 2543 1428 2614 signiﬁcare,
1480 2547 1575 2600 Sed
1630 2538 1885 2617 alterum,
1933 2548 2047 2602 sive

452 2637 658 2707 plures.
688 2636 832 2707 Ergo
851 2636 1011 2693 Jesus
1036 2639 1354 2709 purgatione
1382 2640 1635 2711 indiguit,
1659 2655 1711 2697 et
1738 2644 2050 2701 immundus

451 2727 572 2794 fuit,
604 2739 697 2782 aut
726 2730 907 2800 aliqua
949 2732 1112 2785 sorde
1144 2731 1403 2801 pollutus.
1449 2734 1764 2790 Temeraria
1821 2736 2045 2792 forsitan

456 2821 650 2877 videor
676 2822 880 2890 dicere,
935 2823 1030 2879 sed
1074 2824 1477 2895 Scripturarum
1532 2830 1860 2884 auctoritate
1903 2845 2053 2886 com-

458 2922 657 2969 motns.
686 2913 825 2971 Vide
852 2916 981 2986 quid
1008 2916 1059 2971 in
1101 2917 1207 2972 Job
1236 2919 1496 2987 scriptum
1526 2931 1610 2976 est
1642 2940 1654 2975 :
1700 2920 1871 2977 Nemo
1900 2941 2052 2979 mun-

453 3005 551 3059 dus
579 3022 611 3059 a
639 3009 815 3072 sorde,
847 3024 941 3062 nec
970 3009 1015 3062 si
1047 3009 1201 3063 unius
1231 3010 1436 3081 quidem
1479 3012 1583 3067 diei
1622 3014 1778 3084 fuerit
1810 3017 1912 3071 vita
1940 3020 2054 3090 ejus

455 3095 603 3167 (Job.
640 3096 752 3169 xv).
804 3099 920 3154 Non
950 3099 1118 3168 dixit,
1152 3116 1312 3157 nemo
1343 3103 1575 3159 mundus
1600 3120 1630 3159 a
1681 3117 1929 3177 peccato,
1960 3112 2050 3164 sed

2148 1891 2441 1946 humanum
2493 1890 2744 1946 habuisse
2771 1905 2996 1960 corpus,
3026 1890 3121 1945 sed
3159 1888 3476 1946 cmlestibus
3503 1898 3558 1942 et
3584 1887 3753 1959 spiri-

2149 1984 2350 2039 talibus
2382 1983 2549 2038 l’uisse
2574 1995 2911 2039 contextum.
2943 1981 3001 2039 Si
3033 1982 3177 2037 enim
3210 1981 3278 2037 de
3307 1980 3648 2046 coelestibus,
3696 1988 3753 2033 et

2149 2085 2207 2132 ut
2247 2077 2318 2131 illi
2353 2075 2490 2130 falso
2535 2084 2806 2143 asserunt,
2864 2076 2932 2129 de
2961 2074 3244 2131 sideribus
3271 2083 3326 2129 et
3356 2074 3461 2129 alia
3510 2073 3750 2144 quidam
3817 2091 3821 2093 λ

2147 2166 2452 2223 sublimiori
2512 2165 2853 2236 Spiritalique
2897 2175 3093 2221 natura
3135 2180 3335 2233 corpus
3391 2165 3509 2236 ejus
3560 2164 3749 2231 fuerit,

2148 2260 2515 2329 resimttdeant
2562 2274 2729 2326 quare
2771 2259 3010 2329 potuerit
3062 2258 3305 2326 spiritale
3367 2273 3568 2329 corpus
3626 2272 3752 2313 esse

2150 2352 2452 2416 sordidum,
2486 2361 2579 2406 aut
2600 2351 2872 2420 quomodo
2900 2352 3001 2405 hoc
3028 2350 3459 2420 interpretentur
3482 2349 3626 2420 quod
3650 2365 3752 2421 po-

2149 2448 2376 2514 suimus,
2408 2444 2562 2501 Jesus
2588 2456 2700 2501 erat
2723 2448 2933 2501 indutus
2950 2447 3172 2501 vestit-us
3194 2447 3443 2504 sordidis.
3474 2446 3531 2502 Si
3564 2457 3751 2501 autem

2151 2540 2353 2597 fuerint
2381 2542 2711 2596 necessitate
2737 2540 3028 2610 compulsi,
3063 2550 3119 2594 ut
3148 2541 3473 2611 suscipiant,
3505 2539 3755 2609 Spiritale

2153 2651 2348 2706 corpus
2378 2635 2660 2692 Sordidum
2691 2636 2915 2707 intelligi
2947 2635 3326 2691 vestimentum
3350 2679 3365 2700 ,
3394 2635 3595 2690 debent
3620 2650 3755 2690 enn—

2153 2740 2443 2802 sequenter
2466 2729 2650 2784 dicere
2667 2729 2921 2800 quoniam
2950 2728 3082 2783 illud
3106 2728 3250 2798 quod
3282 2729 3335 2783 in
3367 2726 3746 2797 repromissio-

2155 2828 2313 2882 nibus
2345 2826 2562 2896 ponitur
2586 2824 2916 2894 completum
2948 2822 3042 2888 sit,
3074 2821 3124 2877 id
3155 2830 3275 2876 est:
3308 2821 3611 2876 Seminatur
3639 2835 3757 2873 cor-

2156 2937 2250 2990 pus
2280 2919 2529 2985 animale,
2574 2918 2739 2988 surgit
2779 2933 2965 2989 corpus
3002 2916 3236 2988 spiritule
3283 2914 3338 2984 (l
3382 2913 3499 2970 Cor.
3532 2930 3597 2967 xv
3622 2913 3667 2984 ).
3703 2923 3758 2968 et

2156 3012 2295 3083 quod
2328 3011 2512 3081 polluti
2543 3020 2597 3064 et
2630 3008 2832 3064 sordidi
2860 3022 3213 3078 resurgamus
3238 3049 3252 3072 ,
3283 3007 3425 3078 quod
3465 3008 3631 3062 etiam
3665 3021 3757 3060 co—

2157 3109 2327 3180 gitare
2358 3104 2633 3177 piaculum
2664 3114 2749 3159 est
2779 3103 3013 3158 maxime
3065 3117 3191 3158 eum
3221 3101 3310 3172 qui
3359 3100 3462 3157 scit
3490 3102 3756 3169 scriptum

533 3301 552 3321 '
591 3301 735 3357 Satis
761 3302 1103 3380 benignede
1146 3303 1471 3380 Adamantio
1509 3308 1748 3380 senserit
1779 3308 2047 3380 Hierony-

2158 3323 2256 3378 pro
2285 3311 2473 3380 uotae,
2493 3306 2546 3359 in
2577 3320 2825 3380 errorem
2860 3304 3243 3380 Adamantium
3277 3304 3485 3380 traxit,
3516 3301 3663 3380 quod
3699 3313 3757 3357 et

461 3387 601 3445 mus.
631 3387 753 3427 cum
800 3374 949 3429 illum
978 3377 1055 3429 ait
1080 3377 1130 3430 in
1187 3376 1512 3445 praefatione
1546 3378 1827 3445 hujusmet
1876 3374 2052 3435 trans-

458 3443 698 3509 lation'ts,
729 3450 877 3518 quasi
906 3464 1122 3518 puerum
1148 3443 1268 3501 talis
1292 3447 1487 3503 ludere.
1515 3448 1582 3504 Ut
1607 3443 1753 3504 enim
1782 3453 1946 3505 multa
1996 3453 2049 3507 in

461 3518 685 3591 reliquis
730 3520 789 3591 _in
832 3517 1031 3591 Luteam
1097 3520 1343 3573 llotmlits
1390 3523 1594 3591 absinta
1646 3523 2047 3591 pronuntiarit:

459 3601 580 3655 qua)
628 3589 679 3640 in
730 3587 830 3642 hac
885 3590 948 3645 14
980 3590 1347 3645 clucuhranda
1379 3587 1658 3655 ell'utivitf
1690 3593 1839 3647 nullo
1887 3610 2053 3648 excu-

462 3659 569 3712 sari
605 3669 763 3727 pacto
801 3671 1026 3728 queunt.
1074 3662 1172 3715 Hic
1202 3662 1446 3733 Mariam
1476 3666 1673 3733 quippe
1713 3679 1835 3717 cum
1889 3666 2051 3718 homo

462 3738 600 3803 erat,
653 3733 972 3803 purgatione
1007 3732 1327 3802 indiguisse,
1359 3732 1798 3802 adeoquel‘uisse
1833 3747 2053 3803 peccato

461 3800 775 3859 obnoxium.
805 3800 1168 3860 audacissime
1196 3806 1451 3860 hlaterat.
1487 3800 1612 3860 Scio
1641 3808 1781 3872 quod
1835 3800 2054 3875 projec-

465 3879 572 3926 tam
605 3876 963 3930 temeritatem
993 3875 1178 3931 Sixtus
1202 3877 1462 3930 Senensis
1491 3876 1586 3930 ltb.
1615 3892 1666 3930 γι
1690 3876 2053 3933 Bibliotheca:

464 3946 819 4019 annotatione
870 3947 982 4001 ’156
1030 3946 1115 4001 bis
1160 3948 1349 4000 nititur
1404 3963 1670 4002 excusare
1725 3966 1737 4002 :
1800 3947 2052 4019 Intelligit

467 4014 684 4089 fortasse
711 4017 962 4088 Origenes
1010 4036 1113 4071 non
1159 4018 1223 4071 de
1261 4020 1567 4089 purgatione
1604 4020 1666 4073 ob
1706 4014 2054 4075 immunditiis

466 4095 527 4162 e_t_
542 4087 1014 4162 so_rdibus_p-'trtus,
1050 4092 1236 4159 quibus
1258 4087 1390 4143 nulli
1417 4090 1629 4162 dubium
1652 4100 1729 4146 est
1759 4110 1864 4145 non
1891 4094 2055 4162 fuisse

469 4155 693 4211 Mariam
753 4155 1072 4227 obnoxiamj
1120 4167 1211 4215 sed
1267 4164 1330 4215 de
1376 4161 1559 4216 ritibus
1615 4173 1661 4216 et
1708 4155 2050 4228 caeremoniis,

465 4228 649 4298 quibus
676 4229 877 4301 Moyses
900 4249 1178 4304 puerperas
1205 4232 1420 4286 lustrari
1436 4234 1669 4301 jusserat
1694 4252 1710 4287 :
1735 4236 1827 4289 Itas
1855 4252 2055 4290 necesse

466 4310 580 4353 erat
618 4304 879 4378 servuria
909 4315 1071 4357 matre
1100 4306 1262 4378 illius,
1291 4305 1383 4378 qui
1414 4304 1581 4375 legem
1612 4305 1921 4378 impleturus
1973 4324 2055 4361 ve-

465 4382 635 4445 rterat,
666 4390 767 4427 non
797 4373 1170 4429 destructurus.
1205 4373 1393 4429 Cui'ct
1439 4373 1717 4445 suppetias
1745 4377 1954 4432 accedit
1978 4379 2047 4431 cl.

470 4441 698 4516 limatius
724 4485 738 4507 ,
782 4445 1014 4513 itlipsum
1046 4448 1376 4500 coolirtnans
1404 4462 1473 4502 ex
1496 4441 1565 4502 eo
1591 4448 1735 4516 quod
1769 4449 1965 4502 llomil.
1997 4450 2051 4508 8.

471 4512 525 4594 in
558 4512 869 4594 Leviticum
888 4516 1083 4594 scribit
1111 4517 1376 4594 Origenes
1400 4560 1416 4581 ,
1463 4534 1558 4572 eas
1595 4512 1769 4594 solum
1797 4519 2055 4594 mulieres

470 4587 524 4637 in
563 4587 824 4652 pariendo
858 4602 982 4643 esse
1014 4590 1360 4650 immunitas,
1407 4604 1526 4659 quas
1569 4593 1775 4644 semine
1813 4593 2055 4645 admisso

467 4662 785 4726 concipiunt
832 4667 887 4714 et
940 4659 1200 4730 pariunt;
1257 4676 1376 4731 qua:
1423 4676 1553 4716 vero
1619 4676 1823 4714 sermne
1880 4666 2053 4716 nenti-

469 4742 631 4795 quam
676 4739 929 4799 suscepto
972 4736 1220 4798 peperit,
1273 4747 1394 4786 eam
1421 4747 1552 4786 vero
1580 4732 1910 4786 immundam
1944 4750 2052 4789 non

471 4814 594 4873 esse
625 4817 639 4853 :
672 4802 757 4855 ubi
785 4814 840 4856 et
872 4804 1138 4870 insignem
1164 4802 1406 4873 ejusdem
1435 4804 1611 4858 locum
1646 4805 1838 4857 recitat
1859 4820 1925 4859 ex
1956 4806 2055 4858 ho-

473 4870 620 4943 milia
664 4873 729 4928 12
772 4874 823 4927 in
865 4873 1040 4929 Levit.
1085 4870 1206 4939 quo
1228 4877 1599 4943 generationis
1637 4876 1837 4929 Christi
1868 4887 1919 4930 et
1948 4892 2056 4927 Vtr-

470 4941 668 5069 ginalis
695 4944 875 4999 Maria:
908 4946 1158 5013 corporis
1190 4941 1480 4999 nutndities
1532 4946 1891 5001 disertissime
1922 4962 2059 5015 prat-

513 5017 701 5069 icatur.
736 5016 843 5069 Sed
883 5018 983 5069 etsi
1018 5027 1164 5069 recte
1194 5016 1324 5069 alibi
1363 5019 1601 5069 sensisse
1639 5019 1912 5069 colligitur
1957 5020 2054 5069 Ιιιι-

513 5017 701 5087 icatur.
736 5016 843 5072 Sed
883 5018 983 5072 etsi
1018 5027 1164 5071 recte
1194 5016 1324 5087 alibi
1363 5019 1601 5073 sensisse
1639 5019 1912 5087 colligitur
1957 5020 2054 5071 Ιιιι-

473 5102 564 5141 mo
588 5086 928 5158 imutoderati
969 5088 1212 5158 ingenii,
1248 5086 1577 5157 incertzeque
1606 5086 1923 5153 Sententia,
1958 5091 2059 5142 mi-

472 5158 617 5212 nime
646 5157 678 5212 lt
699 5175 784 5213 lllC
813 5159 971 5213 diluit
1000 5158 1345 5215 manifestam
1383 5174 1600 5214 noxam.
1641 5159 1773 5214 Nam
1803 5175 1927 5214 cum
1954 5162 2056 5214 ali-

472 5227 525 5282 bi
553 5244 767 5299 quoque
807 5231 997 5284 ltoutil.
1028 5230 1239 5285 scilicet
1281 5228 1353 5284 20
1392 5231 1445 5284 in
1489 5229 1633 5285 hunc
1672 5232 1843 5299 ipsum
1885 5232 2061 5285 Emin-

472 5300 755 5373 gehstam,
790 5302 1086 5370 iniuriosus
1116 5304 1167 5355 in
1199 5300 1419 5355 Mariam
1457 5301 1733 5373 Virginem
1759 5304 1827 5355 sit
1851 5344 1864 5365 ,
1897 5318 2058 5372 quam

472 5369 653 5425 dubiae
683 5369 903 5428 accusat
932 5376 1263 5442 incerta-que
1294 5373 1439 5437 lidei,
1472 5369 1617 5444 piunt
1653 5369 1926 5428 lectorem
1946 5391 2061 5428 mo-

474 5458 605 5496 nere
634 5460 860 5499 necesse
889 5445 1017 5512 fuit,
1053 5460 1160 5515 quo
1176 5445 1276 5499 Sibi
1307 5444 1619 5497 seandalum
1651 5455 1868 5509 caveat,
1899 5456 2062 5514 atque

472 5516 791 5589 orthodoxae
834 5518 1114 5582 Ecclesiae,
1149 5531 1268 5583 quae
1296 5515 1516 5570 Beatam
1548 5516 1817 5587 Virginem
1846 5517 2064 5589 speciali

474 5581 574 5638 Dei
596 5586 866 5657 privilegio
899 5581 1109 5642 nullttnt
1143 5581 1400 5659 umquam
1445 5589 1497 5640 in
1532 5604 1590 5642 se
1617 5581 1903 5643 admisisse
1934 5605 2061 5659 poc-

473 5669 651 5710 catum
678 5659 859 5726 docet,
892 5662 1050 5715 Iidem
1073 5672 1262 5714 contra
1289 5660 1671 5715 haereticorum
1695 5659 2066 5729 blasphetnias

473 5735 677 5783 teneat.

544 5796 573 5837 δ
611 5796 798 5855 Graeca
833 5799 996 5858 lectio
1022 5803 1193 5859 αὐτῶν
1214 5844 1228 5870 ,
1260 5817 1383 5873 quas
1404 5818 1551 5859 nunc
1578 5817 1793 5876 quoque
1825 5803 2062 5869 obtinet,

2088 4702 2135 4761 D

2158 3373 2404 3435 notatum
2436 3379 2630 3432 lluetio
2658 3386 2741 3431 est
2766 3422 2780 3443 ,
2829 3378 2920 3444 qui
2964 3385 3278 3445 corruptam
3301 3391 3419 3429 eam
3460 3373 3758 3429 lectionem

2155 3460 2358 3513 vocat,
2400 3450 2619 3514 vultque
2649 3448 2724 3502 illi
2757 3448 2895 3502 hanc
2932 3449 3164 3501 alteram
3195 3447 3418 3500 omnino
3447 3445 3708 3500 substitui
3739 3487 3754 3509 ,

2156 3525 2313 3583 αὐτῆς
2338 3564 2351 3583 ,
2388 3535 2611 3589 nempe,
2656 3521 2801 3590 ejus,
2836 3519 2989 3588 iuxta
3043 3519 3321 3590 Vulgatam
3352 3525 3410 3573 et
3460 3519 3751 3590 Arabicaut

2158 3587 3016 3661 interpretationemErpenianzc
3044 3587 3339 3653 editionis,
3371 3590 3577 3658 quibus
3607 3587 3755 3641 addo

2156 3674 2211 3720 et
2236 3663 2536 3732 Copticam.
2574 3662 2642 3717 Et
2666 3677 2800 3717 vero
2838 3663 3130 3731 Urigenem
3161 3662 3367 3715 erroris
3399 3663 3515 3727 ipse
3554 3672 3756 3713 mane-

2156 3752 2217 3789 re
2246 3738 2509 3803 potuisset
2532 3734 2761 3789 Levitici
2787 3735 2939 3787 locus
2962 3748 3082 3802 cap.
3117 3748 3176 3797 ιι,
3208 3733 3296 3801 qui
3330 3746 3607 3798 puerpera:
3634 3739 3756 3783 tan-

2158 3816 2292 3867 tum,
2328 3822 2433 3862 non
2462 3810 2627 3861 etiam
2660 3807 2847 3859 inl‘anti
2878 3805 3124 3858 adhiberi
3160 3803 3538 3870 purgationem
3571 3803 3749 3869 jubet.

2156 3879 2308 3933 .Nunc
2330 3892 2656 3947 quamquam
2683 3894 2789 3931 non
2829 3874 2913 3947 ob,
2940 3887 3219 3940 peccatum
3262 3878 3278 3946 (
3307 3874 3454 3944 quod
3503 3874 3753 3942 cogitare

2156 3949 2223 4004 de
2249 3946 2469 4003 Christo
2499 3964 2653 4003 mens
2690 3946 2926 4017 refugit)
2972 3948 3281 4013 purgatione
3314 3956 3492 4001 tamen
3523 3948 3593 3998 oh
3618 3959 3751 4017 sur-

2156 4021 2255 4075 des
2302 4021 2600 4088 indiguisse
2640 4015 2824 4074 Jcsntu
2851 4062 2863 4078 ,
2910 4015 2965 4071 et
3004 4018 3372 4083 immundum,
3431 4024 3519 4070 aut
3570 4015 3753 4087 aliqua

2156 4092 2311 4145 sorde
2330 4092 2588 4164 pollutum
2608 4090 2942 4164 pronuntiat.
2961 4088 3250 4164 Perpetem
3270 4103 3485 4164 quoque
3511 4088 3561 4139 in
3588 4103 3749 4164 suum

2157 4160 2379 4218 sensnin
2402 4160 2828 4230 detorquetlobi
2860 4164 3069 4215 locum:
3095 4160 3256 4215 Nemo
3278 4161 3501 4213 mundus
3523 4176 3552 4211 τι
3575 4160 3753 4218 sorde,

2156 4244 2262 4290 etc.
2296 4235 2636 4303 Nequissimo
2664 4248 2794 4288 vero
2822 4248 2979 4286 sutttu
3021 4231 3154 4286 illud
3201 4232 3285 4285 ltic
3318 4232 3518 4303 ingerit
3551 4230 3751 4284 δοΙι-ιιιο

2159 4322 2225 4361 ne
2256 4302 2672 4360 deliramentqu
2701 4346 2717 4371 ,
2764 4315 2890 4359 tttnc
2928 4304 3248 4358 sordescere
3291 4302 3527 4356 animam
3561 4345 3575 4369 ,
3629 4320 3753 4353 t-nzn

2160 4379 2386 4432 mortale
2414 4393 2611 4443 corpus
2642 4378 2817 4429 ittduit
2841 4420 2855 4443 ,
2887 4375 3112 4445 parique
3147 4386 3305 4439 paCIo
3333 4372 3511 4427 Iesum
3543 4389 3753 4442 quoque

2157 4450 2481 4502 sordidatum
2508 4445 2827 4501 sentiendum
2860 4447 3145 4500 secundum
3176 4445 3515 4516 ignominiam
3544 4445 3751 4507 crucis,

2158 4522 2298 4588 quod
2329 4522 2446 4587 ejus
2474 4518 2681 4574 Scilicet
2709 4522 2890 4571 anima
2916 4517 2969 4572 in
3004 4519 3256 4588 muliebri
3302 4529 3458 4571 utero
3496 4517 3598 4569 sibi
3632 4531 3765 4588 cors

2160 4587 2261 4661 pus
2309 4591 2638 4654 adptnxerit.
2693 4588 2848 4661 Unde
2889 4598 2944 4642 et
2987 4587 3214 4643 inferius
3264 4588 3473 4661 psalmi
3507 4587 3756 4654 vigesimi

2161 4659 2326 4728 print't
2345 4663 2462 4715 loci)
2481 4662 2750 4724 abutitur;
2781 4660 3088 4730 loquentem
3108 4661 3372 4714 inducens
3390 4659 3753 4730 salvatorem:

2159 4732 2273 4803 Ego
2295 4749 2411 4786 sum
2440 4733 2623 4787 vermis
2654 4743 2699 4785 et
2733 4747 2833 4803 non
2852 4728 3047 4800 'Itomo,
3080 4743 3186 4785 etc.
3219 4732 3373 4803 Quod
3408 4728 3613 4803 videbat
3639 4771 3655 4791 ,
3684 4730 3757 4803 in

2161 4799 2340 4858 matris
2370 4814 2513 4858 utero
2542 4802 2929 4857 immunditiam
2958 4819 3240 4871 corporum
3261 4844 3276 4866 ,
3320 4799 3599 4855 visceribus
3640 4802 3759 4866 eius

2158 4874 2282 4929 hinc
2310 4877 2430 4930 inde
2459 4877 2680 4929 vallatus
2706 4919 2720 4943 ,
2770 4885 2815 4928 et
2847 4887 3059 4929 terrente
3090 4875 3234 4945 fwcis
3264 4872 3556 4944 patiebatur
3589 4888 3757 4943 angu-

2159 4948 2284 5001 stias
2302 4991 2315 5007 .
2350 4956 2457 4999 etc.

2236 5029 2257 5055 ε
2297 5019 2427 5073 Puta
2460 5016 2805 5071 Marcionitas
2855 5029 3018 5087 atque
3063 5016 3371 5079 Ehionitas,
3426 5028 3560 5087 quos
3588 5013 3760 5068 tradit

2162 5088 2472 5146 Gennadius
2504 5089 2643 5141 libro
2671 5087 2738 5142 de
2786 5084 3154 5157 Doguiatibus,
3190 5102 3309 5156 cap.
3354 5088 3410 5154 2,
3451 5084 3761 5140 afﬁrmasse

2165 5161 2255 5215 Dei
2290 5159 2481 5214 Filium
2513 5175 2734 5215 carnem
2773 5160 2839 5213 de
2868 5160 3010 5215 cmlo
3053 5174 3236 5213 secum
3281 5160 3544 5212 utlttliSae.
3575 5163 3761 5225 Quare

2164 5235 2363 5286 mirum
2387 5232 2559 5300 magis
2587 5232 2728 5300 quod
2758 5233 2859 5293 ait,
2908 5233 3015 5284 illis
3060 5245 3404 5284 consensissr.
3437 5226 3757 5297 Origenem,

2162 5304 2254 5372 qui
2304 5306 2625 5357 ementitum
2674 5316 2872 5367 corpus
2922 5312 2973 5356 et
3021 5303 3205 5370 spei-ie
3257 5309 3418 5354 tenus
3463 5314 3756 5372 apparvns,

2162 5373 2434 5430 Christum
2471 5384 2713 5444 gestasse
2744 5373 3012 5444 docuerit.
3048 5373 3195 5426 llaud
3228 5373 3372 5427 enim
3402 5371 3537 5435 scio,
3570 5386 3763 5440 quam-

2165 5462 2323 5517 quam
2356 5454 2414 5500 et
2435 5442 2559 5499 alibi
2581 5444 2651 5499 de
2678 5459 2810 5499 vero
2830 5442 3038 5517 Christi
3063 5458 3293 5517 corpore
3317 5454 3461 5517 recte
3484 5444 3758 5517 Allaman-

2166 5513 2272 5574 tius
2302 5521 2520 5579 sentiat,
2554 5525 2607 5569 et
2632 5515 2951 5579 cumprimis
2979 5518 3111 5568 iul'ra
3154 5516 3219 5567 ad
3254 5514 3448 5568 llomil.
3479 5513 3543 5568 l7
3577 5529 3644 5567 an
3677 5513 3759 5567 lu-

2174 5589 2461 5644 ettlenlinri
2505 5586 2816 5641 testimonio
2849 5590 2948 5641 hac
2979 5587 3089 5649 ipSa
3129 5588 3466 5650 extrusitione
3515 5584 3764 5639 sordidu-

2177 5677 2294 5713 rum
2328 5662 2527 5713 Christi
2562 5660 2788 5713 vestium
2832 5658 3082 5727 Origenis
3133 5657 3266 5712 lides
3309 5656 3523 5712 delendi
3565 5659 3760 5727 possit.

2173 5731 2313 5788 Olim
2347 5730 2656 5802 Pamphilus
2680 5731 2817 5787 hanc
2848 5730 3022 5802 ipsam
3048 5729 3377 5785 calumniam
3409 5728 3478 5783 ab
3492 5728 3764 5785 Adaman-

2174 5804 2232 5859 tii
2260 5801 2474 5873 scriptis
2503 5802 2719 5858 amovit.
