  <div class='ocr_page' id='page_1' title='image "/cluster/home/n/w/nwhite01/storage/ocr_20150623/26/hvd.32044015471402/130.png"; bbox 0 0 3978 6338; ppageno 0'>
   <div class='ocr_carea' id='block_1_1' title="bbox 213 308 1762 383">
    <p class='ocr_par' dir='ltr' id='par_1_1' title="bbox 213 308 1762 383">
     <span class='ocr_line' id='line_1_1' title="bbox 213 308 1762 383; baseline -0.01 -1"><span class='ocrx_word' id='word_1_1' title='bbox 213 323 301 383; x_wconf 67' lang='grc' dir='ltr'><strong><em>ειθ</em></strong></span> <span class='ocrx_word' id='word_1_2' title='bbox 783 308 1221 377; x_wconf 75' lang='lat' dir='ltr'><strong><em>TRANSLATIO</em></strong></span> <span class='ocrx_word' id='word_1_3' title='bbox 1259 312 1690 373; x_wconf 73' lang='lat' dir='ltr'><strong><em>llOMlLlARUM</em></strong></span> <span class='ocrx_word' id='word_1_4' title='bbox 1731 315 1762 367; x_wconf 71' lang='lat' dir='ltr'><strong><em>r</em></strong></span> 
     </span>
    </p>
   </div>
   <div class='ocr_carea' id='block_1_2' title="bbox 1869 308 2855 383">
    <p class='ocr_par' dir='ltr' id='par_1_2' title="bbox 1869 312 2855 372">
     <span class='ocr_line' id='line_1_2' title="bbox 1869 312 2855 372; baseline -0.004 0"><span class='ocrx_word' id='word_1_5' title='bbox 1869 312 2055 372; x_wconf 67' lang='grc' dir='ltr'><strong><em>ΞΕΝιὸ</em></strong></span> <span class='ocrx_word' id='word_1_6' title='bbox 2094 312 2161 369; x_wconf 75' lang='lat' dir='ltr'><strong><em>IN</em></strong></span> <span class='ocrx_word' id='word_1_7' title='bbox 2200 312 2461 372; x_wconf 65' lang='lat' dir='ltr'><strong><em>LUCAM.</em></strong></span> <span class='ocrx_word' id='word_1_8' title='bbox 2508 313 2673 371; x_wconf 85' lang='lat' dir='ltr'><strong><em>llOM.</em></strong></span> <span class='ocrx_word' id='word_1_9' title='bbox 2716 312 2855 370; x_wconf 75' lang='grc' dir='ltr'><strong>ιιιν.</strong></span> 
     </span>
    </p>
   </div>
   <div class='ocr_carea' id='block_1_3' title="bbox 3364 307 3471 368">
    <p class='ocr_par' dir='ltr' id='par_1_3' title="bbox 3364 307 3471 368">
     <span class='ocr_line' id='line_1_3' title="bbox 3364 307 3471 368; baseline 0.019 -2"><span class='ocrx_word' id='word_1_10' title='bbox 3364 307 3471 368; x_wconf 74' lang='lat'><strong>250</strong></span> 
     </span>
    </p>
   </div>
   <div class='ocr_carea' id='block_1_4' title="bbox 211 429 3467 507">
    <p class='ocr_par' dir='ltr' id='par_1_4' title="bbox 211 429 3467 507">
     <span class='ocr_line' id='line_1_4' title="bbox 211 429 3467 507; baseline -0.003 -12"><span class='ocrx_word' id='word_1_11' title='bbox 211 454 344 495; x_wconf 86' lang='lat' dir='ltr'><strong><em>esse:</em></strong></span> <span class='ocrx_word' id='word_1_12' title='bbox 372 436 661 494; x_wconf 81' lang='lat' dir='ltr'><strong><em>Seminatur</em></strong></span> <span class='ocrx_word' id='word_1_13' title='bbox 682 436 736 492; x_wconf 87' lang='lat' dir='ltr'><strong><em>in</em></strong></span> <span class='ocrx_word' id='word_1_14' title='bbox 763 436 1113 505; x_wconf 75' lang='lat' dir='ltr'><strong><em>corruptione,</em></strong></span> <span class='ocrx_word' id='word_1_15' title='bbox 1147 435 1313 507; x_wconf 78' lang='lat' dir='ltr'><strong><em>surgit</em></strong></span> <span class='ocrx_word' id='word_1_16' title='bbox 1343 434 1395 487; x_wconf 87' lang='lat' dir='ltr'><strong><em>in</em></strong></span> <span class='ocrx_word' id='word_1_17' title='bbox 1424 434 1766 504; x_wconf 81' lang='lat' dir='ltr'><strong><em>incorruptio-</em></strong></span> <span class='ocrx_word' id='word_1_18' title='bbox 1794 449 1846 503; x_wconf 68' lang='grc' dir='ltr'><strong>Α</strong></span> <span class='ocrx_word' id='word_1_19' title='bbox 1874 434 2074 495; x_wconf 75' lang='lat' dir='ltr'><strong><em>latione</em></strong></span> <span class='ocrx_word' id='word_1_20' title='bbox 2121 442 2375 504; x_wconf 83' lang='lat' dir='ltr'><strong><em>purgatus</em></strong></span> <span class='ocrx_word' id='word_1_21' title='bbox 2402 444 2506 502; x_wconf 90' lang='lat' dir='ltr'><strong><em>cst,</em></strong></span> <span class='ocrx_word' id='word_1_22' title='bbox 2547 434 2618 487; x_wconf 88' lang='lat' dir='ltr'><strong><em>ita</em></strong></span> <span class='ocrx_word' id='word_1_23' title='bbox 2659 435 2821 488; x_wconf 88' lang='lat' dir='ltr'><strong><em>etiam</em></strong></span> <span class='ocrx_word' id='word_1_24' title='bbox 2855 445 2956 487; x_wconf 90' lang='lat' dir='ltr'><strong><em>nos</em></strong></span> <span class='ocrx_word' id='word_1_25' title='bbox 2981 429 3209 500; x_wconf 87' lang='lat' dir='ltr'><strong><em>spiritali</em></strong></span> <span class='ocrx_word' id='word_1_26' title='bbox 3240 444 3467 500; x_wconf 75' lang='lat' dir='ltr'><strong><em>regene-</em></strong></span> 
     </span>
    </p>
   </div>
   <div class='ocr_carea' id='block_1_5' title="bbox 211 524 1766 601">
    <p class='ocr_par' dir='ltr' id='par_1_5' title="bbox 211 524 1766 601">
     <span class='ocr_line' id='line_1_5' title="bbox 211 524 1766 601; baseline -0.006 -15"><span class='ocrx_word' id='word_1_27' title='bbox 211 548 287 598; x_wconf 80' lang='lat' dir='ltr'><strong><em>ue;</em></strong></span> <span class='ocrx_word' id='word_1_28' title='bbox 313 530 576 585; x_wconf 84' lang='lat' dir='ltr'><strong><em>seminatur</em></strong></span> <span class='ocrx_word' id='word_1_29' title='bbox 624 530 682 583; x_wconf 88' lang='lat' dir='ltr'><strong><em>in</em></strong></span> <span class='ocrx_word' id='word_1_30' title='bbox 720 528 1062 601; x_wconf 69' lang='lat' dir='ltr'><strong><em>ignobilitate,</em></strong></span> <span class='ocrx_word' id='word_1_31' title='bbox 1094 528 1260 598; x_wconf 88' lang='lat' dir='ltr'><strong><em>surgit</em></strong></span> <span class='ocrx_word' id='word_1_32' title='bbox 1289 528 1341 581; x_wconf 88' lang='lat' dir='ltr'><strong><em>in</em></strong></span> <span class='ocrx_word' id='word_1_33' title='bbox 1387 525 1586 599; x_wconf 80' lang='lat' dir='ltr'><strong><em>gloria;</em></strong></span> <span class='ocrx_word' id='word_1_34' title='bbox 1613 524 1766 579; x_wconf 89' lang='lat' dir='ltr'><strong><em>s:mi-</em></strong></span> 
     </span>
    </p>
   </div>
   <div class='ocr_carea' id='block_1_6' title="bbox 207 617 1764 693">
    <p class='ocr_par' dir='ltr' id='par_1_6' title="bbox 207 617 1764 693">
     <span class='ocr_line' id='line_1_6' title="bbox 207 617 1764 693; baseline -0.005 -16"><span class='ocrx_word' id='word_1_35' title='bbox 207 636 336 678; x_wconf 79' lang='lat' dir='ltr'><strong><em>natur</em></strong></span> <span class='ocrx_word' id='word_1_36' title='bbox 355 625 404 676; x_wconf 87' lang='lat' dir='ltr'><strong><em>in</em></strong></span> <span class='ocrx_word' id='word_1_37' title='bbox 446 621 769 689; x_wconf 75' lang='lat' dir='ltr'><strong><em>inﬁmitate,</em></strong></span> <span class='ocrx_word' id='word_1_38' title='bbox 800 621 965 693; x_wconf 88' lang='lat' dir='ltr'><strong><em>surgit</em></strong></span> <span class='ocrx_word' id='word_1_39' title='bbox 997 622 1051 674; x_wconf 90' lang='lat' dir='ltr'><strong><em>in</em></strong></span> <span class='ocrx_word' id='word_1_40' title='bbox 1091 617 1435 691; x_wconf 79' lang='lat' dir='ltr'><strong><em>fortitudine;</em></strong></span> <span class='ocrx_word' id='word_1_41' title='bbox 1483 618 1764 671; x_wconf 82' lang='lat' dir='ltr'><strong><em>seminatur</em></strong></span> 
     </span>
    </p>
   </div>
   <div class='ocr_carea' id='block_1_7' title="bbox 208 710 1763 785">
    <p class='ocr_par' dir='ltr' id='par_1_7' title="bbox 208 710 1763 785">
     <span class='ocr_line' id='line_1_7' title="bbox 208 710 1763 785; baseline -0.003 -18"><span class='ocrx_word' id='word_1_42' title='bbox 208 730 369 785; x_wconf 83' lang='lat' dir='ltr'><strong><em>corpus</em></strong></span> <span class='ocrx_word' id='word_1_43' title='bbox 388 713 628 779; x_wconf 86' lang='lat' dir='ltr'><strong><em>animale,</em></strong></span> <span class='ocrx_word' id='word_1_44' title='bbox 652 714 813 784; x_wconf 85' lang='lat' dir='ltr'><strong><em>surgit</em></strong></span> <span class='ocrx_word' id='word_1_45' title='bbox 844 728 1030 783; x_wconf 86' lang='lat' dir='ltr'><strong><em>corpus</em></strong></span> <span class='ocrx_word' id='word_1_46' title='bbox 1055 710 1308 780; x_wconf 82' lang='lat' dir='ltr'><strong><em>spiritale.</em></strong></span> <span class='ocrx_word' id='word_1_47' title='bbox 1340 710 1567 780; x_wconf 82' lang='lat' dir='ltr'><strong><em>Oportet</em></strong></span> <span class='ocrx_word' id='word_1_48' title='bbox 1612 722 1763 779; x_wconf 86' lang='lat' dir='ltr'><strong><em>ergo,</em></strong></span> 
     </span>
    </p>
   </div>
   <div class='ocr_carea' id='block_1_8' title="bbox 207 801 1767 878">
    <p class='ocr_par' dir='ltr' id='par_1_8' title="bbox 207 801 1767 878">
     <span class='ocr_line' id='line_1_8' title="bbox 207 801 1767 878; baseline -0.004 -15"><span class='ocrx_word' id='word_1_49' title='bbox 207 822 252 863; x_wconf 90' lang='lat' dir='ltr'><strong><em>ut</em></strong></span> <span class='ocrx_word' id='word_1_50' title='bbox 281 824 368 878; x_wconf 89' lang='lat' dir='ltr'><strong><em>pro</em></strong></span> <span class='ocrx_word' id='word_1_51' title='bbox 390 807 614 861; x_wconf 88' lang='lat' dir='ltr'><strong><em>Domino</em></strong></span> <span class='ocrx_word' id='word_1_52' title='bbox 641 816 699 863; x_wconf 89' lang='lat' dir='ltr'><strong><em>et</em></strong></span> <span class='ocrx_word' id='word_1_53' title='bbox 722 805 1010 862; x_wconf 82' lang='lat' dir='ltr'><strong><em>Salvatore</em></strong></span> <span class='ocrx_word' id='word_1_54' title='bbox 1042 814 1255 869; x_wconf 90' lang='lat' dir='ltr'><strong><em>nostro,</em></strong></span> <span class='ocrx_word' id='word_1_55' title='bbox 1286 805 1373 874; x_wconf 85' lang='lat' dir='ltr'><strong><em>qui</em></strong></span> <span class='ocrx_word' id='word_1_56' title='bbox 1400 801 1638 859; x_wconf 83' lang='lat' dir='ltr'><strong><em>sordidis</em></strong></span> <span class='ocrx_word' id='word_1_57' title='bbox 1668 816 1767 857; x_wconf 85' lang='lat' dir='ltr'><strong><em>ve-</em></strong></span> 
     </span>
    </p>
   </div>
   <div class='ocr_carea' id='block_1_9' title="bbox 203 897 1767 967">
    <p class='ocr_par' dir='ltr' id='par_1_9' title="bbox 203 897 1767 967">
     <span class='ocr_line' id='line_1_9' title="bbox 203 897 1767 967; baseline -0.004 -10"><span class='ocrx_word' id='word_1_58' title='bbox 203 899 445 957; x_wconf 80' lang='lat' dir='ltr'><strong><em>stimentis</em></strong></span> <span class='ocrx_word' id='word_1_59' title='bbox 487 897 665 953; x_wconf 76' lang='lat' dir='ltr'><strong><em>fuerat</em></strong></span> <span class='ocrx_word' id='word_1_60' title='bbox 710 899 959 963; x_wconf 85' lang='lat' dir='ltr'><strong><em>indutus,</em></strong></span> <span class='ocrx_word' id='word_1_61' title='bbox 1012 907 1068 954; x_wconf 89' lang='lat' dir='ltr'><strong><em>et</em></strong></span> <span class='ocrx_word' id='word_1_62' title='bbox 1112 908 1384 954; x_wconf 89' lang='lat' dir='ltr'><strong><em>terrenum</em></strong></span> <span class='ocrx_word' id='word_1_63' title='bbox 1431 912 1627 967; x_wconf 88' lang='lat' dir='ltr'><strong><em>corpus</em></strong></span> <span class='ocrx_word' id='word_1_64' title='bbox 1676 910 1767 950; x_wconf 82' lang='lat' dir='ltr'><strong><em>as-</em></strong></span> 
     </span>
    </p>
   </div>
   <div class='ocr_carea' id='block_1_10' title="bbox 201 991 1766 1064">
    <p class='ocr_par' dir='ltr' id='par_1_10' title="bbox 201 991 1766 1064">
     <span class='ocr_line' id='line_1_10' title="bbox 201 991 1766 1064; baseline -0.005 -13"><span class='ocrx_word' id='word_1_65' title='bbox 201 1003 494 1064; x_wconf 64' lang='lat' dir='ltr'><strong><em>sumpserat,</em></strong></span> <span class='ocrx_word' id='word_1_66' title='bbox 547 1008 613 1047; x_wconf 79' lang='lat' dir='ltr'><strong><em>ea</em></strong></span> <span class='ocrx_word' id='word_1_67' title='bbox 660 992 992 1047; x_wconf 79' lang='lat' dir='ltr'><strong><em>on&#39;errentur</em></strong></span> <span class='ocrx_word' id='word_1_68' title='bbox 1031 1005 1157 1062; x_wconf 69' lang='lat' dir='ltr'><strong><em>qua:</em></strong></span> <span class='ocrx_word' id='word_1_69' title='bbox 1202 1004 1435 1061; x_wconf 81' lang='lat' dir='ltr'><strong><em>purgare</em></strong></span> <span class='ocrx_word' id='word_1_70' title='bbox 1482 991 1672 1045; x_wconf 79' lang='lat' dir='ltr'><strong><em>Sordes</em></strong></span> <span class='ocrx_word' id='word_1_71' title='bbox 1699 1004 1766 1043; x_wconf 80' lang='lat' dir='ltr'><strong><em>ex</em></strong></span> 
     </span>
    </p>
   </div>
   <div class='ocr_carea' id='block_1_11' title="bbox 202 1082 1768 1158">
    <p class='ocr_par' dir='ltr' id='par_1_11' title="bbox 202 1082 1768 1158">
     <span class='ocr_line' id='line_1_11' title="bbox 202 1082 1768 1158; baseline -0.004 -15"><span class='ocrx_word' id='word_1_72' title='bbox 202 1089 322 1158; x_wconf 85' lang='lat' dir='ltr'><strong><em>Lege</em></strong></span> <span class='ocrx_word' id='word_1_73' title='bbox 364 1096 777 1143; x_wconf 81' lang='lat' dir='ltr'><strong><em>consueverant.</em></strong></span> <span class='ocrx_word' id='word_1_74' title='bbox 825 1085 980 1155; x_wconf 86' lang='lat' dir='ltr'><strong>Quod</strong></span> <span class='ocrx_word' id='word_1_75' title='bbox 1032 1086 1343 1157; x_wconf 77' lang='lat' dir='ltr'><strong><em>frequenter</em></strong></span> <span class='ocrx_word' id='word_1_76' title='bbox 1381 1085 1521 1140; x_wconf 88' lang='lat' dir='ltr'><strong><em>inter</em></strong></span> <span class='ocrx_word' id='word_1_77' title='bbox 1572 1082 1768 1138; x_wconf 78' lang='lat' dir='ltr'><strong><em>fratres</em></strong></span> 
     </span>
    </p>
   </div>
   <div class='ocr_carea' id='block_1_12' title="bbox 200 1177 1764 1252">
    <p class='ocr_par' dir='ltr' id='par_1_12' title="bbox 200 1177 1764 1252">
     <span class='ocr_line' id='line_1_12' title="bbox 200 1177 1764 1252; baseline -0.002 -18"><span class='ocrx_word' id='word_1_78' title='bbox 200 1181 449 1252; x_wconf 67' lang='lat' dir='ltr'><strong><em>quatritur,</em></strong></span> <span class='ocrx_word' id='word_1_79' title='bbox 486 1180 593 1235; x_wconf 88' lang='lat' dir='ltr'><strong><em>loci</em></strong></span> <span class='ocrx_word' id='word_1_80' title='bbox 622 1182 915 1235; x_wconf 88' lang='lat' dir='ltr'><strong><em>occasione</em></strong></span> <span class='ocrx_word' id='word_1_81' title='bbox 936 1192 1206 1235; x_wconf 81' lang='lat' dir='ltr'><strong><em>commma</em></strong></span> <span class='ocrx_word' id='word_1_82' title='bbox 1241 1186 1499 1234; x_wconf 86' lang='lat' dir='ltr'><strong><em>retracto.</em></strong></span> <span class='ocrx_word' id='word_1_83' title='bbox 1542 1177 1764 1233; x_wconf 88' lang='lat' dir='ltr'><strong><em>Parvuli</em></strong></span> 
     </span>
    </p>
   </div>
   <div class='ocr_carea' id='block_1_13' title="bbox 200 1274 1765 1345">
    <p class='ocr_par' dir='ltr' id='par_1_13' title="bbox 200 1274 1765 1345">
     <span class='ocr_line' id='line_1_13' title="bbox 200 1274 1765 1345; baseline -0.001 -16"><span class='ocrx_word' id='word_1_84' title='bbox 200 1274 512 1345; x_wconf 79' lang='lat' dir='ltr'><strong><em>baptizantur</em></strong></span> <span class='ocrx_word' id='word_1_85' title='bbox 561 1276 614 1329; x_wconf 90' lang='lat' dir='ltr'><strong><em>itt</em></strong></span> <span class='ocrx_word' id='word_1_86' title='bbox 655 1274 1042 1331; x_wconf 85' lang='lat' dir='ltr'><strong><em>remissionem</em></strong></span> <span class='ocrx_word' id='word_1_87' title='bbox 1094 1285 1461 1345; x_wconf 79' lang='lat' dir='ltr'><strong><em>peccatorum.</em></strong></span> <span class='ocrx_word' id='word_1_88' title='bbox 1523 1274 1765 1341; x_wconf 86' lang='lat' dir='ltr'><strong><em>Quorum</em></strong></span> 
     </span>
    </p>
   </div>
   <div class='ocr_carea' id='block_1_14' title="bbox 197 1366 1769 1439">
    <p class='ocr_par' dir='ltr' id='par_1_14' title="bbox 197 1366 1769 1439">
     <span class='ocr_line' id='line_1_14' title="bbox 197 1366 1769 1439; baseline -0.002 -16"><span class='ocrx_word' id='word_1_89' title='bbox 197 1375 541 1439; x_wconf 82' lang='lat' dir='ltr'><strong><em>peccatorum,</em></strong></span> <span class='ocrx_word' id='word_1_90' title='bbox 568 1367 657 1423; x_wconf 87' lang='lat' dir='ltr'><strong><em>vel</em></strong></span> <span class='ocrx_word' id='word_1_91' title='bbox 677 1383 785 1438; x_wconf 91' lang='lat' dir='ltr'><strong><em>quo</em></strong></span> <span class='ocrx_word' id='word_1_92' title='bbox 812 1378 1057 1435; x_wconf 85' lang='lat' dir='ltr'><strong><em>tempore</em></strong></span> <span class='ocrx_word' id='word_1_93' title='bbox 1080 1366 1480 1437; x_wconf 79' lang='lat' dir='ltr'><strong><em>peccaverunt?</em></strong></span> <span class='ocrx_word' id='word_1_94' title='bbox 1514 1378 1600 1420; x_wconf 87' lang='lat' dir='ltr'><strong><em>aut</em></strong></span> <span class='ocrx_word' id='word_1_95' title='bbox 1636 1382 1769 1434; x_wconf 86' lang='lat' dir='ltr'><strong><em>quo-</em></strong></span> 
     </span>
    </p>
   </div>
   <div class='ocr_carea' id='block_1_15' title="bbox 197 1459 1766 1531">
    <p class='ocr_par' dir='ltr' id='par_1_15' title="bbox 197 1459 1766 1531">
     <span class='ocr_line' id='line_1_15' title="bbox 197 1459 1766 1531; baseline 0.001 -16"><span class='ocrx_word' id='word_1_96' title='bbox 197 1459 338 1516; x_wconf 87' lang='lat' dir='ltr'><strong><em>modo</em></strong></span> <span class='ocrx_word' id='word_1_97' title='bbox 363 1472 539 1531; x_wconf 85' lang='lat' dir='ltr'><strong><em>potest</em></strong></span> <span class='ocrx_word' id='word_1_98' title='bbox 567 1461 673 1515; x_wconf 86' lang='lat' dir='ltr'><strong><em>ulla</em></strong></span> <span class='ocrx_word' id='word_1_99' title='bbox 707 1461 905 1516; x_wconf 84' lang='lat' dir='ltr'><strong><em>lavacri</em></strong></span> <span class='ocrx_word' id='word_1_100' title='bbox 936 1462 986 1515; x_wconf 90' lang='lat' dir='ltr'><strong><em>itt</em></strong></span> <span class='ocrx_word' id='word_1_101' title='bbox 1022 1459 1263 1530; x_wconf 80' lang='lat' dir='ltr'><strong><em>parvulis</em></strong></span> <span class='ocrx_word' id='word_1_102' title='bbox 1285 1461 1424 1515; x_wconf 88' lang='lat' dir='ltr'><strong><em>ratio</em></strong></span> <span class='ocrx_word' id='word_1_103' title='bbox 1445 1461 1766 1526; x_wconf 83' lang='lat' dir='ltr'><strong><em>subsistere,</em></strong></span> 
     </span>
    </p>
   </div>
   <div class='ocr_carea' id='block_1_16' title="bbox 194 1552 1770 1623">
    <p class='ocr_par' dir='ltr' id='par_1_16' title="bbox 194 1552 1770 1623">
     <span class='ocr_line' id='line_1_16' title="bbox 194 1552 1770 1623; baseline -0.001 -16"><span class='ocrx_word' id='word_1_104' title='bbox 194 1554 280 1609; x_wconf 86' lang='lat' dir='ltr'><strong><em>nisi</em></strong></span> <span class='ocrx_word' id='word_1_105' title='bbox 304 1555 449 1623; x_wconf 81' lang='lat' dir='ltr'><strong><em>juxta</em></strong></span> <span class='ocrx_word' id='word_1_106' title='bbox 502 1552 655 1608; x_wconf 90' lang='lat' dir='ltr'><strong><em>illum</em></strong></span> <span class='ocrx_word' id='word_1_107' title='bbox 688 1568 907 1608; x_wconf 85' lang='lat' dir='ltr'><strong><em>sensum</em></strong></span> <span class='ocrx_word' id='word_1_108' title='bbox 938 1552 1007 1607; x_wconf 90' lang='lat' dir='ltr'><strong><em>de</em></strong></span> <span class='ocrx_word' id='word_1_109' title='bbox 1047 1568 1153 1623; x_wconf 90' lang='lat' dir='ltr'><strong><em>quo</em></strong></span> <span class='ocrx_word' id='word_1_110' title='bbox 1191 1562 1215 1589; x_wconf 77' lang='grc' dir='ltr'><strong><em>ιι</em></strong></span> <span class='ocrx_word' id='word_1_111' title='bbox 1247 1553 1408 1622; x_wconf 89' lang='lat' dir='ltr'><strong><em>paulo</em></strong></span> <span class='ocrx_word' id='word_1_112' title='bbox 1456 1564 1583 1607; x_wconf 91' lang='lat' dir='ltr'><strong><em>ante</em></strong></span> <span class='ocrx_word' id='word_1_113' title='bbox 1632 1552 1770 1606; x_wconf 81' lang='lat' dir='ltr'><strong><em>dixi-</em></strong></span> 
     </span>
    </p>
   </div>
   <div class='ocr_carea' id='block_1_17' title="bbox 194 1644 1770 1715">
    <p class='ocr_par' dir='ltr' id='par_1_17' title="bbox 194 1644 1770 1715">
     <span class='ocr_line' id='line_1_17' title="bbox 194 1644 1770 1715; baseline -0.004 -12"><span class='ocrx_word' id='word_1_114' title='bbox 194 1661 294 1703; x_wconf 83' lang='lat' dir='ltr'><strong><em>mus</em></strong></span> <span class='ocrx_word' id='word_1_115' title='bbox 322 1666 334 1700; x_wconf 89' lang='lat'><strong>:</strong></span> <span class='ocrx_word' id='word_1_116' title='bbox 378 1646 575 1701; x_wconf 76' lang='lat' dir='ltr'><strong><em>Nullus</em></strong></span> <span class='ocrx_word' id='word_1_117' title='bbox 610 1645 838 1701; x_wconf 85' lang='lat' dir='ltr'><strong><em>mundus</em></strong></span> <span class='ocrx_word' id='word_1_118' title='bbox 869 1664 899 1699; x_wconf 91' lang='lat' dir='ltr'><strong><em>a</em></strong></span> <span class='ocrx_word' id='word_1_119' title='bbox 928 1645 1113 1709; x_wconf 90' lang='lat' dir='ltr'><strong><em>sorde,</em></strong></span> <span class='ocrx_word' id='word_1_120' title='bbox 1146 1661 1235 1699; x_wconf 87' lang='lat' dir='ltr'><strong><em>nec</em></strong></span> <span class='ocrx_word' id='word_1_121' title='bbox 1278 1646 1322 1698; x_wconf 88' lang='lat' dir='ltr'><strong><em>si</em></strong></span> <span class='ocrx_word' id='word_1_122' title='bbox 1351 1645 1501 1699; x_wconf 81' lang='lat' dir='ltr'><strong><em>unius</em></strong></span> <span class='ocrx_word' id='word_1_123' title='bbox 1530 1644 1634 1698; x_wconf 88' lang='lat' dir='ltr'><strong><em>diei</em></strong></span> <span class='ocrx_word' id='word_1_124' title='bbox 1652 1645 1770 1715; x_wconf 86' lang='lat' dir='ltr'><strong><em>qui-</em></strong></span> 
     </span>
    </p>
   </div>
   <div class='ocr_carea' id='block_1_18' title="bbox 191 1736 1766 1813">
    <p class='ocr_par' dir='ltr' id='par_1_18' title="bbox 191 1736 1766 1813">
     <span class='ocr_line' id='line_1_18' title="bbox 191 1736 1766 1813; baseline -0.003 -19"><span class='ocrx_word' id='word_1_125' title='bbox 191 1739 288 1794; x_wconf 79' lang='lat' dir='ltr'><strong><em>dem</em></strong></span> <span class='ocrx_word' id='word_1_126' title='bbox 308 1740 455 1810; x_wconf 78' lang='lat' dir='ltr'><strong><em>fuerit</em></strong></span> <span class='ocrx_word' id='word_1_127' title='bbox 472 1740 579 1793; x_wconf 87' lang='lat' dir='ltr'><strong><em>vita</em></strong></span> <span class='ocrx_word' id='word_1_128' title='bbox 600 1742 714 1813; x_wconf 85' lang='lat' dir='ltr'><strong><em>ejus</em></strong></span> <span class='ocrx_word' id='word_1_129' title='bbox 739 1755 892 1811; x_wconf 82' lang='lat' dir='ltr'><strong><em>super</em></strong></span> <span class='ocrx_word' id='word_1_130' title='bbox 919 1746 1109 1792; x_wconf 80' lang='lat' dir='ltr'><strong><em>terram</em></strong></span> <span class='ocrx_word' id='word_1_131' title='bbox 1128 1738 1154 1792; x_wconf 88' lang='lat'><strong><em>?</em></strong></span> <span class='ocrx_word' id='word_1_132' title='bbox 1196 1738 1261 1792; x_wconf 86' lang='lat' dir='ltr'><strong><em>Et</em></strong></span> <span class='ocrx_word' id='word_1_133' title='bbox 1291 1738 1414 1809; x_wconf 90' lang='lat' dir='ltr'><strong><em>quia</em></strong></span> <span class='ocrx_word' id='word_1_134' title='bbox 1449 1753 1543 1807; x_wconf 86' lang='lat' dir='ltr'><strong><em>per</em></strong></span> <span class='ocrx_word' id='word_1_135' title='bbox 1582 1736 1766 1807; x_wconf 77' lang='lat' dir='ltr'><strong><em>bapti-</em></strong></span> 
     </span>
    </p>
   </div>
   <div class='ocr_carea' id='block_1_19' title="bbox 1870 520 3469 599">
    <p class='ocr_par' dir='ltr' id='par_1_19' title="bbox 1870 520 3469 599">
     <span class='ocr_line' id='line_1_19' title="bbox 1870 520 3469 599; baseline -0.004 -17"><span class='ocrx_word' id='word_1_136' title='bbox 1870 528 2081 583; x_wconf 82' lang='lat' dir='ltr'><strong><em>ratiuue</em></strong></span> <span class='ocrx_word' id='word_1_137' title='bbox 2108 543 2418 599; x_wconf 85' lang='lat' dir='ltr'><strong><em>purgemur.</em></strong></span> <span class='ocrx_word' id='word_1_138' title='bbox 2470 526 2738 582; x_wconf 73' lang='lat' dir='ltr'><strong><em>Duxerunt</em></strong></span> <span class='ocrx_word' id='word_1_139' title='bbox 2787 526 2933 581; x_wconf 88' lang='lat' dir='ltr'><strong><em>illum</em></strong></span> <span class='ocrx_word' id='word_1_140' title='bbox 2978 523 3259 579; x_wconf 86' lang='lat' dir='ltr'><strong><em>secundum</em></strong></span> <span class='ocrx_word' id='word_1_141' title='bbox 3304 520 3469 594; x_wconf 85' lang='lat' dir='ltr'><strong><em>legent</em></strong></span> 
     </span>
    </p>
   </div>
   <div class='ocr_carea' id='block_1_20' title="bbox 1872 616 3469 690">
    <p class='ocr_par' dir='ltr' id='par_1_20' title="bbox 1872 616 3469 690">
     <span class='ocr_line' id='line_1_20' title="bbox 1872 616 3469 690; baseline -0.003 -17"><span class='ocrx_word' id='word_1_142' title='bbox 1872 618 2045 690; x_wconf 82' lang='lat' dir='ltr'><strong><em>Moysi</em></strong></span> <span class='ocrx_word' id='word_1_143' title='bbox 2091 620 2143 672; x_wconf 87' lang='lat' dir='ltr'><strong><em>in</em></strong></span> <span class='ocrx_word' id='word_1_144' title='bbox 2195 618 2612 690; x_wconf 81' lang='lat' dir='ltr'><strong><em>Jerosolgmain,</em></strong></span> <span class='ocrx_word' id='word_1_145' title='bbox 2659 617 2847 687; x_wconf 71' lang='lat' dir='ltr'><strong><em>offerre</em></strong></span> <span class='ocrx_word' id='word_1_146' title='bbox 2903 616 3306 690; x_wconf 68' lang='lat'><strong><em>289-290</em></strong></span> <span class='ocrx_word' id='word_1_147' title='bbox 3349 624 3469 669; x_wconf 85' lang='lat' dir='ltr'><strong><em>ante</em></strong></span> 
     </span>
    </p>
   </div>
   <div class='ocr_carea' id='block_1_21' title="bbox 1870 710 3465 786">
    <p class='ocr_par' dir='ltr' id='par_1_21' title="bbox 1870 710 3465 786">
     <span class='ocr_line' id='line_1_21' title="bbox 1870 710 3465 786; baseline -0.005 -19"><span class='ocrx_word' id='word_1_148' title='bbox 1870 722 2198 786; x_wconf 86' lang='lat' dir='ltr'><strong><em>conspectum</em></strong></span> <span class='ocrx_word' id='word_1_149' title='bbox 2224 714 2454 768; x_wconf 83' lang='lat' dir='ltr'><strong><em>Domini.</em></strong></span> <span class='ocrx_word' id='word_1_150' title='bbox 2489 712 2591 769; x_wconf 89' lang='lat' dir='ltr'><strong><em>Ubi</em></strong></span> <span class='ocrx_word' id='word_1_151' title='bbox 2621 725 2741 768; x_wconf 85' lang='lat' dir='ltr'><strong><em>Sunt</em></strong></span> <span class='ocrx_word' id='word_1_152' title='bbox 2763 713 2854 783; x_wconf 92' lang='lat' dir='ltr'><strong><em>qui</em></strong></span> <span class='ocrx_word' id='word_1_153' title='bbox 2876 713 3042 767; x_wconf 91' lang='lat' dir='ltr'><strong><em>Deum</em></strong></span> <span class='ocrx_word' id='word_1_154' title='bbox 3063 710 3215 781; x_wconf 79' lang='lat' dir='ltr'><strong><em>Legis</em></strong></span> <span class='ocrx_word' id='word_1_155' title='bbox 3242 718 3465 780; x_wconf 87' lang='lat' dir='ltr'><strong><em>negant,</em></strong></span> 
     </span>
    </p>
   </div>
   <div class='ocr_carea' id='block_1_22' title="bbox 1870 801 3465 878">
    <p class='ocr_par' dir='ltr' id='par_1_22' title="bbox 1870 801 3465 878">
     <span class='ocr_line' id='line_1_22' title="bbox 1870 801 3465 878; baseline -0.002 -16"><span class='ocrx_word' id='word_1_156' title='bbox 1870 807 1963 878; x_wconf 87' lang='lat' dir='ltr'><strong><em>qui</em></strong></span> <span class='ocrx_word' id='word_1_157' title='bbox 1994 807 2143 863; x_wconf 86' lang='lat' dir='ltr'><strong><em>aiunt</em></strong></span> <span class='ocrx_word' id='word_1_158' title='bbox 2173 822 2277 863; x_wconf 88' lang='lat' dir='ltr'><strong><em>non</em></strong></span> <span class='ocrx_word' id='word_1_159' title='bbox 2323 808 2506 871; x_wconf 88' lang='lat' dir='ltr'><strong><em>istum,</em></strong></span> <span class='ocrx_word' id='word_1_160' title='bbox 2559 807 2652 861; x_wconf 83' lang='lat' dir='ltr'><strong><em>sed</em></strong></span> <span class='ocrx_word' id='word_1_161' title='bbox 2699 808 2863 863; x_wconf 84' lang='lat' dir='ltr'><strong><em>alium</em></strong></span> <span class='ocrx_word' id='word_1_162' title='bbox 2909 824 2937 860; x_wconf 92' lang='lat' dir='ltr'><strong><em>a</em></strong></span> <span class='ocrx_word' id='word_1_163' title='bbox 2969 804 3188 861; x_wconf 72' lang='lat' dir='ltr'><strong><em>Christo</em></strong></span> <span class='ocrx_word' id='word_1_164' title='bbox 3216 803 3381 860; x_wconf 71' lang='lat' dir='ltr'><strong><em>fuisse</em></strong></span> <span class='ocrx_word' id='word_1_165' title='bbox 3408 801 3465 859; x_wconf 87' lang='lat' dir='ltr'><strong><em>in</em></strong></span> 
     </span>
    </p>
   </div>
   <div class='ocr_carea' id='block_1_23' title="bbox 1873 896 3462 972">
    <p class='ocr_par' dir='ltr' id='par_1_23' title="bbox 1873 896 3462 972">
     <span class='ocr_line' id='line_1_23' title="bbox 1873 896 3462 972; baseline -0.004 -16"><span class='ocrx_word' id='word_1_166' title='bbox 1873 901 2168 972; x_wconf 77' lang='lat' dir='ltr'><strong><em>Evangelio</em></strong></span> <span class='ocrx_word' id='word_1_167' title='bbox 2190 901 2577 972; x_wconf 72' lang='lat' dir='ltr'><strong><em>prtediCatum?</em></strong></span> <span class='ocrx_word' id='word_1_168' title='bbox 2607 900 2756 956; x_wconf 83' lang='lat' dir='ltr'><strong><em>Misit</em></strong></span> <span class='ocrx_word' id='word_1_169' title='bbox 2795 899 2938 955; x_wconf 87' lang='lat' dir='ltr'><strong><em>Deus</em></strong></span> <span class='ocrx_word' id='word_1_170' title='bbox 2966 897 3167 953; x_wconf 83' lang='lat' dir='ltr'><strong><em>Filium</em></strong></span> <span class='ocrx_word' id='word_1_171' title='bbox 3194 913 3346 952; x_wconf 89' lang='lat' dir='ltr'><strong><em>suum</em></strong></span> <span class='ocrx_word' id='word_1_172' title='bbox 3376 896 3462 965; x_wconf 79' lang='lat' dir='ltr'><strong><em>[a-</em></strong></span> 
     </span>
    </p>
   </div>
   <div class='ocr_carea' id='block_1_24' title="bbox 1869 990 3460 1069">
    <p class='ocr_par' dir='ltr' id='par_1_24' title="bbox 1869 990 3460 1069">
     <span class='ocr_line' id='line_1_24' title="bbox 1869 990 3460 1069; baseline -0.002 -18"><span class='ocrx_word' id='word_1_173' title='bbox 1869 1004 2005 1051; x_wconf 88' lang='lat' dir='ltr'><strong><em>ctum</em></strong></span> <span class='ocrx_word' id='word_1_174' title='bbox 2034 1013 2099 1052; x_wconf 67' lang='lat' dir='ltr'><strong><em>ex</em></strong></span> <span class='ocrx_word' id='word_1_175' title='bbox 2123 997 2358 1064; x_wconf 83' lang='lat' dir='ltr'><strong><em>muliere,</em></strong></span> <span class='ocrx_word' id='word_1_176' title='bbox 2406 997 2595 1062; x_wconf 80' lang='lat' dir='ltr'><strong><em>factum</em></strong></span> <span class='ocrx_word' id='word_1_177' title='bbox 2639 996 2732 1050; x_wconf 85' lang='lat' dir='ltr'><strong><em>sub</em></strong></span> <span class='ocrx_word' id='word_1_178' title='bbox 2775 994 2928 1069; x_wconf 71' lang='lat' dir='ltr'><strong><em>Lege.</em></strong></span> <span class='ocrx_word' id='word_1_179' title='bbox 2980 994 3120 1065; x_wconf 85' lang='lat' dir='ltr'><strong><em>Ergo</em></strong></span> <span class='ocrx_word' id='word_1_180' title='bbox 3169 990 3460 1063; x_wconf 83' lang='lat' dir='ltr'><strong><em>putandum</em></strong></span> 
     </span>
    </p>
   </div>
   <div class='ocr_carea' id='block_1_25' title="bbox 1870 1082 3464 1157">
    <p class='ocr_par' dir='ltr' id='par_1_25' title="bbox 1870 1082 3464 1157">
     <span class='ocr_line' id='line_1_25' title="bbox 1870 1082 3464 1157; baseline -0.004 -13"><span class='ocrx_word' id='word_1_181' title='bbox 1870 1099 1973 1157; x_wconf 81' lang='lat' dir='ltr'><strong><em>est,</em></strong></span> <span class='ocrx_word' id='word_1_182' title='bbox 2025 1100 2084 1143; x_wconf 88' lang='lat' dir='ltr'><strong><em>ut</em></strong></span> <span class='ocrx_word' id='word_1_183' title='bbox 2129 1088 2325 1143; x_wconf 87' lang='lat' dir='ltr'><strong><em>Filium</em></strong></span> <span class='ocrx_word' id='word_1_184' title='bbox 2372 1104 2529 1143; x_wconf 85' lang='lat' dir='ltr'><strong><em>suum</em></strong></span> <span class='ocrx_word' id='word_1_185' title='bbox 2580 1089 2753 1143; x_wconf 74' lang='lat' dir='ltr'><strong><em>bonus</em></strong></span> <span class='ocrx_word' id='word_1_186' title='bbox 2787 1087 2928 1142; x_wconf 89' lang='lat' dir='ltr'><strong><em>Deus</em></strong></span> <span class='ocrx_word' id='word_1_187' title='bbox 2973 1088 3073 1142; x_wconf 86' lang='lat' dir='ltr'><strong><em>sub</em></strong></span> <span class='ocrx_word' id='word_1_188' title='bbox 3106 1085 3247 1157; x_wconf 84' lang='lat' dir='ltr'><strong><em>Lege</em></strong></span> <span class='ocrx_word' id='word_1_189' title='bbox 3275 1082 3464 1139; x_wconf 77' lang='lat' dir='ltr'><strong><em>fecerit</em></strong></span> 
     </span>
    </p>
   </div>
   <div class='ocr_carea' id='block_1_26' title="bbox 1868 1175 3465 1252">
    <p class='ocr_par' dir='ltr' id='par_1_26' title="bbox 1868 1175 3465 1252">
     <span class='ocr_line' id='line_1_26' title="bbox 1868 1175 3465 1252; baseline -0.005 -15"><span class='ocrx_word' id='word_1_190' title='bbox 1868 1182 2167 1248; x_wconf 76' lang='lat' dir='ltr'><strong><em>Creatoris,</em></strong></span> <span class='ocrx_word' id='word_1_191' title='bbox 2198 1194 2252 1237; x_wconf 89' lang='lat' dir='ltr'><strong><em>et</em></strong></span> <span class='ocrx_word' id='word_1_192' title='bbox 2280 1183 2382 1236; x_wconf 81' lang='lat' dir='ltr'><strong><em>sub</em></strong></span> <span class='ocrx_word' id='word_1_193' title='bbox 2431 1182 2632 1237; x_wconf 90' lang='lat' dir='ltr'><strong><em>inimici</em></strong></span> <span class='ocrx_word' id='word_1_194' title='bbox 2676 1181 2798 1252; x_wconf 83' lang='lat' dir='ltr'><strong><em>jure</em></strong></span> <span class='ocrx_word' id='word_1_195' title='bbox 2845 1181 2986 1248; x_wconf 91' lang='lat' dir='ltr'><strong><em>quod</em></strong></span> <span class='ocrx_word' id='word_1_196' title='bbox 3035 1180 3150 1250; x_wconf 80' lang='lat' dir='ltr'><strong><em>ipse</em></strong></span> <span class='ocrx_word' id='word_1_197' title='bbox 3197 1175 3465 1232; x_wconf 84' lang='lat' dir='ltr'><strong><em>dederat?</em></strong></span> 
     </span>
    </p>
   </div>
   <div class='ocr_carea' id='block_1_27' title="bbox 1871 1272 3465 1347">
    <p class='ocr_par' dir='ltr' id='par_1_27' title="bbox 1871 1272 3465 1347">
     <span class='ocr_line' id='line_1_27' title="bbox 1871 1272 3465 1347; baseline -0.006 -14"><span class='ocrx_word' id='word_1_198' title='bbox 1871 1279 2010 1346; x_wconf 81' lang='lat' dir='ltr'><strong><em>Quin</em></strong></span> <span class='ocrx_word' id='word_1_199' title='bbox 2055 1278 2235 1347; x_wconf 84' lang='lat' dir='ltr'><strong><em>potius</em></strong></span> <span class='ocrx_word' id='word_1_200' title='bbox 2267 1276 2388 1332; x_wconf 90' lang='lat' dir='ltr'><strong><em>idco</em></strong></span> <span class='ocrx_word' id='word_1_201' title='bbox 2438 1277 2538 1332; x_wconf 88' lang='lat' dir='ltr'><strong><em>sub</em></strong></span> <span class='ocrx_word' id='word_1_202' title='bbox 2566 1276 2709 1345; x_wconf 85' lang='lat' dir='ltr'><strong><em>Lege</em></strong></span> <span class='ocrx_word' id='word_1_203' title='bbox 2750 1274 2926 1330; x_wconf 81' lang='lat' dir='ltr'><strong><em>factus</em></strong></span> <span class='ocrx_word' id='word_1_204' title='bbox 2949 1283 3052 1335; x_wconf 78' lang='lat' dir='ltr'><strong><em>est,</em></strong></span> <span class='ocrx_word' id='word_1_205' title='bbox 3087 1282 3144 1326; x_wconf 89' lang='lat' dir='ltr'><strong><em>ttt</em></strong></span> <span class='ocrx_word' id='word_1_206' title='bbox 3174 1272 3465 1327; x_wconf 80' lang='lat' dir='ltr'><strong><em>redimeret</em></strong></span> 
     </span>
    </p>
   </div>
   <div class='ocr_carea' id='block_1_28' title="bbox 1871 1363 3465 1440">
    <p class='ocr_par' dir='ltr' id='par_1_28' title="bbox 1871 1363 3465 1440">
     <span class='ocr_line' id='line_1_28' title="bbox 1871 1363 3465 1440; baseline -0.008 -12"><span class='ocrx_word' id='word_1_207' title='bbox 1871 1385 1965 1428; x_wconf 87' lang='lat' dir='ltr'><strong><em>eos</em></strong></span> <span class='ocrx_word' id='word_1_208' title='bbox 1997 1371 2088 1440; x_wconf 89' lang='lat' dir='ltr'><strong><em>qui</em></strong></span> <span class='ocrx_word' id='word_1_209' title='bbox 2118 1371 2217 1425; x_wconf 87' lang='lat' dir='ltr'><strong><em>sub</em></strong></span> <span class='ocrx_word' id='word_1_210' title='bbox 2254 1370 2397 1440; x_wconf 75' lang='lat' dir='ltr'><strong><em>Lege</em></strong></span> <span class='ocrx_word' id='word_1_211' title='bbox 2440 1380 2592 1423; x_wconf 87' lang='lat' dir='ltr'><strong><em>erant</em></strong></span> <span class='ocrx_word' id='word_1_212' title='bbox 2620 1367 2765 1438; x_wconf 66' lang='lat' dir='ltr'><strong><em>(Gal.</em></strong></span> <span class='ocrx_word' id='word_1_213' title='bbox 2792 1369 2889 1438; x_wconf 84' lang='lat' dir='ltr'><strong><em>tv),</em></strong></span> <span class='ocrx_word' id='word_1_214' title='bbox 2920 1375 2976 1421; x_wconf 89' lang='lat' dir='ltr'><strong><em>et</em></strong></span> <span class='ocrx_word' id='word_1_215' title='bbox 3002 1366 3120 1421; x_wconf 74' lang='lat' dir='ltr'><strong><em>alia:</em></strong></span> <span class='ocrx_word' id='word_1_216' title='bbox 3164 1364 3265 1436; x_wconf 86' lang='lat' dir='ltr'><strong><em>legi</em></strong></span> <span class='ocrx_word' id='word_1_217' title='bbox 3297 1363 3465 1432; x_wconf 85' lang='lat' dir='ltr'><strong><em>subji-</em></strong></span> 
     </span>
    </p>
   </div>
   <div class='ocr_carea' id='block_1_29' title="bbox 1870 1456 3465 1533">
    <p class='ocr_par' dir='ltr' id='par_1_29' title="bbox 1870 1456 3465 1533">
     <span class='ocr_line' id='line_1_29' title="bbox 1870 1456 3465 1533; baseline -0.008 -14"><span class='ocrx_word' id='word_1_218' title='bbox 1870 1474 2041 1532; x_wconf 86' lang='lat' dir='ltr'><strong><em>cerct,</em></strong></span> <span class='ocrx_word' id='word_1_219' title='bbox 2091 1462 2160 1518; x_wconf 91' lang='lat' dir='ltr'><strong><em>de</em></strong></span> <span class='ocrx_word' id='word_1_220' title='bbox 2205 1477 2309 1533; x_wconf 91' lang='lat' dir='ltr'><strong><em>qua</em></strong></span> <span class='ocrx_word' id='word_1_221' title='bbox 2337 1460 2541 1516; x_wconf 90' lang='lat' dir='ltr'><strong><em>dudum</em></strong></span> <span class='ocrx_word' id='word_1_222' title='bbox 2595 1461 2792 1515; x_wconf 76' lang='lat' dir='ltr'><strong><em>lectum</em></strong></span> <span class='ocrx_word' id='word_1_223' title='bbox 2824 1469 2930 1523; x_wconf 86' lang='lat' dir='ltr'><strong><em>est,</em></strong></span> <span class='ocrx_word' id='word_1_224' title='bbox 2961 1458 3246 1522; x_wconf 83' lang='lat' dir='ltr'><strong><em>Attendite,</em></strong></span> <span class='ocrx_word' id='word_1_225' title='bbox 3277 1456 3465 1527; x_wconf 75' lang='lat' dir='ltr'><strong><em>papula</em></strong></span> 
     </span>
    </p>
   </div>
   <div class='ocr_carea' id='block_1_30' title="bbox 1870 1552 3461 1631">
    <p class='ocr_par' dir='ltr' id='par_1_30' title="bbox 1870 1552 3461 1631">
     <span class='ocr_line' id='line_1_30' title="bbox 1870 1552 3461 1631; baseline -0.008 -18"><span class='ocrx_word' id='word_1_226' title='bbox 1870 1574 2036 1625; x_wconf 85' lang='lat' dir='ltr'><strong><em>meus,</em></strong></span> <span class='ocrx_word' id='word_1_227' title='bbox 2061 1556 2221 1631; x_wconf 86' lang='lat' dir='ltr'><strong><em>legent</em></strong></span> <span class='ocrx_word' id='word_1_228' title='bbox 2252 1573 2435 1619; x_wconf 86' lang='lat' dir='ltr'><strong><em>meam,</em></strong></span> <span class='ocrx_word' id='word_1_229' title='bbox 2466 1564 2519 1610; x_wconf 89' lang='lat' dir='ltr'><strong><em>et</em></strong></span> <span class='ocrx_word' id='word_1_230' title='bbox 2550 1554 2779 1625; x_wconf 86' lang='lat' dir='ltr'><strong><em>reliqua.</em></strong></span> <span class='ocrx_word' id='word_1_231' title='bbox 2810 1552 3151 1606; x_wconf 72' lang='lat' dir='ltr'><strong><em>Adduxerunt</em></strong></span> <span class='ocrx_word' id='word_1_232' title='bbox 3178 1566 3296 1621; x_wconf 77' lang='lat' dir='ltr'><strong><em>ergo</em></strong></span> <span class='ocrx_word' id='word_1_233' title='bbox 3325 1564 3461 1612; x_wconf 89' lang='lat' dir='ltr'><strong><em>eum,</em></strong></span> 
     </span>
    </p>
   </div>
   <div class='ocr_carea' id='block_1_31' title="bbox 1872 1642 3465 1716">
    <p class='ocr_par' dir='ltr' id='par_1_31' title="bbox 1872 1642 3465 1716">
     <span class='ocr_line' id='line_1_31' title="bbox 1872 1642 3465 1716; baseline -0.009 -8"><span class='ocrx_word' id='word_1_234' title='bbox 1872 1663 1919 1708; x_wconf 82' lang='lat' dir='ltr'><strong><em>et</em></strong></span> <span class='ocrx_word' id='word_1_235' title='bbox 1943 1662 2228 1708; x_wconf 89' lang='lat' dir='ltr'><strong><em>statuerunt</em></strong></span> <span class='ocrx_word' id='word_1_236' title='bbox 2251 1662 2372 1705; x_wconf 86' lang='lat' dir='ltr'><strong><em>ante</em></strong></span> <span class='ocrx_word' id='word_1_237' title='bbox 2394 1660 2719 1716; x_wconf 84' lang='lat' dir='ltr'><strong><em>conspectum</em></strong></span> <span class='ocrx_word' id='word_1_238' title='bbox 2746 1647 2975 1702; x_wconf 88' lang='lat' dir='ltr'><strong><em>Domini.</em></strong></span> <span class='ocrx_word' id='word_1_239' title='bbox 3028 1644 3195 1715; x_wconf 83' lang='lat' dir='ltr'><strong><em>Cujus</em></strong></span> <span class='ocrx_word' id='word_1_240' title='bbox 3222 1642 3465 1711; x_wconf 81' lang='lat' dir='ltr'><strong><em>Scriptu-</em></strong></span> 
     </span>
    </p>
   </div>
   <div class='ocr_carea' id='block_1_32' title="bbox 1871 1731 3467 1815">
    <p class='ocr_par' dir='ltr' id='par_1_32' title="bbox 1871 1731 3467 1815">
     <span class='ocr_line' id='line_1_32' title="bbox 1871 1731 3467 1815; baseline -0.009 -15"><span class='ocrx_word' id='word_1_241' title='bbox 1871 1761 1947 1800; x_wconf 62' lang='lat' dir='ltr'><strong><em>ra:</em></strong></span> <span class='ocrx_word' id='word_1_242' title='bbox 1987 1751 2249 1815; x_wconf 84' lang='lat' dir='ltr'><strong><em>pra-cepta</em></strong></span> <span class='ocrx_word' id='word_1_243' title='bbox 2298 1742 2675 1807; x_wconf 75' lang='lat' dir='ltr'><strong><em>complentes?</em></strong></span> <span class='ocrx_word' id='word_1_244' title='bbox 2710 1740 2913 1809; x_wconf 83' lang='lat' dir='ltr'><strong><em>Nempe</em></strong></span> <span class='ocrx_word' id='word_1_245' title='bbox 2955 1738 3116 1793; x_wconf 91' lang='lat' dir='ltr'><strong><em>illius.</em></strong></span> <span class='ocrx_word' id='word_1_246' title='bbox 3162 1733 3310 1791; x_wconf 82' lang='lat' dir='ltr'><strong><em>Sicut</em></strong></span> <span class='ocrx_word' id='word_1_247' title='bbox 3339 1731 3467 1786; x_wconf 83' lang='lat' dir='ltr'><strong><em>scti-</em></strong></span> 
     </span>
    </p>
   </div>
   <div class='ocr_carea' id='block_1_33' title="bbox 192 1823 3471 1910">
    <p class='ocr_par' dir='ltr' id='par_1_33' title="bbox 192 1823 3471 1910">
     <span class='ocr_line' id='line_1_33' title="bbox 192 1823 3471 1910; baseline -0.003 -21"><span class='ocrx_word' id='word_1_248' title='bbox 192 1837 275 1890; x_wconf 86' lang='lat' dir='ltr'><strong><em>smi</em></strong></span> <span class='ocrx_word' id='word_1_249' title='bbox 295 1844 694 1888; x_wconf 89' lang='lat' dir='ltr'><strong><em>sacramentum</em></strong></span> <span class='ocrx_word' id='word_1_250' title='bbox 712 1834 1014 1888; x_wconf 86' lang='lat' dir='ltr'><strong><em>nativitatis</em></strong></span> <span class='ocrx_word' id='word_1_251' title='bbox 1038 1831 1230 1886; x_wconf 82' lang='lat' dir='ltr'><strong><em>sordes</em></strong></span> <span class='ocrx_word' id='word_1_252' title='bbox 1246 1830 1616 1902; x_wconf 87' lang='lat' dir='ltr'><strong><em>deponuntur,</em></strong></span> <span class='ocrx_word' id='word_1_253' title='bbox 1642 1846 1766 1898; x_wconf 80' lang='lat' dir='ltr'><strong><em>pro—</em></strong></span> <span class='ocrx_word' id='word_1_254' title='bbox 1794 1846 1843 1906; x_wconf 76' lang='grc' dir='ltr'><strong>Β</strong></span> <span class='ocrx_word' id='word_1_255' title='bbox 1872 1851 2015 1910; x_wconf 71' lang='lat' dir='ltr'><strong><em>pium</em></strong></span> <span class='ocrx_word' id='word_1_256' title='bbox 2043 1848 2138 1903; x_wconf 77' lang='lat' dir='ltr'><strong><em>est,</em></strong></span> <span class='ocrx_word' id='word_1_257' title='bbox 2177 1837 2371 1907; x_wconf 79' lang='lat' dir='ltr'><strong><em>inquit,</em></strong></span> <span class='ocrx_word' id='word_1_258' title='bbox 2402 1837 2453 1890; x_wconf 86' lang='lat' dir='ltr'><strong><em>in</em></strong></span> <span class='ocrx_word' id='word_1_259' title='bbox 2484 1834 2618 1906; x_wconf 84' lang='lat' dir='ltr'><strong><em>Lege</em></strong></span> <span class='ocrx_word' id='word_1_260' title='bbox 2647 1833 2840 1905; x_wconf 77' lang='lat' dir='ltr'><strong><em>Moysi.</em></strong></span> <span class='ocrx_word' id='word_1_261' title='bbox 2879 1831 3002 1903; x_wconf 89' lang='lat' dir='ltr'><strong><em>quia</em></strong></span> <span class='ocrx_word' id='word_1_262' title='bbox 3044 1845 3192 1883; x_wconf 84' lang='lat' dir='ltr'><strong><em>omne</em></strong></span> <span class='ocrx_word' id='word_1_263' title='bbox 3223 1823 3471 1881; x_wconf 87' lang='lat' dir='ltr'><strong><em>masculi-</em></strong></span> 
     </span>
    </p>
   </div>
   <div class='ocr_carea' id='block_1_34' title="bbox 191 1922 1764 1997">
    <p class='ocr_par' dir='ltr' id='par_1_34' title="bbox 191 1922 1764 1997">
     <span class='ocr_line' id='line_1_34' title="bbox 191 1922 1764 1997; baseline -0.004 -15"><span class='ocrx_word' id='word_1_264' title='bbox 191 1935 350 1997; x_wconf 86' lang='lat' dir='ltr'><strong><em>pterea</em></strong></span> <span class='ocrx_word' id='word_1_265' title='bbox 374 1925 743 1997; x_wconf 78' lang='lat' dir='ltr'><strong><em>baptizautur,</em></strong></span> <span class='ocrx_word' id='word_1_266' title='bbox 777 1934 831 1980; x_wconf 91' lang='lat' dir='ltr'><strong><em>et</em></strong></span> <span class='ocrx_word' id='word_1_267' title='bbox 860 1922 1095 1996; x_wconf 76' lang='lat' dir='ltr'><strong><em>parvuli.</em></strong></span> <span class='ocrx_word' id='word_1_268' title='bbox 1122 1922 1241 1979; x_wconf 84' lang='lat' dir='ltr'><strong><em>Nisi</em></strong></span> <span class='ocrx_word' id='word_1_269' title='bbox 1268 1923 1409 1978; x_wconf 81' lang='lat' dir='ltr'><strong><em>enim</em></strong></span> <span class='ocrx_word' id='word_1_270' title='bbox 1453 1922 1575 1992; x_wconf 86' lang='lat' dir='ltr'><strong><em>quis</em></strong></span> <span class='ocrx_word' id='word_1_271' title='bbox 1606 1938 1764 1977; x_wconf 88' lang='lat' dir='ltr'><strong><em>reua-</em></strong></span> 
     </span>
    </p>
   </div>
   <div class='ocr_carea' id='block_1_35' title="bbox 192 2017 1761 2090">
    <p class='ocr_par' dir='ltr' id='par_1_35' title="bbox 192 2017 1761 2090">
     <span class='ocr_line' id='line_1_35' title="bbox 192 2017 1761 2090; baseline -0.001 -16"><span class='ocrx_word' id='word_1_272' title='bbox 192 2029 262 2074; x_wconf 87' lang='lat' dir='ltr'><strong><em>tus</em></strong></span> <span class='ocrx_word' id='word_1_273' title='bbox 286 2018 437 2074; x_wconf 78' lang='lat' dir='ltr'><strong><em>fuerit</em></strong></span> <span class='ocrx_word' id='word_1_274' title='bbox 463 2032 533 2074; x_wconf 79' lang='lat' dir='ltr'><strong><em>ex</em></strong></span> <span class='ocrx_word' id='word_1_275' title='bbox 576 2034 716 2090; x_wconf 90' lang='lat' dir='ltr'><strong><em>aqua</em></strong></span> <span class='ocrx_word' id='word_1_276' title='bbox 739 2027 797 2073; x_wconf 90' lang='lat' dir='ltr'><strong><em>et</em></strong></span> <span class='ocrx_word' id='word_1_277' title='bbox 835 2019 1053 2088; x_wconf 80' lang='lat' dir='ltr'><strong><em>Spiritu,</em></strong></span> <span class='ocrx_word' id='word_1_278' title='bbox 1099 2032 1206 2072; x_wconf 90' lang='lat' dir='ltr'><strong><em>non</em></strong></span> <span class='ocrx_word' id='word_1_279' title='bbox 1238 2017 1433 2087; x_wconf 84' lang='lat' dir='ltr'><strong><em>poterit</em></strong></span> <span class='ocrx_word' id='word_1_280' title='bbox 1471 2018 1677 2072; x_wconf 86' lang='lat' dir='ltr'><strong><em>intrare</em></strong></span> <span class='ocrx_word' id='word_1_281' title='bbox 1710 2017 1761 2072; x_wconf 92' lang='lat' dir='ltr'><strong><em>in</em></strong></span> 
     </span>
    </p>
   </div>
   <div class='ocr_carea' id='block_1_36' title="bbox 190 2110 1765 2185">
    <p class='ocr_par' dir='ltr' id='par_1_36' title="bbox 190 2110 1765 2185">
     <span class='ocr_line' id='line_1_36' title="bbox 190 2110 1765 2185; baseline -0.003 -15"><span class='ocrx_word' id='word_1_282' title='bbox 190 2128 387 2184; x_wconf 80' lang='lat' dir='ltr'><strong><em>regnum</em></strong></span> <span class='ocrx_word' id='word_1_283' title='bbox 417 2114 689 2169; x_wconf 60' lang='lat' dir='ltr'><strong><em>calorum</em></strong></span> <span class='ocrx_word' id='word_1_284' title='bbox 723 2111 905 2185; x_wconf 78' lang='lat' dir='ltr'><strong><em>(Joan.</em></strong></span> <span class='ocrx_word' id='word_1_285' title='bbox 933 2112 1038 2183; x_wconf 88' lang='lat' dir='ltr'><strong><em>ut).</em></strong></span> <span class='ocrx_word' id='word_1_286' title='bbox 1064 2110 1213 2178; x_wconf 86' lang='lat' dir='ltr'><strong><em>Cum,</em></strong></span> <span class='ocrx_word' id='word_1_287' title='bbox 1253 2113 1444 2183; x_wconf 85' lang='lat' dir='ltr'><strong><em>inquit,</em></strong></span> <span class='ocrx_word' id='word_1_288' title='bbox 1476 2112 1664 2181; x_wconf 70' lang='lat' dir='ltr'><strong><em>expleti</em></strong></span> <span class='ocrx_word' id='word_1_289' title='bbox 1685 2129 1765 2166; x_wconf 83' lang='lat' dir='ltr'><strong><em>es-</em></strong></span> 
     </span>
    </p>
   </div>
   <div class='ocr_carea' id='block_1_37' title="bbox 188 2205 1762 2279">
    <p class='ocr_par' dir='ltr' id='par_1_37' title="bbox 188 2205 1762 2279">
     <span class='ocr_line' id='line_1_37' title="bbox 188 2205 1762 2279; baseline -0.001 -20"><span class='ocrx_word' id='word_1_290' title='bbox 188 2214 280 2259; x_wconf 82' lang='lat' dir='ltr'><strong><em>sent</em></strong></span> <span class='ocrx_word' id='word_1_291' title='bbox 304 2206 405 2260; x_wconf 85' lang='lat' dir='ltr'><strong><em>dies</em></strong></span> <span class='ocrx_word' id='word_1_292' title='bbox 436 2206 767 2279; x_wconf 74' lang='lat' dir='ltr'><strong><em>purgationis</em></strong></span> <span class='ocrx_word' id='word_1_293' title='bbox 796 2222 993 2260; x_wconf 87' lang='lat' dir='ltr'><strong><em>eorum.</em></strong></span> <span class='ocrx_word' id='word_1_294' title='bbox 1037 2205 1337 2276; x_wconf 75' lang='lat' dir='ltr'><strong><em>Explcntur</em></strong></span> <span class='ocrx_word' id='word_1_295' title='bbox 1365 2205 1482 2260; x_wconf 84' lang='lat' dir='ltr'><strong><em>dies</em></strong></span> <span class='ocrx_word' id='word_1_296' title='bbox 1511 2214 1567 2260; x_wconf 88' lang='lat' dir='ltr'><strong><em>et</em></strong></span> <span class='ocrx_word' id='word_1_297' title='bbox 1602 2206 1762 2274; x_wconf 59' lang='lat' dir='ltr'><strong><em>justi-</em></strong></span> 
     </span>
    </p>
   </div>
   <div class='ocr_carea' id='block_1_38' title="bbox 188 2297 1766 2369">
    <p class='ocr_par' dir='ltr' id='par_1_38' title="bbox 188 2297 1766 2369">
     <span class='ocr_line' id='line_1_38' title="bbox 188 2297 1766 2369; baseline 0.001 -18"><span class='ocrx_word' id='word_1_298' title='bbox 188 2297 280 2355; x_wconf 82' lang='lat' dir='ltr'><strong><em>tizc.</em></strong></span> <span class='ocrx_word' id='word_1_299' title='bbox 320 2297 505 2369; x_wconf 83' lang='lat' dir='ltr'><strong><em>Neque</em></strong></span> <span class='ocrx_word' id='word_1_300' title='bbox 537 2301 689 2355; x_wconf 88' lang='lat' dir='ltr'><strong><em>enim</em></strong></span> <span class='ocrx_word' id='word_1_301' title='bbox 733 2300 917 2355; x_wconf 87' lang='lat' dir='ltr'><strong><em>statim</em></strong></span> <span class='ocrx_word' id='word_1_302' title='bbox 948 2307 1008 2353; x_wconf 89' lang='lat' dir='ltr'><strong><em>ut</em></strong></span> <span class='ocrx_word' id='word_1_303' title='bbox 1051 2311 1176 2353; x_wconf 89' lang='lat' dir='ltr'><strong><em>nata</em></strong></span> <span class='ocrx_word' id='word_1_304' title='bbox 1208 2298 1393 2364; x_wconf 76' lang='lat' dir='ltr'><strong><em>fuerit,</em></strong></span> <span class='ocrx_word' id='word_1_305' title='bbox 1426 2300 1604 2353; x_wconf 89' lang='lat' dir='ltr'><strong><em>anima</em></strong></span> <span class='ocrx_word' id='word_1_306' title='bbox 1640 2314 1766 2369; x_wconf 86' lang='lat' dir='ltr'><strong><em>pur-</em></strong></span> 
     </span>
    </p>
   </div>
   <div class='ocr_carea' id='block_1_39' title="bbox 186 2391 1761 2463">
    <p class='ocr_par' dir='ltr' id='par_1_39' title="bbox 186 2391 1761 2463">
     <span class='ocr_line' id='line_1_39' title="bbox 186 2391 1761 2463; baseline -0.003 -16"><span class='ocrx_word' id='word_1_307' title='bbox 186 2402 339 2461; x_wconf 78' lang='lat' dir='ltr'><strong><em>gatur,</em></strong></span> <span class='ocrx_word' id='word_1_308' title='bbox 378 2408 476 2447; x_wconf 89' lang='lat' dir='ltr'><strong><em>nec</em></strong></span> <span class='ocrx_word' id='word_1_309' title='bbox 529 2399 717 2462; x_wconf 85' lang='lat' dir='ltr'><strong><em>potest</em></strong></span> <span class='ocrx_word' id='word_1_310' title='bbox 766 2394 1059 2463; x_wconf 87' lang='lat' dir='ltr'><strong><em>perlectam</em></strong></span> <span class='ocrx_word' id='word_1_311' title='bbox 1091 2392 1146 2446; x_wconf 89' lang='lat' dir='ltr'><strong><em>in</em></strong></span> <span class='ocrx_word' id='word_1_312' title='bbox 1198 2393 1315 2462; x_wconf 76' lang='lat' dir='ltr'><strong><em>ipso</em></strong></span> <span class='ocrx_word' id='word_1_313' title='bbox 1343 2401 1465 2446; x_wconf 91' lang='lat' dir='ltr'><strong><em>ortu</em></strong></span> <span class='ocrx_word' id='word_1_314' title='bbox 1504 2391 1761 2461; x_wconf 78' lang='lat' dir='ltr'><strong><em>consequi</em></strong></span> 
     </span>
    </p>
   </div>
   <div class='ocr_carea' id='block_1_40' title="bbox 187 2484 1766 2558">
    <p class='ocr_par' dir='ltr' id='par_1_40' title="bbox 187 2484 1766 2558">
     <span class='ocr_line' id='line_1_40' title="bbox 187 2484 1766 2558; baseline -0.001 -18"><span class='ocrx_word' id='word_1_315' title='bbox 187 2486 469 2557; x_wconf 82' lang='lat' dir='ltr'><strong><em>puritatem,</em></strong></span> <span class='ocrx_word' id='word_1_316' title='bbox 502 2487 606 2543; x_wconf 88' lang='lat' dir='ltr'><strong><em>sed</em></strong></span> <span class='ocrx_word' id='word_1_317' title='bbox 634 2488 777 2542; x_wconf 84' lang='lat' dir='ltr'><strong><em>sicut</em></strong></span> <span class='ocrx_word' id='word_1_318' title='bbox 822 2488 1083 2558; x_wconf 88' lang='lat' dir='ltr'><strong><em>scriptum</em></strong></span> <span class='ocrx_word' id='word_1_319' title='bbox 1115 2498 1199 2542; x_wconf 71' lang='grc' dir='ltr'><strong><em>ρει</em></strong></span> <span class='ocrx_word' id='word_1_320' title='bbox 1229 2487 1279 2539; x_wconf 91' lang='lat' dir='ltr'><strong><em>in</em></strong></span> <span class='ocrx_word' id='word_1_321' title='bbox 1312 2484 1454 2556; x_wconf 88' lang='lat' dir='ltr'><strong><em>Lege</em></strong></span> <span class='ocrx_word' id='word_1_322' title='bbox 1487 2502 1501 2538; x_wconf 88' lang='lat'><strong>:</strong></span> <span class='ocrx_word' id='word_1_323' title='bbox 1531 2486 1593 2539; x_wconf 85' lang='lat' dir='ltr'><strong><em>Si</em></strong></span> <span class='ocrx_word' id='word_1_324' title='bbox 1627 2502 1766 2539; x_wconf 86' lang='lat' dir='ltr'><strong><em>mas-</em></strong></span> 
     </span>
    </p>
   </div>
   <div class='ocr_carea' id='block_1_41' title="bbox 186 2580 1767 2651">
    <p class='ocr_par' dir='ltr' id='par_1_41' title="bbox 186 2580 1767 2651">
     <span class='ocr_line' id='line_1_41' title="bbox 186 2580 1767 2651; baseline 0 -19"><span class='ocrx_word' id='word_1_325' title='bbox 186 2582 332 2632; x_wconf 78' lang='lat' dir='ltr'><strong><em>culum</em></strong></span> <span class='ocrx_word' id='word_1_326' title='bbox 352 2580 571 2650; x_wconf 88' lang='lat' dir='ltr'><strong><em>peperit,</em></strong></span> <span class='ocrx_word' id='word_1_327' title='bbox 604 2589 799 2651; x_wconf 84' lang='lat' dir='ltr'><strong><em>septem</em></strong></span> <span class='ocrx_word' id='word_1_328' title='bbox 827 2580 1003 2634; x_wconf 83' lang='lat' dir='ltr'><strong><em>diebus</em></strong></span> <span class='ocrx_word' id='word_1_329' title='bbox 1029 2590 1193 2634; x_wconf 86' lang='lat' dir='ltr'><strong><em>mater</em></strong></span> <span class='ocrx_word' id='word_1_330' title='bbox 1215 2580 1408 2634; x_wconf 77' lang='lat' dir='ltr'><strong><em>sedebit</em></strong></span> <span class='ocrx_word' id='word_1_331' title='bbox 1439 2583 1492 2632; x_wconf 88' lang='lat' dir='ltr'><strong><em>in</em></strong></span> <span class='ocrx_word' id='word_1_332' title='bbox 1518 2581 1767 2650; x_wconf 84' lang='lat' dir='ltr'><strong><em>sanguine</em></strong></span> 
     </span>
    </p>
   </div>
   <div class='ocr_carea' id='block_1_42' title="bbox 185 2671 1761 2748">
    <p class='ocr_par' dir='ltr' id='par_1_42' title="bbox 185 2671 1761 2748">
     <span class='ocr_line' id='line_1_42' title="bbox 185 2671 1761 2748; baseline 0.003 -23"><span class='ocrx_word' id='word_1_333' title='bbox 185 2671 441 2743; x_wconf 76' lang='lat' dir='ltr'><strong><em>immundo,</em></strong></span> <span class='ocrx_word' id='word_1_334' title='bbox 472 2690 537 2727; x_wconf 90' lang='lat' dir='ltr'><strong><em>ac</em></strong></span> <span class='ocrx_word' id='word_1_335' title='bbox 570 2675 759 2729; x_wconf 86' lang='lat' dir='ltr'><strong><em>deinde</em></strong></span> <span class='ocrx_word' id='word_1_336' title='bbox 787 2675 1003 2748; x_wconf 87' lang='lat' dir='ltr'><strong><em>triginta</em></strong></span> <span class='ocrx_word' id='word_1_337' title='bbox 1045 2674 1204 2729; x_wconf 83' lang='lat' dir='ltr'><strong><em>tribus</em></strong></span> <span class='ocrx_word' id='word_1_338' title='bbox 1232 2675 1286 2729; x_wconf 93' lang='lat' dir='ltr'><strong><em>in</em></strong></span> <span class='ocrx_word' id='word_1_339' title='bbox 1330 2676 1582 2745; x_wconf 87' lang='lat' dir='ltr'><strong><em>sanguine</em></strong></span> <span class='ocrx_word' id='word_1_340' title='bbox 1609 2691 1761 2747; x_wconf 85' lang='lat' dir='ltr'><strong><em>puro,</em></strong></span> 
     </span>
    </p>
   </div>
   <div class='ocr_carea' id='block_1_43' title="bbox 184 2764 1766 2838">
    <p class='ocr_par' dir='ltr' id='par_1_43' title="bbox 184 2764 1766 2838">
     <span class='ocr_line' id='line_1_43' title="bbox 184 2764 1766 2838; baseline 0.002 -22"><span class='ocrx_word' id='word_1_341' title='bbox 184 2771 223 2816; x_wconf 83' lang='lat' dir='ltr'><strong><em>et</em></strong></span> <span class='ocrx_word' id='word_1_342' title='bbox 243 2764 303 2817; x_wconf 85' lang='lat' dir='ltr'><strong><em>ad</em></strong></span> <span class='ocrx_word' id='word_1_343' title='bbox 328 2776 620 2819; x_wconf 68' lang='lat' dir='ltr'><strong><em>extremum</em></strong></span> <span class='ocrx_word' id='word_1_344' title='bbox 650 2775 700 2819; x_wconf 88' lang='lat' dir='ltr'><strong><em>et</em></strong></span> <span class='ocrx_word' id='word_1_345' title='bbox 733 2765 844 2837; x_wconf 88' lang='lat' dir='ltr'><strong><em>ipse</em></strong></span> <span class='ocrx_word' id='word_1_346' title='bbox 871 2766 1047 2834; x_wconf 73' lang='lat' dir='ltr'><strong><em>infans</em></strong></span> <span class='ocrx_word' id='word_1_347' title='bbox 1082 2764 1273 2819; x_wconf 81' lang='lat' dir='ltr'><strong><em>sedebit</em></strong></span> <span class='ocrx_word' id='word_1_348' title='bbox 1313 2766 1366 2819; x_wconf 88' lang='lat' dir='ltr'><strong><em>in</em></strong></span> <span class='ocrx_word' id='word_1_349' title='bbox 1396 2766 1644 2837; x_wconf 82' lang='lat' dir='ltr'><strong><em>sanguine</em></strong></span> <span class='ocrx_word' id='word_1_350' title='bbox 1668 2783 1766 2838; x_wconf 87' lang='lat' dir='ltr'><strong><em>pu-</em></strong></span> 
     </span>
    </p>
   </div>
   <div class='ocr_carea' id='block_1_44' title="bbox 184 2855 1765 2928">
    <p class='ocr_par' dir='ltr' id='par_1_44' title="bbox 184 2855 1765 2928">
     <span class='ocr_line' id='line_1_44' title="bbox 184 2855 1765 2928; baseline 0.004 -21"><span class='ocrx_word' id='word_1_351' title='bbox 184 2855 357 2909; x_wconf 83' lang='lat' dir='ltr'><strong><em>rissimo</em></strong></span> <span class='ocrx_word' id='word_1_352' title='bbox 382 2855 538 2928; x_wconf 85' lang='lat' dir='ltr'><strong><em>(Luc.</em></strong></span> <span class='ocrx_word' id='word_1_353' title='bbox 575 2856 640 2927; x_wconf 92' lang='grc' dir='ltr'><strong><em>ιι)</em></strong></span> <span class='ocrx_word' id='word_1_354' title='bbox 674 2874 690 2911; x_wconf 90' lang='lat'><strong>:</strong></span> <span class='ocrx_word' id='word_1_355' title='bbox 722 2858 801 2912; x_wconf 88' lang='lat' dir='ltr'><strong><em>sic</em></strong></span> <span class='ocrx_word' id='word_1_356' title='bbox 831 2860 957 2926; x_wconf 89' lang='lat' dir='ltr'><strong><em>quia</em></strong></span> <span class='ocrx_word' id='word_1_357' title='bbox 995 2859 1077 2912; x_wconf 80' lang='lat' dir='ltr'><strong><em>lex</em></strong></span> <span class='ocrx_word' id='word_1_358' title='bbox 1107 2857 1375 2927; x_wconf 85' lang='lat' dir='ltr'><strong><em>spiritalis</em></strong></span> <span class='ocrx_word' id='word_1_359' title='bbox 1403 2866 1519 2923; x_wconf 77' lang='lat' dir='ltr'><strong><em>est,</em></strong></span> <span class='ocrx_word' id='word_1_360' title='bbox 1561 2870 1614 2914; x_wconf 90' lang='lat' dir='ltr'><strong><em>et</em></strong></span> <span class='ocrx_word' id='word_1_361' title='bbox 1646 2874 1765 2913; x_wconf 90' lang='lat' dir='ltr'><strong><em>um-</em></strong></span> 
     </span>
    </p>
   </div>
   <div class='ocr_carea' id='block_1_45' title="bbox 186 2944 1760 3023">
    <p class='ocr_par' dir='ltr' id='par_1_45' title="bbox 186 2944 1760 3023">
     <span class='ocr_line' id='line_1_45' title="bbox 186 2944 1760 3023; baseline 0.004 -22"><span class='ocrx_word' id='word_1_362' title='bbox 186 2947 316 3004; x_wconf 82' lang='lat' dir='ltr'><strong><em>bram</em></strong></span> <span class='ocrx_word' id='word_1_363' title='bbox 343 2951 504 3005; x_wconf 85' lang='lat' dir='ltr'><strong><em>habet</em></strong></span> <span class='ocrx_word' id='word_1_364' title='bbox 533 2950 849 3007; x_wconf 86' lang='lat' dir='ltr'><strong><em>futurorum</em></strong></span> <span class='ocrx_word' id='word_1_365' title='bbox 876 2944 1141 3007; x_wconf 76' lang='lat' dir='ltr'><strong><em>bonorum</em></strong></span> <span class='ocrx_word' id='word_1_366' title='bbox 1177 2951 1363 3023; x_wconf 78' lang='lat' dir='ltr'><strong><em>(Rom.</em></strong></span> <span class='ocrx_word' id='word_1_367' title='bbox 1398 2963 1568 3019; x_wconf 84' lang='lat' dir='ltr'><strong><em>vu,.et</em></strong></span> <span class='ocrx_word' id='word_1_368' title='bbox 1598 2952 1760 3008; x_wconf 85' lang='lat' dir='ltr'><strong><em>Hebr.</em></strong></span> 
     </span>
    </p>
   </div>
   <div class='ocr_carea' id='block_1_46' title="bbox 185 3041 1764 3119">
    <p class='ocr_par' dir='ltr' id='par_1_46' title="bbox 185 3041 1764 3119">
     <span class='ocr_line' id='line_1_46' title="bbox 185 3041 1764 3119; baseline 0.004 -21"><span class='ocrx_word' id='word_1_369' title='bbox 185 3041 262 3113; x_wconf 76' lang='grc' dir='ltr'><strong><em>χ).</em></strong></span> <span class='ocrx_word' id='word_1_370' title='bbox 292 3057 579 3115; x_wconf 87' lang='lat' dir='ltr'><strong><em>possumus</em></strong></span> <span class='ocrx_word' id='word_1_371' title='bbox 623 3045 932 3119; x_wconf 90' lang='lat' dir='ltr'><strong><em>intelligere</em></strong></span> <span class='ocrx_word' id='word_1_372' title='bbox 972 3048 1356 3118; x_wconf 80' lang='lat' dir='ltr'><strong><em>purgationem</em></strong></span> <span class='ocrx_word' id='word_1_373' title='bbox 1391 3064 1575 3103; x_wconf 79' lang='lat' dir='ltr'><strong><em>veram</em></strong></span> <span class='ocrx_word' id='word_1_374' title='bbox 1608 3049 1764 3104; x_wconf 88' lang='lat' dir='ltr'><strong><em>nobis</em></strong></span> 
     </span>
    </p>
   </div>
   <div class='ocr_carea' id='block_1_47' title="bbox 185 3133 1764 3208">
    <p class='ocr_par' dir='ltr' id='par_1_47' title="bbox 185 3133 1764 3208">
     <span class='ocr_line' id='line_1_47' title="bbox 185 3133 1764 3208; baseline 0.004 -20"><span class='ocrx_word' id='word_1_375' title='bbox 185 3133 383 3190; x_wconf 75' lang='lat' dir='ltr'><strong><em>evenire</em></strong></span> <span class='ocrx_word' id='word_1_376' title='bbox 409 3146 535 3206; x_wconf 86' lang='lat' dir='ltr'><strong><em>post</em></strong></span> <span class='ocrx_word' id='word_1_377' title='bbox 570 3146 808 3207; x_wconf 83' lang='lat' dir='ltr'><strong><em>tempus.</em></strong></span> <span class='ocrx_word' id='word_1_378' title='bbox 846 3137 961 3207; x_wconf 88' lang='lat' dir='ltr'><strong><em>Ego</em></strong></span> <span class='ocrx_word' id='word_1_379' title='bbox 992 3148 1123 3207; x_wconf 90' lang='lat' dir='ltr'><strong><em>ptth</em></strong></span> <span class='ocrx_word' id='word_1_380' title='bbox 1157 3139 1298 3208; x_wconf 90' lang='lat' dir='ltr'><strong><em>quod</em></strong></span> <span class='ocrx_word' id='word_1_381' title='bbox 1336 3150 1390 3194; x_wconf 90' lang='lat' dir='ltr'><strong><em>et</em></strong></span> <span class='ocrx_word' id='word_1_382' title='bbox 1429 3150 1552 3208; x_wconf 87' lang='lat' dir='ltr'><strong><em>post</em></strong></span> <span class='ocrx_word' id='word_1_383' title='bbox 1581 3154 1764 3195; x_wconf 89' lang='lat' dir='ltr'><strong><em>resur-</em></strong></span> 
     </span>
    </p>
   </div>
   <div class='ocr_carea' id='block_1_48' title="bbox 1868 1918 3466 2002">
    <p class='ocr_par' dir='ltr' id='par_1_48' title="bbox 1868 1918 3466 2002">
     <span class='ocr_line' id='line_1_48' title="bbox 1868 1918 3466 2002; baseline -0.009 -17"><span class='ocrx_word' id='word_1_384' title='bbox 1868 1949 1988 1985; x_wconf 87' lang='lat' dir='ltr'><strong><em>num</em></strong></span> <span class='ocrx_word' id='word_1_385' title='bbox 2015 1930 2153 2002; x_wconf 84' lang='lat' dir='ltr'><strong><em>quod</em></strong></span> <span class='ocrx_word' id='word_1_386' title='bbox 2189 1930 2353 1997; x_wconf 83' lang='lat' dir='ltr'><strong><em>aperit</em></strong></span> <span class='ocrx_word' id='word_1_387' title='bbox 2398 1931 2620 1990; x_wconf 77' lang='lat' dir='ltr'><strong><em>vulvam,</em></strong></span> <span class='ocrx_word' id='word_1_388' title='bbox 2650 1935 2886 1980; x_wconf 84' lang='lat' dir='ltr'><strong><em>sanctum</em></strong></span> <span class='ocrx_word' id='word_1_389' title='bbox 2924 1920 3152 1976; x_wconf 87' lang='lat' dir='ltr'><strong><em>Domino</em></strong></span> <span class='ocrx_word' id='word_1_390' title='bbox 3181 1918 3466 1983; x_wconf 72' lang='lat' dir='ltr'><strong><em>t&#39;ocabitur,</em></strong></span> 
     </span>
    </p>
   </div>
   <div class='ocr_carea' id='block_1_49' title="bbox 1866 2013 3475 2098">
    <p class='ocr_par' dir='ltr' id='par_1_49' title="bbox 1866 2013 3475 2098">
     <span class='ocr_line' id='line_1_49' title="bbox 1866 2013 3475 2098; baseline -0.012 -16"><span class='ocrx_word' id='word_1_391' title='bbox 1866 2036 1912 2082; x_wconf 90' lang='lat' dir='ltr'><strong><em>et</em></strong></span> <span class='ocrx_word' id='word_1_392' title='bbox 1938 2038 2013 2081; x_wconf 80' lang='lat' dir='ltr'><strong><em>ter</em></strong></span> <span class='ocrx_word' id='word_1_393' title='bbox 2040 2042 2131 2098; x_wconf 79' lang='lat' dir='ltr'><strong><em>per</em></strong></span> <span class='ocrx_word' id='word_1_394' title='bbox 2161 2040 2353 2077; x_wconf 87' lang='lat' dir='ltr'><strong><em>annum</em></strong></span> <span class='ocrx_word' id='word_1_395' title='bbox 2377 2021 2640 2094; x_wconf 87' lang='lat' dir='ltr'><strong><em>apparebit</em></strong></span> <span class='ocrx_word' id='word_1_396' title='bbox 2684 2036 2830 2073; x_wconf 88' lang='lat' dir='ltr'><strong><em>omne</em></strong></span> <span class='ocrx_word' id='word_1_397' title='bbox 2876 2015 3224 2071; x_wconf 81' lang='lat' dir='ltr'><strong><em>ntasculinum</em></strong></span> <span class='ocrx_word' id='word_1_398' title='bbox 3261 2013 3313 2065; x_wconf 89' lang='lat' dir='ltr'><strong><em>in</em></strong></span> <span class='ocrx_word' id='word_1_399' title='bbox 3355 2026 3475 2063; x_wconf 85' lang='lat' dir='ltr'><strong><em>cou-</em></strong></span> 
     </span>
    </p>
   </div>
   <div class='ocr_carea' id='block_1_50' title="bbox 1867 2100 3467 2188">
    <p class='ocr_par' dir='ltr' id='par_1_50' title="bbox 1867 2100 3467 2188">
     <span class='ocr_line' id='line_1_50' title="bbox 1867 2100 3467 2188; baseline -0.012 -15"><span class='ocrx_word' id='word_1_400' title='bbox 1867 2126 2045 2188; x_wconf 85' lang='lat' dir='ltr'><strong><em>spectu</em></strong></span> <span class='ocrx_word' id='word_1_401' title='bbox 2084 2116 2290 2170; x_wconf 85' lang='lat' dir='ltr'><strong><em>Domini</em></strong></span> <span class='ocrx_word' id='word_1_402' title='bbox 2327 2114 2444 2169; x_wconf 87' lang='lat' dir='ltr'><strong><em>Dei.</em></strong></span> <span class='ocrx_word' id='word_1_403' title='bbox 2492 2113 2783 2168; x_wconf 81' lang='lat' dir='ltr'><strong><em>Masculiua</em></strong></span> <span class='ocrx_word' id='word_1_404' title='bbox 2822 2123 2944 2181; x_wconf 70' lang='lat' dir='ltr'><strong><em>qua:</em></strong></span> <span class='ocrx_word' id='word_1_405' title='bbox 2972 2122 3041 2164; x_wconf 81' lang='lat' dir='ltr'><strong><em>ex</em></strong></span> <span class='ocrx_word' id='word_1_406' title='bbox 3082 2122 3146 2161; x_wconf 87' lang='lat' dir='ltr'><strong><em>eo</em></strong></span> <span class='ocrx_word' id='word_1_407' title='bbox 3175 2102 3318 2174; x_wconf 88' lang='lat' dir='ltr'><strong><em>quod</em></strong></span> <span class='ocrx_word' id='word_1_408' title='bbox 3348 2100 3467 2155; x_wconf 88' lang='lat' dir='ltr'><strong><em>vul-</em></strong></span> 
     </span>
    </p>
   </div>
   <div class='ocr_carea' id='block_1_51' title="bbox 1867 2196 3467 2276">
    <p class='ocr_par' dir='ltr' id='par_1_51' title="bbox 1867 2196 3467 2276">
     <span class='ocr_line' id='line_1_51' title="bbox 1867 2196 3467 2276; baseline -0.01 -11"><span class='ocrx_word' id='word_1_409' title='bbox 1867 2225 1987 2265; x_wconf 90' lang='lat' dir='ltr'><strong><em>vam</em></strong></span> <span class='ocrx_word' id='word_1_410' title='bbox 2025 2208 2217 2263; x_wconf 85' lang='lat' dir='ltr'><strong><em>matris</em></strong></span> <span class='ocrx_word' id='word_1_411' title='bbox 2261 2214 2593 2276; x_wconf 86' lang='lat' dir='ltr'><strong><em>aperuerunt</em></strong></span> <span class='ocrx_word' id='word_1_412' title='bbox 2632 2212 2819 2259; x_wconf 88' lang='lat' dir='ltr'><strong><em>sancta</em></strong></span> <span class='ocrx_word' id='word_1_413' title='bbox 2869 2211 3045 2267; x_wconf 86' lang='lat' dir='ltr'><strong><em>erant,</em></strong></span> <span class='ocrx_word' id='word_1_414' title='bbox 3096 2196 3467 2253; x_wconf 85' lang='lat' dir='ltr'><strong><em>oll&#39;erebautur</em></strong></span> 
     </span>
    </p>
   </div>
   <div class='ocr_carea' id='block_1_52' title="bbox 1868 2291 3464 2369">
    <p class='ocr_par' dir='ltr' id='par_1_52' title="bbox 1868 2291 3464 2369">
     <span class='ocr_line' id='line_1_52' title="bbox 1868 2291 3464 2369; baseline -0.008 -11"><span class='ocrx_word' id='word_1_415' title='bbox 1868 2315 1992 2358; x_wconf 73' lang='lat' dir='ltr'><strong><em>ante</em></strong></span> <span class='ocrx_word' id='word_1_416' title='bbox 2022 2303 2194 2357; x_wconf 88' lang='lat' dir='ltr'><strong><em>altare</em></strong></span> <span class='ocrx_word' id='word_1_417' title='bbox 2222 2302 2459 2356; x_wconf 86' lang='lat' dir='ltr'><strong><em>Domini.</em></strong></span> <span class='ocrx_word' id='word_1_418' title='bbox 2495 2299 2683 2367; x_wconf 81' lang='lat' dir='ltr'><strong><em>Omne,</em></strong></span> <span class='ocrx_word' id='word_1_419' title='bbox 2715 2298 2917 2369; x_wconf 85' lang='lat' dir='ltr'><strong><em>inquit,</em></strong></span> <span class='ocrx_word' id='word_1_420' title='bbox 2952 2295 3295 2351; x_wconf 88' lang='lat' dir='ltr'><strong><em>masculinum</em></strong></span> <span class='ocrx_word' id='word_1_421' title='bbox 3327 2291 3464 2359; x_wconf 89' lang='lat' dir='ltr'><strong><em>quod</em></strong></span> 
     </span>
    </p>
   </div>
   <div class='ocr_carea' id='block_1_53' title="bbox 1868 2386 3465 2466">
    <p class='ocr_par' dir='ltr' id='par_1_53' title="bbox 1868 2386 3465 2466">
     <span class='ocr_line' id='line_1_53' title="bbox 1868 2386 3465 2466; baseline -0.009 -17"><span class='ocrx_word' id='word_1_422' title='bbox 1868 2397 2029 2466; x_wconf 82' lang='lat' dir='ltr'><strong><em>aperit</em></strong></span> <span class='ocrx_word' id='word_1_423' title='bbox 2059 2396 2282 2449; x_wconf 67' lang='lat' dir='ltr'><strong><em>vulvam.</em></strong></span> <span class='ocrx_word' id='word_1_424' title='bbox 2309 2395 2590 2448; x_wconf 87' lang='lat' dir='ltr'><strong><em>Sacrattttn</em></strong></span> <span class='ocrx_word' id='word_1_425' title='bbox 2621 2392 2897 2462; x_wconf 87' lang='lat' dir='ltr'><strong><em>quippiam</em></strong></span> <span class='ocrx_word' id='word_1_426' title='bbox 2932 2398 3108 2444; x_wconf 85' lang='lat' dir='ltr'><strong><em>sonat.</em></strong></span> <span class='ocrx_word' id='word_1_427' title='bbox 3132 2386 3465 2453; x_wconf 87' lang='lat' dir='ltr'><strong><em>Qnetttcunt-</em></strong></span> 
     </span>
    </p>
   </div>
   <div class='ocr_carea' id='block_1_54' title="bbox 1868 2474 3465 2559">
    <p class='ocr_par' dir='ltr' id='par_1_54' title="bbox 1868 2474 3465 2559">
     <span class='ocr_line' id='line_1_54' title="bbox 1868 2474 3465 2559; baseline -0.009 -16"><span class='ocrx_word' id='word_1_428' title='bbox 1868 2503 1974 2559; x_wconf 87' lang='lat' dir='ltr'><strong><em>quc</em></strong></span> <span class='ocrx_word' id='word_1_429' title='bbox 2001 2487 2143 2542; x_wconf 89' lang='lat' dir='ltr'><strong><em>enim</em></strong></span> <span class='ocrx_word' id='word_1_430' title='bbox 2176 2486 2244 2541; x_wconf 88' lang='lat' dir='ltr'><strong><em>de</em></strong></span> <span class='ocrx_word' id='word_1_431' title='bbox 2276 2496 2430 2539; x_wconf 91' lang='lat' dir='ltr'><strong><em>utero</em></strong></span> <span class='ocrx_word' id='word_1_432' title='bbox 2461 2483 2691 2539; x_wconf 55' lang='lat' dir='ltr'><strong><em>(illusum</em></strong></span> <span class='ocrx_word' id='word_1_433' title='bbox 2738 2498 2941 2536; x_wconf 83' lang='lat' dir='ltr'><strong><em>marem</em></strong></span> <span class='ocrx_word' id='word_1_434' title='bbox 2978 2478 3221 2543; x_wconf 75' lang='lat' dir='ltr'><strong><em>dixeris,</em></strong></span> <span class='ocrx_word' id='word_1_435' title='bbox 3252 2492 3359 2530; x_wconf 91' lang='lat' dir='ltr'><strong><em>ttott</em></strong></span> <span class='ocrx_word' id='word_1_436' title='bbox 3387 2474 3465 2528; x_wconf 75' lang='lat' dir='ltr'><strong><em>sic</em></strong></span> 
     </span>
    </p>
   </div>
   <div class='ocr_carea' id='block_1_55' title="bbox 1869 2566 3463 2649">
    <p class='ocr_par' dir='ltr' id='par_1_55' title="bbox 1869 2566 3463 2649">
     <span class='ocr_line' id='line_1_55' title="bbox 1869 2566 3463 2649; baseline -0.011 -14"><span class='ocrx_word' id='word_1_437' title='bbox 1869 2578 2048 2649; x_wconf 87' lang='lat' dir='ltr'><strong><em>aperit</em></strong></span> <span class='ocrx_word' id='word_1_438' title='bbox 2075 2579 2294 2633; x_wconf 87' lang='lat' dir='ltr'><strong><em>vulvam</em></strong></span> <span class='ocrx_word' id='word_1_439' title='bbox 2324 2578 2514 2631; x_wconf 89' lang='lat' dir='ltr'><strong><em>matris</em></strong></span> <span class='ocrx_word' id='word_1_440' title='bbox 2542 2590 2677 2642; x_wconf 67' lang='lat' dir='ltr'><strong><em>sum,</em></strong></span> <span class='ocrx_word' id='word_1_441' title='bbox 2702 2583 2763 2628; x_wconf 89' lang='lat' dir='ltr'><strong><em>ut</em></strong></span> <span class='ocrx_word' id='word_1_442' title='bbox 2809 2574 3071 2627; x_wconf 79' lang='lat' dir='ltr'><strong><em>Dominus</em></strong></span> <span class='ocrx_word' id='word_1_443' title='bbox 3108 2568 3288 2632; x_wconf 82' lang='lat' dir='ltr'><strong><em>Jesus,</em></strong></span> <span class='ocrx_word' id='word_1_444' title='bbox 3337 2566 3463 2636; x_wconf 84' lang='lat' dir='ltr'><strong><em>quia</em></strong></span> 
     </span>
    </p>
   </div>
   <div class='ocr_carea' id='block_1_56' title="bbox 1867 2658 3465 2738">
    <p class='ocr_par' dir='ltr' id='par_1_56' title="bbox 1867 2658 3465 2738">
     <span class='ocr_line' id='line_1_56' title="bbox 1867 2658 3465 2738; baseline -0.01 -12"><span class='ocrx_word' id='word_1_445' title='bbox 1867 2672 2112 2726; x_wconf 89' lang='lat' dir='ltr'><strong><em>omnium</em></strong></span> <span class='ocrx_word' id='word_1_446' title='bbox 2146 2672 2431 2725; x_wconf 87' lang='lat' dir='ltr'><strong><em>mulierum</em></strong></span> <span class='ocrx_word' id='word_1_447' title='bbox 2460 2670 2569 2724; x_wconf 79' lang='lat' dir='ltr'><strong><em>non</em></strong></span> <span class='ocrx_word' id='word_1_448' title='bbox 2607 2679 2793 2738; x_wconf 87' lang='lat' dir='ltr'><strong><em>partus</em></strong></span> <span class='ocrx_word' id='word_1_449' title='bbox 2825 2666 3061 2732; x_wconf 79' lang='lat' dir='ltr'><strong><em>infantis,</em></strong></span> <span class='ocrx_word' id='word_1_450' title='bbox 3092 2664 3185 2719; x_wconf 89' lang='lat' dir='ltr'><strong><em>sed</em></strong></span> <span class='ocrx_word' id='word_1_451' title='bbox 3220 2663 3319 2714; x_wconf 81' lang='lat' dir='ltr'><strong><em>viri</em></strong></span> <span class='ocrx_word' id='word_1_452' title='bbox 3350 2658 3465 2713; x_wconf 89' lang='lat' dir='ltr'><strong><em>coi-</em></strong></span> 
     </span>
    </p>
   </div>
   <div class='ocr_carea' id='block_1_57' title="bbox 1871 2750 3461 2833">
    <p class='ocr_par' dir='ltr' id='par_1_57' title="bbox 1871 2750 3461 2833">
     <span class='ocr_line' id='line_1_57' title="bbox 1871 2750 3461 2833; baseline -0.008 -16"><span class='ocrx_word' id='word_1_453' title='bbox 1871 2772 1954 2818; x_wconf 89' lang='lat' dir='ltr'><strong><em>tus</em></strong></span> <span class='ocrx_word' id='word_1_454' title='bbox 1985 2763 2195 2817; x_wconf 87' lang='lat' dir='ltr'><strong><em>vulvatu</em></strong></span> <span class='ocrx_word' id='word_1_455' title='bbox 2229 2769 2441 2817; x_wconf 84' lang='lat' dir='ltr'><strong><em>reserat</em></strong></span> <span class='ocrx_word' id='word_1_456' title='bbox 2472 2759 2661 2833; x_wconf 75' lang='lat' dir='ltr'><strong><em>(Nam.</em></strong></span> <span class='ocrx_word' id='word_1_457' title='bbox 2696 2764 2832 2830; x_wconf 69' lang='grc' dir='ltr'><strong>ιἰιι).</strong></span> <span class='ocrx_word' id='word_1_458' title='bbox 2863 2758 3048 2813; x_wconf 84' lang='lat' dir='ltr'><strong><em>Matris</em></strong></span> <span class='ocrx_word' id='word_1_459' title='bbox 3076 2771 3209 2811; x_wconf 87' lang='lat' dir='ltr'><strong><em>vero</em></strong></span> <span class='ocrx_word' id='word_1_460' title='bbox 3241 2750 3461 2808; x_wconf 83' lang='lat' dir='ltr'><strong><em>Domitii</em></strong></span> 
     </span>
    </p>
   </div>
   <div class='ocr_carea' id='block_1_58' title="bbox 1870 2845 3465 2928">
    <p class='ocr_par' dir='ltr' id='par_1_58' title="bbox 1870 2845 3465 2928">
     <span class='ocr_line' id='line_1_58' title="bbox 1870 2845 3465 2928; baseline -0.011 -14"><span class='ocrx_word' id='word_1_461' title='bbox 1870 2875 1937 2915; x_wconf 92' lang='lat' dir='ltr'><strong><em>eo</em></strong></span> <span class='ocrx_word' id='word_1_462' title='bbox 1968 2868 2211 2928; x_wconf 88' lang='lat' dir='ltr'><strong><em>tempore</em></strong></span> <span class='ocrx_word' id='word_1_463' title='bbox 2241 2858 2399 2911; x_wconf 74' lang='lat' dir='ltr'><strong><em>vulva</em></strong></span> <span class='ocrx_word' id='word_1_464' title='bbox 2430 2865 2668 2912; x_wconf 87' lang='lat' dir='ltr'><strong><em>reserata</em></strong></span> <span class='ocrx_word' id='word_1_465' title='bbox 2702 2865 2724 2894; x_wconf 72' lang='grc' dir='ltr'><em>ε</em></span> <span class='ocrx_word' id='word_1_466' title='bbox 2754 2864 2838 2910; x_wconf 88' lang='lat' dir='ltr'><strong><em>est</em></strong></span> <span class='ocrx_word' id='word_1_467' title='bbox 2863 2895 2878 2921; x_wconf 94' lang='lat'><strong><em>,</em></strong></span> <span class='ocrx_word' id='word_1_468' title='bbox 2925 2867 3032 2925; x_wconf 90' lang='lat' dir='ltr'><strong><em>quo</em></strong></span> <span class='ocrx_word' id='word_1_469' title='bbox 3062 2863 3113 2907; x_wconf 91' lang='lat' dir='ltr'><strong><em>et</em></strong></span> <span class='ocrx_word' id='word_1_470' title='bbox 3146 2856 3327 2919; x_wconf 87' lang='lat' dir='ltr'><strong><em>partus</em></strong></span> <span class='ocrx_word' id='word_1_471' title='bbox 3356 2845 3465 2901; x_wconf 91' lang='lat' dir='ltr'><strong><em>edi-</em></strong></span> 
     </span>
    </p>
   </div>
   <div class='ocr_carea' id='block_1_59' title="bbox 1869 2943 3462 3024">
    <p class='ocr_par' dir='ltr' id='par_1_59' title="bbox 1869 2943 3462 3024">
     <span class='ocr_line' id='line_1_59' title="bbox 1869 2943 3462 3024; baseline -0.01 -14"><span class='ocrx_word' id='word_1_472' title='bbox 1869 2963 1978 3021; x_wconf 87' lang='lat' dir='ltr'><strong><em>tus,</em></strong></span> <span class='ocrx_word' id='word_1_473' title='bbox 2005 2953 2128 3024; x_wconf 87' lang='lat' dir='ltr'><strong><em>quia</em></strong></span> <span class='ocrx_word' id='word_1_474' title='bbox 2162 2962 2409 3007; x_wconf 88' lang='lat' dir='ltr'><strong><em>sanctum</em></strong></span> <span class='ocrx_word' id='word_1_475' title='bbox 2441 2962 2650 3006; x_wconf 87' lang='lat' dir='ltr'><strong><em>uterum</em></strong></span> <span class='ocrx_word' id='word_1_476' title='bbox 2684 2961 2736 3005; x_wconf 88' lang='lat' dir='ltr'><strong><em>et</em></strong></span> <span class='ocrx_word' id='word_1_477' title='bbox 2766 2949 2911 3004; x_wconf 89' lang='lat' dir='ltr'><strong><em>omni</em></strong></span> <span class='ocrx_word' id='word_1_478' title='bbox 2958 2943 3271 3017; x_wconf 80' lang='lat' dir='ltr'><strong><em>dignatione</em></strong></span> <span class='ocrx_word' id='word_1_479' title='bbox 3304 2954 3462 2995; x_wconf 83' lang='lat' dir='ltr'><strong><em>vene-</em></strong></span> 
     </span>
    </p>
   </div>
   <div class='ocr_carea' id='block_1_60' title="bbox 1868 3034 3461 3103">
    <p class='ocr_par' dir='ltr' id='par_1_60' title="bbox 1868 3034 3461 3103">
     <span class='ocr_line' id='line_1_60' title="bbox 1868 3034 3461 3103; baseline -0.01 0"><span class='ocrx_word' id='word_1_480' title='bbox 1868 3048 2099 3103; x_wconf 84' lang='lat' dir='ltr'><strong><em>rationis</em></strong></span> <span class='ocrx_word' id='word_1_481' title='bbox 2129 3045 2497 3103; x_wconf 88' lang='lat' dir='ltr'><strong><em>venerandum</em></strong></span> <span class='ocrx_word' id='word_1_482' title='bbox 2523 3055 2646 3099; x_wconf 88' lang='lat' dir='ltr'><strong><em>ante</em></strong></span> <span class='ocrx_word' id='word_1_483' title='bbox 2675 3034 3006 3099; x_wconf 66' lang='lat' dir='ltr'><strong><em>nativitatem</em></strong></span> <span class='ocrx_word' id='word_1_484' title='bbox 3031 3038 3226 3096; x_wconf 85' lang='lat' dir='ltr'><strong><em>Christi</em></strong></span> <span class='ocrx_word' id='word_1_485' title='bbox 3250 3051 3461 3091; x_wconf 79' lang='lat' dir='ltr'><strong><em>mascu-</em></strong></span> 
     </span>
    </p>
   </div>
   <div class='ocr_carea' id='block_1_61' title="bbox 1869 3130 3458 3211">
    <p class='ocr_par' dir='ltr' id='par_1_61' title="bbox 1869 3130 3458 3211">
     <span class='ocr_line' id='line_1_61' title="bbox 1869 3130 3458 3211; baseline -0.009 -13"><span class='ocrx_word' id='word_1_486' title='bbox 1869 3142 1953 3198; x_wconf 91' lang='lat' dir='ltr'><strong><em>lus</em></strong></span> <span class='ocrx_word' id='word_1_487' title='bbox 1976 3142 2199 3197; x_wconf 91' lang='lat' dir='ltr'><strong><em>omnino</em></strong></span> <span class='ocrx_word' id='word_1_488' title='bbox 2232 3156 2340 3195; x_wconf 90' lang='lat' dir='ltr'><strong><em>non</em></strong></span> <span class='ocrx_word' id='word_1_489' title='bbox 2372 3142 2565 3211; x_wconf 83' lang='lat' dir='ltr'><strong><em>tetigit.</em></strong></span> <span class='ocrx_word' id='word_1_490' title='bbox 2598 3139 2787 3196; x_wconf 85' lang='lat' dir='ltr'><strong><em>Audeo</em></strong></span> <span class='ocrx_word' id='word_1_491' title='bbox 2817 3137 2944 3209; x_wconf 86' lang='lat' dir='ltr'><strong><em>quid</em></strong></span> <span class='ocrx_word' id='word_1_492' title='bbox 2969 3135 3138 3205; x_wconf 87' lang='lat' dir='ltr'><strong><em>loqui,</em></strong></span> <span class='ocrx_word' id='word_1_493' title='bbox 3168 3134 3293 3204; x_wconf 90' lang='lat' dir='ltr'><strong><em>quia</em></strong></span> <span class='ocrx_word' id='word_1_494' title='bbox 3322 3139 3374 3183; x_wconf 80' lang='lat' dir='ltr'><strong><em>et</em></strong></span> <span class='ocrx_word' id='word_1_495' title='bbox 3406 3130 3458 3183; x_wconf 91' lang='lat' dir='ltr'><strong><em>itt</em></strong></span> 
     </span>
    </p>
   </div>
   <div class='ocr_carea' id='block_1_62' title="bbox 186 3227 3461 3307">
    <p class='ocr_par' dir='ltr' id='par_1_62' title="bbox 186 3227 3461 3307">
     <span class='ocr_line' id='line_1_62' title="bbox 186 3227 3461 3307; baseline -0 -29"><span class='ocrx_word' id='word_1_496' title='bbox 186 3227 452 3283; x_wconf 82' lang='lat' dir='ltr'><strong><em>rectionem</em></strong></span> <span class='ocrx_word' id='word_1_497' title='bbox 483 3244 552 3284; x_wconf 81' lang='lat' dir='ltr'><strong><em>ex</em></strong></span> <span class='ocrx_word' id='word_1_498' title='bbox 592 3229 822 3283; x_wconf 88' lang='lat' dir='ltr'><strong><em>mortuis</em></strong></span> <span class='ocrx_word' id='word_1_499' title='bbox 843 3229 1184 3301; x_wconf 89' lang='lat' dir='ltr'><strong><em>indigeamus</em></strong></span> <span class='ocrx_word' id='word_1_500' title='bbox 1204 3241 1545 3286; x_wconf 86' lang='lat' dir='ltr'><strong><em>sacramento</em></strong></span> <span class='ocrx_word' id='word_1_501' title='bbox 1571 3232 1761 3287; x_wconf 86' lang='lat' dir='ltr'><strong><em>eluen-</em></strong></span> <span class='ocrx_word' id='word_1_502' title='bbox 1791 3244 1838 3307; x_wconf 72' lang='grc' dir='ltr'>ο</span> <span class='ocrx_word' id='word_1_503' title='bbox 1867 3251 1933 3293; x_wconf 87' lang='lat' dir='ltr'><strong><em>eo</em></strong></span> <span class='ocrx_word' id='word_1_504' title='bbox 1961 3235 2103 3307; x_wconf 91' lang='lat' dir='ltr'><strong><em>quod</em></strong></span> <span class='ocrx_word' id='word_1_505' title='bbox 2125 3235 2390 3305; x_wconf 88' lang='lat' dir='ltr'><strong><em>scriptum</em></strong></span> <span class='ocrx_word' id='word_1_506' title='bbox 2414 3244 2494 3290; x_wconf 89' lang='lat' dir='ltr'><strong><em>est</em></strong></span> <span class='ocrx_word' id='word_1_507' title='bbox 2528 3254 2537 3288; x_wconf 92' lang='lat'>:</span> <span class='ocrx_word' id='word_1_508' title='bbox 2573 3234 2806 3304; x_wconf 86' lang='lat' dir='ltr'><strong><em>Spiritus</em></strong></span> <span class='ocrx_word' id='word_1_509' title='bbox 2830 3231 2925 3286; x_wconf 83' lang='lat' dir='ltr'><strong><em>Dei</em></strong></span> <span class='ocrx_word' id='word_1_510' title='bbox 2946 3230 3106 3285; x_wconf 81' lang='lat' dir='ltr'><strong><em>veniet</em></strong></span> <span class='ocrx_word' id='word_1_511' title='bbox 3131 3242 3285 3297; x_wconf 83' lang='lat' dir='ltr'><strong><em>super</em></strong></span> <span class='ocrx_word' id='word_1_512' title='bbox 3314 3233 3379 3287; x_wconf 83' lang='lat' dir='ltr'><strong><em>te.</em></strong></span> <span class='ocrx_word' id='word_1_513' title='bbox 3413 3232 3461 3277; x_wconf 85' lang='lat' dir='ltr'><strong><em>et</em></strong></span> 
     </span>
    </p>
   </div>
   <div class='ocr_carea' id='block_1_63' title="bbox 188 3323 1761 3396">
    <p class='ocr_par' dir='ltr' id='par_1_63' title="bbox 188 3323 1761 3396">
     <span class='ocr_line' id='line_1_63' title="bbox 188 3323 1761 3396; baseline 0.004 -23"><span class='ocrx_word' id='word_1_514' title='bbox 188 3329 230 3375; x_wconf 89' lang='lat' dir='ltr'><strong><em>te</em></strong></span> <span class='ocrx_word' id='word_1_515' title='bbox 253 3335 342 3375; x_wconf 91' lang='lat' dir='ltr'><strong><em>nos</em></strong></span> <span class='ocrx_word' id='word_1_516' title='bbox 368 3334 532 3393; x_wconf 85' lang='lat' dir='ltr'><strong><em>atque</em></strong></span> <span class='ocrx_word' id='word_1_517' title='bbox 559 3333 859 3393; x_wconf 83' lang='lat' dir='ltr'><strong><em>purgante,</em></strong></span> <span class='ocrx_word' id='word_1_518' title='bbox 895 3338 1057 3378; x_wconf 91' lang='lat' dir='ltr'><strong><em>nemo</em></strong></span> <span class='ocrx_word' id='word_1_519' title='bbox 1106 3323 1250 3379; x_wconf 89' lang='lat' dir='ltr'><strong><em>enim</em></strong></span> <span class='ocrx_word' id='word_1_520' title='bbox 1298 3324 1502 3396; x_wconf 87' lang='lat' dir='ltr'><strong><em>absque</em></strong></span> <span class='ocrx_word' id='word_1_521' title='bbox 1530 3323 1555 3363; x_wconf 68' lang='grc' dir='ltr'><strong><em>ι’</em></strong></span> <span class='ocrx_word' id='word_1_522' title='bbox 1586 3324 1761 3380; x_wconf 86' lang='lat' dir='ltr'><strong><em>sordi-</em></strong></span> 
     </span>
    </p>
   </div>
   <div class='ocr_carea' id='block_1_64' title="bbox 187 3409 1757 3487">
    <p class='ocr_par' dir='ltr' id='par_1_64' title="bbox 187 3409 1757 3487">
     <span class='ocr_line' id='line_1_64' title="bbox 187 3409 1757 3487; baseline 0.004 -21"><span class='ocrx_word' id='word_1_523' title='bbox 187 3409 268 3468; x_wconf 86' lang='lat' dir='ltr'><strong><em>bus</em></strong></span> <span class='ocrx_word' id='word_1_524' title='bbox 292 3429 579 3487; x_wconf 84' lang='lat' dir='ltr'><strong><em>resurgere</em></strong></span> <span class='ocrx_word' id='word_1_525' title='bbox 622 3416 842 3485; x_wconf 86' lang='lat' dir='ltr'><strong><em>poterit,</em></strong></span> <span class='ocrx_word' id='word_1_526' title='bbox 874 3431 978 3470; x_wconf 88' lang='lat' dir='ltr'><strong><em>nec</em></strong></span> <span class='ocrx_word' id='word_1_527' title='bbox 1008 3416 1172 3471; x_wconf 90' lang='lat' dir='ltr'><strong><em>ullam</em></strong></span> <span class='ocrx_word' id='word_1_528' title='bbox 1212 3431 1371 3487; x_wconf 84' lang='lat' dir='ltr'><strong><em>posse</em></strong></span> <span class='ocrx_word' id='word_1_529' title='bbox 1399 3416 1637 3472; x_wconf 86' lang='lat' dir='ltr'><strong><em>animam</em></strong></span> <span class='ocrx_word' id='word_1_530' title='bbox 1670 3432 1757 3472; x_wconf 90' lang='lat' dir='ltr'><strong><em>re-</em></strong></span> 
     </span>
    </p>
   </div>
   <div class='ocr_carea' id='block_1_65' title="bbox 186 3506 1761 3578">
    <p class='ocr_par' dir='ltr' id='par_1_65' title="bbox 186 3506 1761 3578">
     <span class='ocr_line' id='line_1_65' title="bbox 186 3506 1761 3578; baseline 0.004 -20"><span class='ocrx_word' id='word_1_531' title='bbox 186 3506 320 3573; x_wconf 88' lang='lat' dir='ltr'><strong><em>periri</em></strong></span> <span class='ocrx_word' id='word_1_532' title='bbox 341 3523 459 3578; x_wconf 74' lang='lat' dir='ltr'><strong><em>qum</em></strong></span> <span class='ocrx_word' id='word_1_533' title='bbox 492 3507 773 3564; x_wconf 76' lang='lat' dir='ltr'><strong><em>universis</em></strong></span> <span class='ocrx_word' id='word_1_534' title='bbox 800 3509 981 3563; x_wconf 86' lang='lat' dir='ltr'><strong><em>statim</em></strong></span> <span class='ocrx_word' id='word_1_535' title='bbox 1008 3507 1153 3563; x_wconf 84' lang='lat' dir='ltr'><strong><em>vitiis</em></strong></span> <span class='ocrx_word' id='word_1_536' title='bbox 1174 3517 1377 3564; x_wconf 86' lang='lat' dir='ltr'><strong><em>careat.</em></strong></span> <span class='ocrx_word' id='word_1_537' title='bbox 1414 3508 1569 3565; x_wconf 88' lang='lat' dir='ltr'><strong><em>Unde</em></strong></span> <span class='ocrx_word' id='word_1_538' title='bbox 1596 3512 1648 3564; x_wconf 92' lang='lat' dir='ltr'><strong><em>in</em></strong></span> <span class='ocrx_word' id='word_1_539' title='bbox 1676 3525 1761 3565; x_wconf 89' lang='lat' dir='ltr'><strong><em>re-</em></strong></span> 
     </span>
    </p>
   </div>
   <div class='ocr_carea' id='block_1_66' title="bbox 186 3600 1760 3671">
    <p class='ocr_par' dir='ltr' id='par_1_66' title="bbox 186 3600 1760 3671">
     <span class='ocr_line' id='line_1_66' title="bbox 186 3600 1760 3671; baseline 0.004 -20"><span class='ocrx_word' id='word_1_540' title='bbox 186 3601 506 3666; x_wconf 83' lang='lat' dir='ltr'><strong><em>generatioue</em></strong></span> <span class='ocrx_word' id='word_1_541' title='bbox 570 3600 831 3671; x_wconf 88' lang='lat' dir='ltr'><strong><em>baptismi</em></strong></span> <span class='ocrx_word' id='word_1_542' title='bbox 885 3602 1181 3656; x_wconf 87' lang='lat' dir='ltr'><strong><em>assumitur</em></strong></span> <span class='ocrx_word' id='word_1_543' title='bbox 1225 3612 1627 3658; x_wconf 88' lang='lat' dir='ltr'><strong><em>sacramentum</em></strong></span> <span class='ocrx_word' id='word_1_544' title='bbox 1654 3647 1669 3669; x_wconf 90' lang='lat'><strong><em>,</em></strong></span> <span class='ocrx_word' id='word_1_545' title='bbox 1703 3611 1760 3657; x_wconf 87' lang='lat' dir='ltr'><strong><em>ut</em></strong></span> 
     </span>
    </p>
   </div>
   <div class='ocr_carea' id='block_1_67' title="bbox 186 3693 1758 3766">
    <p class='ocr_par' dir='ltr' id='par_1_67' title="bbox 186 3693 1758 3766">
     <span class='ocr_line' id='line_1_67' title="bbox 186 3693 1758 3766; baseline 0.003 -19"><span class='ocrx_word' id='word_1_546' title='bbox 186 3693 425 3760; x_wconf 84' lang='lat' dir='ltr'><strong><em>quomodo</em></strong></span> <span class='ocrx_word' id='word_1_547' title='bbox 458 3694 624 3752; x_wconf 75' lang='lat' dir='ltr'><strong><em>Iesus</em></strong></span> <span class='ocrx_word' id='word_1_548' title='bbox 648 3694 945 3750; x_wconf 89' lang='lat' dir='ltr'><strong><em>secundum</em></strong></span> <span class='ocrx_word' id='word_1_549' title='bbox 966 3694 1428 3766; x_wconf 70' lang='lat' dir='ltr'><strong><em>dispensationem</em></strong></span> <span class='ocrx_word' id='word_1_550' title='bbox 1455 3698 1636 3753; x_wconf 90' lang='lat' dir='ltr'><strong><em>carnis</em></strong></span> <span class='ocrx_word' id='word_1_551' title='bbox 1663 3698 1758 3752; x_wconf 90' lang='lat' dir='ltr'><strong><em>ob-</em></strong></span> 
     </span>
    </p>
   </div>
   <div class='ocr_carea' id='block_1_68' title="bbox 244 3834 1758 3905">
    <p class='ocr_par' dir='ltr' id='par_1_68' title="bbox 244 3834 1758 3905">
     <span class='ocr_line' id='line_1_68' title="bbox 244 3834 1758 3905; baseline 0.002 -17"><span class='ocrx_word' id='word_1_552' title='bbox 244 3841 266 3870; x_wconf 77' lang='grc' dir='ltr'><strong><em>ι</em></strong></span> <span class='ocrx_word' id='word_1_553' title='bbox 293 3835 392 3889; x_wconf 85' lang='lat' dir='ltr'><strong><em>Aut</em></strong></span> <span class='ocrx_word' id='word_1_554' title='bbox 418 3834 587 3905; x_wconf 82' lang='lat' dir='ltr'><strong><em>igitur</em></strong></span> <span class='ocrx_word' id='word_1_555' title='bbox 612 3848 681 3890; x_wconf 92' lang='lat' dir='ltr'><strong><em>eo</em></strong></span> <span class='ocrx_word' id='word_1_556' title='bbox 707 3834 923 3889; x_wconf 77' lang='lat' dir='ltr'><strong><em>dixerat</em></strong></span> <span class='ocrx_word' id='word_1_557' title='bbox 952 3849 1136 3898; x_wconf 84' lang='lat' dir='ltr'><strong><em>sensu,</em></strong></span> <span class='ocrx_word' id='word_1_558' title='bbox 1165 3845 1220 3888; x_wconf 83' lang='grc' dir='ltr'><strong><em>ιιι</em></strong></span> <span class='ocrx_word' id='word_1_559' title='bbox 1251 3835 1443 3889; x_wconf 86' lang='lat' dir='ltr'><strong><em>sordes</em></strong></span> <span class='ocrx_word' id='word_1_560' title='bbox 1470 3835 1596 3902; x_wconf 71' lang='lat' dir='ltr'><strong><em>illm,</em></strong></span> <span class='ocrx_word' id='word_1_561' title='bbox 1642 3836 1758 3891; x_wconf 50' lang='lat' dir='ltr'><strong><em>ani.</em></strong></span> 
     </span>
    </p>
   </div>
   <div class='ocr_carea' id='block_1_69' title="bbox 187 3906 1765 3976">
    <p class='ocr_par' dir='ltr' id='par_1_69' title="bbox 187 3906 1765 3976">
     <span class='ocr_line' id='line_1_69' title="bbox 187 3906 1765 3976; baseline 0.001 -16"><span class='ocrx_word' id='word_1_562' title='bbox 187 3919 274 3976; x_wconf 65' lang='lat' dir='ltr'><strong><em>tute</em></strong></span> <span class='ocrx_word' id='word_1_563' title='bbox 318 3906 507 3961; x_wconf 86' lang='lat' dir='ltr'><strong><em>sordes</em></strong></span> <span class='ocrx_word' id='word_1_564' title='bbox 540 3916 757 3970; x_wconf 85' lang='lat' dir='ltr'><strong><em>essent,</em></strong></span> <span class='ocrx_word' id='word_1_565' title='bbox 797 3906 913 3961; x_wconf 87' lang='lat' dir='ltr'><strong><em>sive</em></strong></span> <span class='ocrx_word' id='word_1_566' title='bbox 950 3918 1235 3975; x_wconf 79' lang='lat' dir='ltr'><strong><em>peccatum</em></strong></span> <span class='ocrx_word' id='word_1_567' title='bbox 1268 3924 1280 3961; x_wconf 87' lang='lat'><strong>:</strong></span> <span class='ocrx_word' id='word_1_568' title='bbox 1314 3917 1369 3961; x_wconf 90' lang='lat' dir='ltr'><strong><em>ct</em></strong></span> <span class='ocrx_word' id='word_1_569' title='bbox 1417 3908 1765 3976; x_wconf 85' lang='lat' dir='ltr'><strong><em>blasphemus</em></strong></span> 
     </span>
    </p>
   </div>
   <div class='ocr_carea' id='block_1_70' title="bbox 189 3975 1766 4047">
    <p class='ocr_par' dir='ltr' id='par_1_70' title="bbox 189 3975 1766 4047">
     <span class='ocr_line' id='line_1_70' title="bbox 189 3975 1766 4047; baseline 0.003 -19"><span class='ocrx_word' id='word_1_570' title='bbox 189 3975 231 4030; x_wconf 84' lang='lat' dir='ltr'><strong><em>in</em></strong></span> <span class='ocrx_word' id='word_1_571' title='bbox 264 3975 530 4032; x_wconf 74' lang='lat' dir='ltr'><strong><em>Cltri~tum</em></strong></span> <span class='ocrx_word' id='word_1_572' title='bbox 567 3976 706 4043; x_wconf 75' lang='lat' dir='ltr'><strong><em>fuit;</em></strong></span> <span class='ocrx_word' id='word_1_573' title='bbox 765 3986 860 4031; x_wconf 86' lang='lat' dir='ltr'><strong><em>aut</em></strong></span> <span class='ocrx_word' id='word_1_574' title='bbox 917 3978 1098 4047; x_wconf 91' lang='lat' dir='ltr'><strong><em>(quod</em></strong></span> <span class='ocrx_word' id='word_1_575' title='bbox 1140 3979 1363 4047; x_wconf 89' lang='lat' dir='ltr'><strong><em>propius</em></strong></span> <span class='ocrx_word' id='word_1_576' title='bbox 1405 3979 1470 4032; x_wconf 89' lang='lat' dir='ltr'><strong><em>ad</em></strong></span> <span class='ocrx_word' id='word_1_577' title='bbox 1517 3975 1628 4046; x_wconf 59' lang='lat' dir='ltr'><strong><em>ei...</em></strong></span> <span class='ocrx_word' id='word_1_578' title='bbox 1682 3988 1766 4035; x_wconf 83' lang='lat' dir='ltr'><strong><em>est</em></strong></span> 
     </span>
    </p>
   </div>
   <div class='ocr_carea' id='block_1_71' title="bbox 188 4049 1760 4119">
    <p class='ocr_par' dir='ltr' id='par_1_71' title="bbox 188 4049 1760 4119">
     <span class='ocr_line' id='line_1_71' title="bbox 188 4049 1760 4119; baseline 0.003 -18"><span class='ocrx_word' id='word_1_579' title='bbox 188 4050 435 4119; x_wconf 83' lang='lat' dir='ltr'><strong><em>utentem)</em></strong></span> <span class='ocrx_word' id='word_1_580' title='bbox 470 4049 674 4104; x_wconf 87' lang='lat' dir='ltr'><strong><em>sordes</em></strong></span> <span class='ocrx_word' id='word_1_581' title='bbox 705 4050 954 4114; x_wconf 87' lang='lat' dir='ltr'><strong><em>corporis</em></strong></span> <span class='ocrx_word' id='word_1_582' title='bbox 994 4051 1202 4114; x_wconf 74' lang='lat' dir='ltr'><strong><em>alisque</em></strong></span> <span class='ocrx_word' id='word_1_583' title='bbox 1246 4053 1477 4105; x_wconf 82' lang='lat' dir='ltr'><strong><em>crimine</em></strong></span> <span class='ocrx_word' id='word_1_584' title='bbox 1504 4053 1717 4105; x_wconf 86' lang='lat' dir='ltr'><strong><em>censuit</em></strong></span> <span class='ocrx_word' id='word_1_585' title='bbox 1748 4070 1760 4106; x_wconf 90' lang='lat'><strong>:</strong></span> 
     </span>
    </p>
   </div>
   <div class='ocr_carea' id='block_1_72' title="bbox 190 4120 1764 4191">
    <p class='ocr_par' dir='ltr' id='par_1_72' title="bbox 190 4120 1764 4191">
     <span class='ocr_line' id='line_1_72' title="bbox 190 4120 1764 4191; baseline 0.003 -20"><span class='ocrx_word' id='word_1_586' title='bbox 190 4122 396 4174; x_wconf 85' lang='lat' dir='ltr'><strong><em>etmodo</em></strong></span> <span class='ocrx_word' id='word_1_587' title='bbox 425 4121 659 4191; x_wconf 85' lang='lat' dir='ltr'><strong><em>originis</em></strong></span> <span class='ocrx_word' id='word_1_588' title='bbox 691 4128 971 4188; x_wconf 86' lang='lat' dir='ltr'><strong><em>peccatum</em></strong></span> <span class='ocrx_word' id='word_1_589' title='bbox 1000 4121 1160 4187; x_wconf 83' lang='lat' dir='ltr'><strong><em>tollit,</em></strong></span> <span class='ocrx_word' id='word_1_590' title='bbox 1192 4120 1457 4190; x_wconf 70' lang='lat' dir='ltr'><strong><em>legaltqui-</em></strong></span> <span class='ocrx_word' id='word_1_591' title='bbox 1485 4133 1764 4191; x_wconf 90' lang='lat' dir='ltr'><strong><em>comparat</em></strong></span> 
     </span>
    </p>
   </div>
   <div class='ocr_carea' id='block_1_73' title="bbox 189 4191 1765 4258">
    <p class='ocr_par' dir='ltr' id='par_1_73' title="bbox 189 4191 1765 4258">
     <span class='ocr_line' id='line_1_73' title="bbox 189 4191 1765 4258; baseline 0.003 -15"><span class='ocrx_word' id='word_1_592' title='bbox 189 4194 497 4247; x_wconf 61' lang='lat' dir='ltr'><strong><em>caeremonias</em></strong></span> <span class='ocrx_word' id='word_1_593' title='bbox 524 4191 1042 4258; x_wconf 62' lang='lat' dir='ltr'><strong><em>Ptkdobaptismum.</em></strong></span> <span class='ocrx_word' id='word_1_594' title='bbox 1091 4193 1149 4246; x_wconf 78' lang='lat' dir='ltr'><strong><em>Et</em></strong></span> <span class='ocrx_word' id='word_1_595' title='bbox 1183 4209 1310 4246; x_wconf 75' lang='lat' dir='ltr'><strong><em>vero</em></strong></span> <span class='ocrx_word' id='word_1_596' title='bbox 1339 4194 1440 4245; x_wconf 89' lang='lat' dir='ltr'><strong><em>alia</em></strong></span> <span class='ocrx_word' id='word_1_597' title='bbox 1471 4203 1765 4248; x_wconf 87' lang='lat' dir='ltr'><strong><em>occurrunt</em></strong></span> 
     </span>
    </p>
   </div>
   <div class='ocr_carea' id='block_1_74' title="bbox 190 4260 1761 4333">
    <p class='ocr_par' dir='ltr' id='par_1_74' title="bbox 190 4260 1761 4333">
     <span class='ocr_line' id='line_1_74' title="bbox 190 4260 1761 4333; baseline 0.006 -21"><span class='ocrx_word' id='word_1_598' title='bbox 190 4260 233 4313; x_wconf 90' lang='lat' dir='ltr'><strong><em>in</em></strong></span> <span class='ocrx_word' id='word_1_599' title='bbox 262 4263 558 4318; x_wconf 73' lang='lat' dir='ltr'><strong><em>Adamantii</em></strong></span> <span class='ocrx_word' id='word_1_600' title='bbox 593 4264 811 4328; x_wconf 83' lang='lat' dir='ltr'><strong><em>scriptis</em></strong></span> <span class='ocrx_word' id='word_1_601' title='bbox 854 4263 992 4329; x_wconf 89' lang='lat' dir='ltr'><strong><em>loca,</em></strong></span> <span class='ocrx_word' id='word_1_602' title='bbox 1043 4278 1166 4333; x_wconf 78' lang='lat' dir='ltr'><strong><em>qua:</em></strong></span> <span class='ocrx_word' id='word_1_603' title='bbox 1194 4265 1507 4333; x_wconf 84' lang='lat' dir='ltr'><strong><em>suspicione</em></strong></span> <span class='ocrx_word' id='word_1_604' title='bbox 1537 4266 1761 4333; x_wconf 84' lang='lat' dir='ltr'><strong><em>hujusce</em></strong></span> 
     </span>
    </p>
   </div>
   <div class='ocr_carea' id='block_1_75' title="bbox 190 4334 1019 4405">
    <p class='ocr_par' dir='ltr' id='par_1_75' title="bbox 190 4334 1019 4405">
     <span class='ocr_line' id='line_1_75' title="bbox 190 4334 1019 4405; baseline 0.004 -20"><span class='ocrx_word' id='word_1_605' title='bbox 190 4339 363 4405; x_wconf 78' lang='lat' dir='ltr'><strong><em>erroris</em></strong></span> <span class='ocrx_word' id='word_1_606' title='bbox 388 4334 719 4405; x_wconf 83' lang='lat' dir='ltr'><strong><em>gravissima</em></strong></span> <span class='ocrx_word' id='word_1_607' title='bbox 752 4335 1019 4405; x_wconf 85' lang='lat' dir='ltr'><strong><em>laborant.</em></strong></span> 
     </span>
    </p>
   </div>
   <div class='ocr_carea' id='block_1_76' title="bbox 246 4402 1754 4470">
    <p class='ocr_par' dir='ltr' id='par_1_76' title="bbox 246 4402 1754 4470">
     <span class='ocr_line' id='line_1_76' title="bbox 246 4402 1754 4470; baseline 0.001 -11"><span class='ocrx_word' id='word_1_608' title='bbox 246 4402 270 4442; x_wconf 69' lang='grc' dir='ltr'>δ</span> <span class='ocrx_word' id='word_1_609' title='bbox 294 4402 444 4460; x_wconf 84' lang='lat' dir='ltr'><strong><em>Paria</em></strong></span> <span class='ocrx_word' id='word_1_610' title='bbox 476 4407 564 4459; x_wconf 88' lang='lat' dir='ltr'><strong><em>bis</em></strong></span> <span class='ocrx_word' id='word_1_611' title='bbox 594 4407 753 4459; x_wconf 82' lang='lat' dir='ltr'><strong><em>habet</em></strong></span> <span class='ocrx_word' id='word_1_612' title='bbox 788 4404 1014 4459; x_wconf 80' lang='lat' dir='ltr'><strong><em>inferius</em></strong></span> <span class='ocrx_word' id='word_1_613' title='bbox 1048 4405 1236 4462; x_wconf 88' lang='lat' dir='ltr'><strong><em>bomil.</em></strong></span> <span class='ocrx_word' id='word_1_614' title='bbox 1259 4404 1352 4470; x_wconf 71' lang='grc'><strong><em>24,</em></strong></span> <span class='ocrx_word' id='word_1_615' title='bbox 1385 4407 1472 4460; x_wconf 92' lang='lat' dir='ltr'><strong><em>ubi</em></strong></span> <span class='ocrx_word' id='word_1_616' title='bbox 1506 4422 1601 4461; x_wconf 89' lang='lat' dir='ltr'><strong><em>cos</em></strong></span> <span class='ocrx_word' id='word_1_617' title='bbox 1638 4416 1754 4461; x_wconf 82' lang='lat' dir='ltr'><strong><em>tan-</em></strong></span> 
     </span>
    </p>
   </div>
   <div class='ocr_carea' id='block_1_77' title="bbox 190 4476 1764 4547">
    <p class='ocr_par' dir='ltr' id='par_1_77' title="bbox 190 4476 1764 4547">
     <span class='ocr_line' id='line_1_77' title="bbox 190 4476 1764 4547; baseline 0.004 -21"><span class='ocrx_word' id='word_1_618' title='bbox 190 4483 283 4531; x_wconf 85' lang='lat' dir='ltr'><strong><em>tum</em></strong></span> <span class='ocrx_word' id='word_1_619' title='bbox 303 4478 455 4545; x_wconf 79' lang='lat' dir='ltr'><strong><em>igneo</em></strong></span> <span class='ocrx_word' id='word_1_620' title='bbox 485 4476 714 4532; x_wconf 81' lang='lat' dir='ltr'><strong><em>ﬂumine</em></strong></span> <span class='ocrx_word' id='word_1_621' title='bbox 742 4492 772 4530; x_wconf 92' lang='lat' dir='ltr'><strong><em>a</em></strong></span> <span class='ocrx_word' id='word_1_622' title='bbox 801 4476 1017 4531; x_wconf 83' lang='lat' dir='ltr'><strong><em>Christo</em></strong></span> <span class='ocrx_word' id='word_1_623' title='bbox 1050 4478 1373 4544; x_wconf 76' lang='lat' dir='ltr'><strong><em>bapliZulttttt</em></strong></span> <span class='ocrx_word' id='word_1_624' title='bbox 1424 4479 1485 4532; x_wconf 89' lang='lat' dir='ltr'><strong><em>iri</em></strong></span> <span class='ocrx_word' id='word_1_625' title='bbox 1536 4494 1764 4547; x_wconf 79' lang='lat' dir='ltr'><strong><em>pronutt~</em></strong></span> 
     </span>
    </p>
   </div>
   <div class='ocr_carea' id='block_1_78' title="bbox 192 4547 1766 4617">
    <p class='ocr_par' dir='ltr' id='par_1_78' title="bbox 192 4547 1766 4617">
     <span class='ocr_line' id='line_1_78' title="bbox 192 4547 1766 4617; baseline 0.004 -19"><span class='ocrx_word' id='word_1_626' title='bbox 192 4547 290 4606; x_wconf 81' lang='lat' dir='ltr'><strong><em>tiat.</em></strong></span> <span class='ocrx_word' id='word_1_627' title='bbox 319 4550 404 4617; x_wconf 90' lang='lat' dir='ltr'><strong><em>qui</em></strong></span> <span class='ocrx_word' id='word_1_628' title='bbox 447 4563 593 4616; x_wconf 83' lang='lat' dir='ltr'><strong><em>aqua</em></strong></span> <span class='ocrx_word' id='word_1_629' title='bbox 623 4558 678 4603; x_wconf 91' lang='lat' dir='ltr'><strong><em>et</em></strong></span> <span class='ocrx_word' id='word_1_630' title='bbox 703 4547 897 4616; x_wconf 90' lang='lat' dir='ltr'><strong><em>spiritu</em></strong></span> <span class='ocrx_word' id='word_1_631' title='bbox 937 4548 1141 4604; x_wconf 78' lang='lat' dir='ltr'><strong><em>fuerint</em></strong></span> <span class='ocrx_word' id='word_1_632' title='bbox 1174 4550 1453 4617; x_wconf 87' lang='lat' dir='ltr'><strong><em>baptizati,</em></strong></span> <span class='ocrx_word' id='word_1_633' title='bbox 1484 4559 1536 4605; x_wconf 90' lang='lat' dir='ltr'><strong><em>et</em></strong></span> <span class='ocrx_word' id='word_1_634' title='bbox 1570 4566 1766 4614; x_wconf 59' lang='lat' dir='ltr'><strong><em>purga-</em></strong></span> 
     </span>
    </p>
   </div>
   <div class='ocr_carea' id='block_1_79' title="bbox 1866 3320 3459 3399">
    <p class='ocr_par' dir='ltr' id='par_1_79' title="bbox 1866 3320 3459 3399">
     <span class='ocr_line' id='line_1_79' title="bbox 1866 3320 3459 3399; baseline -0.008 -14"><span class='ocrx_word' id='word_1_635' title='bbox 1866 3330 2032 3385; x_wconf 78' lang='lat' dir='ltr'><strong><em>uirtns</em></strong></span> <span class='ocrx_word' id='word_1_636' title='bbox 2075 3330 2329 3385; x_wconf 77' lang='lat' dir='ltr'><strong><em>Altissimi</em></strong></span> <span class='ocrx_word' id='word_1_637' title='bbox 2377 3328 2696 3384; x_wconf 88' lang='lat' dir='ltr'><strong><em>obumbrabit</em></strong></span> <span class='ocrx_word' id='word_1_638' title='bbox 2747 3337 2792 3381; x_wconf 86' lang='lat' dir='ltr'><strong><em>te</em></strong></span> <span class='ocrx_word' id='word_1_639' title='bbox 2834 3326 2990 3399; x_wconf 90' lang='lat' dir='ltr'><strong><em>(Luc.</em></strong></span> <span class='ocrx_word' id='word_1_640' title='bbox 3022 3326 3085 3399; x_wconf 90' lang='lat' dir='ltr'><strong><em>t),</em></strong></span> <span class='ocrx_word' id='word_1_641' title='bbox 3140 3320 3459 3394; x_wconf 83' lang='lat' dir='ltr'><strong><em>principium</em></strong></span> 
     </span>
    </p>
   </div>
   <div class='ocr_carea' id='block_1_80' title="bbox 1868 3415 3459 3491">
    <p class='ocr_par' dir='ltr' id='par_1_80' title="bbox 1868 3415 3459 3491">
     <span class='ocr_line' id='line_1_80' title="bbox 1868 3415 3459 3491; baseline -0.008 -14"><span class='ocrx_word' id='word_1_642' title='bbox 1868 3422 2091 3477; x_wconf 87' lang='lat' dir='ltr'><strong><em>seminis</em></strong></span> <span class='ocrx_word' id='word_1_643' title='bbox 2117 3432 2171 3477; x_wconf 91' lang='lat' dir='ltr'><strong><em>et</em></strong></span> <span class='ocrx_word' id='word_1_644' title='bbox 2192 3432 2487 3491; x_wconf 86' lang='lat' dir='ltr'><strong><em>conceptus</em></strong></span> <span class='ocrx_word' id='word_1_645' title='bbox 2503 3421 2756 3486; x_wconf 80' lang='lat' dir='ltr'><strong><em>iuerit,et</em></strong></span> <span class='ocrx_word' id='word_1_646' title='bbox 2777 3421 2896 3474; x_wconf 90' lang='lat' dir='ltr'><strong><em>sine</em></strong></span> <span class='ocrx_word' id='word_1_647' title='bbox 2920 3419 3091 3473; x_wconf 74' lang='lat' dir='ltr'><strong><em>vulva:</em></strong></span> <span class='ocrx_word' id='word_1_648' title='bbox 3125 3415 3459 3471; x_wconf 87' lang='lat' dir='ltr'><strong><em>reseratione</em></strong></span> 
     </span>
    </p>
   </div>
   <div class='ocr_carea' id='block_1_81' title="bbox 1868 3506 3461 3570">
    <p class='ocr_par' dir='ltr' id='par_1_81' title="bbox 1868 3506 3461 3570">
     <span class='ocr_line' id='line_1_81' title="bbox 1868 3506 3461 3570; baseline -0.005 -2"><span class='ocrx_word' id='word_1_649' title='bbox 1868 3513 2118 3569; x_wconf 76' lang='lat' dir='ltr'><strong><em>ttovusitt</em></strong></span> <span class='ocrx_word' id='word_1_650' title='bbox 2150 3524 2307 3569; x_wconf 88' lang='lat' dir='ltr'><strong><em>utero</em></strong></span> <span class='ocrx_word' id='word_1_651' title='bbox 2354 3515 2517 3570; x_wconf 83' lang='lat' dir='ltr'><strong><em>laetus</em></strong></span> <span class='ocrx_word' id='word_1_652' title='bbox 2546 3514 2864 3569; x_wconf 75' lang='lat' dir='ltr'><strong><em>adoleverit.</em></strong></span> <span class='ocrx_word' id='word_1_653' title='bbox 2916 3511 3066 3567; x_wconf 85' lang='lat' dir='ltr'><strong><em>Unde</em></strong></span> <span class='ocrx_word' id='word_1_654' title='bbox 3113 3520 3168 3564; x_wconf 89' lang='lat' dir='ltr'><strong><em>et</em></strong></span> <span class='ocrx_word' id='word_1_655' title='bbox 3215 3506 3461 3561; x_wconf 65' lang='lat' dir='ltr'><strong><em>Salvatvr</em></strong></span> 
     </span>
    </p>
   </div>
   <div class='ocr_carea' id='block_1_82' title="bbox 1867 3598 3459 3678">
    <p class='ocr_par' dir='ltr' id='par_1_82' title="bbox 1867 3598 3459 3678">
     <span class='ocr_line' id='line_1_82' title="bbox 1867 3598 3459 3678; baseline -0.008 -19"><span class='ocrx_word' id='word_1_656' title='bbox 1867 3604 2106 3672; x_wconf 83' lang='lat' dir='ltr'><strong><em>laquitur</em></strong></span> <span class='ocrx_word' id='word_1_657' title='bbox 2134 3626 2144 3658; x_wconf 91' lang='lat'><strong>:</strong></span> <span class='ocrx_word' id='word_1_658' title='bbox 2192 3603 2304 3678; x_wconf 85' lang='lat' dir='ltr'><strong><em>Ego</em></strong></span> <span class='ocrx_word' id='word_1_659' title='bbox 2348 3623 2461 3659; x_wconf 87' lang='lat' dir='ltr'><strong><em>sum</em></strong></span> <span class='ocrx_word' id='word_1_660' title='bbox 2504 3606 2687 3660; x_wconf 83' lang='lat' dir='ltr'><strong><em>renuis</em></strong></span> <span class='ocrx_word' id='word_1_661' title='bbox 2710 3615 2760 3659; x_wconf 88' lang='lat' dir='ltr'><strong><em>et</em></strong></span> <span class='ocrx_word' id='word_1_662' title='bbox 2787 3621 2890 3658; x_wconf 87' lang='lat' dir='ltr'><strong><em>non</em></strong></span> <span class='ocrx_word' id='word_1_663' title='bbox 2919 3602 3092 3671; x_wconf 83' lang='lat' dir='ltr'><strong><em>homo,</em></strong></span> <span class='ocrx_word' id='word_1_664' title='bbox 3126 3598 3459 3674; x_wconf 87' lang='lat' dir='ltr'><strong><em>opprobrium</em></strong></span> 
     </span>
    </p>
   </div>
   <div class='ocr_carea' id='block_1_83' title="bbox 1866 3696 3464 3771">
    <p class='ocr_par' dir='ltr' id='par_1_83' title="bbox 1866 3696 3464 3771">
     <span class='ocr_line' id='line_1_83' title="bbox 1866 3696 3464 3771; baseline -0.006 -21"><span class='ocrx_word' id='word_1_665' title='bbox 1866 3696 2152 3764; x_wconf 85' lang='lat' dir='ltr'><strong><em>hominum,</em></strong></span> <span class='ocrx_word' id='word_1_666' title='bbox 2185 3709 2230 3751; x_wconf 87' lang='lat' dir='ltr'><strong><em>et</em></strong></span> <span class='ocrx_word' id='word_1_667' title='bbox 2258 3697 2477 3768; x_wconf 70' lang='lat' dir='ltr'><strong><em>obiectio</em></strong></span> <span class='ocrx_word' id='word_1_668' title='bbox 2508 3698 2667 3770; x_wconf 85' lang='lat' dir='ltr'><strong><em>plebis</em></strong></span> <span class='ocrx_word' id='word_1_669' title='bbox 2694 3698 2813 3771; x_wconf 85' lang='lat' dir='ltr'><strong><em>(Ps.</em></strong></span> <span class='ocrx_word' id='word_1_670' title='bbox 2840 3697 2972 3768; x_wconf 71' lang='lat' dir='ltr'><strong><em>ut).</em></strong></span> <span class='ocrx_word' id='word_1_671' title='bbox 3010 3696 3239 3752; x_wconf 84' lang='lat' dir='ltr'><strong><em>Videbat</em></strong></span> <span class='ocrx_word' id='word_1_672' title='bbox 3270 3696 3322 3747; x_wconf 90' lang='lat' dir='ltr'><strong><em>in</em></strong></span> <span class='ocrx_word' id='word_1_673' title='bbox 3349 3707 3464 3745; x_wconf 74' lang='grc' dir='ltr'><strong>ιιιειο</strong></span> 
     </span>
    </p>
   </div>
   <div class='ocr_carea' id='block_1_84' title="bbox 1868 3836 3457 3910">
    <p class='ocr_par' dir='ltr' id='par_1_84' title="bbox 1868 3836 3457 3910">
     <span class='ocr_line' id='line_1_84' title="bbox 1868 3836 3457 3910; baseline -0.001 -19"><span class='ocrx_word' id='word_1_674' title='bbox 1868 3836 2021 3910; x_wconf 83' lang='lat' dir='ltr'><strong><em>illutn</em></strong></span> <span class='ocrx_word' id='word_1_675' title='bbox 2052 3847 2106 3892; x_wconf 88' lang='lat' dir='ltr'><strong><em>et</em></strong></span> <span class='ocrx_word' id='word_1_676' title='bbox 2138 3838 2426 3907; x_wconf 85' lang='lat' dir='ltr'><strong><em>pugnantia</em></strong></span> <span class='ocrx_word' id='word_1_677' title='bbox 2466 3841 2791 3910; x_wconf 64' lang='lat' dir='ltr'><strong><em>prodidisse.</em></strong></span> <span class='ocrx_word' id='word_1_678' title='bbox 2843 3841 3131 3895; x_wconf 79' lang='lat' dir='ltr'><strong><em>Enimvero</em></strong></span> <span class='ocrx_word' id='word_1_679' title='bbox 3182 3837 3306 3909; x_wconf 85' lang='lat' dir='ltr'><strong><em>quid</em></strong></span> <span class='ocrx_word' id='word_1_680' title='bbox 3355 3836 3457 3910; x_wconf 87' lang='lat' dir='ltr'><strong><em>hoc</em></strong></span> 
     </span>
    </p>
   </div>
   <div class='ocr_carea' id='block_1_85' title="bbox 1868 3908 3457 3982">
    <p class='ocr_par' dir='ltr' id='par_1_85' title="bbox 1868 3908 3457 3982">
     <span class='ocr_line' id='line_1_85' title="bbox 1868 3908 3457 3982; baseline -0.001 -21"><span class='ocrx_word' id='word_1_681' title='bbox 1868 3908 1987 3978; x_wconf 87' lang='lat' dir='ltr'><strong><em>ipso</em></strong></span> <span class='ocrx_word' id='word_1_682' title='bbox 2032 3911 2368 3964; x_wconf 58' lang='lat' dir='ltr'><strong><em>manifestius</em></strong></span> <span class='ocrx_word' id='word_1_683' title='bbox 2398 3908 2560 3967; x_wconf 66' lang='lat' dir='ltr'><strong><em>elfato</em></strong></span> <span class='ocrx_word' id='word_1_684' title='bbox 2591 3931 2603 3966; x_wconf 95' lang='lat'><strong>:</strong></span> <span class='ocrx_word' id='word_1_685' title='bbox 2639 3912 2818 3981; x_wconf 84' lang='lat' dir='ltr'><strong><em>Neque</em></strong></span> <span class='ocrx_word' id='word_1_686' title='bbox 2839 3914 2973 3967; x_wconf 88' lang='lat' dir='ltr'><strong><em>enim</em></strong></span> <span class='ocrx_word' id='word_1_687' title='bbox 3003 3908 3457 3982; x_wconf 34' lang='lat' dir='ltr'><strong><em>absque&#39;sordibus</em></strong></span> 
     </span>
    </p>
   </div>
   <div class='ocr_carea' id='block_1_86' title="bbox 1866 3980 3451 4054">
    <p class='ocr_par' dir='ltr' id='par_1_86' title="bbox 1866 3980 3451 4054">
     <span class='ocr_line' id='line_1_86' title="bbox 1866 3980 3451 4054; baseline -0.002 -20"><span class='ocrx_word' id='word_1_688' title='bbox 1866 3996 2133 4052; x_wconf 83' lang='lat' dir='ltr'><strong><em>resurgere</em></strong></span> <span class='ocrx_word' id='word_1_689' title='bbox 2160 3984 2383 4053; x_wconf 82' lang='lat' dir='ltr'><strong><em>poterit?</em></strong></span> <span class='ocrx_word' id='word_1_690' title='bbox 2420 3985 2524 4038; x_wconf 75' lang='lat' dir='ltr'><strong><em>Eos</em></strong></span> <span class='ocrx_word' id='word_1_691' title='bbox 2554 3984 2708 4048; x_wconf 84' lang='lat' dir='ltr'><strong><em>adeo,</em></strong></span> <span class='ocrx_word' id='word_1_692' title='bbox 2739 3986 2827 4054; x_wconf 87' lang='lat' dir='ltr'><strong><em>qui</em></strong></span> <span class='ocrx_word' id='word_1_693' title='bbox 2874 3985 2942 4038; x_wconf 86' lang='lat' dir='ltr'><strong><em>ab</em></strong></span> <span class='ocrx_word' id='word_1_694' title='bbox 2973 3980 3175 4036; x_wconf 78' lang='lat' dir='ltr'><strong><em>erroris</em></strong></span> <span class='ocrx_word' id='word_1_695' title='bbox 3217 3989 3342 4035; x_wconf 79' lang='lat' dir='ltr'><strong><em>nuta</em></strong></span> <span class='ocrx_word' id='word_1_696' title='bbox 3372 3980 3451 4033; x_wconf 89' lang='lat' dir='ltr'><strong><em>lo-</em></strong></span> 
     </span>
    </p>
   </div>
   <div class='ocr_carea' id='block_1_87' title="bbox 1868 4053 3401 4126">
    <p class='ocr_par' dir='ltr' id='par_1_87' title="bbox 1868 4053 3401 4126">
     <span class='ocr_line' id='line_1_87' title="bbox 1868 4053 3401 4126; baseline -0.004 -21"><span class='ocrx_word' id='word_1_697' title='bbox 1868 4055 2166 4126; x_wconf 17' lang='lat' dir='ltr'><strong><em>CUlllillllllt:</em></strong></span> <span class='ocrx_word' id='word_1_698' title='bbox 2196 4055 2473 4126; x_wconf 64' lang='lat' dir='ltr'><strong><em>vindicare</em></strong></span> <span class='ocrx_word' id='word_1_699' title='bbox 2504 4053 2776 4126; x_wconf 46' lang='lat' dir='ltr'><strong><em>satagunt,</em></strong></span> <span class='ocrx_word' id='word_1_700' title='bbox 2808 4057 2899 4109; x_wconf 77' lang='lat' dir='ltr'><strong><em>niti</em></strong></span> <span class='ocrx_word' id='word_1_701' title='bbox 2924 4054 3159 4108; x_wconf 74' lang='lat' dir='ltr'><strong><em>arbitror</em></strong></span> <span class='ocrx_word' id='word_1_702' title='bbox 3188 4053 3401 4106; x_wconf 57' lang='lat' dir='ltr'><strong><em>tritura.</em></strong></span> 
     </span>
    </p>
   </div>
   <div class='ocr_carea' id='block_1_88' title="bbox 1943 4124 3453 4195">
    <p class='ocr_par' dir='ltr' id='par_1_88' title="bbox 1943 4124 3453 4195">
     <span class='ocr_line' id='line_1_88' title="bbox 1943 4124 3453 4195; baseline -0.001 -18"><span class='ocrx_word' id='word_1_703' title='bbox 1943 4133 1965 4161; x_wconf 74' lang='grc' dir='ltr'><strong>ο</strong></span> <span class='ocrx_word' id='word_1_704' title='bbox 2000 4125 2098 4177; x_wconf 80' lang='lat' dir='ltr'><strong><em>Par</em></strong></span> <span class='ocrx_word' id='word_1_705' title='bbox 2126 4124 2346 4192; x_wconf 79' lang='lat' dir='ltr'><strong><em>quidem</em></strong></span> <span class='ocrx_word' id='word_1_706' title='bbox 2377 4143 2533 4180; x_wconf 87' lang='lat' dir='ltr'><strong><em>error</em></strong></span> <span class='ocrx_word' id='word_1_707' title='bbox 2560 4124 2643 4182; x_wconf 77' lang='lat' dir='ltr'><strong><em>est</em></strong></span> <span class='ocrx_word' id='word_1_708' title='bbox 2675 4133 3037 4182; x_wconf 86' lang='lat' dir='ltr'><strong><em>vetustiorum</em></strong></span> <span class='ocrx_word' id='word_1_709' title='bbox 3068 4126 3274 4195; x_wconf 88' lang='lat' dir='ltr'><strong><em>aliquot</em></strong></span> <span class='ocrx_word' id='word_1_710' title='bbox 3315 4125 3453 4177; x_wconf 79' lang='lat' dir='ltr'><strong><em>scri-</em></strong></span> 
     </span>
    </p>
   </div>
   <div class='ocr_carea' id='block_1_89' title="bbox 1869 4195 3453 4266">
    <p class='ocr_par' dir='ltr' id='par_1_89' title="bbox 1869 4195 3453 4266">
     <span class='ocr_line' id='line_1_89' title="bbox 1869 4195 3453 4266; baseline 0.003 -22"><span class='ocrx_word' id='word_1_711' title='bbox 1869 4205 2104 4266; x_wconf 72' lang='lat' dir='ltr'><strong><em>piorum,</em></strong></span> <span class='ocrx_word' id='word_1_712' title='bbox 2133 4205 2295 4264; x_wconf 87' lang='lat' dir='ltr'><strong><em>atque</em></strong></span> <span class='ocrx_word' id='word_1_713' title='bbox 2338 4198 2603 4266; x_wconf 82' lang='lat' dir='ltr'><strong><em>imprimis</em></strong></span> <span class='ocrx_word' id='word_1_714' title='bbox 2644 4199 2965 4253; x_wconf 86' lang='lat' dir='ltr'><strong><em>Tertulliani</em></strong></span> <span class='ocrx_word' id='word_1_715' title='bbox 3015 4197 3153 4252; x_wconf 83' lang='lat' dir='ltr'><strong><em>libro</em></strong></span> <span class='ocrx_word' id='word_1_716' title='bbox 3180 4196 3249 4251; x_wconf 88' lang='lat' dir='ltr'><strong><em>de</em></strong></span> <span class='ocrx_word' id='word_1_717' title='bbox 3277 4195 3453 4249; x_wconf 73' lang='lat' dir='ltr'><strong><em>Carne</em></strong></span> 
     </span>
    </p>
   </div>
   <div class='ocr_carea' id='block_1_90' title="bbox 1867 4261 3453 4339">
    <p class='ocr_par' dir='ltr' id='par_1_90' title="bbox 1867 4261 3453 4339">
     <span class='ocr_line' id='line_1_90' title="bbox 1867 4261 3453 4339; baseline 0.001 -21"><span class='ocrx_word' id='word_1_718' title='bbox 1867 4261 2108 4339; x_wconf 70' lang='lat' dir='ltr'><strong><em>Christi,</em></strong></span> <span class='ocrx_word' id='word_1_719' title='bbox 2141 4261 2264 4335; x_wconf 73' lang='lat' dir='ltr'><strong><em>Cap.</em></strong></span> <span class='ocrx_word' id='word_1_720' title='bbox 2297 4268 2390 4331; x_wconf 72' lang='grc'><strong><em>25,</em></strong></span> <span class='ocrx_word' id='word_1_721' title='bbox 2414 4261 2585 4339; x_wconf 67' lang='grc' dir='ltr'><strong><em>’λείψω</em></strong></span> <span class='ocrx_word' id='word_1_722' title='bbox 2629 4286 2841 4333; x_wconf 87' lang='lat' dir='ltr'><strong><em>eorum,</em></strong></span> <span class='ocrx_word' id='word_1_723' title='bbox 2888 4286 3019 4337; x_wconf 82' lang='lat' dir='ltr'><strong><em>quos</em></strong></span> <span class='ocrx_word' id='word_1_724' title='bbox 3067 4266 3453 4339; x_wconf 56' lang='lat' dir='ltr'><strong><em>Geuebrartlus</em></strong></span> 
     </span>
    </p>
   </div>
   <div class='ocr_carea' id='block_1_91' title="bbox 1867 4338 3455 4407">
    <p class='ocr_par' dir='ltr' id='par_1_91' title="bbox 1867 4338 3455 4407">
     <span class='ocr_line' id='line_1_91' title="bbox 1867 4338 3455 4407; baseline 0.003 -19"><span class='ocrx_word' id='word_1_725' title='bbox 1867 4347 2028 4403; x_wconf 78' lang='lat' dir='ltr'><strong><em>atque</em></strong></span> <span class='ocrx_word' id='word_1_726' title='bbox 2062 4338 2285 4394; x_wconf 87' lang='lat' dir='ltr'><strong><em>lluetius</em></strong></span> <span class='ocrx_word' id='word_1_727' title='bbox 2335 4338 2659 4407; x_wconf 28' lang='lat' dir='ltr'><strong><em>prtete’xont,</em></strong></span> <span class='ocrx_word' id='word_1_728' title='bbox 2711 4341 2983 4396; x_wconf 64' lang='lat' dir='ltr'><strong><em>AlllblOSii</em></strong></span> <span class='ocrx_word' id='word_1_729' title='bbox 3024 4339 3253 4401; x_wconf 76' lang='lat' dir='ltr'><strong><em>scilicet,</em></strong></span> <span class='ocrx_word' id='word_1_730' title='bbox 3285 4338 3455 4393; x_wconf 83' lang='lat' dir='ltr'><strong><em>Atha-</em></strong></span> 
     </span>
    </p>
   </div>
   <div class='ocr_carea' id='block_1_92' title="bbox 1869 4409 3452 4481">
    <p class='ocr_par' dir='ltr' id='par_1_92' title="bbox 1869 4409 3452 4481">
     <span class='ocr_line' id='line_1_92' title="bbox 1869 4409 3452 4481; baseline 0.002 -20"><span class='ocrx_word' id='word_1_731' title='bbox 1869 4410 2026 4471; x_wconf 84' lang='lat' dir='ltr'><strong><em>nasii,</em></strong></span> <span class='ocrx_word' id='word_1_732' title='bbox 2066 4409 2272 4481; x_wconf 68' lang='lat' dir='ltr'><strong><em>Basilii,</em></strong></span> <span class='ocrx_word' id='word_1_733' title='bbox 2305 4412 2393 4479; x_wconf 89' lang='lat' dir='ltr'><strong><em>qui</em></strong></span> <span class='ocrx_word' id='word_1_734' title='bbox 2427 4414 2493 4466; x_wconf 75' lang='lat' dir='ltr'><strong><em>tle</em></strong></span> <span class='ocrx_word' id='word_1_735' title='bbox 2533 4414 2761 4481; x_wconf 73' lang='lat' dir='ltr'><strong><em>Virginei</em></strong></span> <span class='ocrx_word' id='word_1_736' title='bbox 2814 4413 3034 4467; x_wconf 80' lang='lat' dir='ltr'><strong><em>claustri</em></strong></span> <span class='ocrx_word' id='word_1_737' title='bbox 3084 4413 3368 4480; x_wconf 70' lang='lat' dir='ltr'><strong><em>:tpertiotte</em></strong></span> <span class='ocrx_word' id='word_1_738' title='bbox 3399 4411 3452 4464; x_wconf 74' lang='lat' dir='ltr'><strong><em>in</em></strong></span> 
     </span>
    </p>
   </div>
   <div class='ocr_carea' id='block_1_93' title="bbox 1870 4480 3451 4548">
    <p class='ocr_par' dir='ltr' id='par_1_93' title="bbox 1870 4480 3451 4548">
     <span class='ocr_line' id='line_1_93' title="bbox 1870 4480 3451 4548; baseline 0.001 -16"><span class='ocrx_word' id='word_1_739' title='bbox 1870 4493 2023 4548; x_wconf 79' lang='lat' dir='ltr'><strong><em>partu</em></strong></span> <span class='ocrx_word' id='word_1_740' title='bbox 2052 4480 2348 4537; x_wconf 79' lang='lat' dir='ltr'><strong><em>disserunt.</em></strong></span> <span class='ocrx_word' id='word_1_741' title='bbox 2383 4482 2560 4538; x_wconf 85' lang='lat' dir='ltr'><strong><em>Probe</em></strong></span> <span class='ocrx_word' id='word_1_742' title='bbox 2593 4480 2768 4538; x_wconf 79' lang='lat' dir='ltr'><strong><em>autem</em></strong></span> <span class='ocrx_word' id='word_1_743' title='bbox 2805 4484 2997 4538; x_wconf 84' lang='lat' dir='ltr'><strong><em>Httetio</em></strong></span> <span class='ocrx_word' id='word_1_744' title='bbox 3027 4483 3319 4537; x_wconf 86' lang='lat' dir='ltr'><strong><em>notandum</em></strong></span> <span class='ocrx_word' id='word_1_745' title='bbox 3346 4491 3451 4541; x_wconf 61' lang='lat' dir='ltr'><strong><em>est,</em></strong></span> 
     </span>
    </p>
   </div>
   <div class='ocr_carea' id='block_1_94' title="bbox 1869 4551 3453 4622">
    <p class='ocr_par' dir='ltr' id='par_1_94' title="bbox 1869 4551 3453 4622">
     <span class='ocr_line' id='line_1_94' title="bbox 1869 4551 3453 4622; baseline 0.001 -19"><span class='ocrx_word' id='word_1_746' title='bbox 1869 4551 2125 4605; x_wconf 88' lang='lat' dir='ltr'><strong><em>omnibus</em></strong></span> <span class='ocrx_word' id='word_1_747' title='bbox 2172 4555 2235 4605; x_wconf 89' lang='lat' dir='ltr'><strong><em>iis</em></strong></span> <span class='ocrx_word' id='word_1_748' title='bbox 2284 4555 2665 4622; x_wconf 80' lang='lat' dir='ltr'><strong><em>exceptionem</em></strong></span> <span class='ocrx_word' id='word_1_749' title='bbox 2715 4558 2858 4610; x_wconf 84' lang='lat' dir='ltr'><strong><em>illam</em></strong></span> <span class='ocrx_word' id='word_1_750' title='bbox 2908 4555 3265 4609; x_wconf 88' lang='lat' dir='ltr'><strong><em>adhibendam</em></strong></span> <span class='ocrx_word' id='word_1_751' title='bbox 3311 4569 3453 4615; x_wconf 75' lang='lat' dir='ltr'><strong><em>esse,</em></strong></span> 
     </span>
    </p>
   </div>
   <div class='ocr_carea' id='block_1_95' title="bbox 192 4618 3455 4699">
    <p class='ocr_par' dir='ltr' id='par_1_95' title="bbox 192 4618 3455 4699">
     <span class='ocr_line' id='line_1_95' title="bbox 192 4618 3455 4699; baseline 0.002 -29"><span class='ocrx_word' id='word_1_752' title='bbox 192 4618 321 4699; x_wconf 39' lang='lat' dir='ltr'><strong><em>tionAe</em></strong></span> <span class='ocrx_word' id='word_1_753' title='bbox 346 4619 699 4699; x_wconf 72' lang='lat' dir='ltr'><strong><em>indiguerint,</em></strong></span> <span class='ocrx_word' id='word_1_754' title='bbox 726 4618 991 4673; x_wconf 89' lang='lat' dir='ltr'><strong><em>malorum</em></strong></span> <span class='ocrx_word' id='word_1_755' title='bbox 1018 4632 1198 4675; x_wconf 85' lang='lat' dir='ltr'><strong><em>autem</em></strong></span> <span class='ocrx_word' id='word_1_756' title='bbox 1222 4632 1469 4699; x_wconf 68' lang='lat' dir='ltr'><strong><em>ttoxaset</em></strong></span> <span class='ocrx_word' id='word_1_757' title='bbox 1497 4622 1624 4699; x_wconf 76' lang='lat' dir='ltr'><strong><em>vitia</em></strong></span> <span class='ocrx_word' id='word_1_758' title='bbox 1650 4622 1761 4677; x_wconf 82' lang='lat' dir='ltr'><strong><em>fore</em></strong></span> <span class='ocrx_word' id='word_1_759' title='bbox 1790 4639 1844 4699; x_wconf 77' lang='grc' dir='ltr'><strong><em>ι)</em></strong></span> <span class='ocrx_word' id='word_1_760' title='bbox 1868 4638 1972 4692; x_wconf 86' lang='lat' dir='ltr'><strong><em>qua</em></strong></span> <span class='ocrx_word' id='word_1_761' title='bbox 2021 4623 2086 4675; x_wconf 88' lang='lat' dir='ltr'><strong><em>ad</em></strong></span> <span class='ocrx_word' id='word_1_762' title='bbox 2102 4618 2450 4699; x_wconf 71' lang='lat' dir='ltr'><strong><em>_sol\&#39;etnltttn</em></strong></span> <span class='ocrx_word' id='word_1_763' title='bbox 2486 4628 2757 4682; x_wconf 83' lang='lat' dir='ltr'><strong><em>Ambrosii</em></strong></span> <span class='ocrx_word' id='word_1_764' title='bbox 2794 4631 2969 4699; x_wconf 77' lang='lat' dir='ltr'><strong><em>locum</em></strong></span> <span class='ocrx_word' id='word_1_765' title='bbox 2990 4669 3003 4692; x_wconf 88' lang='lat'><strong><em>,</em></strong></span> <span class='ocrx_word' id='word_1_766' title='bbox 3037 4642 3168 4699; x_wconf 68' lang='lat' dir='ltr'><strong><em>usus</em></strong></span> <span class='ocrx_word' id='word_1_767' title='bbox 3198 4633 3281 4679; x_wconf 81' lang='lat' dir='ltr'><strong><em>est</em></strong></span> <span class='ocrx_word' id='word_1_768' title='bbox 3309 4625 3455 4699; x_wconf 75' lang='lat' dir='ltr'><strong><em>Tito-</em></strong></span> 
     </span>
    </p>
   </div>
   <div class='ocr_carea' id='block_1_96' title="bbox 192 4689 1762 4760">
    <p class='ocr_par' dir='ltr' id='par_1_96' title="bbox 192 4689 1762 4760">
     <span class='ocr_line' id='line_1_96' title="bbox 192 4689 1762 4760; baseline 0.006 -21"><span class='ocrx_word' id='word_1_769' title='bbox 192 4698 238 4741; x_wconf 89' lang='lat' dir='ltr'><strong><em>ut</em></strong></span> <span class='ocrx_word' id='word_1_770' title='bbox 277 4689 501 4745; x_wconf 78' lang='lat' dir='ltr'><strong><em>ﬂammis</em></strong></span> <span class='ocrx_word' id='word_1_771' title='bbox 546 4690 764 4760; x_wconf 89' lang='lat' dir='ltr'><strong><em>penitus</em></strong></span> <span class='ocrx_word' id='word_1_772' title='bbox 802 4701 1193 4759; x_wconf 78' lang='lat' dir='ltr'><strong><em>excoquuntur.</em></strong></span> <span class='ocrx_word' id='word_1_773' title='bbox 1246 4690 1762 4759; x_wconf 43' lang='lat' dir='ltr'><strong><em>Gonebt-arilnsﬁa-</em></strong></span> 
     </span>
    </p>
   </div>
   <div class='ocr_carea' id='block_1_97' title="bbox 194 4762 1761 4820">
    <p class='ocr_par' dir='ltr' id='par_1_97' title="bbox 194 4762 1761 4820">
     <span class='ocr_line' id='line_1_97' title="bbox 194 4762 1761 4820; baseline 0.005 -8"><span class='ocrx_word' id='word_1_774' title='bbox 194 4762 396 4816; x_wconf 75' lang='lat' dir='ltr'><strong><em>vendam</em></strong></span> <span class='ocrx_word' id='word_1_775' title='bbox 425 4764 568 4817; x_wconf 86' lang='lat' dir='ltr'><strong><em>hanc</em></strong></span> <span class='ocrx_word' id='word_1_776' title='bbox 617 4764 875 4817; x_wconf 82' lang='lat' dir='ltr'><strong><em>admonet</em></strong></span> <span class='ocrx_word' id='word_1_777' title='bbox 906 4762 1207 4818; x_wconf 88' lang='lat' dir='ltr'><strong><em>doctrinam</em></strong></span> <span class='ocrx_word' id='word_1_778' title='bbox 1240 4780 1254 4815; x_wconf 89' lang='lat'><strong>:</strong></span> <span class='ocrx_word' id='word_1_779' title='bbox 1288 4763 1469 4818; x_wconf 85' lang='lat' dir='ltr'><strong><em>Sixtus</em></strong></span> <span class='ocrx_word' id='word_1_780' title='bbox 1501 4765 1761 4820; x_wconf 86' lang='lat' dir='ltr'><strong><em>Senensis</em></strong></span> 
     </span>
    </p>
   </div>
   <div class='ocr_carea' id='block_1_98' title="bbox 192 4830 1755 4904">
    <p class='ocr_par' dir='ltr' id='par_1_98' title="bbox 192 4830 1755 4904">
     <span class='ocr_line' id='line_1_98' title="bbox 192 4830 1755 4904; baseline 0.005 -22"><span class='ocrx_word' id='word_1_781' title='bbox 192 4830 453 4904; x_wconf 77' lang='lat' dir='ltr'><strong><em>betttgnius</em></strong></span> <span class='ocrx_word' id='word_1_782' title='bbox 490 4836 755 4903; x_wconf 70' lang='lat' dir='ltr'><strong><em>explicat,</em></strong></span> <span class='ocrx_word' id='word_1_783' title='bbox 787 4835 1060 4903; x_wconf 83' lang='lat' dir='ltr'><strong><em>refertque</em></strong></span> <span class='ocrx_word' id='word_1_784' title='bbox 1092 4836 1155 4889; x_wconf 85' lang='lat' dir='ltr'><strong><em>atl</em></strong></span> <span class='ocrx_word' id='word_1_785' title='bbox 1189 4840 1365 4904; x_wconf 83' lang='lat' dir='ltr'><strong><em>ignem</em></strong></span> <span class='ocrx_word' id='word_1_786' title='bbox 1400 4835 1601 4889; x_wconf 63' lang='lat' dir='ltr'><strong><em>ullitnttt</em></strong></span> <span class='ocrx_word' id='word_1_787' title='bbox 1623 4852 1755 4890; x_wconf 85' lang='lat' dir='ltr'><strong><em>cou-</em></strong></span> 
     </span>
    </p>
   </div>
   <div class='ocr_carea' id='block_1_99' title="bbox 192 4900 1769 4977">
    <p class='ocr_par' dir='ltr' id='par_1_99' title="bbox 192 4900 1769 4977">
     <span class='ocr_line' id='line_1_99' title="bbox 192 4900 1769 4977; baseline 0.005 -24"><span class='ocrx_word' id='word_1_788' title='bbox 192 4900 529 4977; x_wconf 75' lang='lat' dir='ltr'><strong><em>llagratiouis,</em></strong></span> <span class='ocrx_word' id='word_1_789' title='bbox 551 4900 643 4977; x_wconf 77' lang='lat' dir='ltr'><strong><em>qui</em></strong></span> <span class='ocrx_word' id='word_1_790' title='bbox 670 4920 738 4960; x_wconf 82' lang='lat' dir='ltr'><strong><em>ex</em></strong></span> <span class='ocrx_word' id='word_1_791' title='bbox 771 4905 959 4977; x_wconf 60' lang='lat' dir='ltr'><strong><em>electis</em></strong></span> <span class='ocrx_word' id='word_1_792' title='bbox 977 4900 1189 4977; x_wconf 81' lang='lat' dir='ltr'><strong><em>aliquos</em></strong></span> <span class='ocrx_word' id='word_1_793' title='bbox 1211 4900 1451 4960; x_wconf 76' lang='lat' dir='ltr'><strong><em>itottdutu</em></strong></span> <span class='ocrx_word' id='word_1_794' title='bbox 1480 4910 1611 4960; x_wconf 84' lang='lat' dir='ltr'><strong><em>satis</em></strong></span> <span class='ocrx_word' id='word_1_795' title='bbox 1637 4924 1769 4974; x_wconf 41' lang='lat' dir='ltr'><strong><em>pur:</em></strong></span> 
     </span>
    </p>
   </div>
   <div class='ocr_carea' id='block_1_100' title="bbox 191 4969 1757 5045">
    <p class='ocr_par' dir='ltr' id='par_1_100' title="bbox 191 4969 1757 5045">
     <span class='ocr_line' id='line_1_100' title="bbox 191 4969 1757 5045; baseline 0.004 -19"><span class='ocrx_word' id='word_1_796' title='bbox 191 4969 323 5045; x_wconf 81' lang='lat' dir='ltr'><strong><em>gatos</em></strong></span> <span class='ocrx_word' id='word_1_797' title='bbox 351 4969 626 5040; x_wconf 31' lang='lat' dir='ltr'><strong><em>lustra—bit,</em></strong></span> <span class='ocrx_word' id='word_1_798' title='bbox 670 4969 931 5045; x_wconf 83' lang='lat' dir='ltr'><strong><em>reprobos</em></strong></span> <span class='ocrx_word' id='word_1_799' title='bbox 959 4969 1088 5032; x_wconf 74' lang='lat' dir='ltr'><strong><em>vero</em></strong></span> <span class='ocrx_word' id='word_1_800' title='bbox 1131 4992 1321 5031; x_wconf 86' lang='lat' dir='ltr'><strong><em>omnes</em></strong></span> <span class='ocrx_word' id='word_1_801' title='bbox 1366 4969 1757 5045; x_wconf 75' lang='lat' dir='ltr'><strong><em>apprehendat.</em></strong></span> 
     </span>
    </p>
   </div>
   <div class='ocr_carea' id='block_1_101' title="bbox 193 5043 1765 5119">
    <p class='ocr_par' dir='ltr' id='par_1_101' title="bbox 193 5043 1765 5119">
     <span class='ocr_line' id='line_1_101' title="bbox 193 5043 1765 5119; baseline 0.005 -22"><span class='ocrx_word' id='word_1_802' title='bbox 193 5043 487 5119; x_wconf 64' lang='lat' dir='ltr'><strong><em>delingatur</em></strong></span> <span class='ocrx_word' id='word_1_803' title='bbox 515 5062 651 5101; x_wconf 89' lang='lat' dir='ltr'><strong><em>vero</em></strong></span> <span class='ocrx_word' id='word_1_804' title='bbox 673 5043 924 5114; x_wconf 81' lang='lat' dir='ltr'><strong><em>liuetius,</em></strong></span> <span class='ocrx_word' id='word_1_805' title='bbox 958 5050 1166 5119; x_wconf 86' lang='lat' dir='ltr'><strong><em>hocque</em></strong></span> <span class='ocrx_word' id='word_1_806' title='bbox 1188 5049 1358 5115; x_wconf 87' lang='lat' dir='ltr'><strong><em>accipi</em></strong></span> <span class='ocrx_word' id='word_1_807' title='bbox 1391 5043 1555 5104; x_wconf 81' lang='lat' dir='ltr'><strong><em>sensu</em></strong></span> <span class='ocrx_word' id='word_1_808' title='bbox 1580 5049 1765 5117; x_wconf 79' lang='lat' dir='ltr'><strong><em>Orige-</em></strong></span> 
     </span>
    </p>
   </div>
   <div class='ocr_carea' id='block_1_102' title="bbox 194 5115 1761 5191">
    <p class='ocr_par' dir='ltr' id='par_1_102' title="bbox 194 5115 1761 5191">
     <span class='ocr_line' id='line_1_102' title="bbox 194 5115 1761 5191; baseline 0.006 -25"><span class='ocrx_word' id='word_1_809' title='bbox 194 5115 262 5167; x_wconf 87' lang='lat' dir='ltr'><strong><em>uis</em></strong></span> <span class='ocrx_word' id='word_1_810' title='bbox 290 5133 387 5170; x_wconf 90' lang='lat' dir='ltr'><strong><em>non</em></strong></span> <span class='ocrx_word' id='word_1_811' title='bbox 402 5133 579 5191; x_wconf 68' lang='lat' dir='ltr'><strong><em>posse</em></strong></span> <span class='ocrx_word' id='word_1_812' title='bbox 602 5119 767 5191; x_wconf 78' lang='lat' dir='ltr'><strong><em>verba</em></strong></span> <span class='ocrx_word' id='word_1_813' title='bbox 790 5115 1094 5183; x_wconf 69' lang='lat' dir='ltr'><strong><em>Contendit,</em></strong></span> <span class='ocrx_word' id='word_1_814' title='bbox 1114 5119 1548 5191; x_wconf 84' lang='lat' dir='ltr'><strong><em>quandoquidem</em></strong></span> <span class='ocrx_word' id='word_1_815' title='bbox 1577 5115 1761 5176; x_wconf 70' lang='lat' dir='ltr'><strong><em>illene</em></strong></span> 
     </span>
    </p>
   </div>
   <div class='ocr_carea' id='block_1_103' title="bbox 192 5187 1762 5261">
    <p class='ocr_par' dir='ltr' id='par_1_103' title="bbox 192 5187 1762 5261">
     <span class='ocr_line' id='line_1_103' title="bbox 192 5187 1762 5261; baseline 0.004 -21"><span class='ocrx_word' id='word_1_816' title='bbox 192 5188 541 5261; x_wconf 77' lang='lat' dir='ltr'><strong><em>sanctissimos</em></strong></span> <span class='ocrx_word' id='word_1_817' title='bbox 569 5187 795 5258; x_wconf 90' lang='lat' dir='ltr'><strong><em>quidem</em></strong></span> <span class='ocrx_word' id='word_1_818' title='bbox 844 5190 1010 5255; x_wconf 84' lang='lat' dir='ltr'><strong><em>viros,</em></strong></span> <span class='ocrx_word' id='word_1_819' title='bbox 1063 5187 1280 5247; x_wconf 82' lang='lat' dir='ltr'><strong><em>Petrum</em></strong></span> <span class='ocrx_word' id='word_1_820' title='bbox 1313 5187 1460 5261; x_wconf 81' lang='lat' dir='ltr'><strong><em>puta,</em></strong></span> <span class='ocrx_word' id='word_1_821' title='bbox 1501 5202 1596 5246; x_wconf 90' lang='lat' dir='ltr'><strong><em>aut</em></strong></span> <span class='ocrx_word' id='word_1_822' title='bbox 1626 5193 1762 5247; x_wconf 87' lang='lat' dir='ltr'><strong><em>Pau-</em></strong></span> 
     </span>
    </p>
   </div>
   <div class='ocr_carea' id='block_1_104' title="bbox 194 5255 1758 5330">
    <p class='ocr_par' dir='ltr' id='par_1_104' title="bbox 194 5255 1758 5330">
     <span class='ocr_line' id='line_1_104' title="bbox 194 5255 1758 5330; baseline 0.006 -20"><span class='ocrx_word' id='word_1_823' title='bbox 194 5255 305 5330; x_wconf 66' lang='lat' dir='ltr'><strong><em>lum,</em></strong></span> <span class='ocrx_word' id='word_1_824' title='bbox 337 5260 436 5315; x_wconf 88' lang='lat' dir='ltr'><strong><em>hoc</em></strong></span> <span class='ocrx_word' id='word_1_825' title='bbox 456 5255 671 5316; x_wconf 74' lang='lat' dir='ltr'><strong><em>futuros</em></strong></span> <span class='ocrx_word' id='word_1_826' title='bbox 697 5263 820 5330; x_wconf 88' lang='lat' dir='ltr'><strong><em>igtte</em></strong></span> <span class='ocrx_word' id='word_1_827' title='bbox 864 5261 1130 5317; x_wconf 79' lang='lat' dir='ltr'><strong><em>immunes</em></strong></span> <span class='ocrx_word' id='word_1_828' title='bbox 1161 5255 1472 5318; x_wconf 79' lang='lat' dir='ltr'><strong><em>arbitratur.</em></strong></span> <span class='ocrx_word' id='word_1_829' title='bbox 1526 5262 1758 5319; x_wconf 83' lang='lat' dir='ltr'><strong><em>Rursum</em></strong></span> 
     </span>
    </p>
   </div>
   <div class='ocr_carea' id='block_1_105' title="bbox 195 5325 1758 5405">
    <p class='ocr_par' dir='ltr' id='par_1_105' title="bbox 195 5325 1758 5405">
     <span class='ocr_line' id='line_1_105' title="bbox 195 5325 1758 5405; baseline 0.005 -24"><span class='ocrx_word' id='word_1_830' title='bbox 195 5325 786 5405; x_wconf 37' lang='lat' dir='ltr'><strong><em>$92tt‘ellll‘l&#39;espﬂjldél,</em></strong></span> <span class='ocrx_word' id='word_1_831' title='bbox 817 5334 909 5405; x_wconf 87' lang='lat' dir='ltr'><strong><em>qui</em></strong></span> <span class='ocrx_word' id='word_1_832' title='bbox 942 5344 1073 5387; x_wconf 90' lang='lat' dir='ltr'><strong><em>tom.</em></strong></span> <span class='ocrx_word' id='word_1_833' title='bbox 1103 5333 1167 5388; x_wconf 82' lang='lat' dir='ltr'><strong><em>IV</em></strong></span> <span class='ocrx_word' id='word_1_834' title='bbox 1203 5335 1253 5387; x_wconf 91' lang='lat' dir='ltr'><strong><em>in</em></strong></span> <span class='ocrx_word' id='word_1_835' title='bbox 1286 5350 1346 5389; x_wconf 90' lang='grc' dir='ltr'><strong><em>ιιι</em></strong></span> <span class='ocrx_word' id='word_1_836' title='bbox 1375 5337 1431 5389; x_wconf 80' lang='lat' dir='ltr'><strong><em>S.</em></strong></span> <span class='ocrx_word' id='word_1_837' title='bbox 1478 5333 1671 5389; x_wconf 84' lang='lat' dir='ltr'><strong><em>&#39;l‘bom.</em></strong></span> <span class='ocrx_word' id='word_1_838' title='bbox 1702 5353 1758 5405; x_wconf 93' lang='lat' dir='ltr'><strong><em>q.</em></strong></span> 
     </span>
    </p>
   </div>
   <div class='ocr_carea' id='block_1_106' title="bbox 194 5396 1761 5472">
    <p class='ocr_par' dir='ltr' id='par_1_106' title="bbox 194 5396 1761 5472">
     <span class='ocr_line' id='line_1_106' title="bbox 194 5396 1761 5472; baseline 0.003 -18"><span class='ocrx_word' id='word_1_839' title='bbox 194 5396 272 5465; x_wconf 69' lang='grc'><strong><em>46,</em></strong></span> <span class='ocrx_word' id='word_1_840' title='bbox 297 5401 485 5472; x_wconf 55' lang='grc' dir='ltr'><strong><em>ωειλ,</em></strong></span> <span class='ocrx_word' id='word_1_841' title='bbox 512 5396 578 5457; x_wconf 77' lang='grc' dir='ltr'><strong><em>ω’</em></strong></span> <span class='ocrx_word' id='word_1_842' title='bbox 606 5396 898 5472; x_wconf 65' lang='grc' dir='ltr'><strong>Ονίεειιρίη</strong></span> <span class='ocrx_word' id='word_1_843' title='bbox 932 5416 1173 5470; x_wconf 80' lang='lat' dir='ltr'><strong><em>excuset,</em></strong></span> <span class='ocrx_word' id='word_1_844' title='bbox 1205 5407 1459 5460; x_wconf 63' lang='lat' dir='ltr'><strong><em>mendosa</em></strong></span> <span class='ocrx_word' id='word_1_845' title='bbox 1496 5408 1610 5461; x_wconf 70' lang='lat' dir='ltr'><strong><em>tunc</em></strong></span> <span class='ocrx_word' id='word_1_846' title='bbox 1638 5396 1761 5461; x_wconf 58' lang='lat' dir='ltr'><strong><em>esse</em></strong></span> 
     </span>
    </p>
   </div>
   <div class='ocr_carea' id='block_1_107' title="bbox 197 5475 1759 5547">
    <p class='ocr_par' dir='ltr' id='par_1_107' title="bbox 197 5475 1759 5547">
     <span class='ocr_line' id='line_1_107' title="bbox 197 5475 1759 5547; baseline 0.007 -24"><span class='ocrx_word' id='word_1_847' title='bbox 197 5481 242 5523; x_wconf 83' lang='lat' dir='ltr'><strong><em>et</em></strong></span> <span class='ocrx_word' id='word_1_848' title='bbox 263 5485 502 5547; x_wconf 64' lang='lat' dir='ltr'><strong><em>«fort-opta</em></strong></span> <span class='ocrx_word' id='word_1_849' title='bbox 534 5475 880 5530; x_wconf 78' lang='lat' dir='ltr'><strong><em>librariorum</em></strong></span> <span class='ocrx_word' id='word_1_850' title='bbox 920 5478 1049 5530; x_wconf 87' lang='lat' dir='ltr'><strong><em>vitto</em></strong></span> <span class='ocrx_word' id='word_1_851' title='bbox 1080 5478 1388 5532; x_wconf 76' lang='lat' dir='ltr'><strong><em>contendit.</em></strong></span> <span class='ocrx_word' id='word_1_852' title='bbox 1417 5479 1579 5547; x_wconf 74' lang='lat' dir='ltr'><strong><em>idque</em></strong></span> <span class='ocrx_word' id='word_1_853' title='bbox 1610 5495 1759 5534; x_wconf 84' lang='lat' dir='ltr'><strong><em>exeo</em></strong></span> 
     </span>
    </p>
   </div>
   <div class='ocr_carea' id='block_1_108' title="bbox 197 5545 1761 5616">
    <p class='ocr_par' dir='ltr' id='par_1_108' title="bbox 197 5545 1761 5616">
     <span class='ocr_line' id='line_1_108' title="bbox 197 5545 1761 5616; baseline 0.007 -22"><span class='ocrx_word' id='word_1_854' title='bbox 197 5545 510 5616; x_wconf 73' lang='lat' dir='ltr'><strong><em>potissimum</em></strong></span> <span class='ocrx_word' id='word_1_855' title='bbox 559 5547 774 5614; x_wconf 87' lang='lat' dir='ltr'><strong><em>probat,</em></strong></span> <span class='ocrx_word' id='word_1_856' title='bbox 825 5548 970 5614; x_wconf 87' lang='lat' dir='ltr'><strong><em>quod</em></strong></span> <span class='ocrx_word' id='word_1_857' title='bbox 1021 5548 1181 5614; x_wconf 81' lang='lat' dir='ltr'><strong><em>paulo</em></strong></span> <span class='ocrx_word' id='word_1_858' title='bbox 1230 5545 1640 5616; x_wconf 47' lang='lat' dir='ltr'><strong><em>superius—ipse</em></strong></span> <span class='ocrx_word' id='word_1_859' title='bbox 1685 5553 1761 5605; x_wconf 88' lang='lat' dir='ltr'><strong><em>ait</em></strong></span> 
     </span>
    </p>
   </div>
   <div class='ocr_carea' id='block_1_109' title="bbox 193 5612 1762 5690">
    <p class='ocr_par' dir='ltr' id='par_1_109' title="bbox 193 5612 1762 5690">
     <span class='ocr_line' id='line_1_109' title="bbox 193 5612 1762 5690; baseline 0.006 -25"><span class='ocrx_word' id='word_1_860' title='bbox 193 5612 449 5690; x_wconf 76' lang='lat' dir='ltr'><strong><em>Origenes.</em></strong></span> <span class='ocrx_word' id='word_1_861' title='bbox 478 5612 617 5690; x_wconf 79' lang='lat' dir='ltr'><strong><em>quod</em></strong></span> <span class='ocrx_word' id='word_1_862' title='bbox 656 5612 931 5690; x_wconf 26' lang='lat' dir='ltr'><strong><em>polluti‘et</em></strong></span> <span class='ocrx_word' id='word_1_863' title='bbox 974 5612 1177 5673; x_wconf 85' lang='lat' dir='ltr'><strong><em>sordidi</em></strong></span> <span class='ocrx_word' id='word_1_864' title='bbox 1218 5612 1574 5690; x_wconf 78' lang='lat' dir='ltr'><strong><em>resurgamus,</em></strong></span> <span class='ocrx_word' id='word_1_865' title='bbox 1604 5621 1762 5675; x_wconf 85' lang='lat' dir='ltr'><strong><em>etiam</em></strong></span> 
     </span>
    </p>
   </div>
   <div class='ocr_carea' id='block_1_110' title="bbox 195 5687 1763 5764">
    <p class='ocr_par' dir='ltr' id='par_1_110' title="bbox 195 5687 1763 5764">
     <span class='ocr_line' id='line_1_110' title="bbox 195 5687 1763 5764; baseline 0.009 -29"><span class='ocrx_word' id='word_1_866' title='bbox 195 5688 393 5764; x_wconf 53' lang='lat' dir='ltr'><strong><em>cogitare</em></strong></span> <span class='ocrx_word' id='word_1_867' title='bbox 422 5687 694 5764; x_wconf 70' lang='lat' dir='ltr'><strong><em>piaculum</em></strong></span> <span class='ocrx_word' id='word_1_868' title='bbox 713 5698 809 5764; x_wconf 75' lang='lat' dir='ltr'><strong><em>est.</em></strong></span> <span class='ocrx_word' id='word_1_869' title='bbox 835 5688 1096 5764; x_wconf 79' lang='lat' dir='ltr'><strong><em>Nimirum</em></strong></span> <span class='ocrx_word' id='word_1_870' title='bbox 1133 5699 1335 5745; x_wconf 84' lang='lat' dir='ltr'><strong><em>tantam</em></strong></span> <span class='ocrx_word' id='word_1_871' title='bbox 1369 5687 1590 5762; x_wconf 64' lang='lat' dir='ltr'><strong><em>(inquit</em></strong></span> <span class='ocrx_word' id='word_1_872' title='bbox 1628 5693 1763 5749; x_wconf 84' lang='lat' dir='ltr'><strong><em>llue-</em></strong></span> 
     </span>
    </p>
   </div>
   <div class='ocr_carea' id='block_1_111' title="bbox 192 5759 1763 5833">
    <p class='ocr_par' dir='ltr' id='par_1_111' title="bbox 192 5759 1763 5833">
     <span class='ocr_line' id='line_1_111' title="bbox 192 5759 1763 5833; baseline 0.008 -25"><span class='ocrx_word' id='word_1_873' title='bbox 192 5759 313 5826; x_wconf 80' lang='lat' dir='ltr'><strong><em>tius)</em></strong></span> <span class='ocrx_word' id='word_1_874' title='bbox 356 5759 407 5814; x_wconf 91' lang='lat' dir='ltr'><strong><em>in</em></strong></span> <span class='ocrx_word' id='word_1_875' title='bbox 450 5762 635 5814; x_wconf 81' lang='lat' dir='ltr'><strong><em>multis</em></strong></span> <span class='ocrx_word' id='word_1_876' title='bbox 680 5759 1082 5833; x_wconf 68' lang='lat' dir='ltr'><strong><em>haesitationem</em></strong></span> <span class='ocrx_word' id='word_1_877' title='bbox 1122 5759 1763 5833; x_wconf 81' lang='lat' dir='ltr'><strong><em>Origenisdepreltendi-</em></strong></span> 
     </span>
    </p>
   </div>
   <div class='ocr_carea' id='block_1_112' title="bbox 193 5831 1758 5901">
    <p class='ocr_par' dir='ltr' id='par_1_112' title="bbox 193 5831 1758 5901">
     <span class='ocr_line' id='line_1_112' title="bbox 193 5831 1758 5901; baseline 0.01 -23"><span class='ocrx_word' id='word_1_878' title='bbox 193 5840 315 5897; x_wconf 84' lang='lat' dir='ltr'><strong><em>tuus,</em></strong></span> <span class='ocrx_word' id='word_1_879' title='bbox 338 5839 395 5886; x_wconf 86' lang='lat' dir='ltr'><strong><em>ut</em></strong></span> <span class='ocrx_word' id='word_1_880' title='bbox 434 5846 636 5887; x_wconf 86' lang='lat' dir='ltr'><strong><em>novum</em></strong></span> <span class='ocrx_word' id='word_1_881' title='bbox 662 5831 793 5887; x_wconf 87' lang='lat' dir='ltr'><strong><em>mihi</em></strong></span> <span class='ocrx_word' id='word_1_882' title='bbox 815 5847 924 5889; x_wconf 92' lang='lat' dir='ltr'><strong><em>non</em></strong></span> <span class='ocrx_word' id='word_1_883' title='bbox 950 5834 1042 5901; x_wconf 88' lang='lat' dir='ltr'><strong><em>sit,</em></strong></span> <span class='ocrx_word' id='word_1_884' title='bbox 1070 5831 1263 5891; x_wconf 81' lang='lat' dir='ltr'><strong><em>eadem</em></strong></span> <span class='ocrx_word' id='word_1_885' title='bbox 1294 5834 1515 5892; x_wconf 86' lang='lat' dir='ltr'><strong><em>bomilia</em></strong></span> <span class='ocrx_word' id='word_1_886' title='bbox 1541 5836 1758 5893; x_wconf 83' lang='lat' dir='ltr'><strong><em>diversa</em></strong></span> 
     </span>
    </p>
   </div>
   <div class='ocr_carea' id='block_1_113' title="bbox 1869 4694 3451 4765">
    <p class='ocr_par' dir='ltr' id='par_1_113' title="bbox 1869 4694 3451 4765">
     <span class='ocr_line' id='line_1_113' title="bbox 1869 4694 3451 4765; baseline 0.006 -19"><span class='ocrx_word' id='word_1_887' title='bbox 1869 4710 1986 4747; x_wconf 89' lang='lat' dir='ltr'><strong><em>tuas</em></strong></span> <span class='ocrx_word' id='word_1_888' title='bbox 2020 4709 2069 4760; x_wconf 92' lang='lat' dir='ltr'><strong><em>p.</em></strong></span> <span class='ocrx_word' id='word_1_889' title='bbox 2102 4694 2156 4758; x_wconf 77' lang='lat'><strong><em>5,</em></strong></span> <span class='ocrx_word' id='word_1_890' title='bbox 2186 4710 2241 4764; x_wconf 91' lang='lat' dir='ltr'><strong><em>q.</em></strong></span> <span class='ocrx_word' id='word_1_891' title='bbox 2266 4698 2358 4763; x_wconf 78' lang='lat'><strong><em>‘28,</em></strong></span> <span class='ocrx_word' id='word_1_892' title='bbox 2385 4715 2411 4750; x_wconf 89' lang='lat' dir='ltr'><strong><em>a</em></strong></span> <span class='ocrx_word' id='word_1_893' title='bbox 2442 4699 2496 4759; x_wconf 65' lang='lat'><strong><em>2.</em></strong></span> <span class='ocrx_word' id='word_1_894' title='bbox 2533 4702 2603 4752; x_wconf 90' lang='lat' dir='ltr'><strong><em>ita</em></strong></span> <span class='ocrx_word' id='word_1_895' title='bbox 2637 4714 2831 4765; x_wconf 86' lang='lat' dir='ltr'><strong><em>nempe</em></strong></span> <span class='ocrx_word' id='word_1_896' title='bbox 2856 4698 3073 4753; x_wconf 59' lang='lat' dir='ltr'><strong><em>locutus</em></strong></span> <span class='ocrx_word' id='word_1_897' title='bbox 3096 4697 3283 4752; x_wconf 84' lang='lat' dir='ltr'><strong><em>Patres</em></strong></span> <span class='ocrx_word' id='word_1_898' title='bbox 3312 4696 3451 4756; x_wconf 60' lang='lat' dir='ltr'><strong><em>illos.</em></strong></span> 
     </span>
    </p>
   </div>
   <div class='ocr_carea' id='block_1_114' title="bbox 1867 4765 3460 4839">
    <p class='ocr_par' dir='ltr' id='par_1_114' title="bbox 1867 4765 3460 4839">
     <span class='ocr_line' id='line_1_114' title="bbox 1867 4765 3460 4839; baseline -0.001 -20"><span class='ocrx_word' id='word_1_899' title='bbox 1867 4779 1987 4819; x_wconf 84' lang='lat' dir='ltr'><strong><em>Cum</em></strong></span> <span class='ocrx_word' id='word_1_900' title='bbox 2038 4765 2165 4818; x_wconf 90' lang='lat' dir='ltr'><strong><em>illud</em></strong></span> <span class='ocrx_word' id='word_1_901' title='bbox 2203 4768 2556 4837; x_wconf 69' lang='lat' dir='ltr'><strong><em>Evangelistte</em></strong></span> <span class='ocrx_word' id='word_1_902' title='bbox 2596 4782 2929 4839; x_wconf 64' lang='lat' dir='ltr'><strong><em>exponerent</em></strong></span> <span class='ocrx_word' id='word_1_903' title='bbox 2964 4790 2973 4823; x_wconf 95' lang='lat'><strong>:</strong></span> <span class='ocrx_word' id='word_1_904' title='bbox 3011 4768 3174 4823; x_wconf 80' lang='lat' dir='ltr'><strong><em>Omne</em></strong></span> <span class='ocrx_word' id='word_1_905' title='bbox 3216 4769 3460 4821; x_wconf 84' lang='lat' dir='ltr'><strong><em>masculi-</em></strong></span> 
     </span>
    </p>
   </div>
   <div class='ocr_carea' id='block_1_115' title="bbox 1866 4839 3455 4909">
    <p class='ocr_par' dir='ltr' id='par_1_115' title="bbox 1866 4839 3455 4909">
     <span class='ocr_line' id='line_1_115' title="bbox 1866 4839 3455 4909; baseline 0.001 -20"><span class='ocrx_word' id='word_1_906' title='bbox 1866 4839 2317 4909; x_wconf 34' lang='lat' dir='ltr'><strong><em>numadapt&#39;riens</em></strong></span> <span class='ocrx_word' id='word_1_907' title='bbox 2348 4839 2571 4905; x_wconf 76' lang='lat' dir='ltr'><strong><em>vulvam,</em></strong></span> <span class='ocrx_word' id='word_1_908' title='bbox 2605 4854 2839 4895; x_wconf 86' lang='lat' dir='ltr'><strong><em>sanctum</em></strong></span> <span class='ocrx_word' id='word_1_909' title='bbox 2884 4840 3107 4895; x_wconf 87' lang='lat' dir='ltr'><strong><em>Domino</em></strong></span> <span class='ocrx_word' id='word_1_910' title='bbox 3145 4844 3407 4896; x_wconf 77' lang='lat' dir='ltr'><strong><em>vocabitur</em></strong></span> <span class='ocrx_word' id='word_1_911' title='bbox 3440 4856 3455 4891; x_wconf 90' lang='lat'><strong><em>:</em></strong></span> 
     </span>
    </p>
   </div>
   <div class='ocr_carea' id='block_1_116' title="bbox 1866 4908 3457 4981">
    <p class='ocr_par' dir='ltr' id='par_1_116' title="bbox 1866 4908 3457 4981">
     <span class='ocr_line' id='line_1_116' title="bbox 1866 4908 3457 4981; baseline 0.003 -20"><span class='ocrx_word' id='word_1_912' title='bbox 1866 4908 2008 4976; x_wconf 88' lang='lat' dir='ltr'><strong><em>quod</em></strong></span> <span class='ocrx_word' id='word_1_913' title='bbox 2035 4908 2335 4975; x_wconf 80' lang='lat' dir='ltr'><strong><em>quidetuex</em></strong></span> <span class='ocrx_word' id='word_1_914' title='bbox 2363 4914 2575 4979; x_wconf 72' lang='lat' dir='ltr'><strong><em>volgata</em></strong></span> <span class='ocrx_word' id='word_1_915' title='bbox 2597 4913 2849 4981; x_wconf 84' lang='lat' dir='ltr'><strong><em>loquendi</em></strong></span> <span class='ocrx_word' id='word_1_916' title='bbox 2876 4914 3270 4968; x_wconf 69' lang='lat' dir='ltr'><strong><em>consuetudine</em></strong></span> <span class='ocrx_word' id='word_1_917' title='bbox 3293 4929 3457 4967; x_wconf 83' lang='lat' dir='ltr'><strong><em>usur-</em></strong></span> 
     </span>
    </p>
   </div>
   <div class='ocr_carea' id='block_1_117' title="bbox 1869 4983 3454 5055">
    <p class='ocr_par' dir='ltr' id='par_1_117' title="bbox 1869 4983 3454 5055">
     <span class='ocr_line' id='line_1_117' title="bbox 1869 4983 3454 5055; baseline 0.005 -24"><span class='ocrx_word' id='word_1_918' title='bbox 1869 4987 2051 5048; x_wconf 89' lang='lat' dir='ltr'><strong><em>patum</em></strong></span> <span class='ocrx_word' id='word_1_919' title='bbox 2084 4990 2188 5055; x_wconf 69' lang='lat' dir='ltr'><strong><em>est,</em></strong></span> <span class='ocrx_word' id='word_1_920' title='bbox 2222 5000 2327 5035; x_wconf 86' lang='lat' dir='ltr'><strong><em>non</em></strong></span> <span class='ocrx_word' id='word_1_921' title='bbox 2381 4984 2446 5037; x_wconf 83' lang='lat' dir='ltr'><strong><em>ad</em></strong></span> <span class='ocrx_word' id='word_1_922' title='bbox 2492 4985 2899 5053; x_wconf 81' lang='lat' dir='ltr'><strong><em>signiﬁcandam</em></strong></span> <span class='ocrx_word' id='word_1_923' title='bbox 2934 4985 3169 5055; x_wconf 74' lang='lat' dir='ltr'><strong><em>Virginei</em></strong></span> <span class='ocrx_word' id='word_1_924' title='bbox 3212 4983 3370 5054; x_wconf 76' lang='lat' dir='ltr'><strong><em>sigilli</em></strong></span> <span class='ocrx_word' id='word_1_925' title='bbox 3401 4984 3454 5036; x_wconf 91' lang='lat' dir='ltr'><strong><em>iu</em></strong></span> 
     </span>
    </p>
   </div>
   <div class='ocr_carea' id='block_1_118' title="bbox 1869 5051 3457 5125">
    <p class='ocr_par' dir='ltr' id='par_1_118' title="bbox 1869 5051 3457 5125">
     <span class='ocr_line' id='line_1_118' title="bbox 1869 5051 3457 5125; baseline 0.003 -22"><span class='ocrx_word' id='word_1_926' title='bbox 1869 5051 2158 5125; x_wconf 71' lang='lat' dir='ltr'><strong><em>pnerpet&#39;io</em></strong></span> <span class='ocrx_word' id='word_1_927' title='bbox 2191 5055 2488 5122; x_wconf 60' lang='lat' dir='ltr'><strong><em>laudantem,</em></strong></span> <span class='ocrx_word' id='word_1_928' title='bbox 2519 5051 2612 5110; x_wconf 77' lang='lat' dir='ltr'><strong><em>sed</em></strong></span> <span class='ocrx_word' id='word_1_929' title='bbox 2635 5057 2836 5110; x_wconf 68' lang='lat' dir='ltr'><strong><em>exitum</em></strong></span> <span class='ocrx_word' id='word_1_930' title='bbox 2870 5051 3149 5110; x_wconf 68' lang='lat' dir='ltr'><strong><em>dumtaxat</em></strong></span> <span class='ocrx_word' id='word_1_931' title='bbox 3198 5051 3359 5125; x_wconf 55' lang='lat' dir='ltr'><strong><em>prelis</em></strong></span> <span class='ocrx_word' id='word_1_932' title='bbox 3390 5057 3457 5107; x_wconf 88' lang='lat' dir='ltr'><strong><em>de</em></strong></span> 
     </span>
    </p>
   </div>
   <div class='ocr_carea' id='block_1_119' title="bbox 1866 5123 3459 5191">
    <p class='ocr_par' dir='ltr' id='par_1_119' title="bbox 1866 5123 3459 5191">
     <span class='ocr_line' id='line_1_119' title="bbox 1866 5123 3459 5191; baseline 0.001 -16"><span class='ocrx_word' id='word_1_933' title='bbox 1866 5134 2041 5175; x_wconf 82' lang='lat' dir='ltr'><strong><em>utero.</em></strong></span> <span class='ocrx_word' id='word_1_934' title='bbox 2095 5123 2364 5180; x_wconf 70' lang='lat' dir='ltr'><strong><em>Caeterum</em></strong></span> <span class='ocrx_word' id='word_1_935' title='bbox 2416 5128 2608 5181; x_wconf 88' lang='lat' dir='ltr'><strong><em>eodem</em></strong></span> <span class='ocrx_word' id='word_1_936' title='bbox 2657 5135 2953 5183; x_wconf 80' lang='lat' dir='ltr'><strong><em>annutante</em></strong></span> <span class='ocrx_word' id='word_1_937' title='bbox 2984 5123 3206 5191; x_wconf 70' lang='lat' dir='ltr'><strong><em>lluetio,</em></strong></span> <span class='ocrx_word' id='word_1_938' title='bbox 3247 5129 3349 5181; x_wconf 88' lang='lat' dir='ltr'><strong><em>hoc</em></strong></span> <span class='ocrx_word' id='word_1_939' title='bbox 3373 5136 3459 5181; x_wconf 58' lang='grc' dir='ltr'><strong><em>εμι</em></strong></span> 
     </span>
    </p>
   </div>
   <div class='ocr_carea' id='block_1_120' title="bbox 1864 5192 3454 5275">
    <p class='ocr_par' dir='ltr' id='par_1_120' title="bbox 1864 5192 3454 5275">
     <span class='ocr_line' id='line_1_120' title="bbox 1864 5192 3454 5275; baseline 0.001 -29"><span class='ocrx_word' id='word_1_940' title='bbox 1864 5192 2085 5275; x_wconf 73' lang='lat' dir='ltr'><strong><em>Optimae</em></strong></span> <span class='ocrx_word' id='word_1_941' title='bbox 2128 5196 2361 5275; x_wconf 65' lang='lat' dir='ltr'><strong><em>Patrum</em></strong></span> <span class='ocrx_word' id='word_1_942' title='bbox 2395 5207 2501 5275; x_wconf 68' lang='lat' dir='ltr'><strong><em>tam</em></strong></span> <span class='ocrx_word' id='word_1_943' title='bbox 2552 5199 3098 5275; x_wconf 67' lang='lat' dir='ltr'><strong><em>Grtecortttn,_quattt</em></strong></span> <span class='ocrx_word' id='word_1_944' title='bbox 3140 5199 3454 5253; x_wconf 89' lang='lat' dir='ltr'><strong><em>Latinorum</em></strong></span> 
     </span>
    </p>
   </div>
   <div class='ocr_carea' id='block_1_121' title="bbox 1863 5267 3457 5338">
    <p class='ocr_par' dir='ltr' id='par_1_121' title="bbox 1863 5267 3457 5338">
     <span class='ocr_line' id='line_1_121' title="bbox 1863 5267 3457 5338; baseline 0.004 -21"><span class='ocrx_word' id='word_1_945' title='bbox 1863 5267 2139 5338; x_wconf 83' lang='lat' dir='ltr'><strong><em>pat-tis,_et</em></strong></span> <span class='ocrx_word' id='word_1_946' title='bbox 2169 5267 2425 5335; x_wconf 83' lang='lat' dir='ltr'><strong><em>Epltesiui</em></strong></span> <span class='ocrx_word' id='word_1_947' title='bbox 2458 5284 2721 5338; x_wconf 67' lang='lat' dir='ltr'><strong><em>praeterea</em></strong></span> <span class='ocrx_word' id='word_1_948' title='bbox 2756 5267 2971 5325; x_wconf 82' lang='lat' dir='ltr'><strong><em>concilii</em></strong></span> <span class='ocrx_word' id='word_1_949' title='bbox 3002 5274 3305 5333; x_wconf 84' lang='lat' dir='ltr'><strong><em>decretum,</em></strong></span> <span class='ocrx_word' id='word_1_950' title='bbox 3339 5286 3457 5328; x_wconf 81' lang='lat' dir='ltr'><strong><em>ner-</em></strong></span> 
     </span>
    </p>
   </div>
   <div class='ocr_carea' id='block_1_122' title="bbox 1865 5335 3453 5413">
    <p class='ocr_par' dir='ltr' id='par_1_122' title="bbox 1865 5335 3453 5413">
     <span class='ocr_line' id='line_1_122' title="bbox 1865 5335 3453 5413; baseline 0.004 -24"><span class='ocrx_word' id='word_1_951' title='bbox 1865 5344 2029 5413; x_wconf 72' lang='lat' dir='ltr'><strong><em>petuo</em></strong></span> <span class='ocrx_word' id='word_1_952' title='bbox 2058 5335 2315 5413; x_wconf 69' lang='lat' dir='ltr'><strong><em>Ecclesia:</em></strong></span> <span class='ocrx_word' id='word_1_953' title='bbox 2342 5335 2607 5397; x_wconf 81' lang='lat' dir='ltr'><strong><em>consensu</em></strong></span> <span class='ocrx_word' id='word_1_954' title='bbox 2641 5346 3050 5413; x_wconf 76' lang='lat' dir='ltr'><strong><em>coittproltatum</em></strong></span> <span class='ocrx_word' id='word_1_955' title='bbox 3076 5384 3088 5405; x_wconf 92' lang='lat'><strong><em>,</em></strong></span> <span class='ocrx_word' id='word_1_956' title='bbox 3119 5358 3291 5412; x_wconf 69' lang='lat' dir='ltr'><strong><em>eoque</em></strong></span> <span class='ocrx_word' id='word_1_957' title='bbox 3320 5342 3453 5396; x_wconf 83' lang='lat' dir='ltr'><strong><em>Eze-</em></strong></span> 
     </span>
    </p>
   </div>
   <div class='ocr_carea' id='block_1_123' title="bbox 1863 5408 3452 5467">
    <p class='ocr_par' dir='ltr' id='par_1_123' title="bbox 1863 5408 3452 5467">
     <span class='ocr_line' id='line_1_123' title="bbox 1863 5408 3452 5467; baseline 0.003 -6"><span class='ocrx_word' id='word_1_958' title='bbox 1863 5408 2053 5462; x_wconf 85' lang='lat' dir='ltr'><strong><em>chielis</em></strong></span> <span class='ocrx_word' id='word_1_959' title='bbox 2080 5412 2300 5466; x_wconf 78' lang='lat' dir='ltr'><strong><em>oraculo</em></strong></span> <span class='ocrx_word' id='word_1_960' title='bbox 2322 5414 2732 5467; x_wconf 86' lang='lat' dir='ltr'><strong><em>corroboratttm</em></strong></span> <span class='ocrx_word' id='word_1_961' title='bbox 2764 5408 2780 5466; x_wconf 76' lang='grc' dir='ltr'><em>Ξ</em></span> <span class='ocrx_word' id='word_1_962' title='bbox 2809 5414 2969 5466; x_wconf 87' lang='lat' dir='ltr'><strong><em>Porta</em></strong></span> <span class='ocrx_word' id='word_1_963' title='bbox 2998 5414 3106 5466; x_wconf 77' lang='lat' dir='ltr'><strong><em>lucc</em></strong></span> <span class='ocrx_word' id='word_1_964' title='bbox 3127 5408 3304 5467; x_wconf 77' lang='lat' dir='ltr'><strong><em>clausa</em></strong></span> <span class='ocrx_word' id='word_1_965' title='bbox 3323 5415 3452 5466; x_wconf 83' lang='lat' dir='ltr'><strong><em>erit:</em></strong></span> 
     </span>
    </p>
   </div>
   <div class='ocr_carea' id='block_1_124' title="bbox 1864 5482 3454 5552">
    <p class='ocr_par' dir='ltr' id='par_1_124' title="bbox 1864 5482 3454 5552">
     <span class='ocr_line' id='line_1_124' title="bbox 1864 5482 3454 5552; baseline 0.004 -21"><span class='ocrx_word' id='word_1_966' title='bbox 1864 5496 1963 5552; x_wconf 68' lang='lat' dir='ltr'><strong><em>non</em></strong></span> <span class='ocrx_word' id='word_1_967' title='bbox 1996 5482 2274 5543; x_wconf 77' lang='lat' dir='ltr'><strong><em>aperietur.</em></strong></span> <span class='ocrx_word' id='word_1_968' title='bbox 2309 5491 2357 5536; x_wconf 85' lang='lat' dir='ltr'><strong><em>et</em></strong></span> <span class='ocrx_word' id='word_1_969' title='bbox 2388 5486 2463 5537; x_wconf 85' lang='lat' dir='ltr'><strong><em>vir</em></strong></span> <span class='ocrx_word' id='word_1_970' title='bbox 2503 5501 2606 5539; x_wconf 92' lang='lat' dir='ltr'><strong><em>non</em></strong></span> <span class='ocrx_word' id='word_1_971' title='bbox 2636 5485 2870 5539; x_wconf 86' lang='lat' dir='ltr'><strong><em>transibit</em></strong></span> <span class='ocrx_word' id='word_1_972' title='bbox 2919 5502 3006 5551; x_wconf 85' lang='lat' dir='ltr'><strong><em>per</em></strong></span> <span class='ocrx_word' id='word_1_973' title='bbox 3029 5500 3181 5550; x_wconf 86' lang='lat' dir='ltr'><strong><em>eam;</em></strong></span> <span class='ocrx_word' id='word_1_974' title='bbox 3212 5486 3454 5552; x_wconf 84' lang='lat' dir='ltr'><strong><em>quoniam</em></strong></span> 
     </span>
    </p>
   </div>
   <div class='ocr_carea' id='block_1_125' title="bbox 1867 5549 3456 5628">
    <p class='ocr_par' dir='ltr' id='par_1_125' title="bbox 1867 5549 3456 5628">
     <span class='ocr_line' id='line_1_125' title="bbox 1867 5549 3456 5628; baseline 0.004 -25"><span class='ocrx_word' id='word_1_975' title='bbox 1867 5549 2118 5628; x_wconf 79' lang='lat' dir='ltr'><strong><em>Dominus</em></strong></span> <span class='ocrx_word' id='word_1_976' title='bbox 2140 5554 2299 5628; x_wconf 48' lang='lat' dir='ltr'><strong><em>Dius</em></strong></span> <span class='ocrx_word' id='word_1_977' title='bbox 2346 5553 2514 5609; x_wconf 88' lang='lat' dir='ltr'><strong><em>Israel</em></strong></span> <span class='ocrx_word' id='word_1_978' title='bbox 2545 5558 2802 5623; x_wconf 79' lang='lat' dir='ltr'><strong><em>ingressus</em></strong></span> <span class='ocrx_word' id='word_1_979' title='bbox 2846 5549 2927 5608; x_wconf 80' lang='lat' dir='ltr'><strong><em>est</em></strong></span> <span class='ocrx_word' id='word_1_980' title='bbox 2956 5572 3045 5628; x_wconf 83' lang='lat' dir='ltr'><strong><em>per</em></strong></span> <span class='ocrx_word' id='word_1_981' title='bbox 3077 5549 3187 5607; x_wconf 82' lang='lat' dir='ltr'><strong><em>eam</em></strong></span> <span class='ocrx_word' id='word_1_982' title='bbox 3211 5549 3233 5619; x_wconf 65' lang='grc' dir='ltr'><em>ξ</em></span> <span class='ocrx_word' id='word_1_983' title='bbox 3261 5558 3456 5628; x_wconf 77' lang='lat' dir='ltr'><strong><em>eritque</em></strong></span> 
     </span>
    </p>
   </div>
   <div class='ocr_carea' id='block_1_126' title="bbox 1864 5622 3452 5696">
    <p class='ocr_par' dir='ltr' id='par_1_126' title="bbox 1864 5622 3452 5696">
     <span class='ocr_line' id='line_1_126' title="bbox 1864 5622 3452 5696; baseline 0.005 -23"><span class='ocrx_word' id='word_1_984' title='bbox 1864 5622 2043 5696; x_wconf 72' lang='lat' dir='ltr'><strong><em>clausa</em></strong></span> <span class='ocrx_word' id='word_1_985' title='bbox 2068 5624 2315 5696; x_wconf 79' lang='lat' dir='ltr'><strong><em>principi,</em></strong></span> <span class='ocrx_word' id='word_1_986' title='bbox 2347 5622 2617 5681; x_wconf 87' lang='lat' dir='ltr'><strong><em>illibatam</em></strong></span> <span class='ocrx_word' id='word_1_987' title='bbox 2638 5636 2688 5681; x_wconf 87' lang='lat' dir='ltr'><strong><em>et</em></strong></span> <span class='ocrx_word' id='word_1_988' title='bbox 2739 5627 2790 5681; x_wconf 89' lang='lat' dir='ltr'><strong><em>in</em></strong></span> <span class='ocrx_word' id='word_1_989' title='bbox 2821 5622 3081 5696; x_wconf 66' lang='lat' dir='ltr'><strong><em>t-Ottt&#39;eptu</em></strong></span> <span class='ocrx_word' id='word_1_990' title='bbox 3119 5638 3171 5679; x_wconf 84' lang='lat' dir='ltr'><strong><em>et</em></strong></span> <span class='ocrx_word' id='word_1_991' title='bbox 3217 5631 3267 5681; x_wconf 90' lang='lat' dir='ltr'><strong><em>in</em></strong></span> <span class='ocrx_word' id='word_1_992' title='bbox 3300 5622 3452 5693; x_wconf 75' lang='lat' dir='ltr'><strong><em>partu</em></strong></span> 
     </span>
    </p>
   </div>
   <div class='ocr_carea' id='block_1_127' title="bbox 1865 5692 3456 5766">
    <p class='ocr_par' dir='ltr' id='par_1_127' title="bbox 1865 5692 3456 5766">
     <span class='ocr_line' id='line_1_127' title="bbox 1865 5692 3456 5766; baseline 0.005 -23"><span class='ocrx_word' id='word_1_993' title='bbox 1865 5692 2047 5766; x_wconf 64' lang='lat' dir='ltr'><strong><em>Maria:</em></strong></span> <span class='ocrx_word' id='word_1_994' title='bbox 2070 5692 2467 5763; x_wconf 64' lang='lat' dir='ltr'><strong><em>Virginitatem,</em></strong></span> <span class='ocrx_word' id='word_1_995' title='bbox 2503 5700 2814 5766; x_wconf 62' lang='lat' dir='ltr'><strong><em>Christique</em></strong></span> <span class='ocrx_word' id='word_1_996' title='bbox 2841 5692 3040 5764; x_wconf 80' lang='lat' dir='ltr'><strong><em>corpus</em></strong></span> <span class='ocrx_word' id='word_1_997' title='bbox 3069 5699 3261 5753; x_wconf 88' lang='lat' dir='ltr'><strong><em>eodem</em></strong></span> <span class='ocrx_word' id='word_1_998' title='bbox 3297 5703 3456 5752; x_wconf 75' lang='lat' dir='ltr'><strong><em>modo</em></strong></span> 
     </span>
    </p>
   </div>
   <div class='ocr_carea' id='block_1_128' title="bbox 1864 5762 3458 5842">
    <p class='ocr_par' dir='ltr' id='par_1_128' title="bbox 1864 5762 3458 5842">
     <span class='ocr_line' id='line_1_128' title="bbox 1864 5762 3458 5842; baseline 0.005 -24"><span class='ocrx_word' id='word_1_999' title='bbox 1864 5762 2012 5818; x_wconf 76' lang='lat' dir='ltr'><strong><em>foras</em></strong></span> <span class='ocrx_word' id='word_1_1000' title='bbox 2036 5762 2364 5842; x_wconf 80' lang='lat' dir='ltr'><strong><em>prodidisse,</em></strong></span> <span class='ocrx_word' id='word_1_1001' title='bbox 2393 5787 2502 5842; x_wconf 91' lang='lat' dir='ltr'><strong><em>quo</em></strong></span> <span class='ocrx_word' id='word_1_1002' title='bbox 2533 5772 2597 5824; x_wconf 89' lang='lat' dir='ltr'><strong><em>ad</em></strong></span> <span class='ocrx_word' id='word_1_1003' title='bbox 2628 5762 2922 5838; x_wconf 81' lang='lat' dir='ltr'><strong><em>discipulos</em></strong></span> <span class='ocrx_word' id='word_1_1004' title='bbox 2945 5762 3225 5825; x_wconf 76' lang='lat' dir='ltr'><strong><em>obseratis</em></strong></span> <span class='ocrx_word' id='word_1_1005' title='bbox 3252 5771 3458 5827; x_wconf 76' lang='lat' dir='ltr'><strong><em>fotibus</em></strong></span> 
     </span>
    </p>
   </div>
   <div class='ocr_carea' id='block_1_129' title="bbox 1866 5839 2247 5911">
    <p class='ocr_par' dir='ltr' id='par_1_129' title="bbox 1866 5839 2247 5911">
     <span class='ocr_line' id='line_1_129' title="bbox 1866 5839 2247 5911; baseline 0.005 -20"><span class='ocrx_word' id='word_1_1006' title='bbox 1866 5839 2247 5911; x_wconf 41' lang='lat' dir='ltr'><strong><em>penetravit._;</em></strong></span> 
     </span>
    </p>
   </div>
  </div>
