3978 6338
489 319 589 377 251

1758 314 1815 374 5.
1861 311 2133 374 EUSEBII
2173 307 2552 371 HIERONYMI

3675 308 3776 367 953

491 437 586 494 tris
617 446 772 492 utero
816 436 1213 492 immunditiam
1243 449 1533 506 corporum
1555 477 1570 502 ,
1621 431 1920 489 visceribus
1959 430 2079 502 ejus
2105 429 2152 492 Α
2185 427 2303 498 pit?
2341 425 2638 482 Fimbriam
2666 424 2979 482 vestimenti
3010 424 3140 482 Jesu
3169 424 3372 481 mulier
3411 423 3592 497 tetigit
3621 432 3674 480 et
3693 439 3776 480 sa-

490 529 617 585 hinc
648 528 772 584 inde
805 527 1057 596 vallatus,
1091 534 1321 586 terrente
1367 528 1513 582 [τρεῖς
1556 525 1861 597 patiebatur
1913 536 2083 593 augu-

486 625 644 691 stius,
675 623 817 680 unde
849 624 1114 679 assimilat
1161 638 1219 677 se
1257 623 1446 684 vet-mi,
1499 631 1548 676 et
1588 619 1762 675 dicit:
1809 616 1920 688 Ego
1965 631 2081 670 sum

483 722 688 788 vermis,
714 732 760 775 et
789 737 888 773 non
931 720 1102 773 homo.
1155 719 1229 774 Ex
1266 731 1414 772 mare
1436 716 1632 787 quippe
1663 727 1726 770 ac
1753 711 1949 768 femina
1984 710 2083 766 ho-

486 828 576 869 mo
602 813 748 867 nasci
777 813 950 877 solet,
983 826 1083 882 ego
1112 823 1244 864 vero
1277 825 1381 863 non
1429 823 1496 864 ex
1525 807 1770 862 masculo
1796 815 1850 862 et
1877 804 2078 861 femina

485 906 780 962 secundum
833 903 994 959 ritum
1038 902 1330 958 humanum
1367 909 1528 972 atque
1576 912 1846 967 naturam,
1897 900 1991 956 sed
2025 899 2078 955 in

484 1000 788 1070 exemplum
824 998 1022 1054 vermis
1053 1005 1211 1053 natus
1240 1012 1379 1064 sum,
1411 996 1566 1067 cujus
1613 1009 1720 1050 non
1750 1001 1836 1050 est
1862 993 2082 1050 aliunde

486 1109 704 1160 semen,
735 1094 828 1148 sed
864 1092 917 1147 in
952 1091 1105 1163 ipsis,
1146 1102 1201 1146 et
1240 1105 1306 1146 ex
1337 1091 1468 1161 ipsis
1507 1090 1559 1145 in
1588 1089 1783 1160 quibus
1815 1088 2081 1144 coalescit

486 1188 802 1259 corporibus
831 1189 983 1259 origo
1011 1193 1116 1243 est.
1151 1186 1378 1255 Propter
1417 1183 1558 1257 quod
1589 1187 1710 1256 quia
1741 1198 1903 1239 omne
1944 1195 2082 1238 mas~

484 1282 721 1338 culinum
750 1279 890 1352 quod
925 1278 1095 1349 aperit
1120 1279 1352 1343 vulvam,
1383 1287 1628 1334 sanctum
1663 1279 1888 1334 Domino
1914 1291 2077 1332 voca-

483 1376 644 1442 bitur,
681 1374 876 1430 ductus
905 1387 989 1429 est
1017 1375 1068 1428 in
1097 1373 1516 1444 Jerosolymam,
1551 1383 1604 1427 ut
1635 1382 1928 1444 appareret
1953 1379 2079 1426 ante

483 1480 833 1540 Conspectum
865 1468 984 1535 Dei,
1019 1476 1073 1522 et
1103 1478 1322 1537 propter
1348 1466 1482 1523 illttd
1524 1467 1666 1537 quod
1695 1466 1973 1538 sequitur,
2011 1464 2078 1521 Ut

479 1566 691 1620 daretur
716 1580 898 1618 munus
927 1580 1022 1631 pro
1056 1579 1114 1616 eo
1154 1563 1293 1632 quod
1330 1563 1383 1615 in
1414 1560 1548 1634 Lege
1576 1561 1787 1614 Domini
1833 1563 2079 1631 scriptum

482 1671 554 1714 est
589 1675 607 1714 :
639 1659 749 1713 Par
771 1668 1027 1713 turturum
1051 1669 1139 1713 aut
1168 1660 1296 1713 duos
1337 1657 1509 1730 pullos
1539 1658 1892 1713 columbarum
1919 1657 2074 1730 (an.

482 1769 542 1821 tt,
570 1752 686 1822 24).
719 1754 1010 1808 Turturum
1055 1769 1172 1824 par,
1206 1763 1260 1809 et
1297 1753 1436 1808 duos
1478 1752 1652 1824 pullos
1679 1752 2074 1820 columbarum,

2186 527 2307 575 nata
2337 527 2422 575 est
2464 516 2685 592 (Matth.
2718 516 2818 591 ιι).
2871 517 2930 576 Si
2974 517 3064 573 illa
3094 517 3165 574 ad
3218 525 3522 574 extremam
3571 525 3774 589 partem

2185 611 2497 666 vestimenti
2531 620 2736 665 tantum
2777 609 3133 666 emolumenti
3166 609 3397 677 habuit,
3425 607 3557 681 quid
3587 619 3776 680 putan-

2183 709 2310 764 dum
2337 713 2423 762 est
2461 705 2530 762 de
2550 705 2836 772 Simeone,
2886 705 2978 776 qui
3003 707 3058 760 in
3084 718 3211 760 suas
3239 704 3398 760 ulnas
3429 703 3649 773 accepit
3694 703 3778 760 in-

2182 793 2409 866 lantem,
2449 809 2497 853 et
2531 797 2767 854 brachiis
2792 805 2985 855 tenens
3013 797 3298 852 lartabatnr
3322 805 3486 868 atque
3513 795 3780 867 gaudebat

2182 891 2368 948 videns
2396 892 2679 962 parvulum
2709 907 2738 946 a
2766 905 2826 947 se
2845 891 3070 962 gestari,
3102 891 3194 958 qui
3216 890 3282 945 ad
3315 891 3528 946 vinctos
3555 896 3782 945 venerat

2183 985 2556 1053 resolvendos,
2586 983 2943 1056 sequeipsum
2963 983 3119 1038 nodis
3132 984 3378 1048 corporis
3399 982 3740 1038 liberandum
3762 997 3775 1037 :

2181 1079 2360 1134 sciens
2384 1077 2657 1134 nemiuem
2673 1092 2832 1148 posse
2843 1078 2912 1133 de
2931 1077 3175 1134 claustro
3192 1077 3442 1148 corporis
3467 1092 3627 1148 quem
3638 1076 3778 1148 piam

2181 1172 2430 1228 emittere
2476 1187 2600 1228 cum
2647 1185 2745 1242 spe
2777 1171 2970 1227 futurae
2997 1172 3124 1226 vita:
3148 1215 3163 1240 ,
3214 1170 3318 1226 nisi
3347 1186 3477 1226 eum
3515 1187 3678 1242 quem
3725 1171 3778 1227 in

2182 1266 2417 1322 brachiis
2459 1266 2794 1322 continebat.
2854 1265 3011 1322 Unde
3030 1265 3097 1321 ad
3121 1280 3246 1322 eum
3278 1265 3564 1336 loquitur:
3616 1263 3774 1320 Nunc

2182 1359 2419 1427 dimittis,
2443 1358 2680 1423 Domine,
2714 1368 3080 1414 senumtuum
3095 1361 3151 1413 in
3179 1376 3322 1432 pace.
3350 1359 3616 1429 Quamdiu
3631 1359 3776 1416 enim

2181 1449 2457 1507 Christum
2480 1467 2586 1506 non
2623 1451 2894 1519 tenebam,
2925 1451 3179 1522 quamdiu
3199 1452 3352 1508 illum
3369 1453 3508 1508 meis
3531 1452 3769 1508 brachiis

2182 1557 2289 1598 non
2330 1543 2608 1598 arctabam
2635 1587 2650 1612 ,
2701 1544 2920 1599 clausus
2939 1559 3088 1599 eram
3121 1587 3136 1611 ,
3190 1552 3247 1600 et
3273 1543 3342 1599 de
3366 1544 3600 1599 vinculis
3627 1545 3782 1601 exire

2182 1651 2291 1692 non
2338 1646 2602 1707 poteram.
2647 1637 2762 1692 lloc
2810 1648 2988 1692 autem
3022 1653 3128 1693 non
3177 1639 3354 1693 solum
3403 1637 3472 1693 de
3499 1639 3780 1708 Simeone,

2181 1733 2276 1788 sed
2305 1732 2374 1789 de
2411 1734 2559 1788 omni
2595 1733 2835 1789 humano
2879 1747 3081 1804 genere
3120 1733 3400 1790 sciendum
3431 1741 3534 1788 est.
3573 1733 3631 1789 Si
3660 1735 3785 1805 quis

482 1867 581 1923 pro
628 1849 908 1907 Salvatore
952 1851 1198 1906 videmus
1246 1850 1478 1906 oblatos.
1533 1850 1644 1922 Ego
1689 1862 1742 1904 et
1770 1863 1895 1905 aves
1944 1849 2074 1904 istas

2183 1829 2456 1899 egreditur
2476 1844 2507 1884 e
2524 1829 2748 1895 mundo,
2780 1829 2827 1885 si
2855 1829 2980 1900 quis
3002 1842 3268 1885 ecarcere
3284 1833 3590 1884 vinctorum
3616 1829 3784 1886 domo

482 1945 670 2001 beatas
715 1953 842 2015 puto
885 1961 1005 2016 quae
1051 1961 1147 2014 pro
1200 1953 1319 1999 ortu
1360 1943 1573 1998 Domini
1605 1943 1799 1998 ohlatze
1846 1950 1992 2007 sunt,
2021 1951 2076 1997 ct

479 2038 751 2112 quomodo
799 2039 1005 2094 asinam
1039 2038 1252 2093 Balaam
1287 2040 1475 2103 miror,
1527 2045 1584 2094 et
1626 2033 1883 2095 felicitate
1925 2050 2077 2092 accu-

482 2134 649 2200 mulo,
678 2133 801 2206 quia
842 2133 1004 2205 digna
1052 2131 1213 2188 fuerit
1245 2148 1349 2188 IlOtt
1382 2132 1556 2188 solum
1589 2132 1774 2187 videre
1822 2132 2073 2202 angelum

484 2228 599 2295 Dei,
628 2228 722 2284 sed
755 2229 918 2284 etiam
949 2244 1044 2284 ore
1085 2236 1331 2284 reserato
1357 2229 1410 2283 itt
1442 2227 1734 2284 humanum
1766 2239 2075 2283 sermonem

483 2338 768 2394 erumpere
795 2342 805 2378 :
839 2323 917 2378 sic
947 2324 1117 2378 multo
1143 2324 1379 2395 amplius
1409 2323 1504 2378 has
1533 2324 1784 2378 volucres
1817 2323 2072 2394 praedico,

483 2433 685 2488 easque
716 2418 968 2489 sustolle,
995 2419 1137 2490 quod
1183 2435 1280 2491 pro
1314 2419 1543 2475 Domino
1581 2427 1768 2475 nostro
1809 2427 1862 2476 et
1890 2417 2078 2475 Salva-

483 2522 603 2567 tore
625 2512 817 2566 oblatae
836 2521 980 2566 sunt.
1002 2510 1070 2566 Ut
1093 2510 1332 2580 offerrent
1361 2530 1456 2584 pro
1477 2529 1535 2566 eo
1557 2529 1653 2585 par
1677 2520 1966 2577 turturum,
1989 2516 2080 2565 aut

483 2606 612 2659 duos
636 2605 809 2677 pullos
829 2606 1202 2661 columbarum.
1232 2607 1443 2662 Novum
1472 2608 1598 2678 quid
1633 2607 1861 2662 forsitan
1893 2605 2080 2660 videar

487 2697 714 2764 inferre,
743 2697 836 2755 sed
867 2715 963 2770 pro
995 2699 1277 2770 majestate
1309 2716 1497 2769 parum
1527 2699 1769 2771 dignum.
1802 2698 1953 2755 Sicut
1985 2713 2082 2754 n0-

485 2808 548 2844 va
579 2790 677 2845 fuit
705 2791 984 2860 generatio
1015 2791 1339 2860 Salvatoris,
1364 2808 1466 2845 non
1496 2806 1562 2846 ex
1604 2792 1720 2845 viro
1741 2801 1795 2844 et
1822 2789 2076 2858 muliere,

485 2883 579 2938 sed
609 2900 674 2939 ex
703 2883 815 2938 sola
851 2895 1056 2938 tantum
1090 2881 1348 2954 Virgine:
1402 2883 1479 2938 sic
1515 2893 1568 2938 et
1600 2900 1696 2954 par
1728 2893 1998 2939 turturum
2027 2890 2082 2939 et

487 2976 594 3030 duo
627 2977 754 3047 pulli
779 2978 1148 3032 columbarum
1179 2993 1288 3032 non
1322 2975 1539 3032 fuerunt
1576 2979 1710 3033 tales
1736 2977 1927 3049 quales
1954 2993 2083 3033 ocu-

490 3071 555 3125 lis
584 3071 763 3125 carnis
811 3069 1145 3137 aspicimus;
1194 3071 1288 3125 sed
1337 3071 1523 3138 quales
1572 3069 1809 3142 Spiritus
1859 3079 2082 3127 sanctus

489 3173 589 3227 est,
616 3165 707 3234 qui
740 3165 791 3219 in
823 3166 1003 3234 Specie
1025 3165 1287 3220 columba:
1319 3164 1601 3222 descendit
1639 3178 1693 3222 et
1735 3165 1884 3222 venit
1913 3182 2082 3238 super

2177 1923 2492 1989 dimittitur,
2542 1932 2597 1978 ut
2628 1923 2693 1978 ad
2724 1923 3058 1994 regnandum
3089 1923 3271 1987 vadat,
3305 1930 3484 1977 sumat
3510 1922 3703 1978 Jesum
3730 1923 3780 1978 in

2179 2016 2424 2072 manibus
2448 2021 2562 2072 suis
2590 2059 2604 2083 ,
2645 2026 2702 2073 et
2741 2015 3049 2074 circumdet
3073 2031 3195 2071 eum
3232 2016 3471 2072 brachiis
3503 2017 3616 2074 suis
3649 2057 3665 2084 ,
3699 2026 3782 2072 to-

2181 2120 2289 2166 tum
2315 2109 2510 2165 habeat
2532 2109 2585 2164 in
2620 2110 2760 2174 sinu,
2781 2117 2837 2164 et
2859 2119 2985 2164 tunc
3004 2109 3286 2164 exsultans
3310 2109 3389 2165 ire
3414 2108 3640 2179 poterit,
3667 2123 3776 2180 quo

2179 2201 2469 2256 desiderat.
2495 2199 2861 2256 Considerate
2891 2209 3089 2270 quanta
3118 2199 3455 2270 dispensatio
3483 2215 3786 2271 praeesse-

2182 2296 2270 2364 rit,
2303 2307 2358 2350 ut
2379 2295 2574 2351 Filium
2603 2296 2696 2352 Dei
2724 2296 2949 2353 Simeon
2973 2303 3280 2352 mereretur
3300 2303 3512 2352 tenere.
3543 2295 3786 2351 Primum

2183 2405 2504 2462 responsum
2536 2403 2565 2446 a
2607 2399 2798 2446 sancto
2835 2389 3040 2461 Spiritu
3068 2397 3377 2460 acceperat,
3410 2405 3516 2445 non
3546 2405 3676 2446 eum
3705 2391 3786 2444 vi-

2183 2488 2316 2542 dere
2345 2494 2575 2542 mortem
2602 2527 2616 2554 ,
2656 2485 2758 2540 nisi
2789 2486 2940 2556 prius
2977 2485 3210 2540 vidisset
3235 2483 3512 2540 Christum
3545 2484 3784 2540 Domini.

2185 2580 2391 2636 Deinde
2453 2595 2558 2634 non
2618 2579 2839 2634 fortuitu
2890 2591 2953 2634 ac
2997 2577 3320 2648 simpliciter
3379 2578 3661 2648 ingressus
3705 2585 3789 2632 est

2187 2674 2466 2744 templum,
2495 2672 2592 2728 sed
2624 2671 2772 2726 venit
2803 2671 2856 2726 in
2883 2671 3141 2741 templum
3166 2671 3221 2726 in
3243 2669 3452 2742 Spiritu
3477 2669 3592 2725 Dei.
3622 2669 3788 2736 Quot-

2183 2776 2303 2838 quot
2326 2767 2460 2820 enim
2493 2766 2698 2834 Spiritu
2720 2762 2815 2816 Dei
2843 2772 3087 2834 aguntur,
3115 2762 3168 2815 hi
3199 2763 3298 2833 ﬁlii
3328 2772 3449 2817 sunt
3477 2760 3578 2816 Dei
3600 2761 3784 2833 (Rom.

2185 2877 2298 2926 vm,
2333 2860 2525 2932 Ephes.
2561 2857 2646 2929 ιι).
2685 2856 2920 2926 Spiritus
2951 2856 3111 2927 igitur
3142 2865 3365 2910 sanctus
3394 2869 3517 2911 eum
3541 2855 3705 2910 duxit
3735 2855 3786 2909 in

2187 2955 2465 3025 templum.
2489 2953 2566 3007 Tu
2581 2967 2794 3022 quoque
2807 2951 2849 3004 si
2864 2950 2946 3004 vis
2972 2959 3158 3006 tenere
3171 2949 3381 3016 Jesum,
3396 2961 3452 3005 et
3467 2949 3787 3020 amplexare

2186 3048 2432 3103 manibus
2460 3088 2473 3111 ,
2495 3053 2552 3100 et
2577 3045 2776 3115 dignus
2806 3042 2922 3097 llcri
2953 3043 3106 3098 exire
3146 3042 3213 3098 de
3241 3056 3494 3109 carcere,
3523 3043 3680 3097 omni
3710 3041 3788 3098 la-

2187 3143 2318 3196 bore
2345 3139 2540 3205 nitere,
2573 3147 2631 3193 ιιι
2656 3136 2848 3192 ducem
2883 3135 3090 3191 habeas
3130 3135 3395 3205 Spiritum
3423 3176 3437 3200 ,
3481 3135 3785 3204 veniaeque

489 3228 1094 3328 Sanaturain-quando
1117 3258 1168 3314 itt
1192 3258 1428 3317 Jordanc
1448 3261 1746 3330 baptizatus
1769 3228 2080 3334 est(Maith.
2110 3233 2155 3298 (ί
2189 3237 2254 3334 εἶά
2296 3235 2556 3334 templum
2585 3231 2883 3334 θεῖς’-Εσξὲθ
2909 3244 3078 3334 full-lc
3104 3240 3217 3334 Slus
3249 3229 3302 3284 in
3330 3229 3542 3334 templo
3566 3228 3787 3334 Domini

490 3353 592 3421 ιιι).
624 3351 756 3405 Tale
787 3350 886 3406 fuit
915 3363 967 3405 et
1002 3368 1100 3422 par
1124 3363 1392 3408 turturum
1430 3371 1442 3408 :
1486 3371 1592 3409 non
1620 3363 1774 3409 erant
1802 3353 1911 3408 illac
1934 3353 2086 3409 volu-

491 3459 612 3499 cres
642 3454 666 3480 α
701 3454 751 3498 ιιι
783 3444 899 3498 istae
933 3461 1051 3516 qute
1084 3462 1180 3515 per
1209 3463 1388 3504 aerem
1422 3447 1668 3511 volitant,
1703 3448 1795 3501 sed
1843 3447 2083 3503 divinum

490 3539 741 3608 quiddam
773 3550 826 3591 et
859 3536 1090 3592 humana
1141 3540 1597 3610 contemplatiOne
1644 3540 1951 3608 augu~tius,
1985 3539 2086 3595 sub

493 3635 678 3703 specie
706 3633 966 3689 columba:
995 3647 1046 3690 et
1074 3637 1296 3689 turturis
1321 3637 1633 3707 apparebat,
1669 3648 1853 3692 utnon
1888 3637 2084 3692 talibus

494 3726 724 3781 victimis
754 3727 1004 3798 qualibus
1035 3743 1226 3783 omnes
1255 3729 1518 3796 homines,
1557 3731 1644 3786 ille
1682 3731 1792 3801 qui.
1824 3745 1920 3802 pro
1971 3740 2085 3786 toto

492 3821 693 3876 mundo
733 3822 1075 3887 nascebatur,
1101 3833 1154 3877 et
1187 3824 1294 3894 pati
1339 3824 1588 3890 habebat,
1628 3839 1811 3880 coram
1857 3826 2085 3882 Domino

491 3915 688 3971 munda
699 3927 866 3983 retur,
882 3916 1254 3990 291—292,
1271 3918 1362 3972 sed
1387 3926 1444 3972 ιιι
1461 3918 1796 3987 dispensatio
1811 3916 1929 3990 ejus
1945 3933 2081 3974 nova

488 4011 692 4076 omnia,
726 4011 801 4063 ita
831 4025 1003 4065 novas
1033 4027 1247 4080 quoque
1281 4011 1503 4066 haberet
1529 4009 1753 4076 hostias,
1783 4009 2081 4066 secundum

487 4103 822 4159 voluntatem
869 4105 1258 4175 omnipotentis
1311 4105 1400 4160 Dei
1447 4107 1499 4160 ιιι
1547 4104 1766 4161 Christo
1794 4105 1946 4172 Jesu,
1995 4106 2085 4162 cui

489 4206 571 4254 est
600 4198 776 4270 gloria
803 4207 858 4255 et
889 4199 1170 4270 imperium
1203 4201 1254 4256 iu
1284 4201 1478 4256 saecula
1511 4200 1858 4258 saeculorum.
1886 4203 2080 4258 Amen.

1065 4337 1345 4394 HOMILIA
1388 4338 1506 4395 XV.

489 4449 565 4506 De
604 4450 893 4519 Simeone,
935 4452 1078 4524 quod
1111 4453 1163 4508 in
1191 4454 1378 4524 spiritu
1430 4455 1497 4510 ad
1539 4455 1798 4524 templum
1846 4457 2080 4524 venerit,

558 4538 725 4593 usque
751 4524 818 4578 ad
849 4539 970 4578 eum
999 4525 1174 4579 locum
1196 4570 1210 4592 ,
1269 4527 1356 4581 ubi
1389 4527 1462 4582 ait
1486 4545 1500 4584 :
1544 4527 1701 4582 Nunc
1727 4528 1948 4584 dimittis
1970 4545 2081 4583 ser-

557 4609 675 4648 vum
701 4605 870 4663 tuum,
904 4595 1144 4664 Domine,
1172 4599 1225 4652 in
1249 4615 1391 4667 pace.
1424 4600 1556 4671 Cap.
1582 4599 1644 4656 ll.

558 4709 723 4780 Digna
744 4711 838 4766 Dei
873 4727 1096 4768 munere
1123 4712 1412 4783 quaerenda
1443 4726 1528 4772 est
1554 4715 1715 4770 ratio.
1761 4716 1973 4772 Simeon
2002 4717 2077 4772 vir

485 4814 692 4860 sanctus
715 4817 760 4860 et
794 4805 1016 4862 Domino
1045 4809 1253 4878 placens
1281 4849 1296 4873 ,
1341 4809 1483 4865 sicut
1530 4810 1582 4867 in
1618 4812 1909 4884 Evangelia
1937 4813 2074 4869 scri-

484 4909 633 4970 ptum
656 4912 760 4967 est,
786 4912 1087 4973 exspectans
1115 4903 1517 4958 consolationem
1542 4904 1734 4973 Israel,
1766 4922 2075 4978 responsum

481 5004 797 5068 acceperata
821 4993 1027 5068 Spiritu
1048 5007 1243 5062 sancto,
1279 5014 1381 5051 non
1413 5014 1466 5052 se
1492 4999 1636 5071 prius
1666 5009 1880 5056 mortem
1907 5000 2078 5055 obitu-

481 5109 600 5146 rum
636 5108 788 5162 quant
819 5093 1008 5148 vtderet
1038 5091 1304 5148 Christum
1332 5093 1564 5150 Domini.
1605 5093 1744 5162 Quid
1773 5096 1822 5152 ei
1851 5095 2074 5166 profuit,

482 5194 540 5239 ιιι
570 5184 776 5240 videret
797 5184 1070 5241 Christum
1098 5187 1118 5238 ?
1147 5185 1338 5242 Utrum
1371 5185 1474 5244 hoc
1503 5196 1710 5243 tantum
1739 5189 1793 5245 in
1830 5192 2066 5261 promis-

479 5278 634 5333 sione
661 5277 866 5348 habuit,
904 5286 960 5333 ut
985 5279 1193 5334 videret
1223 5279 1397 5346 illum,
1431 5282 1668 5353 nihilque
1697 5297 1761 5340 et
1795 5281 1914 5341 visu
1949 5286 2068 5357 ejus

480 5380 909 5444 consequeretur
941 5373 1240 5430 utilitatis?
1295 5389 1362 5429 an
1413 5375 1542 5432 latet
1595 5377 1812 5449 aliquod
1867 5379 2069 5438 donum

479 5465 698 5539 dignum
731 5466 849 5536 Dei,
872 5466 1019 5538 quod
1052 5467 1473 5524 heatnsSimeou
1505 5478 1560 5524 et
1588 5471 1804 5542 meruit,
1832 5480 1889 5529 et
1917 5488 2075 5531 acce-

551 5618 578 5646 ι
609 5608 798 5663 Merito
828 5607 1112 5678 Origenes.
1143 5606 1286 5676 quod
1341 5607 1392 5661 in
1426 5607 1720 5675 Scriptnris
1767 5607 2069 5665 edisseren-

482 5682 585 5740 dis,
622 5680 968 5749 pessumdata
990 5679 1188 5748 saepius
1220 5677 1479 5734 historico
1510 5695 1709 5746 sensu,
1758 5681 2069 5750 allegoricis

481 5753 909 5824 expositionibus
947 5752 1024 5805 rei
1073 5750 1353 5805 veritatem
1409 5752 1706 5824 praevertit,
1757 5755 1897 5808 male
1926 5751 2070 5824 apud

482 5822 743 5881 Ecclesia:
775 5822 964 5877 Patres
1001 5824 1259 5877 continuo
1293 5823 1482 5878 audiit.
1536 5823 1686 5878 Haud
1727 5834 1880 5881 certe
1930 5822 2069 5892 scio,

485 5911 587 5968 qua
619 5892 792 5969 possit
837 5893 956 5953 base
1000 5895 1373 5968 interpretatio
1420 5896 1770 5957 excusatione
1819 5897 2072 5968 obliniri,

2189 3330 2338 3393 Jesu,
2370 3328 2473 3382 hoc
2498 3336 2603 3394 est,
2628 3326 2679 3380 iu
2713 3325 2958 3380 Ecclesia
2986 3327 3104 3393 ejus
3125 3365 3138 3390 ,
3172 3321 3276 3380 hoc
3302 3330 3389 3377 est
3419 3324 3688 3392 tetnplnm
3720 3323 3788 3378 de

2189 3425 2328 3480 vivis
2374 3421 2646 3492 lapidibus
2688 3427 3052 3474 exstructum.
3091 3418 3217 3475 Stas
3259 3427 3441 3472 autem
3474 3418 3527 3472 iu
3581 3417 3790 3487 templo

2190 3516 2442 3581 Domini,
2499 3513 2712 3584 quando
2741 3513 2846 3567 vita
2875 3520 2964 3566 tua
2997 3555 3009 3575 ,
3051 3519 3106 3567 et
3141 3511 3488 3566 conversatio
3520 3511 3790 3566 Ecclesiae

2192 3612 2347 3667 fuerit
2380 3609 2744 3681 appellatione
2766 3606 3108 3678 dignissima.
3141 3605 3200 3660 Si
3230 3606 3446 3662 veneris
3471 3603 3670 3674 spiritu
3717 3603 3782 3660 ad

2191 3704 2451 3774 templum
2483 3747 2497 3769 ,
2542 3701 2786 3757 invenies
2809 3699 3093 3772 parvulum
3119 3699 3303 3755 Jesum
3335 3741 3350 3764 ,
3388 3698 3596 3753 levabis
3629 3699 3786 3753 illum

2189 3796 2426 3854 brachiis
2460 3795 2566 3851 tuis
2593 3802 2650 3850 et
2675 3793 2824 3849 dices
2852 3812 2864 3847 :
2929 3792 3090 3848 Nunc
3125 3791 3339 3847 dimittis
3372 3808 3575 3847 servum
3612 3803 3784 3858 tuum,

2190 3891 2408 3946 Domine
2436 3927 2452 3953 ,
2492 3888 2543 3942 in
2574 3903 2717 3958 pace,
2747 3885 3029 3942 secundum
3050 3886 3255 3940 uerbum
3289 3896 3454 3940 tuum.
3494 3885 3787 3956 Simulque

2186 3983 2407 4040 attende
2455 3982 2599 4054 quod
2632 3980 2914 4045 solutioni,
2943 3989 2999 4035 et
3023 3979 3324 4035 dimissioui
3353 3995 3454 4050 pax
3485 3979 3670 4036 addita
3693 3981 3782 4036 sit.

2186 4078 2302 4134 Non
2331 4078 2474 4134 enim
2504 4076 2601 4140 ait,
2628 4075 2834 4130 Dimitti
2868 4074 3132 4144 volo,sed
3159 4091 3283 4130 cum
3303 4073 3709 4146 additamenta,
3734 4075 3788 4133 in

2185 4186 2322 4242 pace
2349 4170 2572 4227 dimitti.
2612 4167 2744 4224 Nam
2775 4177 2830 4222 et
2870 4169 3030 4224 beato
3057 4167 3290 4224 Abrahae
3337 4168 3444 4226 hoc
3476 4169 3619 4226 idem
3659 4187 3790 4240 pro-

2184 4265 2408 4320 missum
2439 4271 2522 4320 est
2547 4279 2560 4316 :
2620 4261 2701 4316 Tn
2725 4269 2895 4316 autem
2924 4261 3077 4316 vades
3099 4262 3170 4314 ad
3197 4271 3368 4334 patres
3393 4270 3508 4315 tuos
3534 4262 3589 4316 in
3625 4279 3782 4331 race,

2185 4358 2475 4413 nutritusin
2496 4364 2697 4411 senecta
2719 4355 2872 4408 bona.
2897 4353 3028 4422 Quis
3053 4354 3244 4425 estqui
3263 4353 3600 4409 moriatnrln
3626 4370 3786 4422 pace,

2184 4451 2286 4507 nisi
2313 4449 2412 4520 qui
2446 4447 2607 4504 habet
2628 4462 2819 4519 pacem
2847 4446 2943 4503 Dei
2969 4487 2983 4512 ,
3027 4462 3147 4516 qua:
3190 4461 3408 4503 omnem
3439 4462 3668 4505 sensum
3700 4464 3792 4506 stt-

2185 4549 2361 4614 perat,
2389 4539 2732 4610 custoditque
2755 4554 2852 4596 cor
2880 4540 3219 4610 possessoris
3247 4539 3374 4594 sui?
3422 4539 3557 4608 Quis
3579 4544 3789 4612 estqui

2107 4635 2160 4699 D
2185 4635 2252 4691 de
2276 4633 2476 4690 stucqu
2507 4633 2611 4688 isto
2641 4631 2852 4688 recedit
2877 4631 2929 4685 in
2976 4646 3110 4701 pace
3136 4674 3150 4696 ,
3199 4631 3308 4686 nisi
3340 4631 3385 4686 is
3407 4631 3495 4702 qui
3525 4633 3790 4704 intelligit

2183 4727 2326 4800 quod
2344 4727 2485 4782 Deus
2513 4738 2630 4782 erat
2655 4725 2708 4779 in
2731 4723 2950 4780 Christo
2982 4723 3241 4780 mundum
3275 4723 3644 4781 reconcilians
3659 4727 3789 4794 sibi,

2185 4819 2429 4890 nihilque
2459 4818 2740 4873 inimicum
2774 4815 2938 4872 habet
2969 4815 3343 4872 adversarium
3377 4816 3504 4884 Dei,
3529 4818 3627 4872 sed
3664 4835 3790 4872 om-

2187 4929 2318 4970 nem
2373 4927 2554 4983 paccnt
2585 4919 2746 4982 atque
2775 4910 3123 4966 concordiam
3157 4911 3312 4966 bonis
3354 4912 3405 4966 in
3435 4926 3494 4966 se
3520 4913 3788 4982 operibus

2184 5005 2503 5077 assumpsit,
2546 5009 2603 5060 et
2627 5005 2708 5059 sic
2748 5003 2801 5057 in
2832 5017 2965 5074 pace
2992 5002 3286 5058 dimittitur
3312 5018 3536 5076 pergere
3563 5004 3630 5058 ad
3662 5020 3790 5061 san-

2183 5109 2301 5155 ctos
2333 5098 2523 5154 Patres
2547 5140 2562 5162 ,
2596 5095 2661 5150 ad
2691 5109 2827 5164 quos
2857 5105 2911 5150 et
2939 5104 3161 5151 sanctus
3190 5094 3463 5149 Abraham
3495 5095 3783 5164 proiectus

2179 5202 2263 5250 est
2282 5189 2452 5266 (Phil.
2478 5191 2553 5261 t)?
2576 5189 2716 5258 Quid
2729 5191 2798 5245 de
2813 5190 3067 5246 Patribus
3090 5189 3324 5260 loquar?
3351 5189 3416 5244 ad
3441 5189 3619 5260 ipsum
3644 5205 3789 5261 quo-

2179 5303 2283 5360 que
2304 5287 2392 5359 qui
2429 5283 2857 5357 patriarcharum
2883 5284 3136 5355 princeps
3165 5292 3220 5340 et
3242 5283 3502 5339 Dominus
3529 5292 3613 5339 est
3638 5329 3652 5353 ,
3701 5284 3784 5341 ire

2180 5383 2389 5449 Iesum,
2422 5381 2490 5437 de
2516 5395 2625 5452 quo
2649 5379 2884 5436 dicitur:
2919 5378 3108 5434 Helius
3136 5387 3208 5434 est
3237 5379 3424 5433 resolvi
3453 5387 3500 5432 et
3525 5395 3636 5432 esse
3662 5394 3788 5434 cum

2184 5476 2408 5533 Christo.
2436 5475 2531 5531 Ille
2553 5473 2714 5529 habet
2739 5473 2948 5543 Iesum,
2971 5474 3064 5543 qui
3095 5471 3260 5527 audet
3281 5471 3427 5543 loqui
3455 5487 3468 5525 :
3507 5470 3640 5526 Vivo
3659 5474 3784 5542 jam

2175 5628 2299 5669 cum
2332 5623 2574 5670 turtures
2603 5627 2703 5683 pro
2727 5611 2952 5668 Christo
2974 5611 3188 5667 oblatos
3216 5610 3383 5666 fuisse
3415 5621 3599 5678 negat,
3627 5610 3784 5664 rotu-

2176 5702 2307 5750 cres,
2337 5696 2390 5740 ut
2421 5689 2536 5741 isttc
2560 5694 2699 5750 sunt,
2721 5699 2836 5755 qua
2863 5701 2952 5754 per
2975 5699 3144 5738 aerem
3166 5684 3403 5744 rolitant,
3429 5683 3519 5737 sed
3545 5683 3784 5755 diuinum

2177 5757 2424 5828 quiddam
2453 5767 2497 5812 et
2530 5754 2757 5812 humana
2778 5755 3208 5824 contemplatione
3227 5755 3518 5827 augustius,
3542 5754 3633 5808 sub
3659 5770 3782 5824 spe-

2180 5832 2256 5884 cie
2279 5831 2526 5889 colttntbta
2545 5840 2593 5886 et
2618 5829 2830 5886 turturis
2853 5829 3181 5902 apparuisse.
