3978 6338
194 357 287 415 εδδ

775 344 1206 406 TRANSLATIU
1246 342 1677 402 HOMILIABUH
1714 340 2039 402 οιιοεκιε
2081 342 2145 400 IN
2187 340 2444 400 LUCAM.
2491 341 2653 399 HOM.
2699 343 2838 399 XVI.

3348 342 3457 398 259

193 482 282 527 non
305 480 396 542 ego
416 504 433 536 ,
459 464 579 521 uicit
605 478 728 520 vero
754 463 808 519 in
832 476 913 520 me
940 461 1176 519 Christus
1208 461 1411 535 (Colat.
1435 476 1494 527 tt.
1529 458 1647 533 20).
1692 459 1759 517 Ut
1784 462 1843 524 Α
1863 460 2127 518 Joannem
2162 462 2347 533 reperi
2374 462 2675 533 scriptum:
2733 460 2799 516 In
2820 461 3084 535 judicium
3111 476 3208 534 ego
3232 462 3289 517 in
3308 477 3462 517 mun-

189 562 333 636 igitur
380 567 430 615 et
486 570 582 614 nos
637 562 851 612 stantes
888 555 941 611 in
982 555 1188 626 templo
1214 592 1229 621 ,
1287 564 1344 611 et
1380 562 1633 610 tenentes
1659 552 1756 609 Dei

190 656 406 721 Filium,
453 651 933 723 amplexantesque
978 665 1145 719 eum,
1199 649 1349 721 digni
1406 650 1752 716 remissione,

187 745 580 823 393—395
603 744 679 799 et‘
697 740 1035 814 profectione
1055 741 1124 798 ad
1153 742 1381 798 meliora
1408 741 1600 809 simus,
1632 753 1757 798 ore-

186 859 290 900 mus
314 841 731 911 omnipotentem
750 838 948 904 Deum,
976 851 1197 893 oremus
1218 845 1274 893 et
1301 845 1328 875 ι
1356 837 1532 908 ipsum
1555 850 1757 907 parvu-

184 939 277 994 lum
304 935 480 992 .lesum
504 973 519 999 ,
545 948 705 1005 quem
738 932 964 1003 alloqui,
997 941 1052 987 et
1080 941 1268 988 tenere
1297 930 1670 988 desideramus
1698 930 1754 986 in

183 1025 427 1084 brachiis:
483 1024 568 1079 cui
591 1029 680 1080 est
706 1023 881 1095 gloria
930 1034 985 1079 et
1015 1022 1304 1096 imperium
1339 1022 1392 1077 in
1421 1022 1620 1079 saecula
1652 1036 1754 1078 sa:-

183 1120 425 1178 culorum.
457 1115 651 1174 Amen.

728 1212 1012 1270 HOMILIA
1042 1213 1184 1268 XVI.

180 1327 247 1385 De
271 1341 332 1383 eo
356 1323 499 1398 quod
544 1326 809 1401 scriptum
842 1338 927 1383 est
952 1345 967 1401 :
1010 1324 1178 1401 Erant
1208 1336 1354 1401 pater
1391 1330 1502 1401 ejus
1522 1336 1570 1382 et
1589 1337 1753 1382 mater

236 1400 481 1472 mirantes
505 1417 664 1472 super
694 1400 774 1472 It_i_s
797 1412 912 1469 qua
934 1398 1241 1454 dicebantur
1265 1401 1330 1454 de
1349 1398 1445 1463 ea,
1482 1415 1655 1471 usque
1684 1401 1753 1456 ad

238 1471 402 1527 locum
433 1470 523 1527 ubi
554 1470 671 1527 ait:
712 1470 851 1542 Ecce
878 1472 976 1526 iste
1004 1472 1204 1542 positus
1251 1479 1327 1542 est
1356 1473 1411 1525 in
1459 1470 1666 1526 ruinam
1705 1482 1755 1527 et

240 1543 656 1599 resurrectionem
678 1538 961 1598 multorum
982 1536 1035 1597 in
1059 1538 1247 1598 Israel.
1282 1536 1415 1613 Cap.
1452 1542 1515 1597 ll.

236 1678 295 1735 Et
315 1689 457 1734 oratu
484 1718 500 1747 ,
554 1679 756 1751 inquit,
808 1688 956 1752 pater
984 1679 1129 1735 illius
1160 1690 1207 1735 et
1232 1688 1394 1735 mater
1427 1677 1753 1736 admirantes

178 1774 400 1849 supernis
411 1788 531 1847 qua
549 1775 854 1831 dicebantur
877 1775 941 1831 de
969 1790 1047 1831 ec.
1077 1774 1489 1847 Congregemus
1507 1775 1558 1829 in
1582 1789 1750 1830 unum

1858 554 1982 609 dum
1999 555 2153 609 istum
2169 555 2301 621 serti,
2334 555 2491 626 utqui
2501 571 2605 611 non
2628 556 2797 611 uident
2820 555 3053 622 videant,
3080 564 3128 610 et
3153 556 3243 627 qui
3269 555 3445 610 vident

1859 646 1982 701 croci
2008 647 2136 716 [iant
2158 644 2216 720 (1
2219 662 2339 701 ean.
2361 647 2438 719 rx)
2450 688 2463 702 .
2489 646 2773 716 Quomodo
2785 661 2917 716 ergo
2929 646 2981 702 in
2992 646 3259 717 judicium
3274 647 3448 715 venit,

1859 747 1917 793 ut
1963 753 2070 794 non
2131 739 2380 796 videntes
2433 742 2501 795 de
2552 739 2865 796 nationibus
2912 739 3207 809 viderent,
3256 749 3313 796 et
3359 740 3455 811 qui

1859 832 2009 902 prius
2047 830 2307 888 videbant
2353 830 2427 887 de
2478 832 2639 890 Israel
2701 834 2833 889 caeci
2886 833 3119 890 tierent:
3167 835 3250 891 sic
3299 834 3454 890 venit

1855 925 1911 980 in
1966 925 2181 980 ruinam
2223 934 2278 980 et
2328 926 2785 982 resurrectionem
2840 928 3154 983 multorum.
3233 927 3291 982 In
3349 926 3450 984 ad-

1856 1028 2021 1074 ventu
2051 1018 2195 1074 enim
2236 1019 2449 1074 Doniini
2482 1018 2815 1086 Salvatoris,
2842 1020 2934 1091 qui
2982 1022 3132 1091 prius
3159 1027 3449 1091 steterant,

1855 1119 2201 1181 corruerunt,
2232 1122 2290 1169 et
2315 1114 2749 1184 quiceciderant,
2778 1126 3157 1171 surrexerunt.
3189 1114 3304 1171 Una
3335 1116 3454 1173 haec

1857 1216 1939 1262 est
1968 1206 2347 1276 interpretatio
2371 1205 2442 1262 de
2469 1221 2535 1263 eo
2561 1206 2705 1279 quod
2753 1206 2960 1263 dictum
2992 1216 3116 1263 est:
3165 1208 3306 1263 Ecce
3358 1208 3445 1264 hic

1854 1301 2052 1371 positas
2076 1310 2150 1356 est
2192 1302 2248 1355 in
2275 1300 2482 1355 ruinam
2519 1311 2571 1357 et
2610 1303 3041 1357 resurrectionem
3081 1302 3363 1358 multorum
3391 1304 3451 1359 its

1856 1394 2045 1451 Israel.
2080 1396 2370 1452 Estautem
2401 1405 2455 1451 et
2478 1396 2645 1451 altius
2668 1396 2798 1467 quid
2822 1397 3233 1467 intelligendum
3251 1398 3448 1455 adver-

1855 1501 1948 1542 sus
1977 1500 2073 1541 eos
2107 1487 2191 1543 vel
2219 1488 2476 1557 maxime,
2506 1488 2598 1559 qui
2625 1498 2816 1543 contra
2843 1489 3195 1545 Conditorem
3224 1491 3448 1559 latrant,

1854 1591 1910 1637 et
1941 1582 2063 1638 ltiuc
2085 1583 2209 1640 inde
2232 1583 2299 1639 de
2329 1583 2505 1640 veteri
2529 1582 2887 1641 Testamento
2911 1628 2925 1655 ,
2958 1600 3081 1656 quae
3110 1602 3221 1641 non
3249 1585 3455 1645 intelli-

1853 1688 1986 1748 gunt
2014 1721 2029 1745 ,
2091 1678 2402 1733 testimonia
2432 1688 2835 1751 congregantes
2859 1719 2875 1746 ,
2920 1680 3254 1752 simplicium
3286 1682 3454 1739 corda

1856 1771 2154 1842 decipiunt.
2201 1774 2370 1829 Aiunt
2395 1773 2541 1829 enim
2569 1790 2582 1827 :
2619 1775 2757 1829 Ecce
2786 1774 2932 1831 Deus
2957 1775 3118 1846 Legis
3144 1785 3201 1831 et
3222 1778 3459 1847 prophe-

175 1880 224 1923 ea
238 1882 347 1939 qua
375 1869 430 1926 in
455 1876 586 1923 ortu
613 1866 744 1926 Jesu
774 1867 917 1924 dicta
950 1868 1264 1939 scriptaque
1287 1878 1413 1923 sunt
1442 1868 1513 1923 de
1540 1884 1608 1924 eo
1632 1907 1649 1936 ,
1703 1874 1759 1923 et
1786 1857 1837 1921 Β
1866 1876 2063 1935 tarum,
2095 1867 2275 1925 videte
2298 1869 2471 1938 qualis
2487 1869 2560 1924 sit
2585 1887 2597 1923 :
2635 1867 2766 1943 Ego,
2796 1869 2996 1941 inquit,
3021 1870 3458 1935 occidam,viverc

177 1976 296 2017 nunc
338 1962 485 2018 scire
537 1961 847 2033 poterimus
892 1961 1107 2033 singula
1140 1976 1367 2033 qua‘que
1424 1961 1587 2031 digna
1628 1974 1753 2017 esse

177 2052 430 2109 miraculo.
470 2052 845 2121 Quamobrem
872 2053 1175 2109 mirabatur
1199 2065 1254 2109 et
1287 2061 1441 2123 pater
1472 2052 1574 2127 (sic
1604 2052 1753 2109 enim

174 2147 457 2218 appellatus
479 2147 812 2219 cstJoseplt,
843 2150 973 2221 quia
994 2148 1254 2204 nutritius
1276 2147 1423 2220 fuit),
1455 2147 1754 2205 mirabatur

174 2247 221 2294 et
253 2244 414 2295 mater
467 2254 644 2312 super
693 2241 952 2297 omnibus
1004 2252 1127 2313 qua:
1170 2240 1498 2297 dicebantur
1544 2241 1617 2329 de
1660 2254 1748 2298 eo.

172 2336 397 2404 Quanam
419 2349 556 2407 ergo
580 2346 732 2400 sunt,
760 2352 881 2409 quae
895 2336 964 2392 de
988 2337 1211 2409 parvulo
1227 2338 1355 2393 Jesu
1375 2337 1514 2391 fama
1539 2336 1753 2407 disper-

174 2428 335 2485 serat?
360 2429 622 2487 Putares
663 2440 826 2487 erant
858 2432 912 2486 ln
940 2431 1161 2503 regione
1194 2432 1281 2487 illa
1309 2472 1324 2499 ,
1377 2431 1668 2502 vigilantes
1694 2441 1751 2487 et

174 2520 491 2577 observantes
540 2521 822 2577 custodias
865 2522 1047 2593 noctis
1072 2536 1235 2593 supra
1286 2535 1504 2593 gregem
1563 2536 1745 2577 suum.

174 2612 308 2669 Venit
332 2615 563 2687 angelus
588 2615 694 2671 sub
736 2614 853 2686 ipsa
883 2616 1017 2670 liora
1070 2615 1369 2671 nativitatis
1403 2614 1559 2683 Jesu,
1592 2623 1648 2671 et
1674 2616 1750 2670 ait

173 2705 228 2761 ad
247 2720 368 2764 eos:
408 2707 688 2762 Annuntio
718 2708 863 2762 nobis
882 2707 1135 2780 gaudium
1154 2722 1421 2780 magnum.
1457 2706 1560 2774 lle,
1590 2718 1637 2763 et
1665 2709 1748 2763 in.
1787 2732 1795 2740 -

174 2801 356 2855 reuietis
382 2801 644 2873 infantem
667 2800 954 2857 involutum
986 2804 1195 2873 pannis,
1222 2812 1269 2857 et
1298 2804 1524 2875 positum
1549 2805 1600 2857 in
1617 2816 1749 2871 prat-

174 2894 307 2968 apio.
349 2894 600 2952 Necdum
628 2896 857 2968 angelus
877 2896 1045 2953 verba
1079 2897 1313 2963 ﬁnierat,
1341 2907 1397 2953 et
1423 2913 1551 2954 ecce
1574 2898 1751 2955 multi-

177 2989 284 3043 tado
302 2989 544 3046 ccclestis
576 2993 853 3047 exercitus
886 2991 1108 3047 laudare
1137 2993 1305 3063 coepit
1335 3004 1391 3049 et
1421 2993 1750 3051 benedicere

176 3074 337 3138 Dcutn.
374 3084 509 3141 Cum
562 3084 670 3140 hoc
717 3095 963 3155 pastores
998 3086 1193 3156 trepidi
1226 3086 1655 3157 perspexissent,
1693 3097 1750 3144 et

175 3182 367 3252 angelus
388 3182 721 3239 recessisset
749 3182 818 3238 ab
842 3181 944 3250 eis,
976 3182 1230 3239 dixerunt
1251 3183 1319 3253 ad
1348 3184 1608 3240 invicem:
1642 3184 1747 3239 Ea.

177 3251 270 3330 atas
283 3274 566 3343 Bethlem,
590 3284 639 3329 ct
654 3276 919 3331 videamus
942 3275 1135 3346 factum
1150 3251 1289 3347 quod
1308 3274 1563 3332 Dominus
1580 3285 1746 3332 osten~
1775 3251 1819 3312 Ο

177 3366 412 3425 ditnabis.
457 3368 753 3425 Venerunt
795 3377 851 3424 et
902 3368 1227 3424 invenerunt
1269 3369 1572 3438 parvulum.
1616 3368 1748 3423 Tam

176 3461 239 3518 illi
261 3479 412 3535 quam
443 3472 734 3537 parentes,
770 3462 1018 3520 videntes
1051 3476 1176 3534 qnte
1206 3461 1347 3518 facta
1382 3463 1618 3529 fuerant,
1655 3462 1752 3518 ad-

176 3556 479 3613 mirabantur
494 3570 669 3628 super
691 3555 815 3612 hoc.
842 3555 909 3611 Et
939 3555 1005 3612 de
1021 3555 1280 3612 Simeone
1304 3556 1578 3624 scribitur,
1605 3554 1751 3627 quod

177 3661 421 3706 tumorem
464 3649 689 3705 auxerit
720 3648 1004 3717 miraculi,
1058 3647 1148 3703 vel
1191 3663 1382 3721 magna
1414 3662 1538 3719 pars
1568 3646 1756 3715 fuerit,

179 3743 423 3815 tenuitque
454 3754 695 3815 puerum
722 3742 777 3797 in
802 3740 1045 3798 brachiis
1067 3743 1203 3808 suis,
1239 3749 1294 3798 et
1321 3742 1424 3797 ait:
1486 3739 1645 3795 Nunc
1673 3740 1755 3797 die

178 3832 329 3904 mittis,
355 3833 582 3890 Domine
608 3876 623 3902 ,
667 3844 870 3888 servum
898 3842 1044 3888 tuum
1075 3832 1129 3887 in
1155 3849 1300 3907 pace,
1328 3834 1613 3888 secundum
1637 3850 1753 3888 ver-

177 3924 274 3980 bum
292 3936 450 3995 tuam,
477 3927 618 4000 quia
643 3925 883 3982 viderunt
922 3926 1059 3981 oculi
1081 3926 1180 3982 mei
1199 3926 1432 3982 salutare
1454 3938 1621 3983 tuum.
1647 3925 1751 3984 Fa-

176 4019 363 4092 stigium
402 4029 478 4089 et,
511 4028 579 4076 ut
603 4020 678 4076 ita
702 4021 1135 4090 dicam,culmen
1156 4034 1320 4094 snper
1352 4021 1753 4094 bisquazjacta-

177 4111 346 4170 bantur
367 4115 436 4172 de
458 4115 623 4181 Iesu,
658 4124 714 4172 et
745 4124 898 4187 pater
929 4124 984 4170 et
1014 4126 1188 4172 mater
1217 4116 1362 4171 illius
1392 4116 1747 4186 mirabantur,

177 4219 335 4265 sermo
358 4209 641 4268 Simeonis
690 4208 812 4265 fuit.
871 4208 990 4265 Non
1030 4208 1176 4265 enim
1231 4209 1429 4265 sufﬁcit
1468 4212 1516 4266 ei
1564 4218 1755 4268 tenere

181 4302 457 4373 parvulum,
488 4312 546 4360 et
565 4314 632 4360 ea
652 4316 777 4375 qua:
806 4302 876 4359 de
901 4304 1198 4375 semetipso
1235 4304 1435 4374 scripta
1472 4318 1599 4360 sunt
1627 4320 1751 4377 pro-

180 4390 321 4464 loqui,
349 4396 444 4452 sed
472 4396 758 4453 benedixit
788 4396 931 4468 patri
960 4395 1107 4452 illius
1133 4405 1190 4453 et
1219 4397 1418 4453 matri:
1448 4407 1506 4454 et
1534 4400 1602 4455 de
1633 4399 1755 4472 ipso

179 4496 361 4557 quoque
382 4487 736 4559 prOpbetavit
765 4485 994 4556 infante,
1026 4488 1248 4545 dicens:
1282 4488 1417 4547 Ecce
1441 4492 1522 4547 hic
1550 4495 1754 4567 positus

178 4578 301 4633 estin
323 4581 525 4636 ruinam
554 4589 604 4635 et
630 4582 1060 4637 resurrectioan
1085 4584 1368 4639 multorum
1400 4586 1453 4639 in
1479 4583 1672 4654 Israel,
1703 4596 1751 4643 et

176 4668 222 4724 in
243 4672 429 4743 signum
449 4675 537 4728 cui
568 4674 972 4733 contradicetur.
1015 4673 1181 4730 Tuam
1211 4638 1752 4752 quoqueipsius'dni;
1774 4638 1829 4703 Β

181 4776 297 4819 mam
322 4768 652 4839 pertransibit
680 4768 911 4840 gladius,
943 4777 1000 4823 ut
1020 4770 1312 4825 revelentnr
1342 4772 1405 4827 de
1434 4774 1609 4829 multis
1635 4792 1752 4830 cor-

181 4857 306 4913 dibus
331 4864 687 4936 cogitationes.
730 4859 871 4931 Quid
899 4862 1007 4919 sibi
1035 4865 1152 4920 vult
1181 4865 1326 4937 quod
1357 4870 1451 4938 ait,
1495 4869 1629 4927 Ecce
1665 4871 1749 4930 hic

182 4950 441 5019 perimes!
466 4955 527 5010 in
577 4955 789 5010 ruinam
827 4963 875 5010 et
925 4960 1357 5015 resurrectionem
1385 4963 1667 5020 multarunt
1695 4967 1748 5022 in

180 5038 369 5102 Israel?
420 5045 563 5105 Huic
610 5045 742 5120 quid
769 5047 955 5105 simile
1008 5047 1063 5106 in
1095 5050 1393 5124 Evangelia
1446 5058 1746 5119 secundum

243 5258 274 5326 ﬁ
301 5250 572 5326 Colligere
603 5252 736 5311 hinc
760 5253 909 5326 licet,
944 5254 1405 5325 quemadmodum
1439 5270 1494 5317 et
1514 5260 1747 5322 interius

185 5335 239 5403 ex
258 5321 697 5403 bomiliarum_j8
726 5325 881 5403 e_t__56
901 5321 1206 5403 clausulis,
1239 5330 1468 5401 aliisque
1494 5334 1748 5403 plurimis

185 5391 319 5473 locis,
345 5413 479 5473 quos
510 5398 577 5454 ad
606 5397 870 5473 Homilias
900 5399 954 5473 in
982 5391 1273 5473 leremiam
1304 5391 1466 5473 atque
1495 5391 1753 5464 Ezechie-

184 5462 273 5520 lem
300 5462 627 5548 qo’tavimlts,
658 5467 898 5548 sensisse
916 5468 1231 5548 qrigenem,
1250 5462 1749 5548 oran'dumquidem

184 5548 286 5591 cum
310 5536 468 5621 lintre
511 5538 890 5621 _Filiutn,_sed
935 5536 1154 5621 diuerso
1205 5536 1470 5604 orationis
1511 5536 1749 5621 generet

184 5623 292 5692 quas
308 5611 382 5666 illi
414 5613 642 5692 multam
668 5612 930 5692 invidiam
961 5612 1206 5692 doctrina
1236 5622 1449 5692 peperit
1472 5662 1487 5687 ,
1512 5611 1750 5692 perinde

186 5685 649 5768 atquensensisset:
704 5681 830 5768 lion
860 5681 1537 5768 esse-orandunnFiliumJ
1592 5713 1753 5768 neque

186 5748 444 5837 Filio
458 5753 687 5837 Patrem.
721 5756 839 5837 Hoc
860 5757 1117 5837 nimirum
1145 5748 1755 5837 criminatur'l‘lteop'hiL

186 5818 258 5875 lus
283 5824 331 5905 in
357 5827 609 5905 synodica
642 5844 680 5905 ιε
695 5828 861 5905 pubis
891 5829 1125 5905 primum
1157 5832 1372 5905 vulgata
1394 5818 1753 5895 marinas.

189 5899 449 5964 nymianas
471 5902 629 5973 epist.
654 5899 727 5959 92
746 5941 765 5972 ,
800 5916 880 5978 an.
910 5901 993 5971 2,,
1023 5902 1130 5960 col.
1156 5899 1298 5975 54f,
1332 5922 1490 5979 quam
1535 5907 1754 5983 juvabit

1856 1963 2080 2033 faciant:
2107 1963 2409 2032 percutiam,
2440 1972 2487 2016 et
2507 1978 2599 2035 ego
2628 1964 2860 2019 sonabo:
2889 1972 3053 2020 etnon
3083 1974 3161 2022 est
3189 1967 3276 2037 qui
3305 1974 3456 2022 cruat

1853 2056 1917 2110 de
1941 2055 2180 2110 trionibus
2210 2056 2335 2111 meis
2358 2054 2537 2128 (Deut.
2564 2055 2759 2130 xxxii).
2801 2056 3048 2113 Audiunt
3067 2102 3081 2127 ,
3106 2059 3361 2129 occidam,
3389 2065 3451 2116 et

1854 2163 1963 2203 non
1993 2147 2263 2216 audiunt,
2312 2148 2619 2219 aioiﬁcabo:
2649 2151 2906 2219 audiunt,
2936 2152 3169 2226 percutio
3188 2168 3242 2220 ιι,
3267 2163 3326 2209 et
3354 2166 3445 2209 au-

1853 2242 1973 2298 dire
2011 2252 2369 2300 contemnunt
2397 2286 2412 2313 ,
2460 2254 2506 2299 ct
2537 2260 2629 2317 ego
2662 2246 2877 2303 sonabo.
2923 2247 3239 2304 istiusmodi
3283 2262 3448 2304 occa-

1852 2336 2095 2393 sionibus
2150 2336 2468 2395 Creatorem
2526 2341 2960 2397 calumniantur.
3061 2341 3231 2413 Igitur
3296 2351 3454 2400 ante-

1850 2448 2012 2504 quam
2065 2432 2455 2504 interpretetur
2516 2449 2674 2506 quem
2723 2448 2946 2491 sensum
3016 2435 3256 2493 habeat:
3328 2436 3447 2509 Ego

1850 2529 2158 2600 interﬁciant
2195 2537 2243 2584 et
2279 2528 2547 2601 viviﬁcabo
2571 2576 2586 2600 ,
2640 2532 2927 2603 percutiant
2966 2540 3015 2587 et
3045 2532 3245 2587 sonabo
3275 2573 3291 2598 ,
3342 2544 3445 2601 op-

1853 2636 2047 2693 ponam
2077 2623 2159 2678 eis
2183 2623 2556 2677 testimonium
2588 2621 2899 2694 Evangelii,
2933 2622 3223 2695 dicamque
3250 2623 3448 2678 adver-

1850 2734 1969 2772 sum
2016 2717 2373 2792 295-298
2401 2717 2713 2773 haereticos.
2757 2714 3194 2773 Innumerabiles
3237 2717 3448 2787 quippe

1852 2811 2096 2868 licerescs
2149 2820 2276 2867 sunt
2297 2852 2311 2878 ,
2364 2827 2487 2883 qua)
2518 2811 2879 2884 Evangelium
2908 2810 3208 2867 secundum
3239 2808 3445 2866 Lucam

1850 2907 2143 2977 recipiunt.
2177 2905 2237 2963 Si
2271 2914 2563 2976 propterea
2610 2914 2895 2973 cruentus,
2928 2915 2979 2961 et
3012 2904 3068 2959 in
3102 2912 3312 2958 tantum
3342 2918 3449 2960 sat-

1852 3015 1951 3055 vus
1981 3008 2035 3053 et
2065 2997 2312 3054 crudelis
2355 3008 2435 3051 est
2466 2996 2768 3065 Conditor,
2818 2997 2946 3068 quia
3000 2996 3179 3051 dicit:
3225 2995 3340 3070 Ego
3369 2997 3455 3050 in-

1852 3091 2129 3163 terﬁciant,
2156 3100 2204 3146 et
2227 3090 2495 3162 viviﬁcabo
2526 3106 2544 3145 :
2570 3089 2858 3161 percutiam
2878 3134 2895 3159 ,
2924 3100 2973 3146 et
3021 3090 3248 3156 sonabo,
3280 3087 3451 3145 mani-

1852 3185 2153 3241 chtissime
2177 3193 2263 3241 est
2286 3193 2336 3240 et
2369 3185 2559 3242 Jesum
2590 3184 2763 3255 ipsius
2792 3198 2917 3240 esse
2961 3183 3202 3249 Filium;
3253 3182 3446 3239 eadem

1853 3277 2124 3348 siquidem
2156 3278 2226 3334 de
2256 3293 2322 3333 eo
2349 3278 2550 3349 scripta
2588 3285 2754 3333 sunt:
2783 3276 2918 3331 Ecce
2945 3279 3030 3331 hic
3063 3278 3265 3350 positus
3286 3284 3361 3330 est
3390 3276 3447 3330 in

1856 3373 2058 3427 ruinam
2084 3381 2133 3427 et
2161 3374 2590 3427 resurrectionem
2625 3372 2907 3425 multorum
2934 3371 2987 3425 in
3019 3370 3207 3425 Israel.
3242 3369 3361 3427 Non
3392 3371 3448 3426 in

1855 3466 2319 3521 resurrectionem
2353 3474 2589 3531 tantum,
2620 3462 2713 3520 sed
2744 3473 2797 3520 et
2831 3466 2883 3518 in
2916 3464 3153 3520 ruinam.
3208 3463 3267 3519 Si
3326 3478 3445 3519 ma-

1853 3560 1965 3613 lum
1997 3566 2081 3613 est
2112 3557 2446 3625 interﬁcere,
2479 3557 2681 3613 malum
2715 3557 2783 3612 sit
2818 3565 2873 3611 ct
2900 3556 2952 3611 in
2984 3555 3200 3612 ruinam
3237 3557 3444 3614 venire.

1854 3650 1992 3719 Quid
2023 3650 2474 3722 respondebunt?
2498 3648 2767 3707 Utrumne
2794 3648 3056 3705 recedent
3086 3664 3116 3705 a
3139 3649 3288 3705 cultu
3310 3648 3449 3719 ejus,

1849 3760 1920 3801 an
1948 3754 2195 3815 quaerent
2225 3744 2468 3813 aliquam
2502 3742 3010 3814 interpretationem
3038 3785 3052 3809 ,
3085 3750 3137 3797 et
3169 3742 3233 3795 ad
3264 3748 3453 3811 tmpo-

1855 3839 2024 3910 IOgias
2052 3836 2391 3909 confugient,
2416 3847 2476 3893 ut
2496 3834 2641 3908 quod
2667 3837 2720 3892 in
2756 3835 2967 3891 ruinam
3000 3834 3259 3901 venerit,
3290 3833 3448 3890 beni-

1852 3931 2116 4003 gnitatem
2146 3932 2317 4003 magis
2356 3946 2516 4002 quam
2549 3930 2922 3985 austeritatem
2960 3930 3168 3984 sonet?
3200 3928 3266 3983 Et
3311 3943 3449 3997 quo—

1855 4025 2020 4082 modo
2063 4027 2268 4096 justum
2314 4025 2416 4081 erit
2450 4022 2666 4095 quando
2696 4021 2822 4095 quid
2873 4023 2926 4078 in
2979 4019 3285 4092 Evangelia
3340 4021 3448 4077 tale

1854 4121 2157 4193 reperitur,
2186 4121 2253 4174 ad
2275 4119 2572 4190 allegorias
2598 4128 2654 4174 et
2684 4133 2853 4173 novas
2885 4116 3275 4187 iutelligentias
3316 4128 3450 4171 cou-

1852 4213 2045 4286 fugere
2078 4230 2093 4269 :
2126 4212 2343 4286 quando
2362 4228 2493 4268 vero
2512 4210 2566 4269 in
2592 4213 2764 4268 veteri
2816 4212 3181 4267 Instrumenta
3207 4249 3223 4277 ,
3255 4205 3443 4266 statim

1854 4323 2135 4377 accusare,
2159 4317 2215 4365 et
2245 4308 2447 4363 nullam
2476 4307 2947 4380 explanationem,
2979 4304 3230 4379 quamvis
3254 4304 3446 4376 proba-

1855 4405 1984 4461 bilis
2012 4404 2110 4474 sit,
2142 4402 2432 4474 rccipere!
2459 4400 2567 4459 Sed
2600 4413 2656 4459 et
2684 4401 2787 4457 hoc
2836 4402 2981 4474 quod
3029 4400 3276 4473 sequitur
3307 4417 3322 4456 :
3374 4397 3441 4454 In

1846 4496 2110 4570 judicium
2137 4512 2231 4569 ego
2252 4496 2367 4551 veni
2393 4496 2446 4550 in
2477 4492 2734 4550 mundum
2760 4496 2915 4549 istum
2938 4537 2952 4562 ,
2988 4502 3043 4549 ut
3083 4510 3184 4548 non
3216 4491 3447 4548 videntes

1856 4595 2081 4662 videant,
2111 4594 2265 4663 etqtti
2289 4591 2461 4647 uident
2486 4591 2609 4646 circi
2640 4590 2791 4661 ﬁant,
2821 4590 3069 4660 quamvis
3103 4596 3350 4660 quaerant
3392 4595 3453 4642 ut

1854 4689 2199 4759 edisserant,
2259 4686 2488 4758 implere
2515 4699 2627 4742 non
2658 4692 2937 4757 poterunt.
2990 4682 3107 4756 Ego
3154 4698 3285 4739 vero
3319 4682 3445 4752 quia

1854 4791 1987 4855 opto
2034 4795 2155 4837 esse
2183 4777 2213 4819 ιι
2238 4779 2655 4836 Ecclesiasticus
2680 4819 2697 4847 ,
2729 4789 2781 4833 et
2828 4793 2936 4833 non
2969 4776 3038 4833 ab
3083 4772 3448 4832 hmresiarcha

1854 4877 2060 4949 aliquo,
2085 4874 2181 4932 sed
2212 4891 2239 4930 a
2270 4873 2480 4931 Christi
2506 4871 2774 4930 vocabqu
2806 4872 3131 4943 nuncupari,
3161 4880 3216 4928 et
3241 4869 3449 4927 habere

1855 4985 2052 5028 nomen
2083 4966 2227 5041 quod
2251 4966 2596 5025 benedicitur
2621 4981 2788 5039 super
2812 4975 3038 5031 terram,
3067 4974 3121 5021 et
3152 4964 3313 5035 cupio
3337 4974 3447 5019 tam

1854 5079 2023 5136 opere
2050 5077 2212 5136 quam
2239 5076 2403 5120 sensu
2433 5072 2630 5119 etesse
2653 5070 2710 5118 et
2735 5060 2843 5117 dici
2867 5060 3235 5127 Christianus,
3266 5072 3447 5127 taqua-

1850 5268 2168 5325 recoluisse.

1926 5340 1954 5379 ι)
1987 5340 2190 5395 Damus
2238 5338 2379 5396 hanc
2404 5338 2631 5410 Origeni
2665 5337 2881 5395 laudem
2910 5380 2925 5403 ,
2975 5336 3117 5407 quod
3150 5334 3450 5410 interneci-

1855 5428 1997 5483 num,
2017 5426 2138 5467 cum
2172 5412 2445 5483 haereticis
2475 5408 2678 5467 bellum
2702 5418 2967 5483 perpetuo
2992 5408 3241 5483 gesserit,
3272 5422 3445 5483 eaque

1857 5482 2118 5540 continuo
2148 5483 2324 5540 teneri
2355 5482 2585 5540 ﬁrmiter
2605 5528 2619 5554 ,
2648 5479 2719 5538 ac
2741 5479 3178 5554 credijusserit,
3229 5494 3350 5554 qua:
3372 5479 3442 5534 ab

1858 5556 2106 5611 Ecclesia
2154 5549 2616 5626 proponerentur.
2658 5549 2971 5626 Pamphilus
3015 5554 3066 5607 in
3117 5549 3389 5626 Apologia
3420 5564 3437 5605 :

1861 5620 2168 5692 Quomodo,
2193 5620 2391 5695 inquit,
2427 5628 2667 5681 universa
2696 5620 3333 5695 litereticaruutdogmata
3354 5620 3446 5695 de-

1857 5709 2082 5781 struens,
2107 5700 2211 5781 ipse
2249 5693 2563 5781 (Origenes)
2604 5714 2803 5767 semper
2857 5693 3217 5781 Apostulicant
3252 5693 3447 5763 conﬁr-

1858 5771 2069 5825 maverit
2095 5764 2275 5841 fidem,
2299 5771 2343 5823 si
2376 5764 2594 5825 belintus
2644 5764 2821 5824 omnes
2860 5766 3141 5841 sententias
3171 5764 3282 5841 eius
3327 5780 3452 5841 cane

1859 5836 2106 5915 gregare,
2134 5852 2181 5897 ei
2215 5842 2425 5915 longum
2456 5842 2586 5898 satis
2615 5850 2689 5894 est
2717 5879 2733 5915 η
2782 5849 2824 5893 et
2854 5838 2953 5915 erit
2984 5846 3085 5892 tam
3116 5837 3284 5915 .uobis
3310 5878 3324 5902 ,
3373 5836 3463 5910 qui

1860 5908 2167 5986 Scribimus,
2201 5908 2474 5970 onerosum
2494 5957 2510 5987 ,
2536 5927 2689 5985 quam
2713 5909 2998 5985 legentibus
3025 5908 3316 5969 twdiosum.
