3978 6338
472 326 583 384 255

1724 331 1785 388 S.
1827 330 2098 389 EUSEBll
2142 333 2521 391 HIEBONYMI

3658 336 3757 395 256

476 445 588 501 lam
622 456 679 502 et
708 446 761 501 in
795 448 967 504 veteri
1000 458 1055 505 et
1094 449 1145 504 in
1177 464 1313 504 nova
1363 448 1508 519 Lege
1538 462 1728 520 quaero
1776 448 2074 504 rationem.
2103 448 2157 510 Α
2181 457 2395 504 struere
2424 448 2567 519 quod
2595 449 2646 504 in
2679 465 2766 506 me
2788 451 2992 507 malum
3026 451 3122 507 fuit
3150 493 3165 518 ,
3226 461 3314 520 ιιι,
3348 450 3443 507 illo
3489 451 3756 508 destructo

477 540 748 611 Loquitur
778 542 920 598 Deus
950 560 966 601 :
1004 542 1118 614 Ego
1156 544 1465 613 inter/icium
1497 559 1513 596 :
1547 542 1782 598 libenter
1814 542 1990 597 habeo
2019 551 2077 595 ut

477 636 776 692 interficiat
802 653 885 691 me
909 637 1072 692 Deus.
1092 637 1323 706 Quando
1343 637 1490 693 enim
1514 646 1672 692 vetus
1715 635 1770 691 in
1800 652 1886 691 me
1914 638 2075 690 homo

478 743 584 798 est,
617 742 671 786 et
700 733 827 786 vivo
858 731 1038 787 adhuc
1059 733 1213 803 quasi
1242 732 1407 786 homo
1426 774 1442 797 ,
1471 733 1636 801 cupio
1676 743 1735 785 ut
1780 731 1993 785 occidat
2019 729 2075 784 in

477 840 566 881 me
598 826 740 881 Deus
769 834 1014 881 veterem
1047 826 1348 892 hominem,
1372 836 1429 881 et
1452 826 1695 881 viviticet
1717 840 1803 880 me
1831 840 1900 879 ex
1934 839 2078 878 mor-

477 922 607 974 tu's.
635 918 847 974 Primus
870 920 1029 983 enim,
1049 923 1148 982 ait,
1169 920 1323 974 Itonia
1350 920 1415 973 de
1440 929 1580 974 terra
1611 928 1873 984 terrenus,
1899 934 2075 971 secun-

476 1012 578 1065 dus
602 1012 753 1066 homo
788 1013 852 1067 de
882 1012 1010 1067 ctelo
1052 1013 1287 1067 cmlestis.
1321 1011 1474 1068 Sicut
1516 1012 1837 1081 portavimus
1888 1010 2078 1083 imagi-

477 1121 592 1161 nem
614 1108 824 1174 terreni,
852 1116 1112 1176 portemus
1130 1114 1176 1159 et
1204 1106 1485 1180 imaginem
1507 1105 1725 1160 cmlestis
1748 1104 1786 1175 (Ι
1811 1102 1930 1158 Cor.
1952 1101 2073 1173 xv).

480 1195 794 1253 Secundum
826 1199 972 1254 hunc
1003 1213 1221 1253 sensum
1253 1196 1585 1267 intelligitur
1609 1206 1664 1250 et
1689 1195 1822 1250 illud
1854 1213 1867 1248 :
1903 1193 2075 1268 Inju-

478 1290 673 1344 dicium
702 1308 796 1364 ego
834 1294 951 1346 veni
971 1293 1025 1346 in
1054 1292 1306 1346 mundum
1344 1293 1536 1358 istum,
1561 1301 1615 1343 ut
1641 1292 1731 1362 qui
1754 1307 1856 1345 non
1879 1290 2070 1357 vident,

472 1384 685 1438 videant
712 1400 732 1439 :
760 1393 806 1438 et
831 1386 924 1449 qui
953 1385 1154 1449 vident,
1185 1385 1307 1438 caeci
1337 1384 1488 1455 ﬁant.
1522 1383 1798 1438 Habemus
1831 1385 1883 1437 in
1914 1382 2075 1437 nobis

475 1490 665 1531 omnes
696 1475 947 1532 homines
974 1519 989 1543 ,
1043 1485 1101 1531 et
1128 1487 1411 1546 aspectum
1444 1488 1492 1531 et
1528 1477 1856 1531 caecitatem.
1899 1476 2071 1531 Adam

476 1577 532 1624 et
562 1570 799 1633 videbat,
830 1581 886 1626 et
914 1586 1023 1626 non
1051 1570 1297 1626 videbat.
1331 1571 1441 1643 Eva
1473 1586 1723 1642 quoque,
1779 1580 2071 1640 antequam

475 1663 826 1732 aperirentur
853 1665 997 1719 oculi
1028 1664 1189 1733 ejus,
1241 1664 1442 1719 vidisse
1491 1663 1847 1719 describitur.
1905 1662 2070 1730 Vidit,

477 1760 675 1831 inquit,
701 1760 890 1815 mulier
923 1761 1148 1833 lignum,
1177 1761 1304 1833 quia
1334 1760 1526 1815 bonum
1554 1761 1623 1813 ad
1654 1758 2031 1814 comedendum
2055 1801 2070 1824 ,

2179 551 2233 597 et
2264 542 2624 607 mortiﬁcato,
2677 556 2975 616 consurgat
3024 548 3077 601 in
3132 562 3219 602 me
3277 555 3331 601 et
3366 546 3669 602 viviﬁcetur
3705 547 3752 602 id

2179 638 2324 707 quod
2355 637 2558 693 bonum
2590 649 2696 703 est,
2730 650 2789 695 ut
2814 656 3218 709 consequamur
3248 656 3470 711 regnum
3503 641 3754 696 etelomu

2176 746 2275 802 per
2298 731 2584 786 Dominum
2616 743 2862 788 nostrum
2890 734 3071 789 Jesum
3096 735 3397 811 Christum,
3432 736 3518 789 cui
3547 743 3631 789 est
3649 734 3757 806 glo-

2177 822 2258 878 ria
2290 834 2343 877 et
2372 823 2664 893 imperium
2692 824 2744 880 in
2775 826 2977 881 saecula
3008 827 3357 882 saeculorum.
3393 829 3591 883 Anien.

2726 939 3015 994 HOMILIA
3060 939 3220 997 XVII.

2178 1050 2256 1107 Dc
2272 1067 2338 1106 eo
2351 1053 2495 1122 quod
2511 1054 2769 1129 scriptum
2783 1066 2892 1110 est:
2912 1055 3077 1110 Erant
3089 1068 3232 1129 pater
3241 1059 3353 1129 ejus
3367 1068 3412 1112 et
3428 1068 3589 1113 mater
3601 1060 3761 1115 admi-

2250 1136 2421 1178 rantes
2446 1142 2600 1198 super
2621 1126 2700 1181 Itis
2730 1144 2845 1196 qua:
2883 1126 3183 1183 dicebautur
3210 1126 3275 1184 de
3299 1146 3360 1185 eo
3384 1172 3395 1187 .
3446 1141 3501 1186 et
3547 1146 3758 1185 rmsum

2250 1211 2421 1265 usque
2444 1202 2508 1249 ad
2532 1215 2655 1251 eum
2683 1200 2857 1253 locum
2889 1200 3060 1255 tibide
3083 1202 3235 1255 Anna
3265 1202 3538 1257 aCt'lliillll'.
3555 1202 3684 1272 Cap.
3703 1203 3758 1258 ll.

2247 1290 2422 1346 Lucas
2471 1292 2561 1360 qui
2617 1294 2838 1360 scripsit
2865 1311 2878 1349 :
2914 1293 3147 1363 Spiritus
3173 1305 3387 1351 sanctus
3413 1298 3574 1351 veniet
3606 1314 3760 1367 super

2176 1395 2244 1453 te,
2276 1396 2322 1440 et
2344 1388 2505 1442 virtus
2535 1387 2791 1442 Altissimi
2818 1389 3141 1443 obumbrabit
3174 1392 3264 1445 tibi
3287 1434 3301 1455 ,
3352 1404 3565 1465 propter
3594 1392 3691 1449 hoc
3717 1404 3762 1449 et

2174 1480 2316 1551 quod
2365 1491 2544 1534 natum
2584 1481 2742 1551 fuerit
2768 1492 3007 1537 sanctum
3032 1527 3047 1550 ,
3098 1485 3362 1539 vocabitur
3414 1483 3592 1541 Filius
3623 1487 3759 1543 Dei:

2176 1581 2232 1627 et
2263 1573 2355 1642 qui
2391 1573 2680 1629 manifeste
2715 1559 2872 1628 nobis
2902 1575 3166 1644 tradidit,
3221 1578 3477 1647 quoniam
3534 1578 3763 1646 Virginis

2176 1663 2320 1720 ﬁlius
2363 1666 2524 1721 Jesus
2565 1676 2675 1735 est,
2707 1684 2808 1721 nec
2838 1669 2906 1722 de
2932 1667 3171 1724 humano
3198 1684 3490 1741 conceptus
3544 1682 3631 1726 est
3678 1686 3763 1727 se-

2179 1758 2327 1812 mine
2363 1777 2375 1812 :
2411 1760 2513 1814 iste
2538 1768 2752 1829 patrem
2783 1760 2903 1829 ejus
2926 1760 3130 1830 Joseph
3158 1770 3386 1819 testatus
3413 1772 3518 1830 est,
3544 1763 3760 1819 dicens:

476 1864 525 1909 et
557 1855 808 1926 Optimum
832 1855 999 1908 oculis
1025 1855 1095 1908 ad
1128 1852 1435 1916 ridendum,
1462 1863 1509 1907 et
1538 1854 1725 1907 tollens
1779 1852 1843 1905 de
1898 1856 2072 1922 fructu
2104 1843 2153 1903 B
2180 1849 2348 1904 Erant
2373 1862 2522 1920 pater
2551 1853 2696 1907 illius
2728 1860 2777 1905 et
2809 1864 2976 1907 mater
3003 1854 3323 1908 admirantes
3361 1871 3517 1928 super
3552 1857 3635 1909 liis
3658 1872 3764 1927 qua!

478 1945 630 2017 ligni.
660 1946 905 2012 comedit,
929 1955 977 1999 et
1009 1946 1153 2000 dedit
1179 1948 1291 2000 viro
1320 1962 1443 2011 suo,
1478 1956 1525 1999 et
1551 1944 1880 1999 comederunt
1911 1940 2070 2013 (Gen.

475 2035 580 2107 ιιι).
616 2038 787 2109 Igitur
819 2054 927 2094 non
960 2048 1117 2094 erant
1147 2039 1299 2102 caeci,
1332 2038 1429 2094 sed
1453 2037 1730 2092 videbant.
1759 2036 1960 2091 Deinde
1993 2051 2072 2089 se-

472 2132 695 2202 quitur;
728 2131 798 2187 Et
825 2134 992 2205 aperti
1021 2144 1138 2187 sunt
1174 2133 1315 2188 oculi
1350 2150 1546 2188 eorum.
1584 2134 1723 2203 Ergo
1769 2133 1902 2187 omni
1951 2131 2070 2186 fue-

470 2231 634 2290 rant,
700 2240 800 2281 nec
856 2226 1155 2291 videbant,
1211 2240 1444 2297 quorum
1504 2227 1644 2281 oeuli
1707 2237 1900 2295 postea
1946 2234 2073 2279 sunt

476 2319 676 2384 aperti.
702 2318 810 2375 Sed
842 2320 934 2390 qui
978 2320 1117 2375 bene
1166 2332 1295 2375 ante
1321 2320 1602 2383 viderant,
1630 2331 1914 2391 postquam
1970 2320 2075 2373 Do-

475 2408 610 2462 mini
648 2409 957 2465 mandatum
986 2413 1358 2482 praetergressi
1390 2422 1539 2475 sunt,
1565 2422 1853 2481 coeperunt
1882 2412 2074 2467 videre

478 2505 622 2559 male
670 2514 725 2559 ct
774 2514 1053 2575 aspectum
1101 2507 1429 2563 obedientiae
1461 2507 1801 2577 subripiente
1832 2508 2030 2563 delicto
2055 2550 2070 2574 ,

478 2606 669 2666 postea
705 2598 1084 2666 perdiderunt.
1114 2599 1230 2669 Ego
1248 2601 1329 2655 sic
1362 2600 1607 2671 intelligo
1637 2610 1694 2655 et
1746 2600 1884 2654 illud
1927 2599 2072 2668 quod

480 2686 611 2744 dicit
638 2689 783 2743 Dens
816 2708 832 2746 :
868 2691 997 2757 Quis
1026 2691 1147 2762 fecit
1174 2703 1370 2745 mutum
1391 2702 1440 2745 et
1462 2693 1710 2758 surdum,
1743 2690 1997 2744 videntem
2028 2699 2075 2745 et

478 2797 671 2838 cwcum
696 2783 721 2837 ?
744 2782 936 2837 Nonne
994 2800 1086 2855 ego
1119 2782 1373 2837 Dominus
1420 2784 1555 2839 Deus
1586 2783 1781 2856 (Exod.
1816 2784 1935 2854 tv)?
1979 2784 2073 2837 Est

478 2875 672 2929 oculus
698 2875 969 2944 corporis,
1002 2891 1110 2946 quo
1141 2889 1355 2931 terrena
1385 2877 1482 2931 ista
1521 2878 1915 2946 conspicimus,
1946 2891 2069 2930 ocu-

481 2967 570 3022 lus
596 2969 898 3022 secundum
924 2985 1146 3025 sensum
1176 2971 1383 3037 Carnis,
1415 2971 1483 3026 de
1514 2988 1619 3038 quo
1659 2971 1955 3040 Scriptura.
1984 2971 2072 3024 di-

483 3061 560 3116 cit
592 3079 602 3113 :
638 3061 861 3116 Frustra
885 3062 1079 3117 incedis
1109 3064 1324 3134 inﬂatus
1350 3080 1506 3118 sensu
1531 3065 1703 3118 carnis
1756 3062 1952 3134 (δοιοί.
1985 3061 2071 3128 ιι).

482 3152 579 3209 Cui
611 3152 872 3209 habemus
901 3156 1068 3210 alium
1097 3157 1432 3211 contrarium
1466 3158 1778 3224 meliorem,
1806 3165 1860 3212 et
1888 3155 2070 3210 divina

484 3250 789 3318 sapientem
827 3264 842 3304 :
874 3250 963 3319 qui
995 3249 1119 3319 quia
1149 3265 1328 3306 caecus
1362 3253 1413 3305 in
1451 3251 1606 3306 nobis
1636 3260 1777 3313 erat,
1809 3249 1962 3305 venit
1987 3248 2077 3304 Je-

481 3355 575 3395 sus
598 3355 652 3395 ut
687 3344 884 3396 taceret
921 3358 1044 3397 eum
1080 3343 1288 3413 videre,
1325 3353 1381 3399 ιιι
1402 3344 1491 3415 qui
1522 3360 1628 3398 nou
1678 3343 1958 3408 videbant,
1995 3344 2077 3395 vi-

483 3431 700 3500 derent,
760 3436 850 3505 qui
901 3448 1085 3490 autem
1112 3436 1367 3490 videbant
1398 3478 1413 3501 ,
1462 3436 1591 3491 ca-ci
1647 3438 1859 3491 tierent.
1914 3436 2078 3491 Juxta

483 3526 629 3580 hunc
658 3542 787 3597 ergo
819 3542 1041 3583 sensum
1066 3570 1080 3594 ,
1126 3538 1181 3582 et
1217 3529 1318 3583 hoc
1340 3528 1484 3598 quod
1515 3545 1660 3584 nunc
1706 3529 1974 3583 habemus
2025 3529 2077 3583 in

480 3619 735 3674 manibus
765 3633 848 3674 e~t
880 3620 1334 3692 intelligendum:
1373 3620 1511 3675 Ecce
1548 3623 1644 3675 iste
1673 3623 1872 3694 positus
1899 3630 1976 3675 est
2026 3623 2079 3675 in

485 3709 713 3775 ruinam,
738 3718 783 3764 et
808 3711 861 3764 in
891 3713 1312 3766 resurrectionem
1353 3714 1634 3766 multorum
1654 3714 1708 3766 in
1736 3712 1929 3766 Israel.
1974 3713 2079 3766 lla-

484 3798 586 3856 beo
609 3802 809 3873 aliquid
835 3803 889 3856 in
923 3819 1011 3857 me
1041 3804 1185 3875 quod
1224 3805 1362 3860 male
1402 3815 1531 3870 stat,
1562 3817 1617 3860 et
1650 3808 1856 3875 peccati
1888 3821 2080 3878 super-

476 3893 560 3949 bia
591 3910 652 3951 se
679 3898 840 3965 erigit
872 3916 885 3951 :
912 3897 1016 3951 hoc
1068 3896 1263 3965 cadat,
1302 3897 1403 3952 hoc
1467 3900 1787 3953 subruatur.
1821 3898 1977 3965 Quod
2032 3901 2075 3954 si

481 3989 765 4056 ceciderit,
797 3990 939 4060 quod
967 4003 1093 4046 ante
1129 4002 1333 4057 ruerat,
1367 4008 1599 4063 surgens
1629 3992 1812 4047 stabit.
1848 3993 2079 4048 Interior

481 4080 643 4137 homo
667 4099 820 4140 meus
841 4085 1118 4155 quondam
1147 4085 1365 4153 jacebat
1396 4085 1588 4152 elisus,
1621 4095 1675 4140 et
1702 4088 1942 4141 exterior
1971 4097 2080 4139 sta-

479 4176 571 4231 bat
602 4192 840 4234 erectus.
876 4185 1181 4249 Antequam
1210 4182 1497 4236 crederem
1524 4182 1574 4235 in
1607 4180 1795 4236 Jesutn
1825 4225 1838 4248 ,
1874 4180 2074 4235 bonum

482 4268 536 4325 in
562 4286 648 4326 me
675 4272 916 4341 jacebat,
952 4275 1151 4330 malum
1183 4276 1379 4330 stabat.
1410 4276 1699 4347 Postquam
1765 4277 1855 4330 illo
1905 4278 2074 4343 venit,

485 4373 611 4416 tunc
655 4366 800 4434 quod
838 4366 890 4420 iu
925 4384 1013 4423 me
1063 4367 1263 4423 malum
1298 4369 1419 4437 fuit,
1454 4371 1685 4438 corruit,
1718 4380 1771 4425 et
1798 4369 2074 4439 expletum

482 4464 567 4509 est
620 4456 795 4512 illud:
837 4459 1054 4532 Semper
1080 4462 1533 4531 mortiﬁcationem
1583 4460 1709 4516 Iesu
1754 4463 1808 4515 in
1864 4477 2078 4531 corpore

481 4548 920 4620 circumferentes.
961 4556 1027 4606 Η,
1059 4554 1190 4608 illud
1225 4572 1237 4607 :
1283 4552 1595 4622 Mortiﬁcate
1632 4554 1863 4608 membra
1908 4566 2076 4607 vestra

479 4657 637 4711 super
665 4651 881 4711 terrain,
911 4646 1328 4717 fornicationem,
1350 4648 1754 4711 immunditiam,
1780 4648 2067 4715 luxuriam,

477 4733 855 4803 idololatriam,
879 4740 1124 4807 veneﬁcia
1151 4737 1380 4812 (Coloss.
1411 4740 1515 4811 tu),
1539 4751 1595 4795 et
1617 4752 1832 4795 caetera.
1869 4740 2069 4794 llorum

481 4831 722 4884 onmium
757 4832 905 4887 utilis
932 4834 1083 4887 ruina
1111 4833 1249 4888 facta
1279 4845 1383 4888 est.
1417 4836 1481 4890 Et
1503 4835 1571 4890 de
1601 4835 1701 4890 hac
1748 4834 1903 4889 ruina
1936 4836 2072 4889 dici-

478 4931 610 4976 tur:
660 4922 978 4997 Ubicumque
1027 4928 1122 4980 erit
1173 4928 1412 4991 cadaver,
1465 4926 1576 4982 illic
1614 4929 2075 5001 congregabantur

471 5017 663 5088 aquin
689 5017 869 5087 (Matt.
907 5019 1040 5089 xrv).
1092 5017 1341 5076 Cadaver
1363 5030 1388 5057 δ
1410 5023 1611 5093 quippe
1638 5038 1666 5075 a
1693 5040 1821 5077 casu
1871 5038 2068 5078 nomen

471 5111 703 5179 acct'pit.
769 5111 879 5166 Una
931 5122 1013 5168 est
1075 5115 1186 5168 limo
1246 5115 1395 5168 ruina
1430 5156 1445 5180 ,
1505 5117 1570 5167 ad
1617 5131 1777 5184 quam
1834 5118 2065 5185 primum

480 5202 840 5276 297-298
868 5204 1017 5259 venit
1044 5204 1206 5259 .lesus
1238 5222 1251 5261 z
1288 5222 1386 5260 nec
1420 5215 1600 5275 potest
1651 5209 1831 5262 tacere
1881 5225 2067 5263 resur-

477 5298 802 5363 rectionem,
840 5298 939 5352 nisi
987 5300 1142 5352 ruina
1178 5301 1544 5368 prtecesserit.
1582 5300 1753 5354 .Venit
1803 5312 1929 5356 ante
1978 5303 2073 5358 de-

545 5440 571 5469 ιι
603 5431 729 5485 ΙΙίιιο
779 5435 1000 5488 minime
1051 5445 1415 5502 necesserest
1469 5449 1496 5487 a
1527 5434 1724 5489 Latino
1772 5434 2074 5502 luterprete

470 5506 633 5559 verba
670 5504 1201 5578 suppletaarbitrari
1231 5520 1249 5559 :
1277 5501 1507 5578 Cadauer
1549 5508 1737 5578 quippe
1762 5523 1792 5558 a
1820 5522 1880 5558 ca
1914 5501 1946 5557 α
1976 5521 2068 5557 no-

478 5590 597 5647 men
627 5575 845 5647 accepit.
894 5576 1011 5631 Non
1059 5577 1201 5630 enim
1254 5578 1424 5630 semel
1455 5575 1716 5647 Origenes
1750 5580 1801 5631 iti
1861 5579 1960 5629 hac
1995 5579 2076 5629 Iit-

479 5645 557 5702 dil
622 5645 955 5718 etymologia
982 5688 996 5712 ,
1031 5658 1089 5702 ut
1118 5649 1176 5702 S.
1211 5645 1573 5718 Epiphanius
1609 5660 1839 5702 testatur
1900 5648 2073 5712 Epist.

480 5717 549 5793 ad
581 5718 849 5793 Joannem
877 5717 1396 5793 ’Jerosolymitanmn
1445 5722 1588 5793 inter
1618 5720 2077 5793 llietonymiauas

480 5790 625 5877 Sin.
715 5806 743 5877 :7
761 5788 961 5875 Corpus
984 5788 1173 5877 bocfob
1192 5792 1424 5877 idjuxta
1447 5791 1657 5877 ercos
1687 5788 1865 5877 ᾆέμαέ,
1896 5792 1953 5877 id
1973 5801 2071 5859 est,

481 5860 753 5916 vinculum
782 5906 795 5930 ,
850 5860 953 5918 sive
985 5866 1145 5934 juxta
1206 5860 1365 5919 aliaat
1418 5860 1787 5937 proprietatem
1838 5869 2029 5931 πτῶμα
2056 5904 2070 5929 ,

2176 1943 2479 1998 dicebantur
2498 1945 2565 1998 de
2589 1962 2670 2000 eo.
2695 1950 2827 2011 Quae
2858 1946 3023 2016 igitur
3051 1962 3213 2001 cau~a
3239 1948 3489 2013 exstitit,
3547 1957 3607 2002 ut
3645 1965 3761 2007 eum

2175 2041 2265 2109 qui
2326 2051 2480 2108 pater
2535 2057 2641 2093 non
2692 2040 2827 2107 fuit,
2876 2051 3083 2109 patrem
3116 2056 3235 2096 esse
3261 2042 3636 2096 memoraret?
3667 2041 3761 2110 Qui

2176 2131 2408 2200 simplici
2442 2134 2782 2204 expositione
2828 2143 3119 2188 cantemus
3147 2143 3267 2201 est,
3315 2132 3446 2189 dicit
3480 2153 3493 2189 :
3522 2136 3765 2190 Honora-

2174 2224 2254 2278 vit
2276 2240 2400 2297 eum
2433 2225 2673 2295 Spiritus
2700 2237 2923 2281 sanctus
2968 2227 3147 2282 Patris
3173 2228 3477 2295 vocabulo,
3510 2228 3639 2297 quia
3673 2246 3767 2283 nu-

2178 2292 2767 2374 trierat‘Salvatorem.
2795 2319 2897 2388 Qui
2926 2331 3108 2375 autem
3138 2323 3303 2375 altius
3347 2322 3552 2391 aliquid
3583 2322 3769 2390 inqui-

2175 2408 2264 2473 rit,
2299 2418 2482 2478 potest
2529 2412 2719 2467 dieare
2751 2430 2761 2465 :
2794 2416 2921 2480 quia
2950 2415 3324 2483 generationis
3370 2416 3505 2468 ordo
3534 2432 3561 2468 a
3599 2413 3763 2471 David

2174 2518 2350 2575 usque
2377 2505 2443 2558 ad
2475 2504 2678 2575 Josepb
2712 2507 3008 2562 deducitur
3039 2508 3226 2581 (Matt.
3257 2507 3320 2582 ι).
3376 2517 3432 2565 et
3455 2526 3521 2564 ne
3548 2509 3769 2564 videre-

2176 2606 2266 2652 tur
2295 2598 2495 2653 frustra
2526 2599 2729 2670 .loseph
2775 2603 3064 2669 nominari,
3119 2603 3211 2671 qui
3244 2613 3395 2674 pater
3444 2620 3551 2659 non
3582 2604 3767 2658 fuerat

2175 2691 2504 2758 Salvatoris,
2568 2706 2623 2747 ut
2659 2694 3030 2764 generationis
3081 2696 3218 2751 ordo
3269 2696 3494 2752 haberet
3547 2697 3767 2752 locum:

2177 2799 2329 2856 pater
2352 2787 2659 2856 appellatus
2688 2799 2774 2843 est
2816 2788 3031 2842 Domini
3075 2788 3227 2856 (Luc.
3263 2791 3362 2860 ιιι).
3400 2790 3770 2845 Admiraban-

2180 2887 2266 2933 tur
2310 2880 2473 2949 igitur
2505 2892 2657 2947 pater
2688 2880 2834 2935 illius
2866 2891 2918 2935 ct
2943 2893 3118 2935 mater
3144 2896 3310 2950 super
3337 2882 3419 2935 his
3451 2897 3569 2950 qua).
3622 2882 3770 2938 dice-

2179 2973 2377 3027 bantur
2399 2974 2467 3027 de
2493 2989 2579 3039 eo,
2638 2985 2746 3028 tam
2778 2975 2845 3028 ab
2874 2974 3070 3043 angelo
3100 3015 3115 3038 ,
3167 2989 3327 3044 quam
3357 2989 3386 3028 a
3415 2973 3763 3027 multitudine

2178 3066 2420 3119 caelestis
2471 3066 2753 3119 exercitus
2784 3107 2796 3128 ,
2847 3080 2947 3119 nec
2993 3081 3099 3119 non
3132 3080 3160 3119 a
3195 3064 3526 3135 pastoribus.
3575 3062 3779 3119 Omnia

2181 3156 2387 3227 quippe
2416 3157 2531 3212 haec
2564 3156 2877 3223 audientes,
2909 3157 3385 3211 Vehementissime
3415 3155 3772 3210 mirabantur.

2188 3247 2403 3303 Dehinc
2433 3248 2709 3316 SCI'iplltl‘a
2746 3250 2817 3303 ait
2855 3267 2869 3303 :
2898 3247 3173 3303 Benedixit
3200 3248 3246 3301 ei
3268 3248 3477 3304 Simeou
3502 3290 3517 3314 ,
3562 3257 3612 3300 et
3645 3246 3777 3301 dixit

2186 3340 2257 3393 ad
2301 3339 2528 3394 Mariam
2577 3351 2796 3394 matrem
2834 3343 2995 3411 ejus:
3037 3339 3171 3394 Ecce
3218 3342 3316 3395 iste
3363 3341 3566 3412 positus
3625 3340 3776 3394 estin

2180 3436 2388 3486 ruinam
2416 3441 2463 3486 et
2493 3435 2546 3486 in
2567 3434 2996 3487 resurrectionem
3032 3431 3310 3487 multorum
3331 3436 3382 3487 in
3414 3431 3611 3498 Israel,
3648 3445 3697 3488 et
3724 3435 3772 3487 in

2180 3525 2385 3595 signum
2409 3528 2490 3578 cui
2524 3526 2918 3580 contradicitur.
2952 3525 3021 3580 Et
3052 3535 3193 3581 tuam
3220 3530 3382 3600 ipsius
3406 3530 3639 3581 animam
3660 3545 3779 3600 per-

2181 3618 2419 3671 transibit
2448 3619 2677 3691 gladius,
2716 3630 2770 3672 ut
2802 3617 3095 3674 revelantur
3125 3637 3190 3675 ea:
3220 3622 3397 3675 multis
3421 3622 3669 3675 cordibus
3694 3637 3780 3675 co-

2180 3709 2476 3778 gitationes.
2514 3710 2798 3775 Quomodo
2829 3712 3080 3766 Salvator
3109 3711 3163 3765 in
3186 3716 3398 3766 ruinam
3430 3723 3483 3768 et
3507 3712 3558 3766 in
3591 3728 3777 3767 resur-

2182 3805 2489 3857 rectionem
2526 3804 2822 3859 multorum
2855 3808 3093 3867 venerit,
3148 3819 3231 3862 est
3260 3808 3780 3878 contemplandum.

2256 3896 2358 3964 Qui
2393 3894 2501 3969 [AL
2539 3896 2706 3971 Quid]
2739 3899 3067 3968 simpliciter
3084 3900 3332 3970 exponit,
3366 3912 3541 3969 potest
3566 3902 3778 3967 dicere,

2180 3990 2232 4046 in
2268 3992 2474 4045 ruinam
2500 4009 2622 4047 eum
2650 3996 2866 4049 venisse
2897 3993 3220 4058 iotideliuui,
3254 4006 3308 4051 et
3335 3993 3389 4049 in
3418 3996 3779 4050 resurrectio-

2182 4099 2302 4138 nem
2328 4085 2690 4140 credentium.
2724 4085 2827 4151 Qui
2886 4102 3021 4143 vero
3052 4087 3309 4142 Clll'iOSlh
3341 4090 3616 4157 interpres
3666 4100 3775 4155 est,

2179 4179 2336 4247 dicit,
2369 4196 2711 4251 nequaquam
2741 4197 2866 4235 cum
2897 4182 3097 4236 cadere
3124 4181 3215 4252 qui
3248 4191 3374 4236 ante
3403 4199 3510 4237 non
3536 4184 3782 4237 steterit.

2180 4276 2255 4331 Da
2287 4278 2422 4332 mihi
2456 4278 2636 4345 igitur,
2668 4278 2759 4347 qui
2792 4276 2958 4332 fuerit
3008 4278 3095 4331 ille
3126 4278 3214 4346 qui
3245 4278 3480 4343 steterit,
3515 4278 3652 4332 etin
3687 4293 3786 4331 cu-

2175 4370 2264 4438 jus
2297 4372 2509 4424 ruinam
2562 4370 2818 4426 Salvator
2843 4370 3166 4434 advenerit,
3199 4387 3410 4425 necnon
3441 4381 3498 4425 et
3527 4386 3655 4424 eum
3691 4371 3782 4439 qtti

2178 4473 2491 4533 consurgat.
2521 4463 2657 4517 Nam
2685 4465 2870 4533 utique
2899 4462 2990 4516 ille
3015 4463 3313 4532 consurgit,
3336 4463 3425 4532 qui
3457 4472 3617 4518 antea
3651 4479 3783 4517 cor-

2183 4567 2387 4610 ruerat.
2417 4555 2722 4610 Videndum
2755 4565 2841 4611 est
2873 4557 3084 4626 utique,
3117 4572 3185 4609 ne
3209 4555 3349 4610 forte
3379 4556 3633 4611 Salvator
3666 4572 3776 4610 non

2181 4649 2305 4703 aliis
2336 4661 2502 4720 atque
2524 4650 2647 4703 aliis
2676 4650 2727 4703 in
2753 4650 2971 4702 ruinam
2998 4649 3210 4702 venerit
3226 4660 3272 4701 et
3308 4649 3782 4703 resurrectionem

2181 4742 2611 4807 muttortnn,sed
2632 4740 2825 4795 iisdem
2841 4749 2899 4794 et
2931 4742 2981 4793 in
2999 4741 3216 4794 ruinam
3246 4748 3300 4793 et
3328 4740 3379 4791 in
3405 4741 3786 4792 resurrectio-

2179 4850 2302 4888 nem
2334 4833 2556 4889 venerit.
2581 4832 2649 4886 In
2662 4831 3307 4903 judicium,ait,eyoveni,
3330 4841 3382 4884 ut
3401 4830 3492 4901 qui
3511 4847 3613 4883 non
3640 4832 3787 4885 uide-

2180 4927 2300 4981 bant
2326 4928 2551 4991 videant,
2576 4937 2621 4979 et
2642 4930 2730 4994 qui
2761 4925 3002 4979 videbant
3026 4926 3147 4977 caeci
3171 4924 3300 4994 ﬁant
3330 4922 3508 4993 (Joau.
3545 4924 3649 4994 lx).
3687 4924 3786 4979 Est

2176 5020 2320 5076 enim
2351 5024 2400 5074 in
2433 5020 2588 5073 nobis
2614 5018 2756 5088 quod
2781 5018 2998 5074 videbat
3015 5018 3180 5087 prius,
3199 5030 3251 5072 et
3274 5026 3461 5087 postea
3478 5017 3670 5072 videre
3691 5017 3784 5073 de.-

2176 5117 2329 5172 sivit:
2350 5115 2555 5171 etaliud
2582 5114 2724 5184 quod
2742 5130 2847 5166 non
2867 5113 3165 5179 vitlehat,et
3183 5122 3363 5178 postea
3378 5114 3545 5177 C(Bpil
3562 5112 3781 5165 videre.

2178 5208 2338 5263 Verbi
2355 5207 2522 5278 gratia
2544 5225 2555 5260 :
2579 5206 2714 5259 Volo
2734 5206 2920 5261 videre
2936 5205 3250 5269 illisoculis,
3270 5204 3462 5273 quibus
3480 5216 3642 5258 antea
3671 5219 3784 5257 non

2177 5302 2452 5367 videbam,
2480 5310 2533 5353 et
2563 5299 2654 5369 qui
2687 5299 2816 5354 mihi
2849 5309 3035 5369 postea
3060 5298 3288 5352 reserati
3319 5308 3469 5361 sunt,
3501 5297 3773 5367 quoniam

2184 5432 2238 5486 id
2267 5444 2372 5498 est,
2426 5432 2657 5488 cadaver
2684 5474 2697 5498 ,
2733 5433 2837 5486 dici
2865 5475 2878 5493 ,
2937 5434 3058 5495 quia
3086 5433 3272 5485 anima’
3301 5432 3364 5487 de
3394 5434 3520 5486 caelo
3548 5434 3782 5487 ruerint.

2187 5504 2484 5558 Enimvero
2516 5504 2592 5558 sic
2622 5518 2818 5557 voeant
2848 5503 3027 5559 Gra-ci
3051 5519 3251 5573 corpus
3284 5504 3533 5557 exanime
3559 5514 3784 5575 πτῶμα.

2184 5577 2541 5631 Adamantius
2565 5588 2619 5629 et
2660 5575 3001 5629 commodam
3056 5591 3247 5628 namus
3285 5589 3400 5629 sua!
3442 5579 3784 5640 expositioni

2182 5647 2595 5719 etymologiam,
2638 5664 2796 5712 quam
2823 5646 3044 5719 aliasatl
3077 5647 3443 5716 opinationem
3504 5661 3658 5700 Suam
3700 5664 3781 5700 as.

2183 5718 2473 5773 serendum
2528 5721 2853 5789 torquebat,
2914 5718 3002 5771 hic
3027 5719 3163 5790 _ipse
3204 5719 3529 5790 scripserit,
3585 5727 3787 5790 πτῶμα

2180 5797 2301 5865 γοῦν
2329 5792 2433 5846 ἀπὸ
2460 5786 2709 5865 maliaco;
2734 5791 2935 5865 λέγεται
2964 5808 2976 5843 :
3012 5786 3247 5843 Cadaver
3262 5789 3453 5859 quippe
3479 5806 3512 5842 a
3533 5805 3660 5843 casu
3689 5786 3788 5844 no-

2179 5864 2296 5916 men
2321 5864 2539 5931 accepit.
