3978 6338
200 339 288 394 257

198 546 371 611 aperti,
406 544 466 598 de
505 545 706 614 quibus
749 547 1019 611 superiori
1074 561 1326 602 sermone
1382 546 1756 600 tractavimus.

195 638 327 694 Nunc
366 648 543 692 autem
595 640 1068 709 interpretandum
1103 685 1118 708 ,
1169 641 1298 710 qttid
1355 640 1461 694 sibi
1493 641 1628 696 velit
1661 641 1762 695 hoc

193 733 320 804 quod
345 734 416 787 ait
444 751 456 789 :
487 732 621 787 Ecce
647 734 734 787 hic
760 735 956 806 positus
977 745 1048 788 est
1079 737 1129 788 in
1154 736 1361 788 ruinam
1379 778 1393 799 ,
1427 744 1474 787 et
1502 735 1556 788 in
1579 751 1757 787 resur-

193 829 438 882 rertiouent
468 825 751 881 multorum
810 829 864 881 in
909 827 1100 881 Israel.
1148 827 1231 882 Me
1261 835 1477 896 oportet
1525 827 1756 894 primum

190 921 386 986 cadi-re,
417 929 470 974 et
501 935 624 973 enni
651 922 923 986 cecidero,
961 932 1152 989 postea
1187 921 1325 975 bene
1354 935 1660 990 resurgere,
1695 936 1761 974 ne

189 1015 419 1070 Saliiator
448 1027 612 1067 causa
660 1013 827 1068 fuerit
861 1015 1020 1068 make
1071 1017 1275 1078 rninzc;
1327 1013 1422 1067 sed
1471 1023 1758 1083 propterea

188 1108 361 1159 cadere
389 1122 472 1159 me
495 1106 643 1170 fecit,
681 1117 1109 1178 uteonsurgam,
1145 1118 1200 1162 et
1233 1108 1406 1161 multo
1438 1107 1569 1161 mihi
1603 1107 1757 1161 ruina

188 1201 357 1254 utilior
387 1199 572 1267 fuerit,
598 1216 759 1269 quam
788 1201 916 1256 illud
945 1212 1162 1270 tempus
1194 1217 1299 1269 quo
1328 1201 1555 1256 videbar
1585 1212 1754 1255 stare.

185 1294 382 1349 Stabatn
410 1295 555 1346 enim
590 1295 640 1346 in
676 1303 901 1362 peceato
941 1309 1010 1347 eo
1044 1303 1289 1363 tempore
1312 1338 1325 1360 ,
1376 1308 1483 1363 quo
1535 1303 1759 1361 peccato

186 1385 412 1440 vivebam
445 1392 542 1440 :et
569 1386 693 1456 quia
734 1393 960 1452 peccato
989 1386 1204 1440 Stabani
1235 1429 1248 1449 ,
1284 1383 1462 1453 prima
1489 1383 1620 1438 mini
1650 1383 1757 1438 uti-

185 1476 295 1530 litas
323 1475 423 1530 fuit
455 1487 512 1529 ut
543 1476 826 1539 caderem,
859 1485 915 1530 et
947 1484 1171 1544 peccato
1217 1491 1482 1529 morerer.
1512 1475 1757 1544 Denique

187 1580 234 1624 et
259 1570 420 1623 sancti
464 1570 749 1638 prophetae
770 1611 784 1632 ,
811 1569 1027 1638 quando
1057 1570 1342 1638 augustius
1391 1569 1594 1635 aliquid
1627 1583 1759 1621 con-

186 1664 598 1732 templabantur,
627 1663 899 1716 cadebant
925 1664 976 1716 in
1010 1662 1203 1717 faciem
1249 1677 1425 1715 suam.
1461 1662 1756 1730 Propterea

184 1767 342 1811 autem
385 1757 702 1820 cadebant,
759 1767 815 1811 ttt
861 1769 1084 1827 peccata
1143 1773 1238 1826 per
1270 1757 1483 1810 ruinam
1545 1759 1758 1826 plenius

790 333 1228 393 TRANSLATIO
1271 335 1710 393 llOIillLlARUM
1752 333 2078 390 OlllGENlS
2119 333 2183 389 IN
2227 333 2476 390 LUCAM.
2526 333 2688 390 ΙΙΟΜ.
2730 335 2893 393 XVII.

202 462 306 522 post
358 449 778 507 inobrdientiam
835 464 889 508 ei
944 453 1118 509 Adam
1175 463 1229 508 et,
1281 453 1409 508 Era:
1447 455 1589 508 oculi
1636 463 1762 507 sunt
1787 458 1834 515 Α
1866 453 2102 505 ostendit
2148 453 2198 506 in
2232 452 2482 506 manibus
2508 453 2624 506 suis
2651 451 2833 518 (Joan.
2864 450 2993 522 xx):

3357 338 3462 393 958

3039 451 3158 506 aliis
3187 467 3216 506 e
3249 453 3467 520 regione

1866 543 2244 608 tractantibus,
2281 544 2324 596 si
2360 542 2500 597 idem
2529 558 2730 612 corpus
2763 544 2972 604 habuit.
3011 544 3284 613 quomodo
3315 546 3464 599 clau-

1861 634 1938 688 sis
1971 635 2251 704 ingressns
2280 646 2363 691 est
2402 639 2581 700 ostiis,
2624 645 2678 691 et
2705 637 2892 691 stetit?
2934 637 3093 691 Vides
3140 636 3302 705 igitur
3331 655 3466 707 que-

1862 731 2209 785 madmodum
2259 734 2595 802 argumentis
2647 734 2818 788 variis
2865 733 3030 787 etiam
3079 734 3467 790 resurrectioni

1860 824 1980 892 ejus
2017 824 2246 892 quarstio
2276 825 2605 889 eoncitetur,
2639 835 2693 879 et
2723 825 2780 878 llt
2822 826 3032 896 signum
3066 825 3150 878 cui
3184 826 3466 880 contradi-

1861 917 2018 972 citur.
2051 920 2160 985 Επο
2192 927 2247 972 et
2277 917 2379 973 hoc
2411 918 2556 988 quod
2590 918 2979 988 prophetarum
3010 934 3108 972 ore
3140 919 3462 988 praedii-tuin

1860 1021 1968 1073 est,
2002 1017 2129 1078 puto
2161 1010 2376 1078 signent
2407 1025 2528 1064 esse
2561 1010 2646 1063 cui
2679 1011 3098 1064 contradicitur.
3149 1011 3280 1067 Sunt
3317 1011 3465 1066 enint

1862 1101 2042 1170 plures
2066 1101 2332 1165 heretici,
2366 1102 2456 1170 qui
2487 1113 2734 1156 asserunt
2779 1119 2901 1156 eum
2935 1118 2964 1155 a
2999 1103 3282 1172 pr0pltetis
3316 1105 3465 1174 petii-

1862 1205 1946 1250 tus
1980 1212 2084 1250 non
2119 1196 2284 1250 fuisse
2315 1196 2697 1266 praedicatum.
2732 1195 2796 1251 Et
2825 1197 2953 1268 quid
3001 1213 3087 1252 me
3131 1213 3352 1253 necesse
3382 1208 3466 1255 est

1861 1293 2023 1344 multa
2060 1291 2352 1360 prosequi?
2384 1290 2573 1343 Omnia
2616 1305 2736 1358 quze
2764 1289 2832 1345 de
2871 1305 2938 1345 eo
2987 1301 3172 1345 narrat
3205 1291 3459 1360 historia,

1861 1382 2072 1451 signum
2120 1393 2207 1437 est
2249 1383 2333 1435 cui
2367 1381 2784 1436 contradicitur.
2830 1380 2945 1434 Non
2993 1383 3137 1453 quod
3187 1384 3462 1438 Contradi-

1860 1485 1986 1529 Cant
2017 1476 2068 1528 bi
2101 1475 2192 1545 qui
2237 1476 2474 1529 credunt
2505 1477 2556 1530 in
2589 1493 2714 1530 eum
2748 1494 2759 1528 :
2796 1493 2895 1530 nos
2926 1477 3128 1546 quippe
3171 1494 3332 1532 omna
3360 1479 3465 1532 sci-

1863 1584 1983 1621 nius
2028 1583 2155 1622 vera
2183 1583 2308 1623 esse
2337 1584 2458 1638 QIILB
2490 1567 2690 1634 scripta
2723 1580 2880 1632 sunt;
2915 1569 3009 1622 sed
3051 1569 3175 1638 quia
3213 1571 3353 1638 apud
3383 1571 3466 1625 in-

1861 1663 2117 1718 credulos
2151 1665 2429 1727 universa,
2466 1681 2586 1733 qua:
2617 1665 2685 1718 de
2714 1681 2781 1719 eo
2823 1664 3022 1734 scripta
3056 1675 3201 1730 sunt,
3251 1667 3461 1737 signum

1863 1755 1932 1808 sit
1960 1755 2046 1809 cui
2067 1754 2481 1810 coiitradieitur.
2512 1755 2720 1810 Deinde
2748 1757 2967 1810 Simeon
2998 1757 3073 1811 ait
3105 1756 3206 1810 :Et
3226 1770 3365 1811 luam
3388 1759 3469 1828 ip~

186 1863 550 1922 purgarentur.
607 1852 723 1907 Hoc
778 1853 957 1921 ipsum
991 1863 1041 1906 et
1069 1851 1327 1907 SaIVator
1383 1850 1481 1904 tibi
1527 1852 1757 1916 primum
1792 1847 1839 1907 B
1865 1848 1972 1900 sius
1991 1848 2221 1900 animum
2249 1848 2579 1917 pri-transilit
2606 1848 2832 1920 gladius.
2865 1848 2994 1916 Quis
3017 1862 3094 1902 ρει
3120 1849 3463 1916 istegladius,

185 1947 440 2010 concedit,
501 1957 557 2000 ut
613 1961 860 1999 corruas.
899 1945 1165 1999 Ethnicus
1209 1961 1334 2000 eras
1365 1987 1378 2010 ,
1432 1946 1591 2000 cadat
1624 1946 1673 1997 i:i
1711 1956 1762 2000 te

185 2040 444 2094 ethnicus:
476 2038 756 2106 diligebas
781 2048 1060 2100 scortum,
1094 2038 1325 2106 primum
1357 2037 1409 2089 in
1443 2047 1494 2089 te
1517 2047 1760 2089 scortum

186 2135 440 2188 intereat:
497 2145 754 2201 peccator-
804 2147 927 2186 eras
958 2173 972 2195 ,
1031 2131 1188 2185 cadat
1246 2131 1300 2183 in
1351 2141 1402 2184 te
1458 2137 1710 2197 peccator
1744 2170 1758 2193 ,

187 2234 233 2280 ut
287 2225 460 2294 possis
529 2223 734 2278 dehinc
787 2239 1077 2292 resurgere
1145 2233 1200 2276 et
1263 2221 1450 2276 dicere
1482 2239 1494 2272 :
1531 2222 1591 2275 Si
1622 2237 1761 2274 com-

188 2318 352 2371 mortui
413 2333 632 2380 sumus,
695 2325 741 2369 et
785 2321 1108 2368 convivemus
1140 2330 1158 2366 :
1199 2324 1247 2366 et
1298 2314 1341 2366 si
1391 2313 1569 2366 mortis
1632 2329 1759 2366 con-

185 2412 388 2479 farmes,
443 2410 607 2462 simul
657 2421 705 2463 et
753 2408 1152 2462 resurrectionis
1202 2407 1390 2460 erimus
1433 2405 1618 2476 (Rom.
1653 2409 1757 2478 vt).

183 2501 360 2573 297-
380 2501 550 2573 298
588 2501 693 2556 ISte
717 2500 877 2570 igitur
906 2500 957 2553 in
992 2502 1200 2553 ruinam
1229 2509 1283 2553 et
1315 2501 1367 2552 in
1400 2499 1757 2553 resurrectio-

183 2611 284 2650 nem
313 2597 608 2649 inultorum
652 2594 861 2664 positus
890 2603 974 2648 est
1002 2595 1052 2646 in
1092 2593 1277 2659 Israel,
1331 2592 1432 2647 hoc
1462 2601 1564 2657 est,
1601 2596 1649 2645 in
1679 2592 1760 2647 his

181 2688 254 2759 qni
281 2689 429 2752 plena
459 2697 695 2758 possunt
736 2689 873 2753 acie,
904 2696 958 2742 et
989 2688 1197 2741 ratione
1228 2688 1562 2755 conspicere.
1596 2685 1664 2738 Et
1705 2687 1756 2739 iii

181 2783 356 2853 signum
384 2784 465 2834 cui
496 2782 901 2836 contradicetur.
941 2779 1203 2836 Omnibus
1235 2797 1353 2850 qua:
1382 2790 1562 2834 narrat
1593 2779 1760 2833 histo-

181 2875 243 2931 ria
268 2878 326 2931 de
353 2876 662 2943 Sili-aiore,
694 2875 1106 2930 cootradicitnr.
1139 2874 1304 2944 Virgo
1339 2886 1511 2928 mater
1541 2886 1644 2936 est,
1675 2875 1759 2928 eui

181 2968 564 3022 Contradicilur.
602 2967 932 3021 Marcionita:
965 2967 1353 3021 contraditum
1403 2967 1528 3022 huic
1582 2968 1756 3036 Signo,

181 3070 225 3115 et
248 3061 402 3130 aiunt,
453 3061 674 3130 penitus
706 3077 826 3116 eum
873 3061 941 3116 de
992 3061 1215 3114 muliere
1245 3079 1350 3114 non
1384 3077 1504 3115 esse
1533 3076 1761 3130 genera-

180 3165 291 3209 tum.
325 3157 594 3210 bliionitze
624 3155 1006 3210 contradicunt
1052 3155 1228 3224 signa,
1275 3156 1516 3209 dicentes
1547 3171 1612 3208 ex
1641 3155 1758 3208 viro

1864 1940 1954 2009 qui
1988 1956 2095 1992 non
2127 1942 2356 1992 aliorum
2390 1950 2621 2006 tantum,
2668 1940 2763 1994 sed
2793 1941 2958 1994 etiam
3005 1941 3189 1994 Mariae
3219 1955 3314 1994 cor
3344 1957 3467 2010 per-

1867 2032 2100 2084 transit?
2134 2036 2336 2099 Aperte
2365 2033 2646 2097 scribitur,
2682 2033 2829 2101 quod
2872 2035 2925 2086 in
2971 2041 3217 2102 tempore
3257 2034 3467 2104 pas-sio-

1867 2124 1949 2176 uis
1980 2138 2169 2176 omnes
2210 2123 2319 2176 sint
2371 2125 2603 2194 apostoli
2650 2125 3026 2190 seandalizati,
3087 2125 3204 2194 ipsii
3251 2141 3466 2196 queque

1865 2213 2098 2267 Domino
2125 2214 2347 2269 dicente
2380 2233 2392 2267 :
2432 2216 2622 2270 0.iiues
2650 2234 2737 2270 vos
2779 2217 3263 2272 scandalizabimini
3295 2221 3346 2272 in
3375 2236 3469 2272 iw-

1863 2317 1939 2360 cte
1971 2306 2314 2378 liac(.-ilattli.
2362 2309 2534 2378 xxvt).
2587 2309 2730 2380 Ergo
2776 2311 3133 2366 scandalizati
3180 2323 3306 2368 sunt
3349 2314 3469 2368 nni-

1862 2401 2026 2464 versi,
2062 2401 2111 2453 iii
2137 2411 2340 2468 tantum
2373 2412 2430 2455 ut
2458 2403 2650 2457 Petrus
2672 2421 2889 2475 quoque
2910 2411 3286 2476 apostolorum
3314 2411 3470 2480 prin-

1861 2507 1990 2561 ceps
2027 2493 2185 2549 tertio
2212 2494 2515 2563 denegarit.
2545 2496 2730 2564 Quid?
2757 2513 3007 2567 putanius
3040 2505 3207 2570 quod,
3237 2507 3470 2561 scanda-

1864 2584 2040 2640 lizaiis
2067 2585 2356 2652 apostolis,
2402 2584 2428 2623 υ
2470 2587 2642 2642 Mater
2674 2589 2886 2644 Domini
2918 2608 2947 2646 a
2998 2596 3257 2649 seandalo
3307 2599 3469 2654 fuerit

1863 2680 2158 2735 immunis?
2208 2681 2262 2735 Si
2314 2682 2638 2737 scandalum
2696 2685 2747 2738 in
2786 2684 2998 2740 Domini
3047 2691 3301 2758 passione
3358 2709 3467 2748 non

1862 2791 2017 2844 passa
2050 2787 2154 2844 est,
2190 2794 2296 2830 non
2327 2787 2412 2832 est
2443 2791 2690 2834 mortuus
2728 2781 2887 2838 Jesus
2921 2801 3016 2853 pro
3051 2788 3287 2855 peccatis
3314 2789 3460 2858 ejus.

1860 2869 1914 2924 Si
1946 2880 2128 2924 autent
2176 2887 2370 2926 omnes
2404 2884 2791 2942 peccaverunt,
2827 2885 2885 2931 et
2916 2888 3078 2948 egent
3104 2880 3278 2949 gloria
3326 2882 3459 2951 Dei,

1856 2963 2138 3032 jnstilicati
2181 2967 2350 3035 gratia
2397 2969 2516 3034 ejus
2563 2976 2620 3022 et
2667 2970 2958 3036 redempti,
2990 2973 3176 3042 utique
3207 2986 3262 3028 et
3294 2976 3460 3033 Maria

1862 3060 1954 3114 illo
1979 3071 2225 3130 tempore
2256 3061 2616 3117 scandalizata
2649 3073 2751 3120 est.
2792 3066 2859 3120 Et
2887 3068 2990 3121 boc
3029 3079 3113 3123 est
3145 3071 3287 3139 quod
3321 3087 3462 3128 nunc

1863 3155 2082 3210 Sinieon
2115 3155 2425 3224 prOpthat,
2449 3157 2642 3212 dicens
2678 3177 2688 3212 :
2735 3158 2804 3212 Et
2845 3170 2986 3214 tuam
3017 3163 3183 3228 ipsius
3210 3165 3460 3232 animant,

181 3255 225 3300 et
251 3248 461 3302 muliere
494 3250 570 3303 ita
607 3260 791 3302 natum
820 3262 967 3314 esse,
1005 3257 1060 3301 ut
1089 3262 1186 3300 nos
1212 3262 1426 3316 quoque
1460 3250 1748 3301 nascimur.
1783 3247 1828 3309 C
1859 3262 1981 3317 quae
2027 3247 2137 3300 seis
2177 3248 2384 3315 absque
2416 3249 2532 3301 viro
2578 3250 2859 3318 peperisse
2911 3261 2962 3306 te
2996 3252 3296 3324 Virginem,
3338 3273 3462 3327 quae

183 3337 347 3393 llabuit
383 3356 590 3411 corpus
633 3342 951 3403 humanum,
1005 3349 1062 3394 et
1121 3341 1222 3394 hoc
1272 3341 1486 3409 signum
1537 3349 1620 3394 cst
1671 3342 1756 3394 cui

183 3433 570 3488 Contradicitnr.
605 3433 706 3487 Alii
737 3433 882 3487 enim
915 3432 1124 3496 dicunt,
1152 3449 1274 3486 enin
1307 3434 1526 3486 venisse
1555 3432 1622 3486 de
1646 3448 1757 3487 cte-

183 3523 275 3578 lis:
309 3527 417 3588 alii.
449 3528 561 3582 tale
597 3536 622 3563 ⁸
658 3529 817 3593 quale
863 3543 962 3581 nos
993 3541 1189 3598 corpus
1230 3526 1504 3592 habuisse,
1558 3536 1614 3580 ut
1665 3544 1759 3596 per

183 3617 571 3675 similitudinem
619 3619 870 3688 corporis
913 3620 1073 3673 etiam
1125 3629 1308 3673 nostra
1342 3634 1570 3687 corpora
1617 3620 1760 3673 redi-

183 3724 325 3765 meret
357 3729 383 3765 a
416 3713 683 3780 peccatis,
737 3725 788 3767 et
819 3713 976 3766 daret
1008 3713 1166 3766 nobis
1195 3729 1347 3781 spem
1401 3714 1762 3767 resurrectio-

186 3801 269 3854 nis.
297 3802 615 3858 [t-surrexit
658 3819 687 3856 a
738 3805 1004 3858 mortuis:
1056 3815 1112 3858 et
1167 3804 1268 3858 hoc
1317 3803 1531 3873 signum
1563 3815 1644 3858 est
1675 3821 1761 3875 cui

184 3895 576 3960 cciitrailicitnr,
610 3895 882 3961 quomodo
915 3895 1236 3958 resurrexit,
1288 3904 1340 3950 et
1389 3909 1566 3950 utrum
1620 3898 1758 3966 ipse,

185 3994 228 4036 et
249 3987 353 4038 talis
380 3987 559 4054 qualis
588 3996 834 4041 mortuus
864 3996 967 4055 est,
1005 4003 1073 4040 an
1101 3996 1250 4042 certe
1277 3987 1330 4040 iii
1364 3988 1604 4042 melioris
1635 3991 1762 4043 sub-

185 4077 367 4131 SIaiitiai
402 4092 613 4149 corpus
655 4079 1041 4134 resurrexerit.
1077 4080 1140 4133 Et
1167 4087 1250 4134 est
1292 4079 1500 4134 inlinita
1527 4090 1759 4135 conten-

189 4169 297 4228 tio:
345 4171 463 4226 aliis
517 4171 872 4239 dicentibus,
921 4171 1148 4227 ﬁxuram
1199 4173 1470 4227 clarorum
1536 4174 1759 4229 Thema:

245 4293 265 4319 '
301 4287 664 4343 Observatum
694 4298 778 4343 est
809 4301 970 4356 supra
1008 4286 1073 4341 ad
1120 4285 1401 4340 homiliani
1448 4282 1514 4356 14
1546 4286 1761 4340 verissi-

188 4369 258 4408 me
275 4360 532 4413 creditum
569 4355 962 4428 probatumque
1008 4359 1250 4429 Origeni,
1286 4374 1416 4411 vere
1462 4355 1759 4429 humanum

189 4442 375 4499 Corpus,
407 4443 459 4484 et
506 4447 618 4484 non
651 4433 972 4486 ementitum
1003 4428 1285 4485 Ctiristum
1317 4439 1581 4497 gestasse.
1611 4428 1762 4484 Nunc

190 4512 295 4562 erit”
337 4518 404 4566 qu
427 4505 553 4556 indu
585 4504 875 4558 haereticos
909 4504 1244 4567 pronuntiat,
1277 4499 1368 4568 qui
1400 4515 1522 4553 eum
1550 4511 1757 4568 putant,

190 4570 274 4622 tale
295 4573 437 4646 quale
486 4590 586 4626 nos
614 4590 804 4646 corpus
839 4574 1100 4636 habuisse,
1155 4583 1208 4628 et
1236 4588 1265 4625 a
1308 4573 1604 4646 semetipso
1654 4572 1763 4646 dis-

191 4643 387 4716 §euIire,
419 4656 587 4716 atque
638 4663 667 4698 a
710 4643 953 4699 'veriiate
1009 4647 1226 4715 longius
1279 4645 1539 4716 aberrare
1588 4643 1758 4710 prima

191 4709 342 4781 trante
389 4709 664 4770 rideatur.
730 4717 925 4770 Verum
985 4733 1074 4770 res
1106 4709 1288 4769 'aliter
1341 4709 1601 4781 putanda
1641 4725 1757 4779 est,

192 4780 441 4841 Eliionitas
482 4788 754 4858 siquidem
809 4789 1142 4858 perstringit,
1187 4789 1277 4857 qui
1318 4780 1591 4838 eonimuni
1645 4785 1763 4854 lege

194 4867 372 4927 tiamne
393 4875 458 4913 ex
487 4876 607 4912 νιν-υ
629 4870 686 4913 et
716 4860 942 4914 muliere
955 4869 1272 4927 generatum
1299 4872 1496 4923 corpus
1514 4872 1763 4925 aSstttttp-

194 4926 310 5000 Sisse
369 4929 469 4984 sibi
528 4928 809 4984 Christum
874 4926 1038 5000 impie
1100 4930 1472 5000 delinieltittita
1521 4927 1761 4997 llincque

195 4998 309 5070 adeo
335 5001 397 5054 de
422 5001 510 5055 illa
536 5002 805 5069 potandus
834 5013 915 5055 est
941 4997 1084 5070 loqui
1114 4997 1572 5070 dissimilitudine,
1601 5014 1760 5068 quam

197 5067 397 5143 ipsemet
426 5077 478 5126 in
512 5067 778 5141 promittio
810 5067 1072 5127 libroruin
1114 5073 1180 5128 de
1213 5069 1516 5143 _l’t‘incipiis
1570 5067 1765 5143 astruit

197 5141 315 5193 inter
344 5154 585 5197 nostrum
616 5155 674 5198 et
700 5145 900 5199 Christi
931 5160 1129 5210 corpus
1165 5161 1177 5196 :
1203 5141 1533 5205 Incaruatus,
1566 5142 1760 5210 inquit,

197 5221 257 5282 est
283 5214 569 5282 (Christus)
594 5233 715 5270 cum
745 5215 886 5270 Deus
918 5226 1046 5268 esset
1078 5257 1092 5281 ,
1128 5225 1172 5265 et
1205 5216 1356 5266 homo
1387 5214 1591 5279 mansit,
1625 5214 1763 5280 quod

199 5275 317 5336 Dm
339 5298 462 5351 erat,
511 5275 704 5350 corpus
757 5288 1035 5354 assumpsit
1081 5275 1256 5340 nostra
1313 5285 1516 5350 corpori
1563 5275 1760 5351 simile,

200 5367 248 5404 t‘o
272 5354 370 5407 solo
401 5357 663 5425 differens,
698 5359 837 5426 quod
865 5368 1044 5411 natum
1093 5374 1157 5412 ex
1199 5356 1404 5421 Virgine
1446 5355 1508 5407 de
1561 5355 1760 5424 Spiritu

201 5437 352 5479 saucio
391 5440 484 5482 est.
524 5427 592 5480 Et
642 5433 883 5494 quoniam
918 5428 1002 5483 hic
1044 5428 1199 5482 Jesus
1242 5426 1478 5479 Christus
1517 5438 1668 5479 natus
1717 5437 1763 5480 et

203 5509 357 5571 passus
387 5508 455 5552 est
488 5501 540 5552 in
571 5504 798 5563 veritate,
826 5510 871 5554 et
900 5518 998 5553 non
1041 5517 1129 5571 per
1165 5501 1443 5569 imaginem
1463 5537 1474 5556 ,
1507 5499 1760 5550 communi

200 5560 452 5646 haemorte
469 5587 582 5624 vere
601 5560 834 5625 mortuus
859 5581 956 5637 est,
989 5560 1101 5625 vere
1123 5571 1257 5626 enim
1273 5560 1316 5623 va
1348 5572 1560 5621 mortuis
1590 5586 1762 5622 resur-

202 5649 331 5690 rel“.

219 5775 228 5785 ,
261 5705 284 5743 ¹³
323 5711 424 5767 lloc
451 5730 662 5784 qunque
704 5731 865 5786 supra
895 5723 1138 5770 notatum
1172 5724 1255 5768 est
1287 5712 1445 5786 nobis
1473 5711 1538 5766 ad
1586 5710 1760 5765 homi-

201 5773 307 5855 liam
343 5788 398 5838 M
428 5773 614 5839 mintr'a
657 5773 968 5855 Origeneni,
1021 5788 1110 5843 tibi
1141 5786 1358 5842 Mariam
1390 5783 1590 5838 Christi
1647 5800 1756 5837 Ina-

203 5853 337 5917 treiii,
386 5866 573 5924 utpote
641 5853 950 5926 hominem,
1010 5861 1326 5930 purgatione
1380 5856 1677 5925 indiguisse
1731 5872 1758 5911 a

1793 4616 1842 4676 D

1863 3339 2060 3392 audisti
2093 3355 2122 3391 a
2152 3339 2408 3393 Gabriele
2441 3358 2452 3392 :
2491 3341 2722 3406 Spiritus
2750 3355 2958 3397 sanctus
2997 3347 3160 3400 veniet
3191 3365 3345 3418 super
3389 3359 3458 3419 te,

1864 3442 1910 3484 et
1942 3433 2099 3486 iirtus
2142 3433 2395 3486 Altissiiiii
2425 3435 2746 3488 obuntbrabit
2784 3437 2913 3504 tibi,
2962 3441 3293 3505 pertransibit
3342 3443 3462 3497 inll-

1865 3523 2108 3578 delitatis
2137 3523 2369 3595 gladius,
2402 3538 2455 3580 et
2507 3528 2879 3595 ambiguitatis
2924 3547 3187 3588 mucrone
3230 3533 3462 3604 ferieris,

1865 3627 1920 3672 et
1946 3621 2308 3688 cogitationes
2359 3634 2464 3674 tua:
2519 3629 2570 3674 te
2603 3622 2654 3675 iii
2694 3622 2908 3678 diversa
2957 3625 3304 3694 lacerabunt,
3338 3645 3460 3686 cum

1865 3709 2064 3763 videris
2096 3709 2270 3775 illum,
2299 3726 2461 3780 quem
2495 3710 2687 3766 Filium
2731 3715 2822 3768 Dei
2862 3716 3132 3781 audieras,
3160 3731 3216 3775 et
3253 3720 3488 3776 Sciebas-

1862 3801 2068 3870 absque
2099 3804 2308 3856 semine
2330 3803 2430 3856 \‘il‘l
2458 3819 2580 3857 esse
2611 3815 2951 3874 generatum,
2979 3809 3223 3881 crueiligi
3267 3822 3322 3867 et
3349 3829 3464 3867 mo-

1866 3897 1940 3960 ri,
1976 3907 2030 3950 et
2061 3897 2349 3966 suppliciis
2383 3898 2635 3953 humanis
2666 3916 2789 3955 eSse
2813 3902 3144 3971 subjectum,
3193 3913 3248 3958 et
3273 3906 3336 3958 ad
3369 3922 3463 3974 po-

1863 3999 2127 4044 stremum
2162 3992 2598 4061 lacrytnabilitcr
2624 4006 3051 4064 conquerentem
3083 4007 3247 4066 atque
3275 3997 3466 4053 dicen-

1863 4093 1970 4139 tem
2002 4101 2014 4134 :
2066 4082 2244 4146 Pater,
2275 4083 2320 4137 si
2367 4085 2610 4153 possibile
2650 4097 2742 4150 est,
2776 4098 3095 4158 pertranseat
3126 4092 3265 4144 calix
3312 4093 3406 4147 iste
3431 4111 3464 4147 a

1863 4192 1943 4230 me
1974 4174 2192 4248 (.llatt/t.
2228 4176 2403 4246 xxvr).
2442 4176 2507 4230 Et
2537 4187 2679 4232 tuam
2709 4197 2828 4249 ergo
2863 4183 3090 4236 animant
3131 4187 3464 4254 pertransibit

1871 4294 2092 4353 peccato
2124 4287 2327 4358 sensit,
2361 4287 2618 4358 refragari
2656 4289 2794 4345 lianc
2835 4300 3162 4350 sententiain
3206 4299 3466 4356 orthodo-

1869 4373 1950 4411 xz!)
1981 4357 2235 4410 Ecclesia:
2266 4357 2581 4434 consensui,
2639 4361 3054 4434 Tridentinique
3106 4371 3320 4426 t'oni-ilti
3369 4376 3464 4430 de-

1870 4438 2221 4509 creto,lsect.
2259 4432 2312 4493 6,
2343 4446 2465 4484 ean.
2499 4433 2598 4509 ΞΠ),
2641 4449 2746 4509 quo
2791 4435 2853 4489 Β.
2899 4432 3059 4509 Virgo
3105 4443 3309 4496 nullum
3343 4461 3458 4500 unt-

1871 4516 2030 4589 quatit
2059 4502 2110 4589 in
2137 4514 2195 4552 se
2221 4515 2501 4589 plect'atum
2521 4504 2822 4589 admisisse
2840 4502 3052 4589 ipi'citili
3080 4511 3168 4565 Dei
3194 4517 3463 4589 privilegio

1871 4574 2204 4659 declaratur.
2246 4571 2482 4659 ‘l‘tl‘tQ'Slll-l'l
2520 4574 2607 4629 lIlC
2639 4571 2949 4659 reponin'ius
2990 4571 3342 4651 Adattiaiitio,
3372 4571 3462 4659 qui

1867 4643 2129 4727 scaniluli,
2179 4643 2546 4727 inﬁdelitatis,
2597 4643 3048 4727 ambiguitatisque
3102 4672 3220 4710 reas
3265 4643 3464 4727 no’ta's,

1869 4716 2196 4788 culpamque
2248 4716 2606 4771 sanctissima:
2662 4716 2752 4775 Ι)θί
2802 4716 2971 4778 Μθῑινῖ
3009 4727 3170 4780 audet
3227 4716 3461 4788 inurere:

1869 4784 2233 4860 Quamquam,
2262 4797 2318 4838 ut
2349 4802 2417 4841 ne
2447 4793 2575 4857 quid
2599 4792 2959 4860 dissimulem,
2986 4801 3116 4860 scio,
3145 4807 3198 4850 et
3223 4804 3291 4854 cl.
3324 4784 3468 4859 Hae:-

1871 4865 1976 4908 tuis
2006 4867 2177 4931 notat,
2210 4857 2345 4910 hanc
2379 4861 2547 4928 ipsam
2587 4860 2839 4931 Origenis
2884 4857 3207 4923 sententiam
3240 4857 3462 4931 totidem

1868 4927 2260 5002 p_ropeniod_uu'i
2281 4927 2474 5002 _VCI‘Di.~
2501 4935 2550 4985 in
2579 4927 2861 5002 epistolam
2894 4953 3049 4993 suam
3081 4942 3186 4996 3l7
3212 4927 3465 5002 retulisse

1872 4999 2115 5068 Magnum
2148 4997 2430 5075 Basiliam,
2458 5005 2552 5072 qui
2600 4997 2763 5075 gladii
2810 5014 3026 5064 nomine
3057 4997 3464 5074 ﬂuctuationem

1869 5075 2161 5148 quainilani
2197 5072 2422 5148 indicari
2465 5091 2495 5128 a
2533 5072 2792 5134 Simeoue
2823 5085 3034 5148 senm,
3081 5087 3376 5140 (μηειη-εη,
3408 5072 3462 5144 id

1870 5153 2051 5226 partes
2082 5140 2264 5196 Mariae
2294 5145 2551 5226 animauit,
2583 5161 2811 5202 mortem
2845 5140 3081 5219 patiente
3111 5155 3266 5221 Filio,
3308 5140 3462 5226 juxta

1868 5216 2108 5278 ejusdem
2136 5216 2412 5286 oraculum
2447 5234 2458 5268 :
2493 5216 2684 5273 Omnes
2735 5216 3216 5280 scaiidalt'zubimiui
3253 5216 3326 5281 ’ἱιῖ
3358 5247 3456 5286 me.

1870 5287 2122 5350 Alioquin
2157 5285 2221 5361 ad
2245 5300 2512 5361 sanetam
2545 5289 2818 5361 Virginem
2854 5311 3043 5350 mortis
3097 5297 3296 5353 ιιιιιὶμιί
3347 5285 3462 5355 fro?

1868 5365 2014 5408 ctum
2044 5372 2157 5432 non
2183 5355 2350 5411 fuisse
2384 5355 2788 5432 lLerventui‘uui.
2819 5363 2980 5420 Addit
3016 5369 3262 5423 laudatus
3302 5371 3462 5430 Abri-

1869 5429 2364 5514 getisISReilihc‘upus
2395 5429 2573 5514 Titinii
2608 5434 2952 5514 lioSIrennni,
2994 5429 3456 5514 Amphilochium,

1867 5495 2012 5552 Orat.
2045 5495 2436 5581 Zl’i‘defdciursu
2469 5503 2702 5581 Demini,
2748 5495 3192 5581 Lbrysostotnitm
3227 5495 3280 5566 in

1869 5568 2310 5655 xiit,‘_Cytillum
2371 5573 2431 5655 in.
2493 5568 2792 5655 Joannem,
2841 5568 3084 5648 aliosque
3141 5568 3458 5655 nonnullos,

1863 5656 1952 5708 qui
1984 5644 2256 5693 Sitneonis
2285 5644 2621 5718 prophetiam
2673 5649 2864 5702 eodem
2915 5644 3190 5718 exilit-aut
3240 5671 3403 5712 sensu

1865 5719 2255 5784 lumelb'lup03l
2301 5713 2694 5772 (ιιιυιιιιίυιιθιιι
2762 5723 2946 5775 statim
2992 5713 3195 5779 animo
3261 5713 3460 5784 conlir;

1861 5796 2062 5908 piatum
2093 5782 2316 5838 Mariam
2346 5785 2543 5851 fuisse,
2580 5789 2820 5859 plerique
2847 5808 3037 5850 omnes
3060 5782 3285 5855 minime
3305 5782 3460 5860 ditia-

1883 5863 2091 5908 cantur.

1883 5863 2091 5910 cantur.
