3978 6338
504 340 617 403 εδει

1757 328 1817 391 8.
1860 325 2133 390 EUSEBII
2170 322 2554 387 HIERONYMI

3703 313 3805 382 160

510 458 742 533 gladius,
773 460 829 510 ut
851 455 1143 511 revelentur
1162 468 1226 509 ea:
1247 452 1528 509 multorum
1558 449 1804 506 cordibus
1832 449 2112 522 cogitatio-
2140 452 2189 515 Α
2216 462 2324 518 que
2348 446 2493 503 enim
2535 444 2851 515 episcopus,
2883 455 2988 498 nee
3026 439 3338 514 presbyter,
3381 452 3484 497 nec
3529 437 3800 505 diaconus,

506 566 619 605 nes.
651 547 1022 621 Cogitationes
1044 554 1204 604 erant
1227 546 1383 602 malm
1404 545 1459 601 in
1475 544 1817 611 hominibus,
1848 558 1971 614 quae
1987 557 2112 613 pro-

509 652 698 715 pterea
731 641 987 698 revelata:
1013 650 1161 710 sunt,
1210 649 1268 696 ut
1307 639 1534 709 prolatae
1559 638 1612 693 in
1644 635 1880 693 medium
1920 635 2114 707 perde-

507 743 722 801 rentur,
755 745 810 791 et
858 732 1164 790 interfecta:
1196 742 1359 803 atque
1408 739 1673 787 emortua:
1725 744 1853 799 esse
1895 728 2111 784 desine~

510 836 658 897 rent,
688 837 744 884 et
763 826 1044 883 occideret
1085 825 1247 898 θοι
1268 825 1477 898 -302
1523 838 1617 880 eas
1647 823 1738 878 ille
1767 824 1859 895 qui
1890 836 1989 894 pro
2019 835 2116 879 no-

509 920 594 978 bis
627 930 872 977 mortuus
902 930 983 978 est
1016 938 1030 977 :
1081 920 1335 992 quamdiu
1382 919 1532 976 enim
1584 917 1921 975 abscondita:
1960 924 2118 972 erant

505 1014 891 1086 cogitationes,
942 1028 1045 1069 nec
1090 1014 1314 1083 prolatu:
1364 1012 1418 1067 in
1470 1011 1729 1079 medium,
1779 1008 2119 1082 impossibile

511 1118 629 1167 erat
658 1123 751 1164 eus
785 1105 998 1179 penitus
1031 1107 1285 1163 interfici.
1314 1106 1470 1163 Unde
1498 1117 1553 1161 et
1574 1120 1697 1174 nos,
1728 1104 1773 1159 si
1800 1104 2119 1174 peccaveri-

511 1219 655 1269 mus,
689 1203 953 1260 debemus
998 1202 1183 1259 dicere
1216 1220 1229 1257 :
1285 1200 1564 1257 Peccatum
1600 1216 1771 1257 meum
1798 1208 1981 1255 notum
2020 1200 2119 1271 {cci

508 1296 627 1365 tibi,
660 1306 708 1352 et
728 1296 1061 1368 iniquitatem
1087 1312 1260 1350 meam
1283 1312 1388 1350 non
1419 1294 1690 1350 abscondi.
1715 1292 1865 1363 Dixi,
1897 1293 2119 1347 Annuu-

508 1390 653 1445 tiabo
698 1390 1021 1464 injustitiam
1076 1405 1242 1443 meam
1298 1397 1483 1443 contra
1533 1402 1613 1441 me
1664 1383 1888 1439 Domino
1935 1381 2114 1456 (Psal.

506 1481 705 1555 nm).
751 1482 810 1539 Si
868 1483 1014 1538 enim
1064 1481 1170 1537 hoc
1223 1480 1539 1547 fecerimus,
1595 1489 1652 1535 et
1690 1474 2117 1533 revelaverimus

510 1584 736 1650 peccata
773 1587 960 1633 nostra
1004 1593 1112 1633 non
1142 1576 1321 1633 solum
1365 1576 1499 1643 Deo,
1529 1572 1626 1631 sed
1654 1582 1709 1629 et
1739 1571 1826 1627 his
1865 1570 1959 1642 qui
1989 1584 2119 1641 pos-

509 1680 645 1730 sunt
672 1670 881 1728 mederi
912 1670 1231 1727 vulneribus
1276 1668 1479 1725 nostris
1510 1675 1675 1738 atque
1704 1667 1966 1738 peccatis,
2015 1664 2117 1721 de-

510 1764 775 1822 lebttntur
805 1772 1023 1834 peccata
1054 1771 1239 1818 nostra
1268 1762 1338 1817 ab
1364 1776 1455 1829 eo,
1497 1760 1589 1830 qui
1616 1760 1696 1815 ait
1723 1775 1737 1811 :
1768 1757 1904 1813 Ecce
1936 1755 2117 1811 delebo

2214 553 2321 595 nec
2347 538 2504 593 vidua
2547 543 2776 607 possunt
2805 550 2928 591 esse
2972 532 3176 605 digami
3211 550 3224 588 :
3268 532 3352 589 sic
3385 531 3615 588 forsitan
3654 540 3706 588 et
3744 532 3804 588 de

2214 639 2362 688 centu
2412 630 2834 703 primitivorum,
2888 626 3477 697 immaculatorumque
3534 624 3802 693 Ecclesiae,

2215 741 2339 797 quas
2370 740 2476 780 non
2518 723 2685 783 habet
2724 722 3019 786 maculam,
3079 735 3259 793 neque
3307 736 3522 792 rugam,
3572 719 3807 790 ejiciatur

2214 818 2470 890 digamus
2498 836 2512 872 :
2544 834 2652 873 non
2685 831 2793 887 quo
2818 815 2871 871 in
2900 824 3163 871 aeternum
3201 814 3449 869 mittatur
3483 812 3803 877 incendium,

2217 912 2315 969 sed
2345 928 2453 982 quo
2485 920 2694 983 partem
2715 925 2822 965 non
2864 908 3071 964 habeat
3096 908 3149 964 in
3192 922 3365 977 regno
3412 906 3529 961 Dei.
3581 903 3805 972 Memini,

2217 1021 2340 1062 cum
2372 1005 2770 1076 interpretarer
2802 1001 2963 1068 illud,
2995 1001 3141 1073 quod
3171 1000 3239 1055 ad
3285 998 3602 1056 Corinthios
3627 998 3806 1054 scribi-

2222 1110 2355 1155 tur:
2395 1097 2640 1153 Ecclesiaa
2675 1096 2797 1163 Dei,
2846 1111 2963 1168 qua
2993 1103 3069 1151 est
3118 1092 3377 1159 Corinthi,
3421 1110 3537 1149 cum
3590 1092 3809 1149 omnibus

2216 1193 2309 1264 qui
2340 1193 2582 1246 invocant
2602 1206 2744 1258 cum,
2771 1188 2980 1247 dixisse
3006 1204 3097 1244 me
3123 1186 3504 1244 diversitatem
3535 1185 3805 1251 Ecclesia,

2218 1294 2276 1341 et
2304 1299 2495 1340 eorum
2546 1284 2637 1354 qui
2693 1283 2956 1339 invocant
2982 1296 3184 1337 nomen
3217 1268 3455 1343 Domini.
3508 1279 3649 1336 Puto
3680 1279 3807 1336 enim

2220 1392 2630 1448 monogamum,
2655 1384 2711 1432 et
2741 1375 3036 1447 virginem,
3063 1384 3120 1431 et
3144 1389 3269 1429 eum
3289 1371 3387 1446 qui
3416 1373 3473 1429 in
3502 1372 3809 1428 castimonia

2217 1479 2553 1540 perseverat,
2583 1482 2707 1524 esse
2748 1468 2817 1523 de
2846 1466 3092 1523 Ecclesia
3121 1466 3217 1522 Dei
3251 1483 3266 1522 :
3299 1481 3421 1521 eum
3456 1480 3591 1522 vero
3626 1465 3713 1537 qui
3747 1464 3813 1537 sit

2218 1563 2495 1637 digamus,
2513 1563 2640 1619 licet
2664 1563 2862 1618 bonam
2888 1562 3087 1618 habeat
3111 1560 3618 1625 conversationem.
3649 1568 3702 1615 et
3721 1574 3813 1616 ca-

2222 1658 2361 1713 teris
2390 1655 2691 1712 virtutibus
2717 1656 2939 1725 polleat,
2973 1663 3150 1709 tamen
3176 1669 3286 1708 non
3318 1668 3443 1710 esse
3477 1652 3549 1709 de
3590 1652 3812 1710 Ecclesia

2218 1762 2274 1809 et
2295 1752 2365 1809 de
2392 1767 2461 1809 eo
2488 1766 2741 1817 numero,
2773 1749 2869 1821 qui
2911 1763 3019 1804 non
3050 1747 3252 1807 habent
3297 1761 3485 1818 rugam
3524 1754 3622 1802 aut
3647 1760 3813 1801 maeu-

524 1866 582 1912 ut
613 1857 802 1913 nubent
838 1857 1135 1929 iniquitates
1166 1866 1303 1923 tuas,
1346 1864 1393 1911 et
1424 1855 1560 1908 sicut
1604 1852 1881 1925 caliginem
1907 1858 2122 1925 peccata
2154 1845 2199 1907 Β
2228 1848 2361 1913 lam,
2389 1855 2484 1901 aut
2520 1844 2723 1917 aliquid
2766 1842 3115 1909 istiusmodi;
3167 1841 3265 1899 sed
3312 1856 3435 1899 esse
3463 1842 3538 1898 de
3588 1838 3814 1899 secundo

512 1958 605 2006 tua
646 1946 804 2022 (lsai.
855 1949 1024 2020 xuv).
1076 1948 1209 2002 Post
1250 1945 1530 2004 Simeonis
1572 1944 1943 2016 prophetiam,
1987 1942 2111 2013 quia

510 2056 744 2100 necesse
771 2049 980 2097 eratut
1028 2040 1286 2095 mulieres
1331 2039 1501 2094 etiam
1550 2037 1918 2101 salvarentur,
1970 2035 2119 2089 venit
2164 2072 2169 2079 .

510 2136 813 2208 prophetes
844 2134 1062 2195 mulier,
1103 2132 1175 2187 de
1208 2147 1315 2201 qua
1344 2130 1606 2187 scribitur
1636 2148 1647 2183 :
1701 2126 1769 2182 Et
1813 2132 1926 2182 erat
1967 2128 2120 2180 Anna

511 2228 864 2302 prapltezissa,
900 2227 1012 2299 filia
1056 2224 1303 2280 Phanuel
1332 2225 1396 2280 de
1426 2225 1565 2280 tribu
1597 2224 1742 2278 Aser.
1788 2222 1963 2289 Quam
2001 2219 2121 2290 pul-

511 2321 643 2379 cher
675 2319 853 2376 ordo!
899 2318 1017 2374 Non
1052 2318 1201 2373 venit
1238 2325 1366 2373 ante
1398 2314 1575 2372 virum
1624 2314 1844 2379 mulier,
1878 2312 1972 2369 sed
2012 2312 2091 2384 pri

508 2428 659 2470 mum
687 2414 836 2468 venit
854 2410 1100 2476 Simeon,
1123 2412 1216 2483 qui
1250 2408 1615 2481 apprehendit
1646 2407 1930 2475 infantem,
1954 2418 2010 2463 et
2039 2415 2123 2462 te-

502 2506 637 2563 ~nuit
659 2506 712 2559 in
739 2504 981 2561 brachiis
1000 2505 1115 2559 suis
1146 2521 1158 2557 ε
1196 2503 1399 2560 deinde
1429 2502 1644 2568 mulier,
1674 2503 1829 2573 cujus
1859 2517 1966 2557 non
1994 2508 2122 2555 sunt

514 2598 739 2671 quidem
790 2598 955 2655 verba
1001 2597 1241 2669 digesta;
1289 2596 1387 2653 sed
1417 2595 1623 2653 dictum
1673 2607 1758 2652 est
1794 2596 2123 2669 generaliter

510 2692 661 2765 quod
688 2692 940 2747 confessa
973 2692 1045 2746 sit
1076 2691 1329 2756 Domino,
1354 2699 1411 2746 et
1442 2691 1628 2747 locuta
1672 2689 1743 2745 de
1770 2705 1838 2746 eo
1868 2688 2123 2744 omnibus

513 2786 610 2858 qui
657 2785 1056 2855 exspectabant
1102 2784 1540 2855 redemptionem
1610 2783 1797 2839 Israel.
1850 2783 1919 2838 Et
1978 2782 2125 2853 juste

515 2886 706 2936 sancta
729 2879 925 2934 mulier
948 2878 1200 2949 spiritum
1230 2877 1593 2949 prophetandi
1620 2877 1818 2934 meruit
1845 2876 2118 2947 accipere,

518 2972 645 3045 quia
676 2972 838 3043 longe
870 2973 1147 3038 castitate,
1184 2972 1475 3043 longisque
1511 2970 1734 3043 jejuniis
1774 2972 1844 3026 ad
1877 2971 1981 3026 hoc
2009 2970 2127 3025 culo

522 3082 651 3124 men
683 3066 1027 3123 ascenderat.
1060 3067 1273 3132 Videte,
1298 3068 1576 3137 mulieres,
1610 3066 1987 3123 testimonium
2019 3068 2125 3121 An-

518 3177 626 3227 na),
658 3172 713 3217 et
740 3162 1030 3217 imitamini
1076 3161 1232 3228 illud,
1276 3161 1320 3216 si
1354 3162 1573 3233 quando
1602 3161 1759 3217 vobis
1790 3160 2041 3217 evenerit
2069 3171 2125 3215 ut

2221 1938 2413 2010 gradu,
2446 1938 2595 1993 etde
2624 1936 2711 1991 his
2741 1935 2831 2007 qui
2861 1937 3118 1990 invocant
3145 1949 3349 1990 nomen
3391 1934 3631 1999 Domini,
3656 1944 3707 1989 et
3730 1931 3807 2010 qui

2219 2006 2501 2087 salvantur
2532 2006 2851 2100 quidemin
2894 2029 3116 2084 nomine
3163 2027 3293 2084 .lesu
3340 2027 3570 2092 Christi.
3620 2006 3809 2099 nequa-

2214 2138 2381 2194 quam
2415 2132 2595 2178 tamen
2618 2129 2959 2178 costmanttﬂ‘
2985 2120 3054 2177 ab
3075 2135 3165 2177 eo.
3191 2119 3291 2176 Cui
3312 2130 3401 2178 est
3423 2120 3606 2192 gloria
3632 2128 3685 2177 et
3720 2119 3811 2177 im-

2239 2210 2452 2289 perium
2484 2216 2540 2272 in
2566 2216 2761 2271 saecula
2796 2215 3143 2272 seculorum.
3204 2214 3400 2270 Amen.

2586 2345 2947 2429 303-304
2975 2345 3256 2404 HOMILIA
3284 2293 3501 2405 xvnta

2226 2462 2302 2525 De
2344 2477 2413 2520 eo
2456 2460 2601 2532 quod
2646 2461 2907 2534 scriptum
2953 2471 3037 2534 est
3070 2480 3084 2517 :
3114 2460 3257 2523 Puer
3294 2472 3471 2523 autem
3501 2463 3753 2525 crescebat
3773 2472 3816 2521 et

2303 2535 2697 2605 confortabatur
2720 2575 2735 2599 ,
2764 2532 2938 2605 usque
2967 2532 3033 2588 ad
3066 2548 3203 2605 eum_
3230 2535 3435 2601 locum,
3470 2535 3564 2597 ubi
3601 2537 3674 2590 ait
3704 2552 3718 2592 :
3745 2536 3815 2590 An

2299 2603 2603 2661 nesciebatis
2636 2608 2758 2681 quia
2803 2603 2982 2681 irritis
3018 2621 3134 2673 qua:
3164 2603 3343 2661 Patris
3384 2608 3484 2661 mei
3522 2617 3646 2663 sunt
3682 2624 3818 2681 opor-

2300 2687 2369 2732 tet
2407 2694 2488 2732 nte
2514 2678 2664 2732 esse?
2688 2677 2822 2746 Cap.
2852 2676 2918 2731 ll.

2298 2791 2466 2847 Natus
2506 2800 2594 2848 est
2638 2791 2906 2847 Dominus
2945 2807 3100 2847 meus
3139 2791 3330 2861 Jesus,
3375 2801 3430 2848 et
3466 2793 3816 2850 ascenderunt

2227 2895 2483 2957 parentes
2532 2886 2650 2958 ejus
2694 2886 2746 2940 in
2790 2886 3226 2959 Jerosolymam,
3259 2886 3339 2943 'ut
3381 2888 3719 2961 complerent
3762 2903 3817 2943 ea

2226 2994 2348 3051 quae
2406 2978 2622 3035 fuerant
2665 2979 2719 3034 in
2758 2978 2904 3051 Lege
2934 2989 3203 3050 praecepta
3243 3019 3259 3048 ,
3318 2990 3376 3035 et
3421 2979 3678 3036 offerrent
3732 2995 3815 3051 pro

2226 3087 2293 3127 eo
2325 3087 2420 3142 par
2471 3081 2761 3141 turturum,
2809 3083 2863 3128 ct
2903 3072 3044 3129 duos
3084 3073 3263 3144 pullos
3301 3072 3697 3130 columbarum.
3724 3072 3817 3130 Tc-

2235 3164 2355 3220 nuit
2412 3181 2534 3220 eum
2595 3165 2831 3220 brachiis
2882 3167 2997 3221 suis
3032 3166 3283 3233 Simeon,
3314 3176 3371 3221 ut
3397 3166 3603 3222 dudum
3631 3167 3815 3223 lectum

517 3252 767 3323 perdatis
793 3254 963 3309 viros.
993 3252 1355 3309 Considerate
1381 3253 1513 3325 quid
1541 3254 1609 3309 de
1630 3269 1692 3309 ea
1716 3254 1982 3324 scriptum
2015 3253 2120 3308 sit:
2150 3240 2201 3305 Ο
2233 3267 2337 3325 εει,
2385 3268 2439 3313 et
2478 3257 2824 3331 prophelavil
2872 3260 2941 3316 de
2978 3275 3045 3316 eo
3089 3275 3210 3332 qua:
3253 3270 3438 3316 narrat
3476 3259 3701 3316 historia
3732 3276 3745 3314 :
3771 3269 3818 3316 et

519 3343 735 3419 Septem
771 3346 926 3400 armis
953 3346 1083 3401 uixit
1109 3364 1141 3399 a
1170 3346 1467 3419 uirginitate
1497 3363 1595 3401 sua
1639 3362 1759 3400 cum
1785 3348 1899 3401 viro
1922 3363 2036 3411 suo,
2071 3356 2125 3402 et
2228 3364 2515 3425 postquam
2547 3353 2729 3409 omnia
2761 3353 2813 3409 in
2844 3368 2998 3410 more
3017 3355 3285 3428 completa
3309 3362 3456 3421 sunt,
3482 3360 3816 3410 revertuntur

521 3442 758 3513 reliqua,
790 3451 1065 3514 propterea
1086 3442 1364 3515 praphetes
1407 3442 1525 3513 fuit.
1562 3440 1749 3512 Neque
1778 3443 1924 3497 enim
1963 3451 2024 3497 ιιι
2055 3443 2121 3497 li-
2227 3456 2482 3518 parentes
2522 3463 2627 3518 quo
2671 3447 2833 3504 Jesus
2861 3446 2889 3486 δ
2924 3458 3050 3504 tunc
3076 3448 3270 3520 agebat
3299 3465 3313 3502 :
3340 3459 3395 3503 et
3426 3457 3606 3505 tamen
3632 3461 3815 3503 cresce-t

517 3534 614 3593 bet
636 3541 698 3589 et.
720 3532 947 3589 fortuito
972 3533 1210 3603 Spiritus
1249 3543 1473 3592 sanctus
1503 3534 1772 3591 habitavit
1808 3534 1861 3589 in
1896 3551 1984 3591 ea.
2023 3535 2125 3591 Bo-
2226 3539 2311 3594 bat
2345 3550 2391 3595 et
2421 3541 2818 3611 confortabatur
2844 3541 3103 3613 sapientia
3133 3551 3181 3595 et
3210 3542 3405 3613 gratia.
3440 3539 3682 3596 Necdum
3707 3553 3817 3611 qua-

519 3643 653 3685 num
698 3636 783 3684 est
822 3638 878 3684 et
910 3628 1171 3699 primum,
1201 3630 1247 3684 si
1289 3645 1395 3701 qua
1438 3638 1621 3702 potest
1646 3630 1965 3701 virginitatis
2009 3646 2125 3703 gra-
2225 3636 2469 3708 draginta
2498 3634 2619 3692 dies
2650 3636 2987 3708 purgationis
3019 3635 3363 3707 impleverat,
3395 3634 3630 3691 necdum
3661 3634 3816 3689 Naza-

522 3723 656 3780 tiam
682 3720 983 3794 possidere.
1013 3721 1070 3779 Si
1101 3731 1284 3778 autem
1317 3722 1421 3777 hoc
1449 3738 1557 3777 non
1587 3723 1849 3796 potuerit,
1875 3724 1969 3780 sed
1996 3739 2124 3779 eve-
2223 3729 2346 3785 reth
2388 3739 2634 3797 venerat,
2681 3738 2739 3785 et
2770 3729 2883 3800 jam
2929 3738 3096 3785 totam
3129 3728 3450 3799 sapientiam
3481 3727 3812 3799 respiciebat.

516 3818 669 3874 nerit
698 3818 747 3873 ei
777 3824 837 3873 ut
893 3816 1084 3887 perdat
1126 3819 1327 3883 virum,
1382 3817 1543 3873 vidua
1579 3829 1914 3891 perseveret.
1966 3821 2121 3889 Quod
2223 3821 2409 3878 Potuit
2445 3822 2727 3893 Scriptura
2760 3822 2963 3888 dicere,
3000 3822 3285 3878 crescebat
3310 3830 3366 3877 et
3389 3820 3809 3885 eonfortabatur,

517 3910 736 3983 quidem
760 3927 874 3968 non
903 3913 1084 3968 solum
1113 3922 1234 3982 post
1256 3920 1487 3968 mortem
1515 3913 1641 3982 viri,
1671 3913 1765 3969 sed
1792 3915 1960 3970 etiam
1998 3932 2121 3971 cum

514 4005 611 4062 ille
634 4006 764 4062 vivit
793 4006 957 4064 debet
982 4006 1185 4064 habere
1212 4008 1267 4063 in
1296 4007 1503 4075 animo,
1549 4017 1607 4064 ut
1635 4009 1851 4065 etiamsi
1886 4025 1992 4065 non
2026 4027 2123 4068 ve-

516 4100 663 4156 nerit
690 4100 946 4157 voluntas
969 4101 1143 4173 ipsius
1168 4112 1223 4157 et
1248 4102 1613 4172 prepositum,
1646 4118 1674 4156 a
1699 4103 1933 4159 Domino
1959 4118 2122 4160 coro—

517 4201 698 4261 netur,
729 4204 785 4249 et
814 4194 999 4249 dicat:
1030 4194 1144 4250 Hoc
1173 4212 1346 4252 voveo
1373 4205 1538 4268 atque
1571 4199 1853 4269 promitto,
1896 4199 1941 4254 si
1985 4198 2121 4255 mihi

512 4286 813 4343 humanum
844 4288 1049 4360 aliquid
1078 4290 1225 4361 quod
1279 4306 1387 4345 non
1439 4301 1568 4357 opto
1614 4294 1928 4364 contigerit,
1984 4294 2119 4350 nihil

517 4379 665 4436 aliud
712 4380 908 4437 faciam
958 4397 1121 4453 quam
1167 4381 1595 4439 ineontaminata
1630 4385 1902 4459 viduaque
1935 4401 2119 4455 perse-

517 4485 728 4529 verem.
758 4471 916 4531 Nunc
943 4488 1075 4527 vero
1112 4482 1168 4528 et
1206 4473 1461 4531 secundae
1492 4483 1548 4535 et
1596 4477 1873 4535 tet'tim‘et
1909 4488 2117 4548 quartas

2225 3927 2281 3974 et
2320 3918 2619 3989 accipiebat
2663 3917 2949 3989 Spiritum;
2979 3918 3076 3974 sed
3121 3917 3210 3986 qui
3240 3924 3604 3974 evacuaverat
3632 3930 3689 3972 se
3718 3914 3812 3968 fcr-

2224 4024 2366 4065 mam
2395 4011 2536 4067 servi
2568 4009 2841 4082 accipiens
2872 4009 3103 4083 (Philip.
3133 4008 3215 4083 ιι),
3248 4009 3431 4066 statim
3458 4017 3516 4064 ut
3544 4023 3647 4081 pro
3673 4022 3814 4063 mun-

2222 4103 2442 4162 datione
2485 4114 2506 4143 ο
2552 4103 2670 4176 ejus
2709 4104 3037 4161 sacrificium
3066 4104 3306 4163 oblatum
3337 4111 3439 4171 est,
3470 4101 3521 4157 id
3556 4101 3701 4175 quod
3728 4116 3810 4161 va-

2222 4199 2563 4265 cuefacerat,
2595 4199 2912 4270 adimpleVii
2946 4217 2960 4254 :
2991 4215 3097 4256 non
3124 4199 3268 4271 quod
3296 4213 3494 4269 corpus
3526 4198 3648 4269 ejus
3677 4196 3808 4253 illico

2223 4293 2398 4366 majus
2426 4293 2588 4350 fuerit
2625 4292 2913 4360 ell'cctum;
2944 4293 3042 4349 sed
3071 4291 3213 4365 quod
3241 4292 3509 4347 sacratius
3541 4289 3807 4363 quippiam

2221 4386 2715 4455 denwnstrarctur,
2758 4384 3036 4455 Scriptura
3078 4382 3356 4443 referente
3405 4400 3418 4439 :
3466 4381 3613 4437 Puer
3649 4390 3807 4441 autem

2219 4481 2477 4541 crescebat
2545 4490 2593 4535 et
2642 4478 3062 4550 confutabatur,
3106 4487 3158 4535 et
3199 4475 3496 4548 rapiebatur
3541 4475 3806 4548 sapiwtis.

517 4565 745 4635 nuptiae,
776 4577 834 4621 ut
870 4564 941 4621 de
979 4565 1224 4635 pluribus
1252 4577 1481 4635 taceam,
1510 4569 1880 4640 reperiuntur,
1930 4581 2115 4630 etnon
2146 4633 2187 4644 _
2218 4574 2541 4644 Qumramus
2585 4572 2760 4629 sicubi
2789 4572 2915 4627 alibi
2941 4571 3016 4628 de
3042 4570 3269 4642 parvulo
3295 4570 3563 4642 scriptum
3592 4569 3683 4639 sit,
3710 4582 3807 4621 m-

515 4658 835 4731 ignoramus
860 4660 1000 4730 quod
1044 4662 1152 4719 tale
1180 4663 1493 4734 coniugium
1532 4672 1559 4701 ⁸
1598 4663 1781 4734 ejiciet
1812 4680 1910 4720 nos
1934 4665 2003 4721 de
2035 4683 2117 4723 re-
2144 4633 2193 4694 θ
2220 4633 2387 4724 {cum
2429 4678 2475 4727 et
2519 4667 2930 4740 canfortabatur,
2974 4633 3144 4729 ιιι-ει
3183 4633 3482 4727 collatione
3522 4633 3805 4725 multorum

516 4767 624 4827 gno
654 4753 777 4810 Dei.
824 4752 977 4809 Sicut
1022 4755 1167 4811 enim
1210 4756 1278 4811 ab
1323 4756 1712 4817 ecclesiasticis
1760 4756 2114 4829 dignitatibus
2214 4760 2351 4834 quid
2396 4767 2515 4833 plus
2556 4763 2608 4817 in
2638 4761 2873 4819 Dontino
2902 4772 3091 4823 uestro
3118 4759 3373 4827 dicatur,
3405 4757 3707 4829 intelligere
3732 4768 3807 4807 va-

516 4861 633 4906 non
659 4846 837 4907 solum
863 4845 1180 4916 fornicatio,
1218 4847 1315 4907 sed
1342 4858 1400 4906 et
1426 4851 1629 4921 nuptiae
1671 4850 1969 4921 repellunt,
2008 4868 2110 4909 ne-

586 5085 613 5117 ι
653 5075 783 5151 liae
810 5088 1025 5151 quoque
1053 5072 1266 5151 absona
1294 5072 1552 5151 Ecclesia:
1583 5072 1856 5151 dogmatis
1885 5084 2111 5130 sentcn-

514 5150 593 5205 tia
631 5156 718 5205 est
752 5144 1058 5203 de'iteratis
1100 5146 1320 5217 nuptiis,
1365 5146 1511 5216 quod
1560 5144 1778 5214 ejiciant
1826 5147 1895 5201 de
1943 5162 2112 5217 regno

517 5220 636 5276 Dei.
662 5219 733 5275 Et
762 5218 885 5275 licet
929 5219 1091 5288 paulo
1121 5227 1245 5287 post
1284 5230 1549 5272 summam
1599 5218 1947 5272 severitatem
1994 5220 2112 5286 ipse

518 5299 790 5362 temperet
842 5290 1222 5355 Adamantius,
1270 5300 1332 5362 et
1374 5289 1666 5343 metuentis
1723 5288 1900 5360 potius
1944 5305 2107 5362 quam

518 5360 820 5420 asserentis
862 5362 1023 5417 mode
1056 5360 1404 5430 motiuntiet:
1437 5376 1561 5416 eum
1605 5368 1785 5415 tamen
1817 5376 1908 5417 eas
1953 5360 2108 5432 quasi

2219 4855 2447 4912 leamus.
2480 4854 2557 4911 De
2584 4852 2792 4911 Joanne
2821 4871 2836 4909 :
2871 4853 3014 4910 Puer
3041 4863 3217 4909 autem
3243 4850 3501 4908 crescebat
3522 4859 3577 4905 et
3603 4847 3804 4920 confor-

2219 5090 2321 5132 nec
2363 5085 2542 5132 tamen
2571 5072 2912 5129 diiﬁtendum
2940 5071 3193 5141 Origenis
3236 5086 3352 5127 ωηο
3380 5068 3651 5125 secundas
3676 5080 3801 5137 nupc

2220 5148 2324 5202 tias
2348 5150 2567 5202 licuisse
2597 5147 2836 5216 quidem,
2869 5143 2964 5199 sed
2992 5146 3224 5214 aliquam
3258 5153 3441 5197 tamen
3466 5142 3801 5216 incontinens

2217 5220 2307 5302 tiae
2350 5219 2587 5302 speciem
2616 5210 2730 5288 pra:
2757 5230 2818 5272 se
2855 5210 3161 5285 tulissefet
3200 5215 3539 5285 paenitentia
3588 5210 3802 5285 imposi.

2218 5296 2365 5346 tione
2394 5296 2626 5347 notatas.

2288 5360 2316 5401 ιν
2348 5360 2747 5433 Beseripsintus
2774 5369 2897 5433 tunc
2940 5400 2954 5433 ,
2982 5373 3080 5429 pro
3103 5374 3212 5433 quo
3243 5373 3380 5433 nunc
3401 5356 3688 5433 lege-batur
3711 5369 3799 5409 ana

517 5435 611 5507 pio
634 5445 687 5490 et
713 5435 1026 5491 Christiano
1047 5429 1267 5507 nomine
1298 5432 1544 5507 indignas
1560 5432 1835 5495 traducat.
1864 5429 2108 5507 nolitque
2213 5442 2299 5507 tea
2319 5478 2333 5503 ,
2380 5429 2554 5505 idque
2583 5446 2757 5503 genus
2801 5429 2925 5507 alia;
2948 5429 3238 5507 interdum
3261 5429 3792 5507 _taciti_casti_gamus.

517 5501 792 5579 digamum
820 5523 927 5561 esse
952 5511 1014 5559 re
1052 5504 1309 5579 Ecclesia,
1339 5515 1385 5558 et
1416 5501 1489 5557 de
1528 5520 1601 5579 eo_
1626 5520 1859 5579 numero,
1892 5505 1982 5579 qui
2005 5501 2107 5558 non
2213 5501 2467 5579 litavere
2494 5501 2777 5561 contextus
2801 5505 2967 5579 paulo
2991 5503 3167 5579 adhuc
3187 5501 3601 5579 videturiruped

518 5575 673 5635 habet
701 5594 886 5651 rugam
926 5588 1015 5633 aut
1043 5576 1322 5651 nauculam,
1365 5582 1422 5631 et
1466 5575 1667 5651 merito
1688 5577 1908 5651 vapulat
1934 5576 2116 5651 abce-

521 5647 846 5707 clesiasiicis
896 5649 1289 5719 scriptoribus,
1344 5647 1720 5719 praecipueque
1773 5647 2111 5719 TheOpbilo,

518 5732 577 5777 et
620 5722 899 5777 notionem
950 5717 1213 5776 Ecclesia!
1261 5717 1496 5790 pessime
1549 5717 1761 5773 videtur
1812 5717 2112 5790 accepisse.

518 5790 717 5850 Notum
792 5788 1367 5848 Ioniwistarum'et
1433 5788 1861 5846 Novatiancrum
1934 5788 2116 5860 hujus-

512 5863 660 5927 modi
715 5862 909 5934 placita
954 5862 1388 5920 orthodoxorum
1441 5862 1803 5917 anathematis
1849 5862 2109 5926 conﬁxa;

2288 5524 2313 5561 e
2337 5522 2466 5562 vero
2494 5513 2777 5561 contextus
2801 5508 2967 5575 paulo
2991 5508 3167 5557 adhuc
3187 5508 3402 5557 videtur
3427 5508 3729 5570 impeditus.

2288 5588 2313 5616 ε
2357 5576 2556 5632 Recole
2598 5594 2717 5644 qua:
2756 5577 3005 5647 superius
3031 5573 3322 5647 aduhemil.
3352 5572 3425 5627 ιι
3448 5572 3555 5647 hac
3580 5573 3795 5647 depurs

2213 5649 2433 5717 gatione
2476 5664 2541 5703 ex
2586 5641 2842 5720 origanis’
2874 5662 3036 5720 sensu
3065 5644 3569 5720 diximus,_quibus
3597 5642 3666 5720 ad
3693 5641 3793 5695 tol-

2215 5714 2428 5775 lendam
2475 5714 2827 5788 blasphémia
2872 5718 3272 5788 suspicionem,
3305 5714 3446 5771 addc

2213 5805 2281 5861 ex
2306 5785 2658 5861 subsequetiti
2685 5791 2929 5859 ejusdem
2963 5785 3195 5845 Homilia
3220 5786 3548 5861 sententiam
3574 5802 3586 5838 :
3615 5785 3790 5840 Anima

2212 5859 2339 5917 Iesu
2369 5859 2648 5931 numquam
2676 5862 2873 5932 peccati
2901 5861 3051 5915 sorde
3074 5859 3337 5914 maculata
3364 5868 3458 5913 est.

3485 5715 3789 5784 praeclaram
