3978 6338
203 347 288 405 281

782 338 1222 401 τιιΑΝειΑτιο
1262 341 1699 401 ΙΙΟΜΙΙᾸΔΒΙΜ
1735 341 1773 401 0

1878 342 2063 404 iENIS
2098 344 2168 406 IN
2204 343 2463 404 LUCAM.
2509 344 2672 405 iIOM.
2717 342 2864 405 XIX.

3364 350 3474 409 262

204 464 339 517 batur
366 477 385 517 :
411 467 467 518 et
494 467 673 517 tamen
706 470 812 515 non
840 457 1080 526 additur,
1107 467 1159 513 st
1183 458 1478 532 replebam
1497 458 1772 532 sapientia,
1807 459 1855 524 Α
1880 459 2250 531 respondebit,
2283 470 2339 519 et
2378 459 2524 517 dicet
2559 480 2573 518 :
2613 461 2839 518 Nescitis
2872 463 2996 534 quia
3024 464 3077 519 in
3107 464 3187 520 Itis
3211 482 3327 539 quae
3357 478 3474 523 sunt

204 552 314 619 sed,
343 551 727 623 conformantur
754 551 966 622 spiritu.
992 549 1093 605 Hic
1118 563 1251 607 vero
1270 548 1338 605 de
1359 547 1588 605 Domino
1618 564 1633 603 :
1657 546 1782 605 Cre-

200 648 372 717 scebat,
392 648 584 719 inquit,
610 656 658 702 et
678 645 1090 717 confutabatur,
1114 653 1163 700 et
1186 644 1480 712 rapiebatur
1498 644 1776 717 sapientis,

198 754 240 798 rt
259 743 417 818 gratia
443 739 542 798 Dei
571 751 682 797 erat
712 757 868 814 super
896 757 1012 796 eum
1043 738 1201 813 (Luc.
1232 738 1314 814 ιι).
1346 740 1474 796 Haec
1501 740 1685 796 omnia
1712 738 1780 796 de

196 852 366 910 puero,
390 835 479 909 qui
500 834 737 895 necdum
760 833 1048 893 duodecim
1076 847 1249 890 annos
1273 830 1776 905 impleverat,dicta

194 938 326 989 sunt.
354 929 488 988 Cum
514 939 697 989 autem
726 930 1017 989 duodecim
1043 940 1194 991 esset
1215 945 1509 995 annorum,
1533 938 1778 987 remanet

194 1027 241 1085 in
259 1027 574 1086 Jerusalem.
598 1026 861 1085 Parentes
879 1024 1002 1096 ejus
1023 1026 1358 1096 ignorantes.
1382 1033 1629 1096 quarunt
1650 1039 1774 1079 eum

192 1122 431 1188 sollicite,
474 1130 531 1179 et
571 1137 683 1179 non
721 1120 1026 1181 inveniunt.
1070 1120 1338 1187 Quatruut
1374 1118 1519 1178 inter
1554 1117 1771 1187 omnes.

189 1225 421 1289 quaerunt
455 1215 511 1271 in
541 1214 827 1285 comitatu,
859 1224 1113 1287 quarunt
1141 1216 1285 1272 inter
1312 1222 1495 1279 notos,
1520 1213 1656 1272 etin
1688 1211 1775 1271 Itis

190 1308 421 1368 omnibus
446 1323 555 1364 non
589 1308 893 1379 reperiunt.
930 1307 1213 1377 Quaeritur
1254 1321 1387 1378 ergo
1423 1304 1586 1365 Jostis
1613 1320 1643 1364 a
1674 1321 1771 1375 pa-

193 1401 420 1461 rentibus
446 1403 567 1460 suis
596 1417 721 1460 eum
751 1412 929 1473 patre,
957 1401 1051 1474 qui
1076 1400 1337 1460 nutritiua
1366 1409 1424 1458 et
1445 1413 1632 1461 centes
1660 1400 1750 1457 lue

186 1507 258 1556 rat
291 1495 585 1570 Egyptum
626 1496 1013 1555 descendentis
1054 1513 1069 1552 :
1112 1503 1171 1555 et
1207 1504 1390 1553 tamen
1434 1509 1543 1552 non
1586 1493 1770 1551 statim

185 1599 236 1649 ut
266 1589 551 1661 quaeritur,
592 1588 900 1648 invenitur.
937 1587 1058 1647 Non
1080 1588 1228 1647 enim
1254 1587 1401 1647 inter
1422 1594 1692 1660 cognatos
1717 1595 1773 1645 et

183 1683 350 1743 carnis
391 1681 736 1754 prapinquos
778 1682 1057 1742 invenitur
1097 1682 1279 1747 Jesus.
1319 1696 1429 1740 non
1471 1681 1524 1737 in
1563 1680 1651 1739 Itis
1678 1680 1769 1751 qui

182 1777 515 1848 corporaliter
558 1776 611 1867 ei
648 1775 831 1847 juncti
866 1787 1018 1836 sunt.
1062 1776 1121 1836 In
1165 1775 1458 1834 multorum
1502 1774 1766 1833 comitatu

1884 547 2063 611 Putris
2098 552 2202 606 stici
2242 567 2322 608 me
2345 562 2548 624 oportet
2581 554 2725 610 esse?
2753 553 2858 611 Ubi
2895 568 3023 610 sunt
3055 557 3292 614 lurretici
3327 560 3478 629 impii

1876 652 2043 716 atque
2069 645 2279 715 vesani,
2303 645 2393 717 qui
2414 655 2666 703 asserunt
2688 663 2794 703 non
2817 663 2941 705 esse
2964 647 3143 705 Patris
3166 652 3294 707 Jusu
3316 651 3478 712 Clit-i-

1878 737 1950 792 sti
1983 736 2158 810 legem
2183 747 2239 795 et
2270 738 2599 810 prophetas?
2624 739 2786 797 Certe
2812 742 2973 798 Jesus
3002 742 3055 798 in
3098 744 3302 815 templo
3330 755 3469 813 erat,

1875 832 2022 904 quod
2067 849 2096 887 a
2138 833 2433 890 Salomone
2472 842 2849 891 constructum
2889 844 3051 905 erat,
3094 849 3149 893 et
3185 838 3478 897 conﬁtetur

1877 926 2140 999 templum
2169 927 2298 983 illud
2325 928 2500 1000 patris
2527 927 2610 984 sui
2644 943 2787 998 esse,
2813 945 2972 1002 quem
3004 932 3162 988 nobis
3191 935 3474 999 rchlavit,

1873 1020 2032 1092 cujus
2058 1019 2258 1076 Filium
2278 1035 2405 1080 esse
2429 1036 2489 1077 se
2514 1021 2672 1078 dixit.
2698 1022 3086 1093 Responderunt
3103 1028 3375 1097 quomodo
3395 1031 3475 1085 al-

1879 1121 1964 1169 ter
1992 1113 2191 1183 bonus,
2221 1124 2279 1171 et
2309 1113 2448 1171 alter
2480 1115 2551 1170 sit
2583 1114 2763 1186 justus
2799 1117 2961 1174 Deus.
2994 1120 3129 1186 Quia
3163 1120 3326 1193 igitur
3354 1123 3474 1181 Sal-

1874 1213 2035 1262 vator
2056 1203 2340 1263 Creatoris
2363 1215 2451 1263 est
2479 1207 2671 1277 Filius,
2709 1210 2762 1265 in
2790 1224 3083 1269 commune
3112 1212 3347 1282 Patrem,
3381 1216 3472 1273 Fi-

1873 1300 2116 1374 liumque
2144 1302 2448 1373 laudemus,
2481 1302 2636 1373 cujus
2666 1302 2776 1370 lex,
2802 1304 2960 1376 cujus
2985 1315 3041 1362 et
3071 1308 3329 1380 templum
3361 1318 3466 1368 est.

1869 1394 1973 1450 Cui
2013 1403 2102 1452 est
2140 1395 2310 1469 gloria
2358 1404 2414 1452 et
2451 1396 2738 1468 imperium
2783 1398 2837 1453 in
2877 1399 3073 1454 saecula
3118 1402 3465 1473 saeculorum,

1870 1490 2068 1551 Amen.

2431 1584 2713 1642 HOMILIA
2757 1586 2900 1643 XIX.

1870 1695 1948 1752 De
1987 1710 2063 1770 eo,
2095 1697 2237 1770 quod
2284 1699 2544 1770 scriptum
2587 1709 2673 1756 est
2705 1719 2718 1755 :
2752 1700 2895 1761 Puer
2928 1713 3100 1759 autem
3129 1707 3382 1764 crescebat
3418 1720 3463 1766 ct

1940 1769 2349 1840 conformantur,
2385 1769 2556 1841 usque
2580 1772 2646 1826 ad
2675 1787 2800 1828 eum
2832 1778 3007 1831 locum
3039 1777 3129 1833 ubi
3153 1779 3265 1835 ait:
3291 1781 3470 1837 Scuio-

181 1843 319 1928 Jesus
335 1884 490 1928 meus
512 1854 630 1928 non
649 1843 841 1941 potest
870 1869 1126 1926 inveniri.
1160 1869 1318 1928 Disce
1346 1868 1440 1926 ubi
1467 1882 1591 1925 eum
1616 1882 1767 1939 qutu-

1941 1857 2022 1898 ινα
2046 1843 2103 1900 in
2134 1843 2323 1912 templo
2350 1843 2656 1916 iutaroyat.
2686 1846 2820 1916 Cap.
2850 1847 2918 1902 ll.

181 1973 347 2022 rentes
388 1965 699 2035 reperiant,
734 1973 796 2021 ut
819 1971 877 2019 et
906 1972 961 2020 tu
989 1979 1242 2034 quaerens
1268 1978 1391 2021 cum
1422 1961 1625 2033 Josepb
1649 1960 1765 2017 hla-

180 2054 349 2127 riaque
390 2055 664 2127 reperias.
709 2054 776 2113 Et
799 2064 1110 2127 «Graues,
1139 2057 1337 2126 inquit,
1367 2055 1668 2111 inuenerunt
1697 2054 1763 2109 εις

178 2148 273 2202 trs:
312 2148 366 2203 in
403 2147 631 2219 tempto.
670 2146 795 2207 Non
839 2147 1169 2220 ubicumque
1192 2146 1248 2205 in
1274 2146 1388 2205 alio
1412 2148 1554 2215 loco,
1586 2146 1683 2205 sed
1712 2148 1766 2203 in

180 2242 376 2312 templo.
421 2241 618 2314 Neque
664 2242 720 2301 in
772 2243 976 2314 templo
995 2241 1343 2312 simpliciter,
1375 2240 1470 2301 sed
1500 2241 1553 2298 iu
1585 2239 1767 2300 medio

178 2332 459 2403 doctorum,
506 2334 830 2393 audientem
874 2342 933 2393 et
976 2334 1399 2407 interrogantem
1446 2349 1564 2392 eos.
1607 2334 1674 2393 Et
1708 2342 1765 2389 tu

180 2441 289 2499 ergo
319 2442 505 2500 qurere
548 2425 740 2485 Iesum
786 2427 839 2483 in
889 2426 1095 2498 templo
1125 2425 1245 2493 Dei,
1272 2442 1459 2499 qurere
1493 2427 1546 2484 in
1578 2426 1768 2484 Ecclev

181 2520 248 2577 sia
288 2537 304 2575 :
347 2535 538 2591 qurere
586 2535 712 2576 cmn
762 2518 902 2590 apud
948 2520 1274 2591 magistros,
1321 2520 1416 2592 qui
1460 2519 1517 2577 in
1562 2520 1767 2595 templo

180 2622 312 2681 sunt,
336 2620 393 2669 et
420 2627 532 2670 neu
560 2611 921 2684 egrediuntur
945 2628 1013 2671 es
1040 2628 1128 2671 eo.
1160 2613 1219 2672 Si
1246 2614 1394 2673 enim
1424 2614 1498 2672 ita
1524 2612 1765 2684 quasie-

180 2704 264 2776 ris,
296 2705 547 2767 invenies
587 2722 735 2765 eum.
768 2707 940 2767 Porro
973 2708 1021 2764 si
1048 2707 1324 2780 quispiam
1351 2707 1485 2765 dicit
1509 2722 1572 2765 se
1596 2708 1769 2779 magi-

180 2805 330 2855 strum
356 2814 505 2867 esse,
528 2808 594 2858 et
617 2798 807 2859 Je~um
834 2815 946 2859 non
976 2800 1167 2867 habet.
1190 2800 1295 2859 iste
1316 2804 1537 2859 nomine
1556 2809 1765 2859 tantum

181 2892 417 2963 magister
448 2903 566 2959 est,
608 2902 659 2949 et
690 2892 821 2950 ideo
854 2892 998 2964 apud
1030 2909 1157 2951 eum
1184 2910 1292 2951 non
1324 2903 1502 2965 potest
1536 2895 1768 2952 inveniri

181 2982 320 3040 Jesus
347 2984 596 3041 Verbum
626 2985 725 3042 Dei
762 2994 817 3045 et
852 2984 1141 3056 sapientia.
1172 2983 1422 3045 Intentus
1447 2997 1544 3054 est,
1571 2987 1765 3058 inquit,

180 3072 225 3128 iu
244 3075 403 3132 taedio
425 3077 736 3135 doctorum.
760 3077 1050 3147 Quomodo
1072 3078 1131 3139 in
1159 3079 1267 3139 alio
1291 3078 1416 3140 loco
1436 3079 1511 3137 de
1538 3079 1771 3150 prostite-

184 3166 241 3225 tis
272 3171 535 3242 scriptum
572 3181 693 3241 est.
730 3171 813 3231 sic
850 3181 907 3230 et
934 3188 1080 3232 nunc
1104 3172 1346 3245 intelligo
1374 3172 1431 3231 in
1460 3173 1644 3232 medio
1672 3173 1772 3232 do-

1938 1952 2075 2020 Qnia
2109 1954 2354 2010 nonnulli
2386 1955 2479 2027 qui
2509 1969 2716 2013 saneta:
2741 1958 3040 2029 Scriptum
3071 1963 3323 2022 videntur
3349 1984 3467 2024 crc-

1868 2045 2022 2115 dere,
2052 2049 2209 2120 quasi
2240 2049 2293 2104 in
2322 2049 2553 2121 gloriam
2582 2053 2973 2124 omnipotentis
3002 2056 3098 2112 Dei
3128 2058 3465 2118 divinitatum

1868 2135 2167 2195 Salvatorls
2196 2151 2419 2213 negant,
2458 2142 2664 2211 justum
2708 2144 2840 2199 mihi
2868 2146 3102 2216 videtur,
3142 2159 3201 2206 ut
3228 2152 3465 2222 ipsarum

1865 2230 2269 2303 Scripturaruut
2322 2236 2648 2293 auctoritate
2705 2226 3012 2296 doceantur
3065 2241 3118 2298 in
3169 2244 3467 2303 ltumauum

1866 2335 2067 2395 corpus
2107 2322 2359 2395 quiddam
2399 2328 2617 2385 venisse
2646 2329 2890 2386 divinum
2924 2349 2938 2386 :
2972 2344 3027 2390 et
3060 2350 3166 2391 non
3208 2338 3383 2394 solum
3416 2340 3468 2396 in

1868 2412 2163 2472 humanum
2194 2432 2419 2489 corpus,
2449 2419 2546 2475 sed
2574 2421 2627 2476 in
2656 2423 2947 2479 humanam
2973 2443 3188 2498 quoque
3210 2430 3467 2488 animam.

1868 2509 2206 2581 Quamquam
2231 2512 2275 2567 si
2296 2510 2594 2584 diligenter
2613 2531 2833 2572 sensum
2859 2518 3197 2579 intendimus
3219 2524 3467 2595 Scriptu-

1871 2618 2077 2671 rarum,
2109 2603 2234 2675 plus
2270 2604 2472 2676 aliquid
2500 2608 2676 2662 animo
2708 2610 2799 2664 illa
2832 2610 3037 2680 habuit,
3069 2630 3230 2685 quam
3257 2630 3470 2675 cretera:

1871 2697 2153 2755 hominum
2188 2700 2406 2755 animm.
2438 2701 2629 2757 Omnis
2656 2705 3051 2775 quippeanlma
3078 2710 3340 2780 hominis,
3374 2731 3471 2769 an-

1870 2797 2086 2862 tequam
2132 2792 2200 2848 ad
2241 2793 2473 2865 virtqtes
2516 2795 2723 2864 veniat,
2756 2798 2906 2854 vitiis
2933 2801 3268 2860 sordidatur.
3299 2806 3471 2863 Porru

1870 2882 2049 2939 anima
2076 2883 2205 2942 Jesu
2230 2901 2524 2957 numquam
2551 2894 2760 2961 peccati
2786 2894 2948 2950 sorde
2971 2898 3234 2953 maculata
3258 2912 3359 2957 est.
3385 2903 3473 2959 Si-

1871 2977 2093 3048 quidem
2121 2990 2416 3053 antequam
2447 2982 2514 3039 ad
2541 2983 2923 3045 duodecimum
2956 2994 3132 3049 :rtatis
3163 3001 3473 3068 pervenerit

1871 3084 2100 3139 annum,
2114 3071 2354 3145 Spiritus
2372 3085 2593 3132 sanctus
2606 3077 2676 3135 de
2689 3096 2755 3136 eo
2779 3082 2829 3137 in
2843 3082 3004 3139 Lucae
3024 3087 3215 3143 scribit
3229 3089 3473 3162 Evange-

1871 3164 1951 3222 iio
1968 3183 1984 3224 :
2001 3165 2143 3223 Puer
2156 3177 2330 3226 autent
2341 3172 2598 3229 crescebat
2611 3183 2658 3229 et
2670 3178 3084 3249 confortabatur,
3109 3192 3159 3237 et
3183 3184 3476 3257 replebatur

182 3267 392 3323 ciorum.
435 3266 545 3336 Si,
595 3266 793 3337 inquit,
836 3267 989 3324 atteri
1030 3266 1311 3327 revelatum
1347 3269 1505 3339 fuerit
1546 3267 1769 3338 sedenti,
1799 3253 1845 3319 C
1875 3262 2152 3333 sapientia.
2184 3262 2302 3321 Hoc
2331 3262 2614 3324 hominum
2646 3278 2837 3326 natura
2867 3289 2976 3329 non
3006 3278 3220 3348 recipit,
3240 3253 3315 3334 ⁷ιιι
3346 3291 3475 3338 ante

184 3358 356 3428 prima
383 3370 520 3417 tacet
550 3359 603 3431 (I
633 3360 755 3417 Cor.
787 3363 925 3435 xw).
952 3361 1013 3419 1n
1044 3361 1225 3421 medio
1248 3362 1538 3421 doctorum
1567 3362 1767 3420 seden-

184 3457 275 3509 tem
302 3453 597 3510 inveniunt
616 3468 744 3511 eunt
777 3472 791 3509 :
818 3462 875 3511 ct
913 3469 1023 3513 non
1044 3455 1225 3515 solum
1252 3455 1561 3522 sedentem,
1589 3455 1686 3513 sed
1714 3465 1770 3515 et

187 3544 538 3604 sciscitantem
572 3553 634 3603 et
658 3546 970 3607 audientem
995 3562 1116 3608 eos.
1146 3546 1222 3605 Et
1246 3563 1391 3607 nunc
1421 3563 1662 3619 presens
1687 3559 1771 3606 est

184 3631 339 3704 Iesus,
375 3637 684 3709 interrogat
710 3653 832 3708 nos,
854 3647 912 3695 et
928 3638 1079 3697 audit
1098 3639 1400 3712 loquentes.
1428 3640 1772 3699 Etms'raban-

187 3730 480 3801 tsr,iaquit,
498 3747 707 3789 om.
728 3731 909 3803 Super
928 3748 1038 3804 quo
1068 3735 1430 3793 mirabantur?
1466 3735 1583 3793 Non
1606 3752 1772 3807 super

186 3819 694 3898 interrogationibus
719 3825 862 3897 ejus,
891 3827 1020 3885 licet
1041 3836 1099 3885 et
1128 3828 1263 3900 ipsa:
1289 3829 1566 3887 mirabiles
1586 3840 1769 3898 erant,

186 3918 266 3975 sed
288 3933 454 3992 super
485 3920 943 3991 rettpmrsionibus
962 3922 1108 3992 ejus.
1131 3922 1288 3981 Aliud
1318 3933 1402 3981 est
1432 3924 1575 3983 enim
1602 3924 1773 3983 inter-

184 4023 376 4082 tegare,
404 4014 560 4073 aliud
592 4014 947 4087 respondere.
972 4016 1354 4089 Interrogabat
1382 4020 1694 4092 magistros,
1717 4030 1775 4077 et

189 4104 297 4173 quia
330 4107 676 4179 respondere
715 4123 821 4165 non
862 4117 1138 4181 poterant,
1180 4112 1299 4182 ipse
1329 4116 1437 4181 itis,
1472 4112 1544 4170 de
1574 4114 1774 4185 quibus

187 4192 626 4271 interrogaverat,
658 4199 1049 4272 respondebat.
1079 4201 1234 4272 Quod
1271 4212 1456 4263 autem
1487 4206 1776 4277 responsio

191 4306 283 4351 Ion
308 4295 754 4355 vicissitudinem
792 4297 1221 4366 sermocinandi,
1250 4299 1348 4359 sed
1385 4299 1688 4358 doctrinam
1719 4303 1773 4361 in

192 4385 471 4458 Scripturis
498 4390 712 4446 sanctis
736 4398 922 4457 sonet,
945 4388 1061 4448 Le:
1089 4391 1273 4449 divina
1301 4403 1356 4450 te
1380 4394 1595 4453 doceat.
1626 4397 1777 4470 Moyo

193 4492 269 4534 ses
305 4479 674 4551 loquebatur.
726 4481 870 4540 Deus
901 4493 1083 4541 autem
1122 4486 1490 4557 respondebat
1522 4488 1576 4544 ei
1616 4505 1773 4548 voce.

1871 3353 2160 3413 duodecim
2179 3372 2356 3414 anites
2375 3361 2641 3432 sapientia
2665 3367 3027 3437 compleatur.
3053 3371 3216 3429 Aliud
3239 3383 3321 3429 est
3343 3391 3471 3447 par-

1874 3457 1982 3505 tem
2021 3448 2224 3507 habere
2256 3453 2559 3525 sapientiae,
2600 3456 2749 3514 aliud
2787 3462 3053 3531 sapientia
3084 3479 3206 3523 csse
3235 3470 3476 3540 comple-

1874 3550 2008 3598 tum.
2040 3541 2158 3599 Non
2195 3546 2524 3617 ambigimus
2553 3565 2684 3620 ergo
2712 3551 2952 3610 divinum
2991 3556 3193 3629 aliquid
3224 3560 3278 3616 in
3310 3578 3475 3623 carne

1873 3638 2003 3695 Jesn
2031 3642 2353 3712 apparuisse
2387 3660 2400 3697 ε
2433 3651 2490 3700 et
2515 3660 2624 3700 non
2654 3646 2829 3704 solum
2856 3663 3023 3722 super
3045 3652 3344 3726 hominem,
3378 3660 3473 3717 sed

1873 3746 2043 3801 super
2068 3750 2291 3792 omnem
2320 3750 2536 3809 quoque
2566 3739 2884 3799 rationalem
2912 3757 3237 3804 creaturam.
3271 3751 3341 3806 Et
3367 3771 3476 3811 cre-

1873 3828 2061 3897 scebat,
2102 3829 2297 3903 inquit.
2340 3831 2730 3892 Humiiiaserat
2769 3840 2913 3895 enim
2940 3858 3028 3910 se,
3064 3844 3293 3901 formam
3326 3851 3472 3907 servi

1875 3922 2172 3994 accipiens,
2195 3934 2251 3981 et
2273 3925 2464 3983 eadem
2493 3928 2695 3986 virtute
2721 3946 2825 4003 qua
2851 3949 2910 3989 se
2933 3937 3328 4009 humiliaverat,
3354 3958 3471 4001 crc-

1874 4014 1998 4071 scit.
2031 4018 2375 4088 Apparuerat
2401 4019 2650 4076 inﬁrmus
2673 4039 2687 4077 :
2711 4025 2834 4094 quia
2868 4026 3139 4086 infirmum
3162 4047 3362 4103 corpus
3387 4051 3475 4092 as-

1874 4122 2214 4180 sumpserat,
2254 4122 2309 4169 et
2337 4113 2410 4169 ob
2450 4114 2505 4170 id
2536 4117 2734 4173 iterum
2765 4121 3129 4182 confortatur.
3164 4126 3474 4189 Evacuave-

1875 4209 1961 4258 rat
2001 4216 2064 4259 se
2102 4202 2279 4260 Filius
2318 4206 2414 4262 Dei
2455 4205 2629 4279 (Phil.
2674 4210 2735 4284 ιι)
2777 4228 2790 4266 :
2833 4223 2888 4270 et
2922 4226 3211 4289 propterea
3254 4239 3470 4282 rursum

1874 4295 2185 4367 completur
2210 4298 2481 4367 sapientia
2514 4317 2531 4355 :
2567 4310 2625 4358 et
2649 4305 2823 4375 gratia
2861 4307 2957 4364 Dei
2986 4321 3103 4367 erat
3134 4329 3296 4386 super
3322 4335 3469 4377 eum.

1878 4386 1994 4443 Non
2039 4390 2257 4461 quando
2302 4393 2454 4449 venit
2502 4394 2567 4449 ad
2617 4395 3062 4470 adolescentiam,
3106 4423 3211 4463 non
3253 4414 3475 4482 quando

1879 4481 2168 4541 manifeste
2212 4486 2474 4553 docebat;
2517 4489 2614 4546 sed
2652 4505 2775 4548 cum
2814 4495 2990 4553 adhuc
3031 4510 3181 4557 esset
3222 4481 3476 4574 parvulus

192 4570 478 4647 Responsio
502 4575 610 4634 illa
633 4591 826 4635 eortun
850 4588 991 4642 erat,
1014 4594 1184 4650 super
1201 4580 1401 4651 quibus
1422 4581 1773 4658 θος-ωε

1880 4576 2110 4635 habebat
2138 4581 2365 4652 gratiam
2400 4582 2497 4639 Dei
2531 4600 2546 4638 :
2578 4594 2635 4641 et
2662 4590 2937 4658 quomodo
2965 4598 3145 4650 omnia
3174 4570 3235 4652 inv
3254 4598 3348 4655 illo
3369 4604 3474 4659 mi-

195 4646 513 4734 igttorantenr
526 4667 758 4741 Moysen
772 4646 1367 4729 Dominusinstruebat.
1798 4646 1856 4710 θ
1880 4673 2073 4727 rabilia
2108 4646 2343 4741 fuerant,
2375 4677 2447 4733 ita
2478 4689 2534 4735 et
2570 4646 2808 4751 pueritia
2838 4646 3346 4762 mirabilis

195 4764 415 4832 terrogat
432 4761 625 4829 Jesus,
648 4763 924 4821 interdum
948 4766 1262 4836 respondet,
1280 4766 1427 4824 sicut
1446 4782 1608 4839 supra
1626 4769 1776 4825 dixi-

192 4864 322 4909 sses.
348 4855 704 4926 Quamquam
734 4856 1007 4915 mirabilis
1033 4857 1153 4929 ejus
1180 4858 1542 4932 interrogatio
1562 4860 1659 4930 sit,
1691 4871 1776 4919 ta-

196 4956 305 5000 men
330 4948 507 5005 urile
534 4947 846 5005 mirabilior
868 4959 955 5006 est
982 4952 1286 5022 responsio.
1310 4951 1380 5009 Ut
1406 4952 1569 5025 igitur
1595 4963 1651 5012 et
1679 4970 1780 5011 nos

192 5034 462 5096 audiamus
494 5053 657 5104 cum,
686 5047 749 5097 et
776 5051 1045 5112 preponat
1080 5042 1238 5100 nobis
1258 5046 1615 5115 quastiones,
1646 5062 1783 5119 quas

194 5123 299 5196 ipse
329 5130 619 5198 dissolvat.
652 5132 1009 5197 obsecramus
1034 5134 1210 5206 illum,
1242 5148 1297 5193 et
1320 5151 1447 5195 eum
1480 5139 1667 5195 labore
1697 5138 1783 5196 ni.

195 5222 296 5278 nio
314 5234 372 5283 et
397 5225 594 5287 tutiore
618 5242 955 5298 qua-ramus,
974 5238 1034 5285 et
1063 5239 1189 5286 tunc
1208 5231 1506 5301 poterimus
1532 5232 1782 5290 invenire

198 5327 339 5383 quem
359 5321 682 5393 quatrimus.
706 5319 825 5379 Non
848 5322 991 5379 enim
1008 5323 1213 5383 frustra
1236 5325 1497 5399 scriptum
1523 5336 1642 5384 est:
1669 5327 1782 5402 Ego

199 5412 241 5459 et
267 5418 403 5476 pata
438 5422 568 5473 tus
604 5413 840 5471 dolentes
865 5416 1223 5487 querelarum
1251 5427 1301 5473 te
1331 5435 1349 5472 :
1384 5430 1607 5492 oportet
1635 5424 1780 5479 enim

199 5498 281 5567 qui
310 5505 511 5573 quaerit
550 5504 766 5574 Mum,
812 5520 920 5563 non
950 5510 1322 5584 .rtogrtgeuter,
1354 5528 1461 5569 non
1491 5514 1780 5586 dissolute,

200 5604 297 5649 non
324 5596 640 5656 transitoria
681 5615 951 5675 qumrere,
982 5606 1121 5665 sicut
1148 5617 1399 5679 qumruul
1428 5610 1696 5675 nonnulli.
1730 5622 1786 5673 et

203 5683 314 5744 ideo
340 5689 585 5753 invenire
606 5708 718 5751 non
746 5704 993 5765 possunt.
1020 5697 1132 5755 Nos
1159 5714 1339 5759 autem
1367 5701 1651 5760 dicamus:
1680 5704 1787 5762 Βο-

204 5781 349 5839 lentes
382 5789 663 5857 querimus
691 5797 759 5845 tr.
790 5790 863 5846 Et
890 5806 1015 5847 eum
1046 5792 1150 5849 hoc
1172 5793 1508 5866 {dixerimus,
1538 5797 1606 5855 ad
1637 5800 1790 5856 labo-

206 5881 397 5933 rantem
425 5879 663 5939 animam
694 5892 939 5940 nostram
963 5894 1018 5943 et
1048 5899 1170 5944 cum
1214 5885 1405 5946 dolore
1428 5902 1784 5963 querentem,

1880 4766 2147 4837 sapientia
2190 4771 2578 4842 complerctur.
2608 4774 2760 4833 Ibant
2811 4780 2994 4853 itaque
3041 4797 3293 4855 parentes
3336 4794 3479 4863 ejus,

1876 4857 2029 4929 juxta
2082 4864 2555 4937 consuetudinem,
2610 4869 2664 4923 in
2717 4868 3016 4930 Jerusalem
3064 4879 3131 4934 ad
3176 4857 3477 4943 solemnem

1879 4950 2025 5008 diem
2044 4951 2285 5011 Pascitur.
2302 4954 2499 5012 Etcum
2513 4958 2684 5030 factus
2705 4963 2883 5035 fuisset
2908 4984 3160 5027 annorum
3184 4973 3480 5036 duodecim.

1884 5042 2189 5116 Diligenter
2221 5047 2482 5117 observa,
2521 5052 2645 5123 quia
2672 5059 2987 5130 priusquam
3019 5064 3307 5124 duodecim
3335 5081 3487 5131 esset

1885 5156 2175 5211 annorum,
2214 5146 2483 5217 sapientia
2514 5147 2611 5205 Dei
2644 5159 2700 5207 et
2737 5157 2975 5224 ueteris,
3008 5176 3127 5232 quae
3154 5162 3223 5219 de
3250 5179 3317 5220 eo
3342 5167 3480 5222 scri-

1888 5242 1976 5304 pta
2004 5246 2154 5305 sunt,
2180 5240 2582 5312 complebatur.
2612 5241 2749 5299 Cum
2784 5262 2938 5319 ergo,
2973 5261 3031 5305 ut
3063 5253 3317 5322 diximus,
3349 5261 3485 5317 duo-

1888 5329 2063 5387 decim
2090 5344 2244 5391 esset
2271 5352 2559 5405 annorum,
2582 5349 2639 5396 et
2661 5342 2814 5412 juxta
2846 5362 3049 5404 morem
3080 5350 3199 5407 dies
3225 5355 3487 5413 solcumi-

1888 5425 2015 5481 tatis
2058 5427 2257 5498 expleti
2297 5441 2506 5498 essent,
2548 5445 2604 5489 et
2634 5446 3044 5497 reverterentur
3077 5455 3327 5513 parentes
3357 5466 3484 5511 cum

1887 5517 2156 5576 infantulo
2196 5522 2348 5591 Jesu,
2388 5528 2654 5586 remansit
2688 5546 2825 5596 puer
2854 5532 2907 5586 in
2947 5531 3272 5604 Jerusalem,
3305 5550 3360 5599 ct
3388 5559 3488 5603 ue—

1889 5612 2135 5671 sciebant
2176 5624 2434 5685 parentes
2472 5617 2611 5690 ejus.
2655 5620 2726 5676 Et
2768 5623 2860 5679 ltie
2898 5625 3188 5685 sublimius
3227 5633 3484 5702 quiddam

1889 5723 2051 5779 quam
2095 5708 2331 5766 immane
2366 5721 2559 5770 natura
2598 5717 2828 5788 patitur,
2874 5721 3137 5795 intelligo.
3175 5726 3290 5784 Non
3336 5733 3485 5790 enim

1889 5800 2214 5879 simpliciter
2238 5806 2520 5879 remansit.
2547 5818 2601 5868 et
2622 5821 2886 5882 parentes
2912 5814 3030 5885 ejus
3055 5818 3143 5876 ubi
3168 5834 3312 5881 esset
3335 5825 3493 5899 igno-

1893 5894 2119 5965 rabant;
2151 5895 2249 5953 sed
2273 5900 2549 5969 quomodo
2577 5903 2632 5959 in
2658 5900 2883 5963 Joannis
2908 5907 3199 5993 Evangelio
3224 5894 3489 5991 scriptum
