3978 6338
496 341 605 395 265

1749 334 1809 390 S.
1854 331 2128 391 EUSEBII
2166 331 2418 388 HIERON
2430 333 2543 388 YMI
3683 329 3779 385 266

496 465 600 521 est,
647 454 904 525 quoniam
938 451 1331 509 insidiabantur
1361 450 1411 506 ei
1436 448 1645 516 Judaei,
1681 456 1737 502 et
1766 448 1982 517 elapsus
2010 456 2096 502 est
2122 451 2173 509 Α
2204 447 2565 515 responderet
2599 446 2754 516 juxta
2801 448 3070 504 rationem
3116 449 3232 518 Dei,
3272 459 3433 519 atque
3459 462 3778 506 sermonem.

497 550 567 604 de
598 549 780 605 medio
801 563 1012 614 eorum,
1040 555 1096 602 et
1122 563 1226 601 non
1250 545 1535 614 apparuit:
1562 542 1643 596 sic
1666 549 1723 595 et
1744 556 1886 596 nunc
1909 540 2097 611 30'7-

502 643 668 716 308
700 652 827 711 puto
857 640 1183 697 remansisse
1222 652 1445 708 puerum
1480 635 1534 689 in
1565 634 1884 698 Jerusalem,
1922 646 1971 686 et
2005 647 2099 702 pa-

502 748 686 793 rentes
733 736 850 806 ejus
895 736 983 790 ubi
1013 732 1338 790 remanserit
1370 732 1672 802 ignorasse.
1703 728 1811 783 Nec
1837 727 2097 782 miremur

503 838 757 900 parentes
797 835 1038 893 Vocatus,
1068 840 1296 897 quorum
1325 823 1461 879 alter
1493 824 1564 877 ob
1596 832 1829 891 partum,
1865 821 2001 875 alter
2029 819 2099 875 ob

503 920 864 991 obsequium,
911 919 1080 988 patris
1118 928 1175 972 et
1213 918 1401 972 matris
1444 922 1767 971 meruerunt
1810 912 2094 968 voeabula.

502 1012 758 1084 Sequitur
787 1030 802 1067 :
831 1010 1097 1079 Dolentes,
1124 1011 1324 1082 inquit,
1355 1009 1707 1079 quwrebamus
1732 1017 1800 1064 te.
1826 1006 1941 1062 Non
1971 1018 2100 1077 pulo

503 1122 598 1163 eos
624 1107 825 1161 idcirco
857 1105 1122 1173 doluisse,
1156 1104 1281 1175 quia
1317 1111 1571 1174 putarent
1599 1115 1817 1156 errasse
1846 1114 2093 1171 puerum,

503 1200 589 1256 vel
631 1201 865 1270 periisse
906 1216 920 1252 :
961 1213 1065 1254 nec
1103 1205 1318 1267 poterat
1352 1194 1628 1261 accidere,
1657 1202 1719 1247 ut
1764 1193 1947 1258 Maria,
1979 1206 2098 1260 quae

505 1293 712 1349 sciebat
739 1309 798 1348 se
829 1292 897 1348 de.
927 1292 1131 1361 Spiritu
1163 1299 1357 1345 sancto
1386 1289 1731 1358 concepisse,
1763 1302 1883 1357 qua:
1914 1294 1970 1340 et
1998 1300 2098 1338 an-

503 1389 685 1458 gelum
726 1386 1065 1457 loquentem,
1102 1392 1156 1440 et
1192 1392 1473 1439 currentes
1506 1392 1773 1452 pastores,
1807 1389 1862 1435 et
1889 1379 2100 1435 Simeo-

506 1496 629 1536 nem
648 1480 891 1535 audierat
912 1479 1350 1550 prophetantem,
1374 1477 1611 1541 timeret,
1636 1490 1705 1530 ne
1728 1489 1953 1545 puerum
1980 1488 2100 1543 per-

505 1573 660 1629 deret
693 1573 1060 1627 oberrantetn.
1106 1569 1313 1627 Amore
1342 1569 1482 1623 banc
1519 1567 1830 1637 opinionem
1862 1566 2099 1620 maxime

504 1668 573 1724 de
607 1666 832 1738 Joseph,
873 1666 961 1722 cui
1003 1665 1071 1721 ab
1098 1664 1291 1736 angelo
1322 1670 1651 1734 praeceptum
1681 1659 1878 1725 fuerat,
1912 1666 1969 1713 ut
2000 1657 2100 1712 tol-

502 1761 641 1818 leret
681 1777 930 1831 puerum,
975 1769 1029 1814 et
1073 1760 1124 1813 in
1155 1755 1453 1828 Egyptum
1487 1761 1756 1824 pergeret,
1788 1753 1881 1821 qui
1912 1750 2099 1805 audie-

2200 540 2295 596 Cui
2338 550 2422 594 est
2460 539 2630 609 gloria
2671 549 2727 595 et
2767 541 3055 609 imperium
3098 542 3150 597 in
3199 542 3399 599 saecula
3444 542 3779 598 saeculorum.

2200 631 2394 687 Amen.

2792 705 3079 761 llOMILlA
3116 705 3237 762 XX.

2202 785 2280 840 De
2308 802 2374 841 eo
2402 787 2546 857 quod
2590 788 2850 859 scriptum
2884 796 2969 842 est
2999 806 3011 841 :
3046 787 3187 852 Quid
3218 799 3291 842 est
3316 787 3453 857 quod
3468 785 3784 859 aquwrebatis

2274 861 2389 931 ore?
2414 876 2581 931 usque
2618 857 2714 914 adv
2741 875 2863 914 eum
2919 860 3092 913 locum
3141 860 3231 913 ulti
3276 858 3353 913 ait
3382 857 3785 931 :LConservabat

2276 930 2450 984 Maria
2478 928 2650 985 omnia
2680 931 2828 985 verba
2859 932 2967 987 hac
2992 932 3046 985 in
3069 932 3225 985 corde
3252 946 3368 985 suo.
3400 928 3533 1001 Cap.
3573 930 3638 985 ιι.

2273 1024 2599 1091 Qnaarebant
2618 1026 2786 1080 Maria
2809 1035 2858 1080 et
2882 1025 3084 1094 Joseplt
3115 1023 3260 1078 inter
3278 1023 3471 1078 affines
3497 1021 3705 1088 Jesum,
3735 1031 3787 1078 et

2203 1135 2309 1176 non
2342 1121 2693 1177 inveniebant
2728 1139 2743 1176 :
2776 1120 2830 1175 itt
2861 1120 3149 1184 comitatu,
3182 1126 3239 1173 et
3278 1118 3527 1173 invenire
3553 1133 3661 1172 non
3694 1131 3785 1185 po-

2204 1223 2402 1271 terant.
2436 1215 2784 1281 Quzesiernnt
2813 1214 2866 1268 in
2921 1212 3156 1283 templo;
3187 1210 3282 1265 sed
3311 1212 3452 1281 apud
3484 1213 3783 1280 magistros,

2204 1319 2259 1364 et
2287 1308 2342 1364 in
2391 1296 2573 1362 medio
2608 1316 3001 1378 pra-ceptorum
3041 1305 3319 1360 inveniunt
3350 1320 3497 1360 eum.
3529 1302 3785 1360 Ubicum-

2202 1416 2308 1471 que
2338 1400 2584 1471 magistri
2629 1401 2851 1466 fuerint,
2882 1400 2937 1455 in
2962 1398 3144 1453 medio
3171 1399 3558 1469 magistrorum
3592 1398 3791 1454 inveni~

2204 1505 2291 1550 tur
2328 1496 2487 1551 Jesus
2521 1513 2534 1547 :
2565 1496 2608 1550 si
2640 1503 2825 1550 tamen
2857 1494 3115 1565 magister
3158 1493 3351 1561 sedeat
3379 1493 3431 1548 in
3466 1494 3700 1561 templo,
3738 1501 3791 1550 et

2204 1604 2497 1659 numquam
2538 1588 2849 1658 egrediatur
2878 1603 2943 1642 ex
2967 1602 3052 1643 eo.
3104 1584 3316 1641 Profuit
3337 1587 3496 1642 Jesus
3528 1587 3791 1657 magistris

2205 1682 2341 1743 suis,
2370 1691 2425 1736 et
2455 1696 2552 1736 eos
2579 1698 2716 1751 quos
2770 1681 3112 1751 interrogare
3154 1679 3464 1747 videbatur,
3513 1678 3699 1735 docuit
3743 1680 3792 1736 in

2212 1774 2391 1828 medio
2417 1788 2606 1828 eorum
2656 1773 2908 1844 loquens,
2959 1782 3014 1828 et
3062 1771 3462 1843 quodammodo
3487 1771 3794 1827 concitabat

505 1861 595 1908 τίη
624 1871 637 1904 ³
670 1852 753 1906 Ne
780 1853 961 1905 “me”
990 1850 1171 1905 ίθίίενθ
1209 1848 1435 1903 Mariam
1468 1848 1743 1918 "aniugem
1772 1855 1936 1937 (nam)
1965 1843 2102 1937 ‘7‘de
2132 1840 2182 1902 Β
2209 1882 2303 1922 eos
2328 1866 2394 1921 ad
2426 1840 2743 1937 quaerenda,
2777 1882 2900 1937 quae
2927 1840 3097 1937 usque
3122 1869 3188 1921 ad
3220 1866 3274 1921 id
3319 1866 3589 1928 locorum,
3620 1877 3792 1921 utrum

507 1948 643 2003 enim
678 1948 732 2001 in
772 1963 831 2001 ea
863 1954 1043 1999 natum
1072 1954 1168 2012 est,
1198 1944 1260 1998 de
1293 1942 1496 2010 Spiritu
1525 1948 1704 1995 sancto
1730 1947 1802 1993 est
1839 1934 2057 2008 (Matth.
2088 1951 2105 1988 ι

508 2052 553 2099 et
580 2046 663 2114 ιι).
691 2042 994 2112 Numquam
1031 2038 1147 2094 fieri
1177 2046 1415 2108 poterat,
1450 2044 1509 2089 ut
1544 2033 1813 2105 perditum
1845 2028 2106 2087 formida-

507 2148 590 2192 ret
621 2134 917 2200 infantem,
952 2148 1111 2203 quem
1143 2130 1386 2185 divinum
1414 2142 1537 2182 esse
1563 2134 1910 2196 cognoverat.
1942 2122 2104 2178 Aliud

507 2231 800 2303 quidquam
828 2228 985 2283 dolor
1006 2236 1062 2283 et
1088 2226 1319 2297 qumstio
1352 2231 1659 2293 parentum,
1686 2236 1844 2289 quam
1872 2216 2106 2287 simplex

506 2323 681 2379 lector
708 2320 980 2391 intelligit,
1016 2326 1194 2374 sonat.
1223 2316 1506 2383 Quomodo
1528 2312 1673 2368 enim
1707 2322 1783 2380 tu,
1810 2311 1855 2365 si
1887 2308 2105 2380 quando

508 2416 815 2484 Scripturas
855 2412 1022 2483 legis,
1069 2410 1266 2480 qua-ris
1308 2410 1360 2461 in
1398 2408 1479 2461 eis
1511 2419 1731 2460 sensum
1764 2419 1884 2458 cum
1916 2403 2106 2457 dolore

508 2510 740 2585 quodam
779 2524 844 2563 ac
885 2516 1176 2572 tormento,
1223 2519 1334 2559 non
1377 2516 1486 2572 quo
1526 2500 1839 2571 Scripturas
1868 2512 2101 2561 errasse,

508 2615 600 2658 aut
632 2616 916 2675 perperam
946 2599 1074 2670 quid
1103 2599 1309 2653 habere
1345 2595 1659 2659 arbitreris;
1692 2592 1788 2648 sed
1819 2590 1964 2661 quod
1997 2589 2105 2645 illae

507 2696 835 2751 intrinsecus
864 2692 1100 2748 habeant
1126 2687 1376 2744 veritatis
1407 2700 1717 2742 sermonem
1746 2695 1907 2754 atque
1937 2682 2106 2737 ratio-

508 2803 657 2855 nem,
680 2798 734 2843 et
766 2794 822 2841 tu
852 2800 1090 2856 nequeas
1122 2784 1366 2838 invenire
1391 2780 1535 2851 quod
1566 2792 1757 2853 verum
1784 2786 1870 2832 est
1904 2794 1917 2828 :
1953 2778 2029 2828 ita
2049 2781 2106 2828 et

502 2882 583 2937 illi
616 2881 934 2951 quaerebant
976 2895 1045 2934 ne
1090 2877 1230 2934 forte
1258 2876 1579 2932 recessisset
1607 2873 1674 2926 ab
1702 2871 1805 2939 eis,
1840 2884 1906 2923 ne
1937 2867 2102 2923 relin-

436 2959 445 2969 ’
506 2992 680 3049 quens
720 2991 847 3043 eos,
888 2975 955 3029 ad
997 2973 1102 3028 alia
1150 2970 1615 3041 transmigraSset,
1653 2978 1706 3022 et
1748 2965 1891 3036 quod
1936 2962 2105 3032 magis

452 3123 463 3131 .
507 3083 659 3143 puto,
705 3080 729 3106 ιι
756 3085 823 3125 ne
853 3066 1268 3137 revertissetad
1301 3064 1489 3130 cmlos,
1523 3077 1645 3116 cum
1675 3059 1757 3114 illi
1788 3058 2099 3127 placuisset,

507 3163 703 3218 iterum
745 3162 1131 3216 descensurus.
1179 3158 1433 3213 Dolentes
1481 3170 1611 3226 ergo
1657 3152 1971 3225 quzerebant
2017 3148 2106 3203 Fi-

512 3257 644 3311 lium
677 3256 792 3311 Dei.
836 3255 906 3310 Et
943 3269 1065 3311 eum
1109 3260 1437 3323 quart-erent,
1472 3266 1576 3304 tton
1609 3250 1933 3303 invenerunt
1964 3245 2105 3299 inter
2129 3224 2176 3287 (εἶ

510 3356 792 3420 cognatos.
825 3347 1012 3416 Neque
1040 3346 1183 3402 enint
1215 3353 1430 3417 poterat
1464 3344 1697 3399 humana
1725 3340 1976 3411 cognatio
2011 3338 2103 3392 Dei

511 3440 709 3497 Filium
754 3441 1055 3496 continere.
1099 3438 1214 3494 Non
1258 3438 1587 3492 invenerunt
1633 3438 1779 3489 inter
1820 3442 2101 3503 cognatos,

510 3537 635 3607 quia
667 3534 846 3589 divina
879 3533 1083 3603 majora
1105 3542 1260 3587 erant
1283 3531 1472 3586 notitia
1498 3531 1837 3600 scientiaque
1864 3527 2100 3581 mortali.

510 3628 613 3685 Ubi
647 3628 809 3699 igitur
840 3625 1130 3682 inveniunt
1159 3625 1324 3679 eum?
1350 3625 1404 3677 In
1437 3623 1657 3692 templo.
1688 3621 1924 3677 lbteuim
1955 3620 2105 3674 inve-

511 3720 659 3775 nitur
704 3718 871 3773 Filius
916 3718 1029 3772 Dei.
1070 3716 1126 3771 Si
1160 3715 1379 3787 quando
1413 3726 1467 3770 et
1505 3725 1562 3770 tu
1595 3715 1877 3785 quaesieris
1906 3711 2106 3767 Filium

511 3811 642 3880 Dei,
688 3826 871 3883 qurere
910 3812 1143 3881 primum
1186 3808 1240 3865 in
1282 3810 1514 3879 templo,
1558 3808 1690 3862 illuc
1729 3822 1991 3877 propera,
2034 3805 2106 3860 ibi

516 3904 811 3972 Christum,
847 3920 1155 3961 sermonem
1199 3914 1362 3972 atque
1404 3904 1751 3972 sapientiam,
1795 3901 1847 3955 id
1876 3910 1982 3968 est,
2019 3898 2107 3953 lii-

511 4000 644 4056 lium
676 4000 793 4071 Dei,
826 4001 1086 4070 reperies.
1114 3999 1382 4066 Quoniam
1413 4012 1541 4051 vero
1567 3997 1822 4066 parvulus
1851 4003 1990 4059 erat,
2019 3992 2106 4047 in-

511 4095 732 4152 venitur
762 4096 814 4150 in
846 4093 1025 4150 medio
1066 4103 1488 4164 praeceptorum,
1525 4087 1875 4143 sanetilicans
1901 4095 1957 4142 et
1985 4101 2108 4140 eru-

514 4188 670 4244 diens
712 4203 830 4243 eos.
872 4187 1009 4255 Quia
1038 4185 1298 4257 parvulus
1327 4194 1465 4249 erat,
1514 4180 1785 4237 invenitur
1816 4181 1868 4234 in
1901 4179 2105 4247 medio,

518 4298 626 4337 non
671 4295 767 4337 eos
805 4280 1031 4347 docens,
1063 4277 1162 4334 sed
1206 4279 1565 4347 interrogans,
1596 4286 1647 4331 et
1677 4277 1778 4330 hoc
1808 4288 1906 4345 pro
1935 4272 2110 4328 mtatis

520 4371 730 4438 officio,
763 4382 820 4426 ut
849 4387 948 4427 nos
974 4371 1195 4427 doceret
1224 4370 1350 4440 quid
1384 4369 1585 4439 pueris,
1619 4369 1863 4439 quamvis
1894 4367 2111 4437 sapiet];

514 4472 596 4520 tes
628 4479 680 4520 et
712 4465 907 4520 eruditi
934 4465 1064 4531 sint,
1096 4465 1435 4526 conveniret,
1466 4473 1520 4516 ut
1542 4461 1765 4516 audiant
1790 4460 1968 4530 potius
1996 4474 2112 4514 ma-

515 4560 736 4631 gistros,
780 4573 943 4627 quatn
981 4558 1179 4613 docere
1217 4558 1549 4622 desiderent,
1590 4566 1648 4612 ct
1674 4571 1735 4612 se
1766 4571 1897 4610 vana
1928 4563 2110 4611 osten-

518 4652 722 4707 tatione
765 4666 872 4706 non
911 4650 1137 4721 jactent.
1184 4649 1593 4721 lutertogabat,
1635 4650 1889 4719 inquam,
1941 4647 2109 4718 magi-

517 4754 686 4812 stros,
726 4761 831 4798 non
877 4755 934 4799 ut
980 4743 1177 4814 aliquid
1227 4745 1488 4809 disceret,
1524 4744 1619 4799 sed
1666 4756 1721 4796 ttt
1768 4743 2109 4815 interrogans

519 4838 780 4893 erudiret.
829 4840 905 4893 Ex
950 4854 1063 4893 uno
1101 4839 1306 4909 quippe
1345 4838 1603 4894 doctrina:
1644 4838 1790 4895 fonte
1833 4849 2015 4894 manat
2056 4849 2111 4895 et

518 4930 856 5002 interrogare
898 4942 953 4988 et
997 4932 1329 4999 reSpondere
1378 4935 1654 5001 sapienter
1698 4952 1712 4989 :
1764 4943 1819 4988 et
1865 4934 2107 5006 ejusdem

517 5024 758 5101 scientiae
798 5033 902 5089 est,
949 5026 1090 5081 scire
1133 5026 1259 5097 quid
1304 5025 1626 5097 interroges,
1660 5028 1856 5098 quidve
1886 5044 2110 5100 respon-

517 5120 673 5178 deas.
711 5119 960 5190 Oportuit
989 5120 1221 5191 primum
1259 5120 1593 5176 Salvatorem
1625 5123 1853 5178 erudita:
1882 5127 2111 5181 interro-

517 5215 750 5289 gationis
781 5212 1095 5284 magistrum
1128 5213 1269 5279 fieri,
1292 5224 1350 5269 ut
1381 5223 1568 5285 postea
1598 5216 2111 5287 interrogationibus

593 5346 616 5371 ιι
660 5335 772 5389 Hoc
796 5347 926 5387 vero
951 5342 1039 5388 est
1062 5348 1171 5403 pra:
1200 5332 1418 5403 reliquis
1442 5333 1705 5389 absonum
1736 5335 2009 5392 omnibus.

591 5404 619 5445 δ
662 5405 858 5461 Verum
880 5406 1142 5469 estadeo,
1170 5406 1223 5459 in
1248 5407 1305 5460 S.
1338 5404 1946 5476 Virginem,injuriosnm
1976 5426 2097 5469 esse

519 5479 925 5550 Adatnantittm.
950 5483 1121 5543 Quam
1152 5479 1367 5531 dixerat
1397 5492 1557 5545 supra
1606 5479 1798 5533 hrunil.
1834 5479 1900 5532 14
1925 5522 1939 5545 ,
1973 5498 2097 5550 pur-

518 5562 737 5622 gattone
766 5549 1084 5616 indiguisse,
1115 5559 1171 5605 et
1214 5549 1629 5622 posteaJtotnil.
1663 5551 1751 5619 17,
1786 5549 2097 5610 εοιιιιόειιιιιιι

520 5619 736 5690 passam
761 5621 1264 5690 dubitationemquc
1306 5622 1373 5674 de
1402 5619 1538 5675 Filio
1568 5629 1583 5673 :
1618 5638 1759 5676 nunc
1790 5624 1958 5677 multo
1997 5641 2096 5681 au-

520 5693 708 5748 daeins
730 5690 1129 5748 incredulitatis
1151 5700 1371 5747 accusat
1387 5701 1483 5745 aut
1503 5693 1718 5764 exigua:
1738 5693 1879 5748 lidei.
1900 5697 2098 5753 ltecole

522 5781 646 5832 qua:
676 5764 907 5818 laudatis
936 5765 1068 5819 locis
1089 5809 1100 5826 ,
1130 5764 1196 5817 ad
1239 5764 1625 5819 retundendam
1677 5768 2000 5821 calumniam
2033 5784 2095 5824 ac

521 5836 896 5890 \‘tttdicattdam
920 5837 988 5891 ab
1007 5839 1155 5891 omni
1173 5835 1379 5907 peccati
1411 5836 1529 5911 labe
1555 5836 1933 5908 Deianatrem,
1962 5838 2104 5895 dixi-

2207 1962 2445 2027 scirent,
2474 1974 2541 2013 an
2574 1961 2917 2030 ignorarent,
2950 1974 3112 2014 nosse
3144 1975 3248 2013 non
3277 1967 3558 2031 poterant.
3593 1960 3795 2015 Inveni-

2210 2062 2297 2106 tur
2334 2050 2496 2107 Jesns
2528 2052 2578 2104 in
2609 2050 2790 2106 medio
2828 2055 3239 2121 magistrorum,
3271 2058 3328 2106 et
3379 2052 3641 2107 inventus
3676 2052 3796 2107 dicit

2208 2146 2592 2217 quaesitoribus
2623 2146 2737 2201 suis
2771 2163 2783 2199 :
2810 2146 2951 2212 Quid
2980 2155 3052 2200 est
3082 2148 3201 2217 quia
3222 2145 3528 2218 qawrebatis
3552 2149 3675 2203 me?
3700 2147 3796 2203 Ne-

2205 2242 2445 2296 sciebatis
2467 2242 2589 2311 quia
2633 2242 2689 2295 in
2717 2240 2798 2295 his
2828 2257 2941 2313 qua:
2978 2251 3097 2296 sunt
3148 2240 3328 2296 Patris
3358 2243 3455 2296 mei
3487 2253 3689 2315 oportet
3720 2260 3793 2297 mc

2207 2336 2352 2390 esse?
2379 2334 2620 2389 Primum
2669 2335 2989 2405 simpliciter
3034 2336 3340 2391 sentientes
3387 2351 3672 2392 armemur
3708 2337 3795 2392 ad-

2211 2443 2397 2482 versus
2424 2429 2621 2497 impios
2653 2429 2965 2495 haereticos,
2993 2430 3083 2501 qui
3106 2428 3292 2484 dicunt
3323 2444 3432 2485 non
3459 2446 3587 2485 esse
3618 2428 3797 2503 309-

2207 2520 2371 2592 310
2400 2521 2739 2577 conditorem
2772 2533 2981 2592 patrem
3008 2520 3210 2577 Christi
3232 2523 3388 2588 Jesu,
3422 2537 3606 2592 neque
3635 2526 3793 2578 Deum

2208 2613 2363 2681 legis,
2393 2613 2490 2668 sed
2520 2630 2621 2669 nec
2648 2619 3051 2684 prophetarum.
3091 2614 3231 2671 Ecce
3263 2626 3435 2686 pater,
3473 2615 3628 2671 Deus
3662 2624 3791 2671 temo

2208 2707 2281 2778 pli
2312 2707 2595 2762 asseritur.
2633 2707 2974 2763 Erubescant
2997 2707 3364 2763 Valentiniani
3397 2710 3690 2765 audientes
3709 2709 3794 2768 le.-

2208 2816 2327 2857 sum
2359 2801 2699 2877 iuquientem
2731 2818 2746 2856 :
2779 2799 2848 2855 In
2876 2801 2957 2856 his
2973 2817 3092 2873 qua:
3121 2810 3244 2856 sunt
3276 2800 3452 2856 Patris
3485 2803 3590 2856 mei
3606 2811 3795 2873 oportet

2207 2912 2287 2951 me
2319 2912 2447 2950 esse.
2481 2896 2819 2952 Erubescant
2859 2910 3051 2951 omnes
3102 2894 3382 2962 lueretici,
3431 2895 3527 2967 qui
3564 2897 3796 2967 Evange-

2208 2992 2339 3045 lium
2381 2990 2650 3059 recipiunt
2678 2988 2981 3044 secundum
3011 2987 3237 3051 Lucam,
3269 2998 3319 3043 et
3350 3003 3472 3059 quae
3500 2990 3554 3043 in
3580 3005 3647 3043 eo
3678 2996 3795 3042 sunt

2210 3084 2410 3153 scripta
2446 3067 2826 3138 contemnunt.
2867 3083 3013 3149 Haec,
3071 3092 3131 3138 ιιι
3180 3082 3325 3145 dixi,
3366 3084 3481 3138 sint
3531 3084 3795 3140 intellecta

2211 3174 2537 3244 simplicius.
2568 3174 2835 3242 Quoniam
2867 3190 3001 3231 vero
3032 3173 3299 3230 infertur:
3327 3172 3442 3245 Ipsi
3491 3184 3670 3230 autem
3699 3191 3792 3227 non

2210 3270 2571 3325 intellexerunt
2621 3286 2942 3339 sermonem,
2978 3284 3196 3324 sensum
3239 3268 3540 3338 Scripturze
3580 3269 3798 3339 diligen-

2212 3366 2316 3420 tius
2349 3365 2701 3429 ventilemus,
2726 3364 2770 3419 si
2803 3375 2959 3420 erant
2986 3365 3136 3418 stulti
3161 3373 3215 3419 et
3240 3362 3591 3432 insipientes,
3622 3373 3681 3417 ut
3709 3378 3799 3418 ne-

2209 3460 2412 3513 scirent
2440 3457 2569 3528 quid
2593 3457 2835 3525 diceret,
2867 3456 2995 3528 quia
3028 3457 3136 3512 hoc
3162 3455 3305 3528 quod
3337 3459 3411 3510 ait
3444 3474 3457 3509 :
3492 3453 3561 3509 1η
3586 3454 3668 3509 his
3693 3471 3799 3525 quis

2209 3559 2326 3605 sunt
2358 3549 2539 3604 Patris
2572 3550 2690 3615 mei,
2714 3566 2794 3604 me
2824 3564 2933 3602 esse
2955 3557 3189 3614 Oportet,
3212 3547 3554 3617 significaret
3587 3547 3640 3601 in
3674 3558 3799 3602 tem-

2210 3645 2321 3715 plo,
2356 3657 2421 3698 an
2449 3641 2595 3697 aliud
2624 3641 2879 3713 quiddam
2906 3642 3070 3696 altius
3109 3642 3401 3711 signiﬁcet,
3433 3650 3492 3695 et
3515 3640 3665 3710 quod
3697 3655 3800 3695 ma-

2208 3737 2291 3806 gis
2329 3735 2562 3791 aaliftcet
2590 3733 2895 3789 audientes.
2932 3732 3319 3804 Unusquisque
3345 3741 3597 3788 nostrum
3633 3732 3677 3786 si
3713 3732 3800 3787 bo—

2210 3846 2313 3886 nus
2345 3829 2511 3884 fuerit
2542 3838 2704 3899 atque
2738 3827 3032 3897 perfectus,
3071 3828 3348 3897 possessio
3373 3827 3469 3882 Dei
3498 3827 3680 3882 Patris
3699 3835 3797 3893 est,

2210 3936 2263 3980 et
2291 3926 2455 3981 habet
2487 3925 2541 3978 in
2574 3925 2753 3979 medio
2782 3925 2864 3979 sui
2911 3923 3121 3979 Jesum.
3153 3922 3454 3978 Credamus
3493 3924 3699 3993 quippe
3726 3922 3802 3976 di-

2210 4022 2374 4084 centi,
2408 4018 2665 4085 Quoniam
2693 4018 2747 4071 in
2772 4016 2853 4072 his
2880 4034 2996 4087 qua:
3017 4026 3141 4071 sunt
3172 4014 3351 4070 Patris
3391 4021 3512 4082 mei,
3543 4033 3625 4071 me
3649 4031 3802 4087 opor-

2212 4121 2279 4166 tet
2308 4127 2439 4165 esse.
2487 4109 2655 4180 Magis
2703 4108 3025 4163 rationabile
3056 4116 3219 4179 atque
3266 4108 3476 4171 vivens,
3530 4117 3590 4164 et
3621 4122 3799 4164 verum

2213 4203 2472 4273 templum
2508 4200 2604 4257 Dei
2630 4201 2732 4256 hoc
2758 4215 2882 4256 esse
2907 4200 3177 4271 suspicor,
3204 4215 3365 4272 quam
3394 4199 3525 4255 illud
3557 4199 3705 4272 quod
3727 4207 3804 4271 ty-

2214 4298 2330 4367 pice
2365 4300 2583 4350 terreno
2620 4309 2787 4365 opere
2827 4302 3205 4348 constructum
3251 4301 3358 4349 est.
3408 4292 3571 4350 Unde
3619 4294 3713 4348 illo
3749 4294 3799 4346 in

2213 4389 2435 4460 templo,
2470 4397 2528 4443 ut
2555 4388 2735 4459 typice
2766 4386 2900 4451 fuit,
2926 4385 2997 4440 ita
3030 4388 3257 4441 recessit
3285 4394 3341 4441 et
3377 4386 3580 4457 typice.
3612 4386 3803 4457 Egres-

2213 4499 2307 4538 sus
2333 4491 2417 4537 est
2446 4482 2590 4537 enim
2618 4480 2686 4535 de
2715 4480 2919 4550 templo
2950 4489 3175 4534 terreno
3212 4477 3406 4535 dcens
3430 4496 3443 4531 :
3479 4476 3620 4533 Ecce
3645 4479 3801 4532 relin-

2215 4587 2399 4649 quetur
2444 4574 2584 4629 vobis
2625 4575 2808 4629 domus
2857 4587 3021 4628 vestra
3061 4574 3266 4627 deserta
3317 4571 3499 4643 (Matt.
3542 4569 3724 4643 xxttt),
3752 4578 3803 4625 et

2219 4670 2537 4740 relinquens
2562 4667 2785 4722 domum
2814 4665 2960 4721 illam
2995 4666 3144 4721 venit
3172 4664 3240 4720 ad
3273 4665 3684 4734 possessionem
3715 4665 3801 4720 Dei

2219 4760 2413 4826 Patris,
2447 4758 2513 4814 ad
2548 4757 2822 4813 Ecclesias
2852 4758 2905 4811 in
2935 4767 3048 4812 toto
3078 4757 3212 4812 orbe
3238 4756 3537 4827 dispersas,
3567 4767 3626 4811 et
3648 4757 3802 4811 dicit:

2214 4854 2282 4909 In
2305 4853 2389 4907 his
2412 4852 2500 4922 qui
2530 4862 2649 4906 sunt
2680 4849 2861 4906 Patris
2883 4850 3005 4916 mei,
3028 4866 3106 4904 me
3130 4856 3329 4919 Oportet
3354 4864 3482 4903 esse.
3507 4847 3665 4906 Tunc
3684 4862 3807 4919 ergo

2218 4961 2325 5001 non
2355 4944 2741 4999 intellexerunt
2772 4941 3026 5007 verbum,
3050 4941 3193 5011 quod
3221 4941 3432 4996 locutus
3471 4951 3557 4997 est
3584 4942 3693 4996 eis.
3723 4940 3804 4995 Si-

2150 5102 2153 5105 ,
2217 5038 2328 5095 tnul
2348 5048 2403 5092 et
2431 5036 2561 5092 illud
2591 5034 2882 5104 attendite,
2912 5034 3057 5106 quod
3086 5035 3344 5106 quamdiu
3376 5036 3428 5090 in
3459 5035 3807 5106 possessione

2225 5133 2399 5189 Patris
2424 5131 2508 5186 sui
2538 5130 2640 5185 fuit
2660 5145 2874 5185 sursum
2902 5135 3044 5197 erat,
3076 5130 3201 5200 quia
3232 5129 3463 5186 necdum
3498 5131 3717 5201 plenam
3747 5128 3806 5183 fi-

2224 5225 2344 5281 dem
2373 5224 2574 5295 Joseplt
2599 5232 2655 5278 et
2675 5221 2701 5260 ι)
2730 5221 2894 5277 Maria
2939 5223 3227 5286 habebant,
3272 5232 3560 5294 propterea
3591 5236 3805 5279 sursum

2217 5358 2358 5398 ntus.
2385 5338 2590 5394 Nuocsi
2613 5342 2745 5394 tanti
2768 5337 2933 5393 estad
2955 5338 3320 5394 excusandum
3340 5337 3803 5409 Origenem,Sixti

2215 5413 2477 5471 Senensis
2511 5410 2603 5473 tib,
2627 5426 2684 5463 v.
2715 5411 3066 5466 Bibliotheca:
3096 5409 3504 5465 annotationem
3536 5411 3649 5467 HO
3684 5414 3802 5464 sult-

2216 5499 2369 5540 necra
2380 5499 2516 5537 mus.
2527 5482 2860 5551 Puto,inquit
2873 5482 3177 5553 ,Origettem
3191 5481 3454 5537 vocabulo
3469 5483 3646 5549 plenie
3660 5481 3798 5544 ﬁdei,

2212 5555 2550 5611 intellexisse
2565 5554 2778 5621 plenam
2794 5557 3155 5622 cognitionem
3170 5555 3410 5609 omnium
3425 5556 3806 5621 mysteriorum

2213 5627 2512 5683 divinitatis
2552 5623 2971 5680 ethumaoitatis
2985 5624 3185 5680 Christi
3214 5667 3227 5691 ,
3251 5640 3411 5696 quam
3436 5624 3603 5679 Maria
3650 5624 3808 5694 Virgo

2215 5696 2458 5753 nondum
2480 5712 2545 5753 eo
2570 5705 2814 5766 tempore
2836 5697 3066 5751 habebat
3090 5737 3105 5761 ,
3130 5695 3381 5767 quamvis
3402 5709 3465 5749 ea
3487 5696 3671 5748 omnia
3695 5710 3806 5767 qui:

2220 5777 2339 5825 tum
2364 5768 2430 5823 de
2451 5767 2666 5823 Christo
2688 5764 2939 5833 noverat,
2973 5764 3270 5824 certissima
3296 5776 3349 5823 et
3365 5767 3690 5821 inconcussa
3712 5764 3811 5820 ltdc

2223 5847 2435 5898 teneret
2445 5881 2455 5893 .
