3978 6338
196 340 281 398 265
747 334 1187 393 TRANSLATIO
1226 333 1666 394 IIOMILIARUM
1707 334 2028 395 ORIGENIS
2070 337 2135 394 IN
2177 336 2436 396 LUCAM.
2483 339 2644 396 "OM.
2679 340 2824 398 XXI.

3329 347 3437 407 9.66

194 473 295 516 cum
326 471 381 510 eo
406 468 629 510 manere
659 467 766 510 non
794 463 1045 524 poterant
1078 472 1092 510 :
1124 454 1219 510 sed
1263 454 1465 510 dicitur
1510 456 1737 511 descen-
1765 455 1818 516 Α
1843 463 1898 510 et
1924 456 1967 510 si
2004 456 2057 510 in
2106 457 2264 511 nobis
2311 466 2390 512 est
2417 503 2430 525 ,
2470 457 2617 512 omni
2650 458 2838 513 labore
2882 459 3122 514 nitamur
3162 461 3440 533 deponere

195 551 314 607 disse
331 564 437 604 cum
463 547 564 603 eis.
598 547 804 604 Crebro
829 549 994 603 Jesus
1022 546 1306 603 descendit
1347 564 1468 602 cum
1501 549 1735 617 discipu-

194 646 250 703 lis
267 644 383 707 suis,
410 659 508 698 nec
535 659 756 714 semper
785 651 1034 698 versatur
1060 642 1117 698 in
1148 653 1355 710 monte,
1391 659 1488 698 nec
1531 644 1735 713 absque

190 740 278 796 ﬁne
300 737 535 793 sublimia
564 745 735 792 tenet.
769 735 827 792 lu
858 747 1043 792 monte
1063 752 1190 791 cum
1218 737 1377 791 Petro
1394 737 1736 805 est,cumJa-

190 829 317 895 cobo,
341 843 450 882 cum
477 826 718 894 Joanne,
748 838 804 882 et
837 841 1051 883 rursum
1088 828 1141 882 in
1171 828 1278 883 alio
1308 828 1430 884 loco
1457 846 1578 884 cum
1624 846 1734 885 cac-

191 925 296 982 teris
330 923 597 992 discipulis
630 920 860 994 (Matth.
892 921 1050 996 xvu).
1096 922 1268 978 Porro
1297 922 1423 991 quia
1455 937 1562 978 non
1595 924 1739 980 vale-

186 1015 293 1072 bant
311 1015 356 1069 hi
377 1015 462 1085 qui
483 1015 652 1068 variis
679 1014 1132 1084 aegrotationibus
1156 1013 1500 1082 laborabant,
1516 1017 1567 1070 in
1592 1031 1736 1072 mon-

188 1117 275 1164 tem
298 1106 678 1172 conscendere,
709 1107 916 1163 idcirco
940 1105 1248 1176 descendit,
1282 1117 1335 1162 et
1363 1108 1514 1162 venit
1542 1108 1609 1163 ad
1639 1123 1736 1165 eos

184 1204 257 1274 qui
278 1204 514 1257 deorsum
547 1212 727 1257 erant.
752 1201 905 1257 Nunc
945 1217 1167 1274 quoque
1196 1202 1479 1268 scribitur,
1509 1201 1738 1258 Descen-

187 1294 245 1349 dit
269 1310 368 1348 cum
387 1295 478 1360 eis,
508 1297 716 1350 etvenit
746 1293 1035 1357 Nazaretlt,
1058 1305 1104 1349 et
1125 1295 1496 1366 subjiciebatur
1523 1297 1615 1350 eis.
1649 1297 1737 1352 Di-

183 1405 381 1455 scamus,
413 1393 531 1460 lilii,
562 1392 795 1464 subjecti
821 1408 947 1448 esse
969 1396 1286 1462 parentibus
1316 1394 1520 1448 nostris
1554 1411 1564 1445 :
1624 1407 1737 1447 ma-

177 1482 248 1553 jor
271 1485 449 1538 minuti
479 1485 786 1551 subjicitur.
813 1485 944 1540 Nunt
975 1489 1101 1556 quia
1131 1488 1395 1556 majorem
1422 1483 1624 1555 Joseph
1658 1486 1737 1539 vi-

179 1575 313 1632 debat
337 1584 524 1644 a‘tate,
561 1587 848 1648 propterea
881 1594 1004 1634 eum
1036 1581 1279 1651 parentis
1309 1579 1516 1634 honore
1544 1579 1734 1646 coluit,

178 1667 393 1724 omnibus
440 1668 569 1724 ﬁliis
617 1670 928 1740 exemplum
979 1671 1252 1735 tribuens,
1285 1681 1343 1725 ut
1380 1670 1737 1740 subjiciantur

173 1769 475 1840 parentibus.
524 1767 682 1836 Quod
729 1769 774 1824 si
833 1777 1016 1839 patres
1064 1767 1132 1824 iis
1163 1785 1269 1823 non
1313 1768 1538 1832 fuerint,
1569 1766 1734 1836 subji-

1840 549 2146 619 parvulum,
2194 562 2248 606 et
2275 550 2562 607 destruere
2591 552 2763 618 illum,
2796 563 2851 607 et
2877 555 2942 608 ad
2977 562 3168 611 :etates
3199 558 3437 628 reliquas

1839 643 2154 710 pervenire,
2203 653 2263 697 ut
2288 658 2388 699 nos
2415 660 2634 714 quoque
2661 645 2853 702 audire
2883 649 3158 716 possimus
3193 667 3206 703 :
3237 649 3318 704 Tu
3344 668 3437 704 au-

1838 741 1938 786 tem
1967 733 2066 789 ibis
2087 735 2156 787 ad
2179 748 2352 808 patres
2377 747 2493 792 tuos
2529 754 2644 791 cum
2676 754 2830 806 pace,
2875 741 3101 796 nutritus
3127 739 3236 812 [ΑΙ.
3267 744 3434 797 nutri-

1838 822 1940 895 tas]
1972 823 2024 878 in
2051 837 2256 880 senecta
2293 826 2449 894 bona,
2479 828 2665 898 utique
2715 829 2984 898 Spiritali,
3035 848 3154 903 qua)
3181 843 3265 889 est
3308 851 3435 891 vere

1837 927 2095 972 senectus
2119 918 2282 988 bona,
2315 935 2619 978 canescens
2655 931 2711 979 et
2739 922 2790 977 in
2821 925 2982 979 linem
3029 941 3200 992 usque
3241 942 3430 996 perve-

1838 1008 1997 1064 niens
2029 1011 2080 1064 in
2115 1010 2336 1067 Christo
2355 1014 2507 1070 Jesu.
2537 1014 2637 1069 Cui
2657 1027 2743 1071 est
2769 1017 2938 1085 gloria
2962 1026 3017 1073 et
3047 1017 3227 1073 honor
3259 1031 3312 1076 et
3337 1021 3436 1075 itu-

1839 1101 2050 1169 perium
2077 1101 2129 1155 in
2163 1105 2362 1158 saecula
2397 1105 2747 1161 saeculorum.
2780 1115 2974 1163 Amen.

2399 1258 2680 1316 llOMlLlA
2727 1261 2868 1318 XXI.

1838 1419 1915 1472 De
1948 1434 2012 1474 c0
2035 1419 2182 1490 quod
2215 1423 2479 1492 Scriptum
2515 1433 2600 1477 est
2633 1441 2644 1474 :
2678 1422 3075 1491 Quintodecimo
3115 1445 3254 1482 anno
3286 1432 3439 1500 impe-

1913 1503 1976 1555 rii
2002 1501 2200 1557 Tiberii
2232 1503 2474 1568 thsaris,
2511 1521 2680 1576 usque
2702 1508 2766 1559 ad
2793 1508 2965 1563 locum
2986 1510 3072 1563 ubi
3101 1512 3178 1566 ait
3206 1529 3219 1566 :
3255 1512 3437 1568 Rei-tas

1912 1584 2069 1651 facile
2089 1585 2301 1639 semitas
2331 1587 2463 1654 ejus.
2497 1584 2634 1655 Cap.
2669 1585 2758 1641 ΙΙΙ.

1911 1743 2139 1811 Quando
2188 1745 2255 1799 ail
2303 1746 2523 1804 Judteos
2571 1758 2780 1805 tantum
2845 1767 3027 1807 sermo
3083 1753 3438 1824 propheticus

176 1859 356 1916 ciantur
383 1859 464 1915 his
498 1861 589 1932 qui
623 1871 837 1931 patrum
866 1871 1081 1917 tetatem
1113 1861 1335 1918 habent.
1379 1861 1520 1928 Quid
1546 1861 1738 1932 loquor

1848 1847 2180 1914 mittebatur,
2231 1851 2444 1907 Judaici
2497 1867 2655 1924 reges
2706 1854 3049 1923 ponebantur
3102 1855 3156 1910 in
3217 1858 3378 1913 titulo
3424 1876 3436 1912 :

173 1951 227 2008 de
253 1953 559 2022 parentibus
579 1963 634 2008 et
664 1953 826 2009 liliis?
857 1955 912 2009 Si
955 1953 1120 2010 Jesus
1151 1954 1296 2009 [ilius
1325 1955 1423 2010 Dei
1448 1954 1736 2024 subjicitur

174 2046 344 2118 Joseph
370 2057 424 2104 et
465 2048 680 2113 Mariae,
712 2063 816 2120 ego
857 2064 966 2104 non
1013 2047 1277 2118 subjiciar
1322 2050 1596 2118 episcopo,
1641 2048 1732 2118 qui

172 2140 280 2194 mihi
303 2155 330 2194 a
371 2140 481 2195 Deo
508 2141 796 2195 ordinatus
816 2150 901 2196 est
929 2141 1118 2211 pater?
1148 2140 1263 2195 Non
1298 2141 1556 2210 subjiciar
1589 2155 1734 2210 pres-

171 2231 356 2303 bytero,
377 2232 470 2303 qui
507 2231 642 2287 mihi
676 2233 889 2288 Domini
917 2232 1232 2305 dignatione
1265 2233 1586 2303 prmpositus
1615 2233 1735 2288 est?

173 2324 288 2382 Puto
310 2326 447 2398 quod
479 2327 828 2399 intelligebat
859 2327 1093 2397 Joseph,
1127 2327 1252 2398 quia
1293 2327 1468 2398 major
1512 2343 1574 2383 se
1620 2339 1738 2384 erat

169 2417 321 2484 Jesus,
347 2419 490 2490 quod
534 2420 938 2489 subjiciebatur
973 2421 1072 2475 sibi
1101 2462 1117 2486 ,
1147 2431 1204 2477 et
1249 2421 1429 2477 sciens
1475 2421 1735 2490 majorem

167 2525 268 2568 esse
306 2513 650 2583 subjectum,
701 2514 946 2584 trepidus
997 2513 1387 2570 moderabatur
1429 2515 1735 2584 imperium.

168 2603 333 2660 Videat
372 2621 504 2677 ergo
556 2605 961 2676 unusquisque,
1014 2605 1158 2674 quod
1221 2621 1369 2677 saepe
1418 2607 1739 2663 melioribus

167 2698 464 2768 praepositus
493 2700 574 2753 sit
603 2697 857 2765 inferior,
885 2708 942 2753 et
968 2697 1375 2771 nonnumquam
1406 2699 1647 2765 accidat,
1681 2711 1741 2756 ut

167 2789 245 2846 ille
266 2791 348 2860 qui
377 2791 664 2863 subjectus
690 2801 796 2858 est,
833 2791 1026 2848 melior
1071 2793 1146 2848 sit
1179 2806 1248 2848 eo
1274 2793 1368 2862 qui
1397 2792 1501 2848 sibi
1528 2793 1740 2850 videtur

168 2897 270 2939 esse
315 2885 666 2955 praepositus.
722 2883 878 2952 Quod
915 2899 1040 2940 cum
1092 2885 1428 2941 intellexerit
1478 2887 1740 2958 dignitate

168 2976 442 3045 sublimior,
476 2995 593 3034 non
621 2977 934 3034 elevabitur
977 2979 1233 3048 superbia
1257 2997 1322 3035 ex
1352 2995 1420 3036 eo
1449 2980 1593 3050 quod
1627 2998 1741 3038 ma-

160 3067 236 3140 jor
255 3080 370 3140 est,
401 3071 500 3127 sed
535 3072 678 3127 sciet
703 3071 780 3127 ita
804 3071 909 3126 sibi
935 3071 1226 3129 meliorem
1261 3089 1386 3130 esse
1411 3075 1736 3145 subjectum,

166 3165 413 3233 quomodo
434 3175 490 3220 et
521 3165 691 3221 Jesus
718 3164 1000 3233 subjectus
1026 3163 1129 3220 fuit
1154 3165 1381 3235 Joseph.
1415 3166 1626 3223 Deinde
1653 3182 1742 3224 se-

1847 1951 2009 2007 Verhi
2046 1953 2218 2024 gratia
2249 1971 2262 2008 :
2315 1953 2456 2009 Visio
2491 1970 2650 2025 quam
2689 1957 2814 2010 t'idit
2863 1956 3037 2011 Isaias
3064 1958 3208 2028 ﬁlius
3249 1959 3403 2014 Amos
3426 2001 3441 2026 ,

1840 2055 2083 2109 adversus
2099 2055 2346 2110 Judwam
2368 2067 2415 2110 et
2441 2057 2683 2112 adversus
2709 2057 3001 2115 Jerusalem
3033 2061 3086 2114 in
3125 2079 3282 2132 regno
3307 2061 3445 2117 Ositv

1839 2165 1884 2210 et
1909 2154 2202 2224 lonathan,
2226 2169 2275 2212 et
2304 2159 2498 2225 Achaz,
2547 2172 2593 2215 et
2618 2159 2858 2218 Exeo/tia:
2881 2162 3016 2236 (Isa.
3043 2164 3083 2237 ι)
3112 2184 3124 2220 :
3152 2181 3252 2222 nec
3275 2168 3440 2223 aliunt

1839 2271 2185 2328 quemquam,
2205 2261 2446 2330 exceptis
2467 2261 2670 2317 Judteze
2689 2263 2934 2334 regibus,
2953 2264 3106 2321 Isaiae.
3129 2268 3288 2323 video
3311 2278 3446 2324 tem-

1841 2373 1972 2429 pore
2019 2359 2382 2430 designatum.
2425 2363 2483 2417 ln
2516 2364 2846 2432 quibusdam
2875 2367 3158 2438 prophetis
3199 2379 3254 2424 et
3280 2369 3445 2425 Israel

1841 2476 1998 2532 reges
2025 2462 2273 2533 legimus,
2305 2463 2446 2518 sicut
2475 2463 2549 2521 ibi
2586 2483 2599 2518 :
2635 2464 2702 2519 Et
2733 2467 2784 2519 in
2815 2466 3026 2532 diebus,
3068 2470 3264 2540 inquit,
3293 2469 3446 2526 Jeroo

1841 2564 1990 2619 boam
2029 2565 2129 2636 ﬁlii
2165 2565 2295 2620 Joas
2328 2571 2461 2638 regis
2497 2565 2665 2622 Israel
2691 2569 2893 2639 (Amos.
2939 2572 3000 2641 ι).
3041 2573 3268 2640 Quando
3315 2590 3446 2631 vero

1841 2679 2241 2725 sacramentum
2269 2669 2548 2741 Evangelii
2574 2672 2980 2742 prmdicandum
3007 2685 3144 2744 erat,
3173 2687 3224 2731 et
3253 2678 3305 2732 in
3333 2688 3447 2734 toto

1841 2771 1976 2828 orbe
2027 2773 2380 2845 Evangelium
2426 2773 2928 2842 disseminandum,
2984 2779 3142 2848 cujus
3192 2781 3446 2853 princeps

1842 2873 2088 2931 Joannes
2115 2876 2166 2930 in
2195 2891 2382 2932 eremo
2415 2877 2547 2943 fuit,
2580 2885 2636 2932 et
2666 2877 2856 2933 orbem
2889 2877 3194 2934 Romanum
3239 2881 3444 2939 Tiberii

1845 2977 2066 3049 regebat
2117 2977 2431 3044 imperium,
2478 2986 2541 3034 et
2587 2987 2716 3034 tunc
2752 2978 2802 3033 in
2854 2979 3259 3050 quintodecimo
3302 2998 3446 3039 anno

1842 3070 2071 3126 verbum
2103 3071 2316 3126 Domini
2337 3071 2403 3126 ad
2426 3070 2693 3127 Jonnnem
2719 3071 2916 3127 factum
2943 3089 3064 3128 esse
3089 3074 3442 3132 describitur.

1845 3162 1915 3218 Et
1950 3164 1996 3218 si
2045 3174 2255 3218 tantum
2289 3164 2372 3217 his
2405 3164 2498 3232 qui
2529 3164 2598 3220 de
2632 3165 2946 3221 nationibus
2987 3167 3246 3222 credituri
3292 3179 3448 3224 erant

165 3256 324 3326 quitur
350 3275 363 3311 :
392 3256 575 3311 Maria
605 3266 777 3312 autem
797 3257 1129 3311 conservabat
1178 3260 1354 3312 omnia
1375 3259 1524 3312 verba
1547 3258 1658 3314 hinc
1687 3261 1738 3312 in
1767 3241 1813 3304 C
1846 3255 2220 3310 annuntianda
2266 3255 2413 3310 salus
2443 3255 2676 3318 fuisset,
2724 3267 2777 3312 et
2813 3256 3028 3326 penitus
3071 3258 3445 3314 excludendos

163 3351 292 3405 corde
317 3367 425 3405 suo.
464 3351 602 3406 Plus
627 3350 831 3418 aliquid
859 3366 1023 3421 quam
1054 3350 1123 3407 de
1155 3351 1376 3407 homine
1404 3353 1738 3422 susuicatur,

165 3441 282 3498 unde
305 3453 358 3499 et
384 3441 743 3499 custodiebat
769 3444 952 3498 omnia
982 3443 1148 3498 verba
1177 3446 1297 3513 ejus
1331 3443 1384 3498 in
1421 3445 1591 3502 corde
1616 3460 1736 3514 suo,

162 3549 253 3590 non
278 3536 424 3607 quasi
461 3535 623 3606 pueri
653 3536 746 3606 qui
775 3535 1061 3592 duodecim
1114 3547 1263 3594 esset
1309 3553 1575 3594 annorum
1596 3581 1610 3606 ,
1642 3540 1738 3596 sed

166 3624 262 3696 ejus
297 3630 387 3699 qui
416 3630 487 3685 de
515 3629 738 3698 Spiritu
767 3639 962 3685 sancto
989 3639 1292 3700 conceptus
1335 3630 1534 3699 fuerat,
1575 3647 1736 3702 quem

163 3722 351 3780 videbat
387 3725 666 3795 proﬁcere
711 3726 977 3796 sapientia
1021 3737 1078 3783 et
1119 3727 1292 3798 gratia
1317 3729 1458 3798 apud
1488 3729 1654 3785 Deum
1683 3739 1738 3786 et

161 3812 402 3872 homines.
425 3817 600 3874 Jesus
627 3818 948 3888 proﬁciebat
991 3819 1279 3890 sapientia,
1311 3823 1610 3891 sapientior
1642 3838 1738 3893 per

162 3908 377 3981 singulas
419 3912 722 3969 videbatur
773 3921 981 3968 aetates.
1041 3912 1313 3984 Numquid
1362 3915 1581 3985 sapiens
1627 3931 1734 3972 non

160 4014 278 4073 erat,
302 4016 357 4061 ut
389 4008 707 4080 sapientior
745 4006 932 4062 ﬁeret?
971 4006 1054 4064 Au
1088 4007 1346 4078 quoniam
1378 4020 1734 4065 evacttaverat

160 4097 458 4154 selormam
489 4099 644 4155 servi
685 4099 993 4168 accipiens,
1027 4099 1080 4154 id
1125 4100 1270 4169 quod
1297 4101 1559 4156 amiserat
1593 4116 1739 4157 resu-

161 4189 340 4259 luebat,
363 4201 420 4248 et
441 4192 771 4264 replebatur
790 4191 1106 4258 virtutibus,
1132 4208 1288 4264 quas,
1321 4195 1484 4263 paqu
1505 4204 1631 4249 ante
1652 4211 1738 4251 as-

159 4291 349 4350 sumpto
371 4298 642 4352 corpore,
666 4285 816 4337 visus
836 4280 1012 4337 fuerat
1038 4283 1390 4354 relinquere?
1412 4284 1740 4340 Prolieiebat

162 4381 270 4440 ergo
290 4389 390 4427 non
414 4373 606 4429 solum
627 4372 916 4442 sapientia,
951 4373 1048 4429 sed
1077 4382 1259 4429 :etate.
1286 4375 1384 4429 Est
1412 4376 1586 4430 aetatis
1613 4390 1740 4446 pro-

161 4459 326 4519 lectus.
374 4468 505 4522 Duae
557 4469 617 4522 in
664 4465 968 4536 Scripturis
1009 4467 1261 4523 feruntur
1309 4477 1519 4535 aetates,
1568 4470 1739 4525 altera

164 4561 382 4628 corporis
402 4577 532 4631 quae
563 4576 676 4616 non
706 4567 793 4616 est
820 4561 873 4615 itt
901 4570 1170 4631 potestate
1193 4572 1400 4631 nostra,
1430 4563 1524 4617 sed
1546 4563 1596 4618 in
1623 4564 1740 4635 lege

1844 3351 2032 3420 Israel,
2063 3351 2357 3408 suffecerat
2386 3350 2606 3406 dicens:
2627 3349 2693 3404 In
2715 3352 3098 3421 quintodecimo
3124 3369 3264 3406 anno
3292 3351 3444 3407 Tibe-

1845 3444 1910 3497 rii
1935 3444 2174 3512 Cwsaris,
2209 3443 2428 3512 praeside
2456 3441 2660 3498 ludicre
2691 3443 2879 3497 Pontio
2908 3441 3106 3497 Pilato.
3138 3444 3274 3512 Quia
3314 3461 3446 3501 vero

1845 3545 1900 3592 et
1938 3535 2006 3590 de
2034 3534 2222 3591 Judtea
2247 3545 2302 3589 et
2331 3535 2400 3590 de
2423 3534 2646 3590 Galilaea
2677 3533 2830 3588 multi
2859 3534 3122 3590 credituri
3154 3546 3332 3601 erant,
3366 3537 3445 3591 id-

1843 3629 1988 3684 circo
2021 3638 2076 3683 et
2116 3628 2234 3683 hinc
2262 3643 2427 3697 regna
2456 3635 2734 3696 ponuntur
2776 3626 2830 3681 in
2875 3626 3054 3693 titulo,
3086 3627 3397 3700 diciturque
3427 3646 3441 3684 :

1849 3722 2129 3776 Tetrarchn
2159 3721 2393 3777 σαιίιωω
2419 3720 2650 3785 Herode,
2673 3729 2720 3774 et
2752 3719 3004 3790 Philippo
3035 3725 3198 3792 fratre
3228 3727 3340 3797 ejus
3371 3736 3443 3778 te—

1845 3815 2051 3868 trarcha
2095 3813 2302 3868 Itam’w
2329 3823 2374 3867 et
2415 3811 2800 3867 Trachanitidis
2831 3813 3056 3883 regionis
3079 3853 3092 3877 ,
3123 3823 3170 3866 et
3217 3812 3442 3884 Lysam'a

1842 3908 2103 3963 tetrurcha
2127 3906 2380 3974 Abilenw,
2411 3904 2505 3959 sub
2528 3904 2846 3975 principibus
2875 3904 3201 3959 sacerdotum
3222 3906 3373 3959 Anna
3394 3916 3441 3957 et

1844 3998 2044 4071 Caipha
2069 4003 2265 4070 factum
2294 4005 2368 4052 cst
2395 3996 2602 4050 verbum
2639 3994 2852 4049 Domini
2879 3996 2948 4048 ad
2973 3995 3230 4049 Joannem
3271 3995 3437 4066 ﬁlium

1841 4090 2114 4148 Zacharite
2139 4091 2195 4145 in
2221 4091 2442 4146 deserto.

1913 4185 2054 4240 Olim
2078 4183 2301 4239 verbum
2329 4183 2424 4238 Dei
2445 4183 2609 4237 liebat
2633 4181 2699 4236 ad
2721 4182 3013 4237 Jeretniaut
3044 4182 3210 4237 ﬁlium
3239 4183 3439 4239 Elchire

1845 4279 1898 4334 in
1929 4277 2202 4332 Auathoth
2255 4277 2306 4330 itt
2353 4275 2551 4330 diebus
2593 4274 2757 4330 Josia:
2790 4275 2929 4346 regis
2967 4275 3118 4330 Judac
3165 4275 3302 4348 (Jer.
3349 4280 3388 4347 ι)
3423 4294 3438 4332 :

1844 4387 1987 4426 nunc
2017 4385 2198 4426 sermo
2225 4370 2316 4424 Dei
2343 4368 2404 4424 fit
2427 4369 2492 4422 ad
2515 4368 2778 4425 Joannem
2809 4369 2976 4422 liliunt
3003 4368 3306 4437 Zachariae,
3345 4373 3437 4442 qui

1846 4479 2138 4535 numquam
2170 4461 2343 4517 factus
2371 4462 2545 4517 estad
2591 4462 2886 4531 pr0phetas
2942 4461 2997 4516 in
3044 4463 3280 4520 deserto.
3330 4463 3436 4520 Sed

1845 4557 1969 4626 quia
2005 4557 2186 4626 plures
2235 4553 2329 4608 lilii
2357 4553 2614 4608 credituri
2643 4563 2797 4607 erant
2818 4554 3047 4609 desert-L-
3077 4559 3246 4625 magis
3275 4574 3437 4627 quatn

161 4660 347 4708 natura:
377 4671 391 4707 :
423 4655 610 4710 altera
659 4653 882 4720 animm,
933 4671 1052 4724 qum
1095 4657 1317 4727 proprie
1362 4657 1414 4711 in
1451 4657 1606 4712 nobis
1637 4657 1740 4713 sita
1766 4636 1822 4698 Β
1844 4651 1961 4720 ejus
1999 4665 2119 4720 qua:
2148 4649 2310 4704 habet
2335 4648 2511 4702 virum
2545 4646 2745 4710 (Galat.
2778 4662 2869 4712 IV;
2902 4645 3012 4702 Isat'
3042 4649 3154 4720 LIV)
3187 4669 3200 4704 :
3236 4652 3442 4708 idcirco

162 4749 250 4806 est,
274 4743 429 4812 juxta
455 4761 647 4813 quam,
682 4745 726 4797 si
771 4744 1042 4813 volumus,
1073 4747 1318 4816 quotidie
1339 4749 1656 4816 crescimus,
1688 4758 1744 4805 et

160 4832 219 4887 ad
243 4837 617 4891 summitatem
650 4837 916 4903 venimus,
951 4846 1137 4893 utnon
1170 4839 1341 4894 simus
1363 4840 1502 4894 ultra
1531 4841 1742 4911 parvuli

162 4919 492 4991 ﬂuctuantes,
540 4935 604 4982 et
648 4928 740 4997 qui
772 4928 1224 4984 circumferamur
1249 4933 1397 4985 omni
1427 4941 1594 4986 vento
1621 4932 1751 4987 doc-

161 5018 320 5083 trinae,
350 5020 446 5076 sed
476 5037 611 5076 esse
642 5023 850 5091 parvuli
896 5022 1236 5090 desinentes,
1283 5025 1635 5098 311-312
1667 5027 1746 5080 in-

164 5110 406 5180 cipiamus
431 5129 562 5170 esse
594 5115 728 5180 viri,
779 5124 946 5184 atque
989 5115 1239 5172 dicamus
1268 5135 1279 5170 :
1312 5117 1538 5184 Quando
1569 5117 1742 5172 factus

164 5213 266 5257 sum
290 5208 392 5272 vir,
423 5205 687 5262 destruxi
719 5222 782 5262 ea
811 5223 934 5276 quae
961 5217 1120 5263 erant
1150 5209 1362 5278 parvuli
1391 5208 1444 5271 (l
1475 5208 1597 5264 Cor.
1627 5209 1743 5280 xv).

165 5290 336 5364 Hujus,
380 5307 443 5353 ut
489 5298 636 5362 dixi,
685 5298 863 5354 aetatis
896 5299 1194 5369 profectus,
1227 5301 1318 5371 qui
1349 5302 1745 5358 incrementum

163 5383 308 5446 habet
356 5394 599 5459 animm,
641 5393 693 5447 iu
726 5401 919 5448 nostra
965 5403 1050 5448 est
1098 5403 1387 5464 potestate.
1456 5395 1516 5452 Si
1565 5407 1744 5453 autem

168 5497 263 5539 non
301 5487 503 5544 sufﬁcit
557 5489 959 5559 tesﬁmonium,
992 5490 1158 5543 etiam
1198 5489 1331 5544 illud
1368 5490 1436 5546 de
1466 5490 1633 5546 Paulo
1657 5506 1749 5546 su-

165 5592 355 5636 mamus
384 5581 708 5650 exemplum
740 5598 752 5634 :
785 5581 960 5635 Donec
987 5582 1379 5653 perveniamus,
1407 5581 1603 5652 inquit,
1639 5599 1742 5637 om-

167 5684 242 5724 nes
262 5673 315 5725 in
346 5675 517 5728 uirum
556 5673 866 5744 perfectura,
897 5675 950 5727 in
981 5691 1274 5728 mensuram
1302 5676 1472 5730 aetatis
1518 5676 1742 5747 plenitu-

169 5762 288 5821 diuis
316 5769 554 5840 corporis
583 5764 776 5822 Christi
816 5767 1038 5840 (Ephes.
1066 5766 1168 5840 tv).
1207 5770 1259 5824 In
1289 5759 1448 5825 nobis
1476 5784 1610 5841 ergo
1638 5779 1743 5838 est,

169 5865 223 5912 ut
240 5858 301 5913 ad
330 5873 652 5916 mensuram
675 5861 1050 5930 perveniamus
1068 5859 1742 5932 :ctatiscorporisChristi,

438 5956 720 6017 ΡΑτιιοι..
769 5953 980 6016 XXVI
990 5998 1004 6013 .

1847 4742 2046 4798 factum
2074 4753 2158 4798 est
2191 4742 2418 4796 verbum
2453 4741 2546 4796 Dei
2576 4740 2641 4796 ad
2671 4741 2936 4797 Joannem
2968 4743 3134 4798 filium
3165 4744 3440 4802 Ζηοιιίη-ἱω

1846 4837 1900 4892 in
1924 4837 2162 4892 deserto.
2194 4835 2472 4906 Simulque
2497 4835 2785 4891 considera
2809 4837 2950 4907 quod
2979 4839 3148 4907 magis
3176 4841 3439 4897 rationem

1847 4927 2014 4982 habet
2046 4927 2092 4983 si
2127 4927 2352 4998 tnyStice
2393 4928 2724 4998 intelligatur
2755 4928 3060 4994 desertum,
3103 4942 3157 4986 et
3194 4949 3300 4987 non
3351 4950 3437 4990 se-

1848 5020 2084 5075 cundum
2133 5019 2434 5089 simplicem
2477 5019 2742 5074 litteram.
2775 5019 2880 5088 Qui
2930 5021 3074 5077 enim
3125 5023 3175 5078 in
3225 5025 3441 5080 deserto

1851 5111 2128 5184 prantliCaI,
2153 5111 2356 5182 superi]
2367 5128 2432 5167 ue
2459 5113 2584 5166 facit
2606 5112 2678 5166 ibi
2697 5112 3008 5182 vociferari,
3039 5116 3124 5169 ubi
3148 5133 3206 5172 se
3225 5119 3442 5188 loquen-

1845 5213 1955 5261 tem
1989 5205 2169 5260 nullus
2194 5205 2471 5260 exaudiat.
2503 5204 2823 5260 Prtecursor
2851 5221 2980 5276 ergo
3001 5208 3230 5275 Christi,
3259 5221 3312 5265 et
3335 5227 3440 5265 vox

1848 5298 2134 5354 clamantis
2187 5298 2242 5352 in
2281 5297 2522 5361 deserto,
2557 5297 2817 5365 praedicat
2850 5298 2901 5352 in
2951 5298 3172 5354 deserto
3223 5303 3440 5366 animas,

1848 5405 1970 5461 qua:
2000 5406 2108 5444 non
2141 5388 2375 5443 habebat
2403 5403 2590 5458 pacem
2621 5386 2799 5461 (Joan.
2825 5385 2888 5459 ι).
2922 5389 3036 5444 Non
3059 5391 3234 5444 solum
3263 5404 3443 5448 autem

1855 5489 2002 5544 tunc,
2042 5479 2136 5536 sed
2164 5490 2218 5534 et
2249 5480 2302 5533 in
2334 5479 2591 5550 praesenti
2622 5482 2856 5548 primum
2895 5482 3114 5534 lucerna
3148 5483 3350 5540 ardens
3391 5496 3446 5540 et

1857 5575 2046 5631 lucens
2074 5575 2245 5638 venit,
2276 5582 2332 5629 et
2360 5573 2692 5645 praedicabat
2721 5575 2982 5644 baptisma
3011 5576 3367 5646 ptenitentite,
3393 5579 3448 5635 in

1857 5667 2234 5724 remissionem
2266 5676 2606 5737 peccatorum
2635 5663 2830 5737 (Marc.
2862 5664 2900 5736 t)
2930 5683 2943 5719 :
2976 5667 3174 5724 deinde
3201 5669 3289 5725 lux
3321 5687 3447 5728 vera

1855 5763 2221 5834 subsequitur,
2267 5759 2482 5832 quando
2529 5760 2749 5814 lucerna
2801 5760 2914 5829 ipsa
2961 5761 3244 5834 loquitur:
3281 5763 3444 5821 Illum

1855 5866 2053 5928 oportet
2082 5870 2330 5920 crescere,
2358 5870 2436 5907 me
2456 5861 2628 5906 autem
2654 5853 2818 5907 minui
2842 5851 3026 5924 (Joan.
3055 5855 3138 5927 tn)
3173 5876 3185 5912 :
3213 5859 3298 5915 Fit
3321 5877 3448 5918 ver-

3005 5954 3042 6011 9
