3978 6338
404 336 506 393 271

942 449 1233 507 HOMILIA
1274 447 1464 506 XXIII.

404 567 483 623 De
523 582 591 622 eo
625 565 768 635 quod
801 565 1069 634 scriptum
1111 576 1238 622 est:
1282 565 1413 620 Ecce
1441 565 1638 620 securis
1689 565 1760 617 ad
1809 564 2012 618 radices

479 639 728 693 arborum
757 639 926 708 posita
953 647 1052 703 est,
1088 653 1265 708 usque
1295 638 1363 691 ad
1395 653 1518 692 eum
1551 637 1732 691 locum
1762 635 1856 690 ubi
1885 636 1961 688 ait
1993 651 2011 708 _:

481 706 952 765 Venerunt-autem
989 719 1037 763 et
1081 706 1380 774 Publiceni,
1422 719 1476 763 ut
1527 709 1921 778 baptizareutur
1951 706 2013 758 ab

478 800 559 836 eo.
595 780 728 851 Cap.
762 781 850 836 Ill.

486 921 728 973 Joannes
757 917 849 972 illo
875 916 989 986 jam
1025 926 1271 988 tempore
1300 915 1630 986 loquebatur
1662 933 1676 970 :
1708 913 1842 969 Ecce
1870 930 2017 969 secu-

417 1031 490 1069 ris
520 1013 588 1067 ad
618 1013 822 1068 radices
853 1012 1102 1066 arborum
1133 1011 1304 1083 posita
1349 1019 1444 1064 est.
1481 1010 1547 1064 Et
1595 1009 1864 1080 siquidem
1902 1007 2015 1077 jam

414 1108 699 1178 ingrueret
721 1104 1155 1170 consummatio,
1189 1114 1246 1158 et
1277 1114 1581 1173 temporum
1613 1101 1739 1158 ﬁnis
1761 1101 2014 1165 instaret,

409 1199 560 1255 nulla
605 1198 736 1253 mihi
785 1197 1017 1269 quaestio
1057 1207 1398 1252 nasceretur.
1434 1195 1685 1250 Dicerem
1719 1193 1865 1249 enim
1913 1191 2018 1246 hoc

411 1292 554 1362 quod
579 1290 654 1345 ait
684 1307 696 1343 :
730 1289 863 1344 Ecce
885 1291 1084 1345 securis
1112 1290 1180 1342 ad
1206 1290 1406 1343 radices
1427 1288 1627 1343 arboris
1649 1289 1820 1360 posita
1840 1295 1936 1350 est,
1962 1295 2018 1343 et

408 1384 542 1439 illud
569 1401 582 1437 :
613 1383 793 1437 Omnis
813 1383 956 1438 enim
977 1383 1133 1436 arbor
1153 1398 1268 1450 qute
1289 1398 1391 1435 non
1414 1382 1538 1451 facit
1555 1381 1785 1450 fructum
1807 1381 2015 1447 bonum,

415 1476 749 1550 prcecidetur,
792 1485 839 1530 et
888 1476 946 1529 in
977 1476 1147 1548 ignem
1181 1476 1434 1537 mittetur,
1465 1483 1754 1543 propterea
1783 1471 2022 1543 prophe-

416 1578 618 1634 tatum,
650 1569 776 1640 quia
823 1569 876 1623 in
912 1568 1009 1622 illo
1055 1576 1300 1638 tempore
1329 1566 1726 1638 complebatur.
1759 1562 1898 1620 Cum
1925 1579 2022 1618 au-

415 1672 525 1720 tem
567 1671 716 1718 tanta
742 1671 866 1731 post
893 1662 1095 1716 saecula
1117 1660 1394 1728 ﬁnxerint,
1425 1669 1479 1717 et
1507 1667 1616 1714 tam
1649 1657 2020 1714 innumerabi-

412 1757 495 1814 les
525 1757 655 1812 anui
686 1757 755 1810 ab
778 1756 874 1812 illo
907 1766 1152 1826 tempore
1192 1770 1362 1823 uSque
1405 1755 1473 1809 ad
1508 1763 1838 1825 praesentem
1872 1753 2018 1808 diem

1647 332 1708 389 S.
1751 329 2024 389 EUSEBII
2065 328 2444 387 HIERONYMI

2035 447 2086 510 Α
2117 448 2361 504 tribuere
2389 448 2797 507 vestimentum.
2821 450 3081 520 Quisnam
3107 459 3190 510 est
3218 451 3312 509 ille
3337 453 3429 524 qui
3453 466 3525 508 ne
3547 468 3710 510 unum

3605 321 3710 392 272'

2118 543 2333 612 quidem
2365 542 2740 600 indumentum
2763 559 2926 615 super
2951 561 3172 602 carnem
3204 561 3356 602 suam
3389 546 3594 612 habet,
3622 547 3712 613 qui

2119 634 2294 689 nudus
2319 643 2422 701 est,
2453 636 2544 707 qui
2567 637 2792 691 omnino
2823 638 2968 694 nulla
2997 649 3146 696 veste
3172 640 3506 709 coopertus?
3531 637 3717 711 Neque

2117 745 2248 785 vero
2279 729 2382 786 hoc
2409 731 2552 793 dico.
2587 748 2696 802 quo
2725 748 2831 788 non
2857 733 3204 805 praecipiatur
3226 735 3556 800 liberalitas,
3580 743 3639 790 et
3661 735 3716 790 in

2119 836 2383 892 pauperes
2426 823 2823 880 misericordia.
2861 824 3216 897 Hyperbolica
3263 827 3551 883 clementia
3592 845 3608 882 :
3658 835 3716 883 ut

2117 915 2281 970 etiam
2347 916 2524 972 nudos
2575 916 2747 972 altera
2789 919 2964 974 tunica
3026 929 3393 990 protegamus.
3455 919 3565 977 Sed
3616 921 3719 976 hoc

2118 1005 2230 1075 aio,
2260 1007 2406 1079 quod
2430 1019 2481 1063 et
2515 1007 2922 1078 prolundiorem
2955 1010 3106 1065 locus
3135 1011 3242 1066 iste
3273 1011 3526 1081 respiciat
3557 1011 3723 1066 intel-

2119 1099 2346 1164 lectum,
2379 1109 2434 1156 et
2457 1109 2709 1170 oporteat
2736 1102 2785 1158 ei
2817 1101 2950 1158 dare
2975 1103 3214 1158 tunicam
3241 1105 3331 1176 qui
3355 1104 3582 1160 omnino
3612 1119 3720 1160 non

2119 1191 2371 1248 habebat.
2403 1193 2537 1260 Quis
2567 1204 2649 1248 est
2674 1208 2806 1263 ergo
2829 1193 2952 1262 iste,
2981 1195 3070 1265 qui
3102 1195 3338 1251 tunicam
3371 1210 3477 1252 non
3509 1194 3723 1251 habet?

2117 1282 2323 1355 Nempe
2366 1285 2457 1341 ille
2500 1285 2592 1356 qui
2625 1287 2841 1356 penitus
2872 1286 3040 1343 Deum
3071 1301 3179 1343 non
3213 1287 3397 1344 habet.
3444 1287 3722 1344 Debemus

2122 1377 2285 1448 igitur
2327 1394 2530 1436 exuere
2562 1395 2684 1450 nos,
2732 1390 2788 1435 et
2836 1381 2885 1436 ei
2929 1379 3060 1436 dare
3085 1381 3176 1452 qui
3209 1381 3389 1437 nudus
3412 1390 3516 1438 est.
3567 1381 3724 1437 Alius

2119 1469 2282 1526 habet
2311 1471 2476 1526 Deum
2501 1513 2516 1537 ,
2547 1473 2686 1528 alius
2716 1473 2940 1530 omnino
2977 1489 3085 1529 non
3119 1475 3300 1540 habet,
3330 1476 3609 1532 contraria
3637 1475 3723 1531 vi-

2120 1561 2315 1618 delicet
2365 1564 2642 1619 fortitudo.
2686 1565 2756 1620 Et
2797 1566 3071 1636 quomodo
3116 1567 3379 1638 scriptum
3416 1576 3520 1632 est,
3553 1577 3614 1622 ut
3667 1568 3721 1622 in

2122 1654 2392 1724 profundo
2419 1655 2586 1712 maris
2617 1658 3018 1728 praecipitemus
3049 1658 3246 1715 delicta
3291 1670 3472 1716 nostra
3519 1658 3720 1732 (Μὶεή.

2122 1747 2216 1818 vn)
2238 1748 2344 1803 :sic
2366 1747 2558 1818 projici
2581 1765 2608 1802 a
2636 1751 2791 1806 nobis
2813 1761 3031 1822 oportet
3058 1753 3185 1807 vitia
3213 1763 3375 1824 atque
3402 1762 3725 1825 peccata,et

407 1853 751 1916 transierint,
800 1851 1079 1922 quomodo
1119 1850 1357 1920 Spiritus
1386 1858 1611 1905 sanctus
1657 1849 1708 1902 in
1752 1847 2020 1918 propheta
2050 1837 2098 1898 Β
2121 1841 2305 1912 jaCere
2353 1858 2518 1913 super
2547 1859 2670 1900 eum
2701 1846 2790 1915 qui
2844 1861 3037 1902 eorum
3070 1848 3226 1905 nobis
3274 1863 3436 1905 causa
3485 1850 3722 1906 exstitit.

403 1945 553 2000 dicat
582 1963 594 1999 :
622 1943 755 1998 Ecce
783 1943 983 1998 securis
1017 1942 1086 1996 ad
1109 1942 1312 1997 radices
1334 1941 1582 1995 arborum
1604 1941 1776 2012 posita
1804 1950 1902 2005 est,
1927 1939 2016 1994 de-

408 2040 602 2096 bemus
623 2039 920 2109 inquirere.
946 2037 1063 2106 Ego
1087 2045 1217 2104 puto
1240 2035 1544 2090 Israelitico
1567 2032 2019 2104 papuloprophe-

408 2132 538 2197 tari,
580 2131 725 2202 quod
774 2130 1028 2200 praecisio
1073 2130 1192 2198 ejus
1235 2127 1416 2183 vicina
1467 2129 1556 2182 sit.
1606 2129 1702 2182 llis
1743 2127 1889 2182 enim
1927 2128 2017 2197 qui

406 2223 834 2296 egrediebantur
859 2222 927 2278 ad
966 2238 1116 2288 eum,
1162 2232 1221 2276 ut
1261 2220 1692 2290 baptizarentur,
1737 2220 1878 2275 inter
1907 2235 2016 2275 cae-

409 2327 528 2374 tera
556 2317 886 2387 loquebatur
916 2313 1133 2370 :Facite
1153 2316 1356 2386 fructus
1379 2314 1562 2386 dignos
1594 2315 1943 2386 paenitentiae;
1963 2322 2020 2369 et

407 2413 565 2481 quasi
588 2411 792 2466 Judzeis
813 2409 1065 2464 dicebat:
1088 2407 1170 2462 Ne
1192 2408 1456 2479 incipiatis
1479 2407 1650 2460 dicere
1675 2407 1726 2461 in
1749 2407 2018 2461 vobismet-

411 2507 564 2577 ipsis,
587 2513 783 2575 patrem
811 2504 1056 2558 habemus
1082 2502 1364 2556 Abraham.
1389 2502 1517 2556 Dico
1544 2503 1682 2556 enim
1704 2501 1867 2559 vobis.
1898 2501 2022 2572 quia

408 2609 579 2672 potest
609 2598 746 2653 Deus
772 2615 835 2653 ea:
870 2597 1137 2666 lapidibus
1175 2597 1287 2652 istis
1327 2596 1578 2650 suscitare
1605 2597 1743 2666 ﬁlios
1772 2597 2013 2650 Abrahae.

408 2691 526 2748 Hoc
557 2706 688 2762 ergo
717 2690 860 2761 quod
898 2689 974 2744 ait
1008 2706 1021 2744 :
1054 2686 1186 2743 Ecce
1204 2689 1399 2742 securis
1430 2689 1498 2742 ad
1541 2689 1744 2742 radices
1775 2687 2020 2741 arborum

409 2788 580 2860 posita
604 2795 701 2852 est,
728 2783 933 2841 Judaais
956 2783 1214 2852 loquitur.
1239 2781 1335 2836 Cui
1361 2781 1544 2836 sensui
1567 2790 1620 2835 et
1642 2779 2018 2850 Apostolicum

408 2878 544 2934 illud
574 2878 846 2947 congruit,
868 2876 1068 2930 fractos
1095 2889 1220 2930 eSse
1252 2875 1319 2931 ab
1350 2873 1452 2928 hac
1472 2873 1653 2929 securi
1682 2872 2018 2927 infidelitatis

409 2970 786 3044 319-320
817 2983 998 3021 ramos
1023 2977 1186 3036 atque
1217 2966 1485 3029 succisos,
1519 2975 1579 3020 nt
1610 2972 1923 3035 amputaret
1950 2978 2018 3019 ex

422 3062 620 3116 arbore
651 3076 757 3114 non
786 3058 1050 3125 radicem,
1081 3058 1174 3112 sed
1204 3072 1269 3112 ea
1295 3073 1415 3127 quae
1446 3057 1515 3112 de
1560 3058 1744 3112 radice
1789 3056 2019 3126 pullula-

417 3162 572 3220 runt,
605 3159 664 3208 ut
704 3153 758 3206 in
808 3150 994 3206 radice
1046 3149 1285 3219 pristina:
1334 3150 1578 3215 arboris,
1632 3149 1765 3204 rami
1807 3150 2020 3219 possint

2123 1931 2190 1984 Et
2210 1935 2299 2005 qui
2325 1933 2496 2004 habet,
2521 1936 2717 2006 inquit,
2737 1938 2928 2006 cibum,
2955 1940 3195 1996 similiter
3220 1943 3400 2012 faciat.
3427 1942 3534 2011 Qui
3558 1943 3726 1999 habet

2119 2026 2270 2082 cibos
2321 2029 2523 2085 tribuat
2570 2045 2677 2085 non
2721 2029 2962 2097 habenti,
2999 2042 3054 2086 ut
3101 2047 3207 2089 non
3239 2035 3416 2089 solum
3455 2035 3507 2090 ei
3541 2036 3722 2092 vesti-

2121 2127 2384 2188 mentum,
2418 2122 2514 2177 sed
2542 2123 2704 2178 etiam
2731 2122 2782 2178 id
2803 2123 2946 2193 quod
2975 2126 3147 2195 possit
3171 2126 3484 2196 comedere,
3515 2128 3728 2200 largia-

2122 2221 2230 2267 tur.
2269 2212 2526 2268 Venerunt
2552 2223 2723 2270 autem
2748 2225 2795 2270 et
2815 2215 3078 2288 publicani
3113 2217 3374 2288 baptizari
3401 2225 3464 2274 ab
3491 2237 3574 2274 eo.
3611 2220 3731 2277 Hoc

2121 2313 2178 2358 et
2212 2304 2362 2374 juxta
2414 2306 2716 2376 simplicem
2750 2308 3166 2380 intelligentiam
3198 2311 3364 2367 docet
3395 2313 3728 2382 publicanos

2123 2396 2259 2452 nihil
2283 2400 2517 2469 amplius
2538 2417 2804 2472 qumrere,
2822 2417 2984 2474 quam
3010 2404 3062 2459 in
3084 2404 3227 2475 Lege
3248 2415 3579 2476 praeceptum
3604 2416 3724 2474 est;

2122 2491 2212 2561 qui
2257 2492 2400 2546 enim
2453 2495 2568 2563 plus
2615 2496 2917 2567 exegerint,
2976 2512 3083 2552 non
3131 2497 3357 2554 Joannis
3403 2499 3725 2556 mandatum

2124 2586 2518 2654 prtevaricant,
2554 2589 2649 2644 sed
2679 2590 2918 2661 Spiritus
2960 2592 3136 2648 sancti
3164 2595 3254 2662 qui
3302 2594 3516 2651 locutus
3549 2605 3641 2652 est
3669 2597 3725 2651 in

2121 2676 2352 2734 Joanne.
2378 2679 2570 2736 Nescio
2590 2691 2770 2738 autem
2800 2693 3002 2752 utrum,
3025 2693 3084 2740 ut
3105 2687 3400 2743 secundum
3427 2691 3725 2764 ἀναγωγήν,

2121 2769 2269 2824 aliud
2309 2772 2564 2842 quiddam
2612 2775 2968 2833 excellentius
2997 2793 3177 2834 sermo
3207 2779 3477 2850 signiﬁcet
3500 2823 3517 2848 ,
3561 2789 3624 2836 et
3653 2797 3725 2837 an

2121 2862 2418 2918 debeamus
2441 2865 2493 2920 in
2519 2866 2608 2921 tali
2633 2867 2906 2924 auditorio
2931 2885 3020 2926 res
3045 2879 3153 2925 tam
3175 2871 3430 2944 mysticas
3456 2873 3724 2944 prodere,

2123 2955 2359 3012 maxime
2404 2959 2546 3014 inter
2585 2974 2682 3016 eos
2723 2963 2813 3032 qui
2860 2962 3264 3034 Scripturarum
3296 2965 3561 3022 medullas
3609 2982 3725 3023 non

2120 3049 2527 3122 introspiciunt,
2558 3055 2652 3112 sed
2677 3065 2883 3112 tantum
2914 3059 3205 3130 superﬁcie
3230 3059 3592 3116 delectantur.
3620 3061 3731 3118 Pe-

2121 3147 2412 3203 riculosum
2449 3147 2702 3218 quidem,
2736 3150 2833 3207 sed
2864 3161 3047 3208 tamen
3099 3153 3328 3208 strictim
3370 3154 3728 3225 breviterque

416 3245 641 3300 oleastri
675 3244 839 3299 inseri
889 3241 1070 3314 (Rem.
1121 3244 1224 3312 ιι).
1276 3241 1466 3297 Omnis
1507 3256 1638 3312 ergo
1677 3240 1864 3306 arbor,
1897 3256 2018 3310 quae
2044 3231 2090 3294 C
2124 3239 2472 3309 tangendum.
2519 3241 2654 3297 Cum
2702 3243 2994 3299 exierimus
3023 3259 3054 3299 a
3095 3245 3314 3313 saeculo,
3362 3258 3416 3302 et
3447 3246 3568 3302 haec
3612 3247 3728 3302 vita

413 3353 525 3393 non
558 3336 685 3391 facit
719 3336 954 3392 fructum
994 3335 1200 3390 bonum
1225 3375 1240 3402 ,
1291 3333 1618 3404 praecidetur
1646 3343 1701 3389 et
1743 3334 1796 3388 in
1834 3333 2014 3403 ignem

412 3432 666 3488 mittetur
699 3447 714 3486 :
750 3430 893 3484 hunc
925 3428 1069 3484 enim
1099 3429 1262 3484 ﬁnem
1292 3428 1476 3496 habet,
1502 3437 1561 3482 ut
1601 3427 1852 3484 incendio
1882 3443 2018 3484 con-

411 3529 710 3579 cremetur.
746 3519 954 3576 Deinde
980 3530 1090 3576 tres
1117 3520 1343 3576 ordines
1375 3519 1708 3574 inducuntur
1735 3521 2016 3576 sciscitan-

409 3615 546 3669 tium
595 3613 863 3668 Joannem
913 3628 1079 3682 super
1126 3613 1303 3666 salute
1333 3627 1429 3666 sua
1463 3627 1476 3660 :
1512 3627 1651 3666 unus
1683 3628 1845 3680 quem
1873 3612 2017 3667 Scri-

417 3719 577 3779 ptura
610 3705 902 3776 appellavit
931 3703 1156 3774 p0pulos
1179 3715 1446 3759 exeuntes
1470 3705 1535 3758 ad
1567 3705 1856 3774 baptisma,
1881 3705 2017 3760 alius

415 3815 580 3871 quem
613 3797 930 3867 publicanos
955 3798 1217 3864 nominat,
1243 3796 1437 3852 tertius
1459 3797 1550 3867 qui
1575 3796 1802 3851 militum
1834 3798 2019 3866 appel-

411 3894 621 3950 latione
652 3901 930 3948 censetur.
962 3889 1359 3962 Interrogabant
1387 3908 1504 3944 eum
1527 3891 1711 3954 turbae,
1740 3891 1968 3945 dicentes
2000 3906 2018 3943 :

425 3988 566 4057 Quid
607 3987 899 4059 faciemus?
945 3984 1047 4052 Qui
1093 3985 1409 4055 respondens
1430 3986 1504 4038 eis
1526 3999 1546 4038 :
1579 3983 1683 4051 Qui
1713 3983 1862 4038 habet
1888 3983 2020 4038 duas

415 4084 637 4147 tunicas,
663 4081 748 4134 det
776 4081 821 4134 ei
842 4079 929 4149 qui
958 4095 1060 4131 non
1093 4078 1244 4131 habet
1274 4087 1363 4131 :et
1389 4078 1476 4147 qui
1505 4076 1654 4131 habet
1681 4076 1842 4143 cibos,
1877 4077 2023 4130 simi-

417 4179 531 4232 liter
560 4175 740 4246 faciat.
770 4172 925 4240 Quod
956 4170 1202 4242 quidem,
1240 4173 1423 4226 nescio
1455 4172 1500 4227 si
1529 4173 1707 4227 turbae
1729 4171 2024 4228 conveniat

419 4268 668 4340 praecipi.
694 4267 863 4336 Magis
893 4265 1037 4320 enim
1067 4265 1328 4334 apostolis
1357 4280 1517 4334 quam
1547 4265 1710 4334 vulgo
1750 4264 2019 4336 congruit,

419 4368 481 4414 ut
529 4358 621 4429 qui
671 4357 808 4411 duas
852 4356 1068 4410 tunicas
1116 4355 1303 4420 habet,
1343 4369 1509 4408 unam
1545 4356 1752 4410 tribuat
1789 4372 1895 4410 non
1928 4355 2026 4410 ha-

418 4451 595 4508 benti.
630 4447 700 4504 Et
739 4456 798 4502 ut
827 4447 968 4502 scias
995 4449 1168 4518 magis
1197 4447 1301 4501 hoc
1327 4446 1594 4516 apostolis
1616 4461 1778 4516 quam
1807 4446 2024 4516 populis

421 4542 756 4605 convenire,
801 4539 927 4594 audi
973 4539 1102 4610 quid
1146 4555 1177 4594 a
1223 4538 1509 4594 Salvatore
1547 4538 1759 4594 dicatur
1787 4538 1855 4594 ad
1883 4553 2023 4594 eos:

2133 3340 2316 3386 nostra
2369 3332 2534 3387 fuerit
2585 3344 2940 3400 commutata,
2972 3345 3135 3393 erunt
3166 3339 3389 3408 quidam
3435 3339 3487 3394 in
3519 3339 3730 3396 ﬁnibus

2129 3422 2317 3478 mundi
2352 3425 2606 3480 sedentes
2637 3427 2786 3483 velut
2830 3428 3239 3498 publicanorum
3271 3429 3452 3505 ofﬁcio
3479 3430 3728 3504 diligen-

2121 3516 2329 3572 tissime
2354 3528 2784 3588 perscrutantes,
2808 3536 2874 3576 ne
2891 3520 3020 3593 quid
3050 3524 3132 3578 sui
3153 3522 3206 3577 in
3238 3522 3393 3578 nobis
3417 3524 3722 3580 inveniant.

2120 3605 2348 3665 Videtur
2376 3609 2506 3664 mihi
2538 3611 2790 3684 princeps
2815 3613 2999 3670 saeculi
3028 3614 3186 3684 hujus
3211 3615 3368 3684 quasi
3400 3615 3728 3685 publicanus

2124 3721 2268 3770 esse.
2295 3706 2438 3762 unde
2465 3708 2728 3778 scriptum
2757 3717 2842 3765 est
2870 3709 2939 3766 de
2962 3725 3028 3765 eo
3056 3724 3074 3763 :
3108 3706 3257 3764 Venit
3276 3711 3513 3782 princeps
3542 3714 3728 3766 mundi

2117 3801 2290 3867 istius,
2321 3811 2369 3855 et
2405 3801 2461 3854 in
2490 3819 2570 3856 me
2598 3800 2750 3858 habet
2788 3803 2920 3857 nihil
2948 3803 3131 3874 (Joan.
3171 3804 3310 3876 xlv).
3339 3805 3468 3860 Illud
3499 3821 3727 3876 quoque

2120 3891 2264 3961 quod
2316 3891 2368 3946 in
2417 3893 2680 3962 Apostolo
2735 3894 2966 3966 legimus
3005 3912 3020 3949 :
3066 3895 3287 3950 Reddite
3337 3896 3579 3960 omnibus
3625 3899 3727 3954 de-

2122 3984 2244 4046 bita,
2265 3986 2350 4038 cui
2377 3985 2650 4050 tributum,
2671 3987 2954 4042 tributum:
2973 3988 3056 4042 cui
3084 3988 3323 4060 uectigal,
3347 3988 3566 4062 uectigal
3589 4005 3612 4046 :
3641 3993 3732 4046 cui

2122 4079 2390 4146 honorem,
2405 4077 2687 4147 honorem;
2708 4081 2900 4135 nemini
2914 4083 3044 4152 quid
3063 4081 3286 4138 debeatis
3309 4083 3410 4138 nisi
3434 4093 3490 4138 ut
3506 4085 3729 4140 invicem

2125 4170 2356 4243 diligatis
2407 4171 2598 4241 (Rom.
2656 4172 2836 4245 xm),
2882 4184 3092 4230 sacrate
3146 4175 3560 4246 intelligendum
3612 4187 3724 4235 est.

2124 4261 2488 4329 Quamobrem
2519 4264 2929 4322 consideremus
2957 4281 3027 4323 ne
3049 4265 3192 4323 forte
3215 4283 3336 4323 cum
3367 4283 3477 4323 non
3507 4268 3726 4326 habue-

2127 4355 2324 4421 rimus,
2372 4355 2513 4427 quod
2559 4371 2660 4427 pro
2700 4357 2948 4429 vectigali
2999 4373 3262 4429 queamus
3311 4359 3561 4431 reddere,
3617 4360 3727 4432 ipsi

2127 4449 2408 4504 trahamur
2436 4449 2508 4505 ob
2547 4449 2817 4518 debitum,
2850 4461 2911 4507 ut
2935 4451 3077 4508 solet
3107 4451 3250 4522 apud
3289 4453 3475 4509 saeculi
3507 4467 3728 4526 quoque

2131 4543 2246 4599 ﬁeri
2276 4545 2568 4616 vectigales
2587 4589 2600 4613 ,
2630 4545 2849 4616 quando
2895 4547 3017 4617 quis
3045 4561 3145 4618 pro
3185 4546 3371 4604 debito
3401 4548 3506 4618 ipsi
3535 4547 3695 4619 reipu

423 4633 610 4704 Neque
636 4631 766 4686 duas
791 4633 994 4685 tunicas
1026 4630 1221 4685 tollatis
1239 4631 1290 4684 in
1319 4631 1400 4684 via
1426 4630 1648 4699 (Matth.
1673 4629 1789 4702 xx).
1818 4631 2025 4701 Duplex
2053 4628 2102 4689 D
2127 4639 2285 4696 blicaa
2314 4639 2615 4694 serviturus
2666 4637 2978 4695 includitur.
3010 4639 3334 4710 Complures
3363 4656 3395 4697 e
3437 4641 3618 4710 nobis,
3655 4641 3726 4698 ab

425 4730 608 4798 itaque
659 4728 1042 4782 vestimentum
1087 4742 1195 4796 quo
1238 4726 1616 4797 unusquisque
1665 4727 1921 4792 vestitur,
1971 4735 2028 4780 et

427 4823 744 4896 praecipitur
773 4831 835 4877 ut
861 4821 1092 4876 alterum
1125 4822 1326 4877 tribuat
1346 4839 1454 4878 non
1485 4822 1731 4889 habenti,
1760 4823 1918 4877 aliam
1945 4822 2028 4875 in-

425 4917 786 4986 telligentiam
836 4897 1011 4970 sonat.
1067 4914 1198 4970 Vult
1243 4917 1386 4970 enim
1431 4932 1530 4971 nos
1578 4917 1852 4977 Salvator.
1891 4929 2028 4987 quo-

427 5010 597 5068 modo
628 5026 732 5063 non
757 5007 1025 5062 habemus
1056 5007 1270 5062 duobus
1295 5007 1500 5062 servire
1530 5007 1791 5074 dominis,
1820 5007 1900 5062 sic
1925 5021 2028 5062 nec

425 5105 563 5162 duas
609 5103 808 5157 habere
843 5101 1052 5155 tunicas
1077 5141 1092 5166 ,
1127 5114 1227 5154 nec
1257 5099 1462 5168 duplici
1489 5109 1637 5155 veste
1675 5099 2022 5166 circumdari,

428 5211 498 5252 ne
521 5197 590 5249 sit
611 5209 774 5248 unum
799 5191 1176 5247 indumentum
1201 5192 1402 5246 veteris
1427 5191 1687 5259 hominis,
1719 5201 1772 5248 et
1796 5191 2024 5246 alterum

421 5291 575 5344 novi.
612 5287 932 5343 Econtrario
973 5297 1153 5341 autem
1203 5286 1373 5355 cupit,
1425 5293 1482 5340 ut
1519 5287 1894 5356 exspoliemus
1927 5301 2027 5342 nos

424 5393 670 5438 veterem
713 5382 1028 5444 hominem,
1067 5389 1121 5435 et
1168 5380 1454 5435 induamus
1481 5396 1700 5436 novmn.
1737 5381 2028 5452 [lucusque

419 5475 597 5530 facilis
627 5474 898 5543 expositio
927 5479 1034 5528 est.
1069 5472 1236 5526 Porro
1263 5474 1544 5543 qumritur,
1577 5474 2020 5544 quomodojuxta

426 5565 571 5620 hanc
617 5565 1120 5634 interpretationem
1168 5564 1420 5635 jubeatur
1453 5565 1607 5620 nobis
1640 5582 1745 5620 non
1797 5565 2014 5621 habenti

500 5709 520 5732 ³
564 5698 744 5754 Sentit
775 5697 873 5754 hac
919 5707 1031 5754 tota
1069 5699 1450 5765 peroratione,
1505 5699 1706 5755 nedum
1754 5716 1783 5754 a
1826 5699 2020 5755 Salva—

431 5777 571 5830 tore,
600 5769 695 5822 sed
724 5779 780 5824 et
799 5786 826 5822 a
864 5770 1164 5839 prophetis,
1197 5782 1250 5826 et
1280 5770 1497 5826 demum
1522 5774 1589 5825 ah
1623 5772 1866 5826 Ecclesia
1890 5773 2024 5826 edo-

425 5849 541 5898 ctos
572 5839 788 5905 angelos
815 5857 933 5909 qua:
957 5844 1239 5906 rescireut,
1268 5857 1472 5913 perque
1501 5858 1690 5898 eorum
1718 5842 2020 5898 doctrinam

2126 4731 2438 4787 istiusmodi
2487 4731 2796 4802 publicanis
2822 4732 3040 4789 tenendi
3071 4741 3199 4788 sunt
3225 4749 3240 4787 :
3267 4747 3406 4804 quos
3433 4732 3602 4789 Jacob
3631 4733 3726 4790 ille

2130 4823 2217 4876 vir
2242 4831 2461 4877 sanctus
2493 4837 2597 4878 non
2625 4837 2958 4894 magnopere
2989 4822 3336 4892 formidabat,
3366 4839 3469 4880 nec
3496 4825 3726 4881 vereba-

2129 4923 2239 4982 tur,
2288 4925 2347 4971 ut
2371 4915 2439 4972 de
2477 4917 2889 4987 publicanorum
2921 4917 3278 4988 vectigalibus
3322 4918 3377 4973 in
3419 4933 3488 4973 eo
3517 4917 3724 4988 aliquid

2127 5009 2484 5081 reperiretur.
2533 5009 2689 5068 Unde
2725 5021 2781 5068 et
2810 5011 3074 5068 audacter
3097 5011 3166 5066 ad
3197 5010 3542 5082 publicanum
3568 5011 3721 5068 illum

2127 5102 2453 5173 loquebatur
2487 5103 2669 5160 Laban
2706 5121 2719 5158 :
2767 5102 3030 5177 Cognosce
3066 5105 3110 5159 si
3143 5105 3274 5176 quid
3298 5106 3519 5176 jtuarum
3548 5121 3722 5161 rerum

2126 5204 2200 5249 est
2243 5197 2383 5268 apud
2423 5213 2503 5251 me
2532 5195 2687 5268 (Gen.
2715 5194 2886 5268 xxxi).
2927 5197 3102 5267 Super
3143 5197 3288 5267 quod
3336 5197 3446 5266 agit
3475 5197 3723 5254 testimo-

2130 5287 2277 5341 nium
2304 5287 2583 5359 Scriptura
2611 5287 2799 5343 dicens
2826 5306 2840 5342 :
2879 5288 2944 5342 Et
2971 5306 3073 5343 non
3103 5290 3340 5359 cognovit
3371 5288 3552 5344 Laban
3581 5290 3720 5361 apud

2126 5377 2290 5434 Jacob
2317 5382 2612 5450 quicquam.
2653 5381 2820 5437 Docet
2847 5381 3012 5452 igitur
3039 5381 3292 5438 Salvator
3312 5393 3499 5438 noster
3525 5392 3582 5437 et
3602 5382 3724 5453 Spi-

2129 5477 2263 5529 ritus
2295 5484 2512 5530 sanctus
2534 5476 2625 5547 qui
2651 5475 2860 5532 locutus
2881 5487 2964 5531 est
2995 5477 3049 5532 in
3079 5475 3384 5547 prophetis,
3416 5491 3521 5532 non
3544 5476 3724 5531 solum

2126 5566 2392 5633 homines,
2441 5578 2464 5603 τι
2498 5567 2592 5624 sed
2637 5569 2800 5624 etiam
2847 5567 3094 5639 angelos,
3146 5576 3202 5622 et
3251 5567 3481 5622 virtutes
3528 5567 3725 5640 321-

2131 5701 2439 5777 proiecisse
2469 5704 2533 5777 ad
2565 5707 2816 5760 salutem.
2843 5705 2914 5761 Et
2942 5706 3206 5777 siquidem
3239 5722 3347 5764 non
3380 5707 3724 5764 absolutissi-

2130 5788 2282 5852 mam
2309 5774 3039 5852 Dominicteincarnationis,
3067 5779 3295 5852 ejusque
3333 5780 3721 5852 mySIeriorunt

2127 5847 2496 5914 cognitionem
2535 5847 2790 5906 habuisse
2813 5849 3037 5920 angelos
3063 5847 3309 5917 dixisset,
3343 5847 3416 5907 ita
3445 5860 3626 5908 tamen
3664 5857 3722 5904 ut
