3978 6338
253 322 338 378 Ξῗό
793 317 1234 375 TBANSLATIO
1276 314 1712 374 IIOMILIARUM
1752 310 2077 372 ORIGENIS
2115 312 2182 369 IN
2223 313 2478 370 LUCAM.
2524 312 2688 369 IIOM.
2731 311 2921 370 XXIV.

3400 313 3506 368 274

249 444 384 516 322
428 438 739 495 invisibiles.
791 437 930 505 Quid
982 438 1171 506 loquar
1215 436 1283 492 de
1329 436 1648 493 Salvatore?
1681 450 1804 506 pro-
1828 436 2154 506 Aperetur,
2183 433 2335 489 solus
2373 433 2600 488 Elisaeus
2631 433 2843 489 videns.
2882 433 2992 491 Sed
3025 433 3257 490 Elisaaus
3298 442 3357 487 ut
3385 447 3514 502 pro-

249 537 397 606 pheta
419 547 627 604 quoque
656 530 760 601 ipsi
789 540 844 586 et
868 529 1121 601 apostoli,
1154 545 1314 585 omne
1343 529 1485 600 quod
1516 537 1794 597 resonant,

248 642 335 685 non
376 625 538 682 solum
589 623 925 688 hominibus,
977 623 1072 678 sed
1119 632 1175 678 et
1225 622 1432 693 angelis
1479 621 1799 693 praedicant.

245 720 374 790 Quod
403 728 455 774 ut
477 719 619 774 scias
649 733 836 773 verum
872 736 884 771 :
915 717 1158 783 Attende,
1183 716 1379 786 inquit,
1414 715 1592 770 cmlum
1611 759 1627 782 ,
1654 723 1702 770 et
1725 714 1804 767 lo-

240 831 382 888 quar;
410 814 458 868 in
485 821 760 885 conspectu
789 811 1099 883 angelorum
1123 810 1347 884 psallam
1373 810 1502 875 tibi;
1531 820 1587 866 et
1617 828 1630 864 :
1669 809 1804 863 Lau-

239 911 340 965 date
358 908 648 973 Dominum,
679 908 793 962 caeli
815 906 1084 973 caelorum,
1113 916 1160 961 et
1186 921 1334 978 aqua:
1351 921 1464 972 qua:
1484 921 1637 976 super
1652 904 1805 960 ctelos

236 1014 332 1057 sunt
375 1001 576 1056 laudent
616 1017 803 1056 nomen
840 999 1050 1054 Domini
1090 999 1263 1072 (Psal.
1304 1013 1524 1065 CXLVIII,
1567 997 1661 1070 ll);
1693 1008 1748 1054 et
1789 1015 1802 1052 :

235 1094 444 1151 Laudent
469 1110 586 1149 eum
618 1093 829 1166 angeli;
852 1102 907 1149 et
933 1109 952 1147 :
995 1091 1062 1148 In
1095 1093 1235 1146 omni
1264 1091 1378 1145 loco
1409 1091 1673 1162 potestatis
1694 1091 1804 1161 ejus

232 1187 433 1255 benedic,
465 1187 641 1241 animo
685 1202 819 1254 mea,
864 1182 1111 1240 Domino.
1146 1183 1437 1239 Inveniens
1465 1183 1518 1238 in
1553 1182 1802 1252 plurimis

230 1281 366 1347 locis,
391 1290 442 1336 et
468 1279 715 1335 maxime
753 1278 808 1334 in
854 1278 1103 1350 psalmis,
1136 1287 1195 1333 et
1233 1275 1300 1332 ad
1339 1276 1565 1348 angelos
1595 1289 1804 1331 sermo-

230 1393 332 1434 nem
359 1377 485 1440 lieri,
514 1376 642 1432 data
683 1375 894 1431 homini
927 1384 1227 1446 potestate,
1260 1376 1308 1432 ei
1345 1385 1524 1430 tamen
1555 1373 1646 1442 qui
1681 1372 1804 1444 Spi—

229 1472 369 1529 ritum
415 1479 662 1527 sanetum
717 1469 901 1536 habet,
950 1479 1007 1524 ut
1046 1478 1102 1525 et
1142 1469 1366 1540 angelos
1397 1466 1730 1536 alloquatur.
1761 1466 1802 1522 E

228 1564 398 1636 quibus
423 1577 588 1618 unum
623 1563 933 1634 exemplum
962 1576 1161 1632 ponam
1181 1606 1195 1629 ,
1223 1568 1283 1616 ut
1308 1560 1549 1616 sciamus
1576 1557 1803 1628 angelos

226 1671 414 1727 quoque
464 1653 718 1710 humanis
758 1654 982 1710 vocibus
1024 1652 1253 1709 erudiri.
1295 1650 1574 1721 Scriptum
1619 1658 1703 1705 est
1747 1648 1801 1704 in

224 1749 485 1820 Apocalysi
533 1748 764 1805 Joannis
817 1765 831 1803 :
892 1747 1090 1821 Angela
1159 1746 1503 1819 Ephesiorum
1554 1742 1803 1798 Ecclesia:

1907 528 2103 600 phetes
2145 528 2381 593 Domini,
2414 527 2766 598 deprecatur.
2815 536 2870 584 et
2921 527 3050 583 dicit
3097 545 3110 581 :
3166 526 3210 580 0
3260 525 3508 592 Domine,

1907 623 2052 691 aperi
2077 622 2251 675 oculos
2277 621 2423 693 pueri
2450 621 2619 687 istius,
2654 631 2702 675 et
2730 621 2903 676 videat
2930 622 3181 692 quoniam
3201 619 3366 674 multo
3388 619 3512 690 plu-

1906 731 1988 770 res
2018 716 2279 770 nobiscum
2307 725 2425 770 sunt
2447 733 2603 786 quam
2628 732 2744 769 cum
2768 715 2878 770 illis
2909 713 3000 787 (IV
3034 713 3165 784 Reg.
3191 710 3290 783 Vl).
3317 713 3384 767 Et
3409 721 3514 766 sta-

1904 812 1998 867 tim
2041 812 2107 867 ad
2151 827 2349 882 preces
2389 813 2558 867 sancti
2599 813 2701 867 viri
2735 812 2959 880 angelos
2999 825 3140 882 quos
3169 810 3326 880 prius
3355 808 3508 864 Ciezi

1907 921 2019 960 non
2051 905 2292 970 videbat,
2337 906 2569 959 intuitus
2598 916 2704 960 est.
2738 905 2864 960 Hazc
2889 904 3097 960 idcirco
3139 903 3380 957 diximus
3404 943 3419 968 ,
3453 909 3514 957 ut

1906 999 2326 1054 ostenderemus
2348 1007 2402 1052 et
2429 997 2749 1067 publicanos
2777 998 2962 1054 doceri
2985 1013 3012 1051 a
3042 997 3274 1058 Joanne.
3309 1004 3366 1051 et
3397 1011 3509 1051 non

1906 1093 2080 1146 solum
2112 1106 2208 1147 eos
2234 1092 2324 1162 qui
2357 1091 2675 1161 reipublicaa
2705 1093 3072 1162 vectigalibus
3095 1091 3375 1156 serviunt,
3411 1090 3511 1145 sed

1907 1187 2069 1242 etiam
2104 1185 2226 1240 illos
2257 1186 2347 1256 qui
2388 1183 2686 1239 veniebant
2731 1183 2798 1238 ad
2851 1184 3250 1255 paenitentiam.
3297 1182 3368 1237 Et
3417 1180 3514 1237 alii

1905 1288 2062 1335 erant
2112 1294 2141 1332 a
2181 1278 2559 1351 corporalibus
2612 1277 2915 1347 publicani,
2961 1277 3102 1332 sicut
3154 1285 3210 1330 et
3262 1275 3352 1329 alii
3404 1273 3507 1328 mi-

1908 1373 2060 1441 lites,
2107 1372 2198 1442 qui
2249 1370 2674 1441 egrediebantur
2725 1370 2792 1424 ad
2841 1369 3175 1441 baptismum
3235 1368 3510 1438 paeniten-

1906 1466 2016 1520 tize.
2053 1464 2218 1520 Venit
2261 1463 2408 1518 enim
2451 1479 2558 1517 non
2585 1462 2827 1517 Joannes
2855 1469 2912 1516 et
2954 1459 3223 1530 prepheta
3265 1467 3507 1518 tantum.

1907 1558 2000 1614 sed
2031 1559 2192 1611 etiam
2220 1557 2336 1627 ipse
2358 1555 2629 1616 Salvator.
2670 1563 2726 1608 et
2754 1551 3094 1616 hominibus,
3126 1559 3182 1606 et
3217 1550 3244 1589 ι)
3275 1550 3510 1619 angelis,

1907 1659 1963 1706 et
1994 1650 2287 1705 virtutibus
2315 1651 2532 1703 caeteris
2560 1647 2861 1702 salutarem
2896 1643 3272 1714 paenitentiam
3313 1641 3513 1712 praedi-

1903 1755 2055 1809 care,
2085 1750 2146 1795 ut
2173 1741 2226 1795 in
2256 1741 2474 1794 nomine
2501 1738 2630 1794 Jesu
2662 1754 2828 1793 omne
2855 1753 2994 1807 genu
3019 1734 3288 1796 ﬂectatur,
3316 1734 3512 1789 caeles-

223 1841 402 1898 scribe:
426 1840 606 1895 Habeo
629 1839 831 1911 aliquid
852 1848 1032 1894 contra
1060 1849 1109 1894 te
1132 1837 1318 1912 (Apoc.
1347 1836 1406 1908 It)
1430 1854 1444 1903 ;
1465 1845 1520 1892 et
1544 1852 1756 1891 rursum
1781 1852 1800 1891 :
1829 1827 1876 1888 B
1906 1835 2060 1900 tium,
2090 1844 2145 1888 et
2172 1835 2536 1898 terrestrium,
2572 1841 2626 1886 et
2658 1830 3017 1896 inlernorum,
3043 1836 3100 1883 et.
3128 1826 3306 1882 omnis
3329 1825 3513 1894 lingua

219 1933 390 2005 Angela
437 1932 687 1988 Ecclesiae
742 1931 993 2004 Pergami
1038 1932 1206 1986 scribe
1238 1946 1256 1983 :
1307 1928 1492 1984 Habeo
1532 1929 1801 2000 quippiam

219 2036 372 2082 contra
399 2036 463 2082 te.
481 2026 645 2083 Certe
665 2026 828 2081 homo
843 2033 926 2082 est
947 2025 1039 2097 qui
1065 2023 1254 2080 scribit
1274 2022 1500 2094 angelis,
1520 2031 1575 2078 et
1598 2021 1802 2092 aliquid

221 2119 456 2190 praecipit.
489 2117 609 2190 Ego
642 2133 750 2174 non
791 2119 1006 2188 ambigo
1042 2126 1099 2173 et
1128 2118 1180 2170 in
1208 2123 1352 2171 ccetu
1386 2122 1576 2170 nostro
1600 2113 1802 2168 adesse

217 2210 432 2281 angelos,
475 2224 589 2266 non
616 2209 796 2265 solum
839 2208 1170 2281 generaliter
1211 2206 1357 2262 omni
1391 2205 1674 2270 Ecclesiae,
1705 2205 1803 2261 sed

221 2310 363 2365 etiam
412 2308 757 2379 singillatim.
804 2307 880 2362 De
927 2307 1128 2378 quibus
1173 2303 1427 2359 Salvator
1455 2303 1576 2358 ait:
1617 2301 1804 2373 Angeli

217 2416 366 2454 eorum
393 2416 592 2472 semper
622 2399 800 2454 vident
826 2399 1010 2469 faciem
1038 2396 1217 2452 Patris
1243 2395 1342 2449 mei
1368 2396 1456 2465 qui
1486 2396 1542 2447 in
1569 2394 1709 2448 caelis
1729 2402 1802 2446 est

217 2494 410 2567 (Matth.
442 2493 626 2565 vaII).
666 2493 872 2564 Duplex
898 2491 987 2547 hic
1017 2490 1175 2546 adest
1205 2490 1469 2553 Ecclesia,
1497 2503 1601 2544 una
1631 2488 1805 2542 homi-

217 2603 355 2654 num,
389 2587 567 2642 altera
599 2585 947 2657 angelorum.
979 2583 1035 2641 Si
1063 2583 1194 2655 quid
1229 2583 1385 2650 juxta
1413 2581 1678 2636 rationem
1701 2621 1717 2646 ,
1750 2588 1805 2634 et

211 2677 342 2748 juxta
388 2678 800 2749 Scripturarum
857 2677 1087 2733 dicimus
1136 2676 1500 2743 voluntatem,
1553 2675 1804 2730 laetantur

214 2773 391 2844 angeli,
418 2784 472 2828 et
503 2778 677 2828 orant
706 2770 1012 2826 nobiscum.
1043 2769 1111 2826 Et
1137 2770 1262 2841 quia
1293 2777 1591 2841 praesentes
1621 2767 1803 2839 angeli

215 2878 323 2919 sunt
352 2866 402 2921 in
433 2865 687 2922 Ecclesia
708 2906 724 2932 ,
774 2865 827 2919 in
859 2865 950 2919 illa
975 2863 1260 2920 dumtaxat
1301 2879 1420 2933 qua:
1451 2871 1714 2927 meretur,
1748 2871 1804 2918 et

216 2954 393 3013 Christi
424 2967 529 3028 est,
560 2965 857 3030 propterea
883 2957 1172 3014 orantibus
1214 2957 1432 3014 feminis
1465 2957 1799 3027 priocipitur,

217 3061 262 3105 ut
306 3050 538 3107 habeant
595 3050 848 3106 velamen
901 3066 1067 3120 super
1096 3060 1258 3120 caput
1300 3059 1523 3122 propter
1552 3052 1797 3123 angelos,

218 3152 237 3179 ι
268 3146 439 3214 utique
478 3145 614 3201 illos
657 3145 750 3216 qui
797 3145 1059 3200 assistunt
1106 3145 1332 3208 sanctis,
1365 3154 1421 3200 et
1467 3146 1719 3200 laetantur
1747 3145 1798 3199 in

1905 1927 2252 1994 confiteatur,
2291 1925 2414 1995 quia
2466 1924 2729 1978 Dominus
2770 1921 2928 1977 Jesus
2965 1920 3216 1975 Christus
3253 1919 3308 1972 in
3338 1917 3513 1987 gloria

1904 2027 1985 2075 est
2016 2018 2111 2072 Dei
2137 2017 2310 2071 Patris
2342 2015 2568 2087 (Philip.
2594 2013 2656 2088 II)
2683 2033 2696 2067 :
2725 2015 2811 2070 cui
2835 2023 2917 2068 est
2942 2011 3120 2083 gloria
3146 2020 3203 2066 et
3223 2009 3514 2081 imperium

1905 2112 1958 2167 in
1992 2111 2190 2166 stecula
2222 2109 2568 2164 saeculorum.
2593 2107 2789 2164 Amen.
3051 2123 3054 2126 ’

2233 2289 2594 2362 323ο324
2631 2287 2918 2344 IIOMILIA
2969 2286 3162 2343 XXIV.

1909 2452 1984 2508 De
2011 2467 2078 2508 eo
2114 2452 2257 2521 quod
2298 2452 2560 2577 scriptum
2600 2463 2684 2507 est
2716 2471 2729 2507 :
2764 2451 2878 2523 Ego
2919 2451 3127 2533 quidem
3167 2449 3372 2521 baptizo
3410 2465 3500 2503 ros

1976 2541 2134 2577 aqua.
2167 2539 2335 2577 usaue
2363 2539 2390 2576 a
2462 2539 2584 2577 eum
2615 2524 2793 2577 locum
2828 2523 2917 2576 ubi
2957 2531 3072 2576 ait:
3106 2519 3227 2577 Ipse
3253 2537 3341 2575 vos
3369 2521 3499 2577 ban-

1976 2519 2145 2594 aqua,
2167 2539 2335 2593 usque
2363 2519 2429 2577 ad
2462 2539 2584 2578 ettm
2615 2524 2793 2578 locum
2813 2519 3088 2594 'ubi'aiti
3106 2519 3341 2594 Ipse‘vos
3369 2521 3499 2593 bap-

1979 2592 2154 2650 tizabit
2187 2592 2392 2664 spiritu
2415 2604 2596 2650 sancto
2617 2605 2666 2649 et
2695 2597 2830 2668 igne.
2861 2593 2996 2666 Cap.
3028 2592 3113 2648 III.

1975 2777 2270 2845 Joannem,
2289 2779 2378 2847 qui
2401 2777 2583 2833 minor
2602 2786 2685 2833 est
2707 2775 2947 2842 Christo,
2969 2777 3213 2847 suscepit
3237 2777 3496 2847 populus,

1906 2880 2169 2940 reputans
2194 2880 2251 2925 et
2284 2871 2536 2941 cogitans
2570 2886 2639 2925 ne
2678 2868 2822 2926 forte
2868 2870 2987 2940 ipse
3028 2880 3178 2925 esset
3198 2867 3454 2924 Christus
3488 2887 3503 2924 :

1905 2978 2029 3018 eum
2059 2978 2213 3027 vero,
2247 2969 2338 3034 qui
2373 2963 2551 3032 major
2579 2963 2672 3017 illo
2700 2972 2950 3029 venerat,
2982 2976 3090 3018 non
3119 2963 3378 3032 suscepit.
3415 2962 3507 3016 \‘is

1905 3071 2124 3112 causam
2151 3057 2334 3112 scire?
2367 3056 2651 3126 Cognosce
2685 3073 2698 3109 :
2732 3055 2962 3113 Joannis
2988 3057 3257 3126 baptisma
3287 3055 3514 3109 videba-

1908 3158 2024 3214 tur,
2075 3147 2280 3204 Christi
2325 3147 2629 3218 baptismus
2673 3147 2965 3203 invisibilis
3006 3156 3147 3203 erat.
3187 3145 3303 3219 Ego
3336 3147 3504 3213 enim,

217 3237 434 3295 Ecclesia
465 3239 510 3308 (1
543 3237 672 3294 Cor.
699 3239 800 3310 ιι).
829 3237 976 3306 Quos
1001 3238 1217 3308 quidem
1249 3253 1368 3302 nos,
1402 3239 1525 3308 quia
1549 3250 1799 3309 peccato-
1833 3215 1877 3279 Ο
1910 3244 2105 3318 inquit,
2139 3249 2344 3319 baptizo
2373 3264 2460 3302 vos
2486 3248 2546 3302 in
2562 3265 2698 3319 aqua
2727 3265 2746 3302 :
2772 3249 2862 3319 qui
2890 3257 3060 3302 autem
3095 3257 3206 3317 post
3232 3263 3317 3318 me
3341 3249 3502 3312 venit,

215 3346 315 3385 rum
338 3332 599 3387 sordibus
629 3331 775 3386 oculi
805 3331 977 3386 nostri
1010 3329 1168 3385 obliti
1199 3338 1363 3395 sunt,
1396 3346 1504 3384 non
1531 3328 1802 3398 videmus,

215 3425 295 3480 sed
323 3425 508 3481 vident
560 3424 800 3494 apostoli
842 3423 971 3480 Jesu
1020 3423 1087 3479 ad
1135 3437 1273 3493 quos
1323 3422 1609 3493 loquitur:
1645 3424 1804 3477 Amen

215 3535 340 3573 amen
368 3521 480 3574 dico
521 3518 692 3586 vobis,
718 3518 953 3574 videbitis
979 3517 1163 3573 caelum
1189 3529 1428 3588 apertum
1451 3563 1464 3586 ,
1513 3527 1558 3572 et
1587 3518 1804 3591 angelos

217 3609 304 3665 Dei
321 3612 663 3668 ascendentes
692 3620 738 3666 et
763 3611 1129 3667 descendentes
1163 3629 1318 3682 super
1357 3610 1407 3665 F
1411 3612 1557 3665 ilium
1586 3610 1808 3665 hominis

220 3703 374 3774 (Joan.
405 3705 468 3776 I).
517 3704 680 3773 Quod
722 3706 767 3760 si
819 3703 1078 3761 haberem
1123 3705 1265 3761 hanc
1291 3705 1547 3776 gratiam,
1580 3714 1635 3759 ut
1664 3719 1803 3774 quo-

219 3802 359 3858 modo
383 3802 654 3874 apostoli,
688 3802 770 3856 sic
800 3801 1060 3864 viderem,
1096 3813 1152 3857 et
1171 3803 1314 3857 sicut
1341 3801 1540 3856 Paulus
1564 3801 1802 3870 aspexit.

219 3894 471 3958 intuerer.
497 3909 792 3952 cernerem
834 3909 980 3949 nunc
1022 3895 1342 3965 angelorum
1377 3893 1799 3961 multitudinem,

219 3988 342 4057 quod
376 3989 603 4046 videbat
631 3989 868 4045 Eliszeus
893 4028 906 4052 ,
951 3999 1005 4044 et
1030 3987 1177 4044 Giczi
1211 3988 1301 4058 qui
1333 4003 1454 4042 cum
1485 4003 1550 4042 eo
1577 3996 1806 4042 steterat

221 4093 312 4136 non
338 4080 580 4138 videbat.
616 4079 677 4136 In
703 4090 855 4136 metu
885 4090 1003 4136 erat
1031 4079 1202 4145 Giezi,
1244 4095 1314 4134 ne
1343 4080 1410 4134 ab
1443 4080 1689 4136 hostibus
1715 4095 1805 4135 ca-

219 4268 353 4334 prius
375 4269 506 4331 illis,
539 4283 708 4337 quam
751 4265 1071 4321 hominibus
1101 4265 1338 4320 revelata
1382 4264 1606 4330 fuerint,
1643 4275 1697 4319 et
1723 4281 1809 4321 re-

221 4347 340 4394 tecta
366 4359 378 4393 :
401 4343 595 4412 sicque
627 4339 954 4394 credidisset
985 4337 1231 4393 eruditos
1258 4352 1351 4412 per
1385 4337 1686 4412 Eccl‘esiam
1715 4353 1812 4392 an-

218 4412 369 4479 gelos.
420 4407 579 4478 quasi
630 4425 816 4466 rerum
861 4419 1029 4465 testes
1075 4417 1128 4461 et
1167 4411 1439 4472 conscios,
1469 4407 1539 4462 ab
1581 4410 1810 4462 aliorum

1907 3343 2079 3413 major
2118 3357 2197 3394 me
2223 3349 2318 3408 est,
2355 3343 2462 3412 ipse
2513 3358 2600 3395 vos
2631 3342 2918 3411 baptizabit
2968 3341 3177 3410 Spiritu
3227 3350 3409 3395 sancto
3465 3349 3512 3394 et

1908 3433 2036 3505 igni.
2059 3433 2286 3501 Quando
2307 3436 2540 3505 haptizat
2561 3436 2720 3492 Jesus
2745 3435 2952 3506 Spiritu
2977 3445 3188 3500 sancto,
3209 3444 3263 3490 et
3287 3450 3508 3490 rursum

1911 3525 2132 3596 quando
2171 3527 2295 3597 igne
2327 3527 2598 3596 baptizat?
2626 3527 2906 3598 Numquid
2943 3543 3055 3582 uno
3097 3537 3262 3598 atque
3304 3526 3503 3583 eodem

1913 3625 2160 3688 tempore
2205 3618 2407 3689 Spiritu
2451 3629 2506 3674 et
2560 3621 2666 3690 igni
2714 3621 2989 3689 baptizat,
3051 3635 3116 3674 an
3147 3621 3302 3675 vario
3342 3627 3510 3689 atque

1908 3711 2165 3768 diverso?
2199 3713 2298 3767 Vos
2325 3725 2498 3768 autem
2527 3715 2917 3785 baptizabimini
2947 3714 3153 3786 Spiritu
3183 3723 3380 3778 sancto,
3408 3730 3510 3767 non

1910 3816 2024 3878 post
2057 3806 2247 3861 multos
2299 3806 2394 3863 hos
2442 3809 2573 3862 dies.
2626 3808 2890 3878 Baptizati
2934 3817 3064 3861 sunt
3103 3805 3339 3876 apostoli
3380 3814 3508 3876 post

1907 3900 2285 3954 ascensionem
2329 3901 2448 3970 ejus
2476 3899 2541 3954 ad
2579 3901 2750 3956 ccelos
2777 3900 2987 3968 Spiritu
3016 3905 3206 3952 sancto
3231 3897 3375 3966 (Act.
3409 3898 3506 3965 II):

1907 3992 2052 4062 quod
2089 4001 2271 4048 autem
2319 3993 2426 4062 igni
2481 3991 2686 4047 fuerint
2730 3993 3010 4062 baptizati,
3056 3990 3337 4061 Scriptura
3389 4005 3504 4044 non

1907 4094 2198 4140 memorat.
2243 4084 2349 4141 Sed
2402 4085 2677 4157 quomodo
2717 4084 2956 4140 Joannes
3001 4083 3160 4152 juxta
3204 4081 3502 4137 Jordanem

1914 4266 2117 4323 Noster
2149 4268 2536 4341 Hieronymus,
2560 4279 2615 4323 ut
2649 4270 2784 4324 alios
2814 4283 2957 4324 nunc
2986 4269 3425 4341 prtetermittam,
3459 4267 3519 4325 in

1919 4341 2126 4408 praefat.
2182 4337 2488 4395 Comment.
2535 4342 2587 4394 in
2629 4337 3182 4408 Malachiam,’atqne
3213 4340 3342 4395 alibi
3369 4355 3518 4408 saepe

1921 4410 2089 4483 hocce
2143 4411 2406 4467 abnorme
2448 4412 2704 4480 placitum
2747 4413 3045 4483 impugnat.
3083 4412 3215 4466 Vide
3266 4427 3386 4482 quae
3416 4425 3518 4466 nos

222 4478 313 4537 non
341 4483 634 4539 ahluderet
676 4482 894 4536 Patrum
923 4479 1233 4534 sententiis.
1265 4479 1399 4534 Nam
1435 4489 1489 4534 et
1531 4481 1646 4548 ipse
1678 4479 1806 4551 Hie-
1832 4478 1884 4539 D
1910 4482 1976 4536 ad
2009 4482 2288 4537 homiliam
2337 4478 2580 4551 ejus—dem
2611 4484 2864 4547 Origenis
2898 4478 2939 4538 λ
2974 4485 3026 4538 in
3080 4478 3421 4538 Ezechielem
3450 4483 3521 4538 ad

223 4567 468 4625 ronymns
528 4553 941 4625 Commentario
997 4552 1154 4618 paulo
1206 4561 1327 4625 post
1353 4551 1705 4625 recensendo
1754 4550 1806 4606 in

223 4623 375 4688 Epist.
421 4626 490 4680 ad
539 4624 813 4692 Ephesios
854 4638 974 4693 cap.
1010 4638 1086 4687 III,
1125 4638 1270 4677 vers.
1308 4623 1405 4693 10,
1451 4623 1807 4689 multiplicem

221 4694 350 4749 illam
380 4698 711 4764 sapientiam
741 4692 950 4765 angelis
983 4696 1310 4762 ignoratarn,
1332 4692 1400 4748 de
1432 4709 1537 4762 qua
1573 4694 1810 4762 loquitur

222 4767 521 4834 Apostolus,
571 4768 700 4821 vitae
741 4765 945 4821 Christi
977 4765 1250 4834 mysteriis
1283 4773 1597 4818 contentam
1623 4769 1803 4820 docet.

221 4834 400 4893 Verum
431 4838 832 4901 Adamantius,
861 4847 922 4892 ut
963 4851 1030 4890 ex
1063 4835 1304 4891 inferiori
1347 4837 1514 4904 magis
1557 4848 1812 4891 contextu

223 4905 392 4977 liquet,
435 4919 492 4966 et
522 4927 631 4965 non
662 4924 824 4965 secus
852 4923 1012 4977 quam
1044 4907 1291 4962 homines
1313 4905 1517 4962 Christi
1545 4918 1722 4962 morte
1745 4907 1810 4961 ad

224 4981 437 5052 salutem
461 4981 694 5052 angelos
725 4980 1024 5052 indiguisse
1049 5019 1065 5044 ,
1097 4988 1152 5033 et
1177 4977 1332 5047 quasi
1359 4978 1657 5052 discipulos
1689 4994 1815 5048 pro-

225 5050 519 5118 phetarum,
546 5049 716 5120 atque
742 5051 1112 5118 apostolorum
1143 5049 1430 5120 praeceptis
1470 5050 1811 5115 informatus,

223 5131 367 5190 atque
392 5125 457 5180 ad
487 5125 748 5179 virtutem
776 5131 1021 5177 arrectos
1047 5130 1292 5175 autumat
1325 5139 1338 5174 :
1369 5135 1490 5186 quae
1521 5137 1642 5175 rum
1671 5120 1818 5176 Scri-

233 5204 387 5259 ptura:
429 5211 608 5251 sacrae
641 5195 943 5248 innumeris
980 5193 1326 5258 testimoniis,
1362 5190 1600 5259 ﬁdeique
1631 5193 1818 5248 ortho-

235 5262 375 5320 doxa:
400 5266 644 5322 decretis
678 5268 950 5322 sententia
990 5265 1278 5318 manifesto
1312 5272 1526 5333 pugnat.
1561 5263 1655 5318 Est
1685 5279 1816 5318 vero

227 5339 470 5393 solemnis
511 5339 638 5407 ejus
679 5336 996 5392 deridiculae
1031 5335 1295 5390 doctrime
1336 5334 1491 5405 quasi
1536 5346 1816 5390 consecta-

227 5407 370 5478 rinm,
405 5426 512 5478 qua
545 5424 775 5478 peccare
807 5423 972 5477 posse
996 5407 1218 5476 angelos
1261 5407 1442 5460 statuit
1473 5448 1486 5466 .
1519 5422 1819 5476 eorumque

227 5476 442 5533 cilicium
492 5476 607 5535 neu
641 5481 742 5533 nisi
787 5476 852 5532 ex
904 5480 1097 5532 merito
1126 5488 1379 5532 constare
1422 5495 1434 5529 :
1467 5478 1609 5532 unde
1640 5489 1693 5532 et
1724 5479 1821 5531 ad-

229 5553 484 5606 versarias
525 5560 828 5620 potestates
877 5560 1095 5619 pr0pter
1122 5548 1456 5604 otfcnsiones
1507 5549 1820 5606 hominibus

232 5623 491 5691 praebitas,
519 5638 720 5688 corpus
764 5622 946 5675 subire
975 5624 1291 5686 humanum,
1351 5622 1402 5674 in
1431 5635 1602 5690 eoque
1634 5634 1821 5689 poenas

232 5689 384 5761 luere,
429 5689 486 5751 et
517 5693 758 5749 vicissim
791 5709 859 5747 cx
907 5691 1126 5746 humani
1168 5691 1386 5762 generis
1431 5689 1620 5746 ordine
1667 5692 1821 5762 seligi

231 5765 448 5831 animas,
472 5781 600 5837 qua:
621 5775 742 5837 post
765 5764 870 5820 rite
902 5767 1093 5837 pieque
1118 5761 1399 5837 emensum
1434 5765 1484 5818 in
1515 5761 1675 5818 terris
1695 5761 1821 5819 vita:

231 5835 706 5904 curriculum,‘in
762 5835 1080 5906 angelorum
1151 5836 1396 5894 ordinem
1452 5846 1818 5894 assumantur.

1918 4555 2032 4608 fere
2054 4555 2180 4608 huic
2205 4557 2476 4623 geminam
2507 4554 2834 4610 sententiam
2864 4556 3366 4610 animadvertimus.

1991 4633 2016 4661 °
2061 4625 2182 4698 llic,
2210 4628 2672 4698 quemadmodum
2703 4636 2757 4680 et
2780 4626 2996 4682 laudato
3025 4626 3378 4698 Apocalypsis
3400 4626 3522 4682 loco

1917 4697 2234 4763 angelorum
2292 4697 2536 4763 nomine,
2587 4699 2898 4767 episcopos.
2945 4707 3001 4753 et
3047 4697 3519 4753 sacramentorum

1917 4768 2199 4839 ministros
2237 4768 2548 4839 designari,
2597 4770 2881 4824 verissime
2911 4769 3245 4834 Interpretes
3278 4768 3523 4838 plerique

1917 4854 2113 4912 omnes
2141 4837 2685 4910 docent,‘inepteque
2715 4841 2853 4894 adeo
2884 4841 3147 4909 Origenes
3171 4837 3521 4912 argumenta-

1918 4917 2024 4963 tur.
2077 4910 2348 4964 Czeterum
2399 4927 2575 4981 neque
2631 4912 2679 4965 id
2739 4921 2948 4966 certum
2989 4910 3250 4966 habuisse
3285 4912 3520 4977 videtur,

1917 4981 2221 5050 singulisne
2265 4982 2597 5047 hominibus,
2643 4998 2709 5036 an
2743 4982 2944 5036 Christi
2983 4983 3138 5038 iidem
3172 4984 3346 5037 solum
3397 4998 3523 5049 pro-

1920 5051 2101 5116 fessis,
2152 5063 2207 5106 et
2263 5057 2468 5108 sanctis
2515 5066 2700 5108 custos
2747 5054 2968 5124 angelus
3014 5056 3350 5121 assignetur;
3395 5067 3523 5124 cum

1919 5124 2064 5180 enim
2096 5124 2301 5178 dudum
2338 5125 2535 5179 Homil.
2579 5126 2640 5180 12
2669 5123 3078 5191 pronuntiasset
3108 5124 3396 5192 unicuique
3428 5123 3528 5176 lto-

1922 5195 2124 5248 minum
2171 5195 2307 5250 duos
2353 5196 2574 5264 praeﬁci,
2618 5197 2819 5251 bonum
2865 5211 3053 5260 unum,
3080 5205 3134 5248 et
3162 5196 3394 5247 alterum
3429 5209 3528 5247 ne-

1921 5283 2115 5334 quam;
2145 5277 2222 5339 get
2254 5283 2397 5322 nunc
2429 5279 2662 5339 repetat,
2712 5268 2903 5322 Adesse
2927 5265 3162 5339 angelos
3203 5265 3526 5339 nonusolum

1921 5338 2232 5416 generaliter
2295 5344 2438 5393 omni
2493 5335 2789 5416 Ecclesiae,
2843 5338 2934 5416 sed
2982 5337 3137 5416 etiam
3177 5335 3526 5416 singillatim;

1923 5408 2107 5464 SUthII
2138 5419 2341 5471 tamen.
2391 5419 2672 5479 prcesentes
2723 5408 2832 5463 esse
2880 5412 2936 5462 in
2988 5408 3222 5462 Ecclesia
3251 5411 3526 5479 dumtaxat

1921 5496 2037 5551 qua:
2074 5490 2331 5545 uteretur,
2375 5478 2422 5534 et
2472 5481 2665 5536 Christi
2695 5490 2769 5536 est
2809 5497 2827 5534 :
2859 5481 3115 5551 inAquam
3165 5478 3367 5551 sapius
3397 5478 3527 5551 alibi

1925 5547 2256 5606 sententiam
2299 5552 2557 5607 libentius
2604 5553 2876 5607 concedit.
2917 5549 3057 5605 Vide
3103 5565 3226 5620 qum
3266 5549 3404 5604 infra
3457 5547 3526 5604 ad

1927 5621 2124 5678 Homil.
2153 5623 2224 5678 35
2245 5633 2589 5679 annotamus.

1997 5693 2024 5731 δ
2065 5693 2272 5749 Recole
2300 5696 2508 5764 paginae
2539 5695 2788 5764 proxime
2829 5691 3190 5764 praecedentis
3221 5690 3529 5764 annotatio-

1927 5780 2078 5838 nem.
2108 5764 2189 5820 Cl.
2229 5763 2452 5821 Hu’etius
2481 5763 2650 5838 hucce
2678 5767 2927 5838 Origenis
2968 5763 3306 5836 paradoxum
3338 5763 3525 5832 singu-

1928 5836 2027 5893 lari
2051 5837 2440 5908 disceptatione
2469 5836 2726 5907 exagitat.
