3978 6338
448 245 557 300 979
1682 244 1738 298 S.
1788 243 2057 298 EUSEBII
2099 241 2486 298 HIERONYMI
3633 236 3738 294 980

449 361 625 431 paleas
657 369 832 415 autem
871 361 1132 414 comburet
1177 363 1285 429 igni
1315 359 1745 430 inexstinguibili.
1799 359 1928 413 Volo
1959 360 2041 414 in-
2067 361 2117 422 Α
2146 359 2200 414 in
2244 359 2536 430 Evangelio
2577 357 2875 413 secundum
2903 359 3169 413 Joannem
3208 356 3278 411 de
3306 353 3524 410 Christo
3571 353 3736 410 refer-

450 452 638 506 venire
665 451 957 513 rationem,
985 467 1158 522 quare
1191 453 1451 508 Dominus
1480 464 1664 507 noster
1691 451 1887 508 habeat
1911 466 2044 506 ven-

449 543 732 608 tilabrnm,
767 551 823 598 et
868 543 1012 612 quod
1060 544 1260 599 blando
1313 554 1475 598 vento
1521 545 1677 600 leves
1723 544 1889 613 paleae
1943 544 2045 598 ltuc

449 635 683 706 illucque
712 636 1015 706 rapiantur,
1043 637 1395 710 329-330
1421 653 1587 708 grave
1629 653 1761 692 vero
1805 638 2043 692 triticum

453 731 505 786 in
560 747 731 785 ttnum
792 731 1069 786 deferatur
1115 731 1342 800 locum,
1415 746 1590 800 neque
1642 731 1784 785 enim
1837 730 2046 799 absque

451 832 615 879 vento
647 833 873 891 possunt
901 824 1139 879 triticum
1179 835 1234 880 et
1265 826 1433 895 paleae
1464 827 1706 895 separari
1733 842 1748 890 ;
1789 826 2047 880 existimo

452 916 785 971 tentationes
819 931 918 984 pro
945 927 1106 970 vento
1133 916 1387 986 intelligi,
1413 932 1537 987 qua:
1561 918 1792 972 confuso
1819 916 2051 971 creden-

455 1007 588 1060 tiutn
614 1021 835 1069 acervo,
888 1007 1024 1059 alios
1072 1008 1275 1076 paleas,
1325 1009 1462 1060 alios
1508 1008 1746 1062 triticum
1792 1023 1917 1061 esse
1952 1006 2047 1062 de-

458 1109 786 1152 monstrant.
831 1098 967 1153 Cum
1016 1099 1158 1154 enim
1188 1102 1368 1154 anima
1400 1112 1486 1156 tua
1523 1100 1688 1157 fuerit
1718 1102 1897 1169 aliqua
1933 1112 2049 1156 ten-

453 1194 660 1244 tatione
690 1199 968 1260 superata,
1011 1206 1121 1263 non
1152 1193 1378 1247 tentatio
1431 1204 1483 1247 te
1527 1195 1689 1248 vertit
1728 1195 1782 1246 in
1823 1194 2048 1263 paleas;

451 1281 548 1335 sed
579 1295 702 1334 cum
737 1295 887 1335 esses
933 1262 1114 1351 palea;
1156 1281 1289 1336 levis
1322 1282 1578 1337 videlicet
1616 1293 1670 1338 et
1710 1262 2045 1351 incredulus,

451 1374 694 1428 ostendit
733 1384 785 1427 te
815 1388 939 1428 esse
987 1373 1210 1429 tentatio
1251 1375 1393 1444 quod
1443 1376 1670 1430 latebas.
1729 1375 2050 1432 Eccittrario

451 1478 633 1519 autem
668 1481 790 1519 cttm
820 1466 1034 1521 fortiter
1064 1474 1402 1522 tentamenta
1429 1467 1650 1533 toleras,
1683 1482 1790 1522 non
1823 1475 1878 1522 te
1922 1467 2053 1524 facit

457 1555 674 1612 fidelem
729 1557 990 1622 tentatio,
1042 1568 1204 1628 atque
1236 1560 1563 1628 patientem,
1616 1560 1712 1614 sed
1757 1561 2047 1629 virtutem,

452 1667 577 1721 qua:
619 1653 674 1706 in
724 1663 781 1708 te
823 1662 961 1720 erat,
996 1653 1271 1722 patientia:
1319 1664 1375 1708 et
1413 1653 1774 1720 fortitudinis,
1834 1663 1888 1708 et
1918 1653 2054 1708 late-

2149 461 2275 507 tur:
2309 453 2446 520 Quia
2489 454 2655 506 multa
2681 463 2730 507 et
2775 453 2881 507 alia
2932 454 3134 507 locutus
3183 460 3280 518 est,
3320 466 3433 522 quae
3477 465 3582 503 non
3623 455 3736 503 sunt

2145 545 2336 616 scripta
2387 546 2439 598 in
2471 545 2601 600 libro
2620 545 2745 611 isto,
2773 561 2890 616 quae
2914 546 2959 598 si
2989 545 3356 608 scriberentur,
3380 558 3544 611 neque
3572 543 3738 610 ipsum

2151 645 2273 703 puto
2319 637 2568 688 mundum
2615 651 2797 704 capere
2847 637 3075 706 potuisse
3123 635 3318 701 libros,
3351 635 3439 704 qui
3487 631 3740 686 scribendi

2148 739 2295 782 erant
2325 727 2504 799 (Joan.
2536 728 2648 799 xxt)
2675 745 2689 793 ;
2721 730 2804 783 sic
2838 740 2892 784 et
2921 728 2978 783 in
3023 729 3279 797 praesenti
3313 728 3431 780 loco
3473 725 3739 794 intellige,

2149 821 2292 889 quod
2343 822 2566 876 forsitan
2620 821 2816 889 Lucas,
2860 823 3116 893 quoniam
3164 821 3367 891 majora
3416 819 3666 888 qumdam
3713 831 3743 872 a

2148 913 2355 970 Joanne
2389 915 2880 979 annuntiabantur,
2922 930 3086 984 quam
3140 924 3198 968 ut
3245 913 3508 968 deberent
3553 911 3745 966 litteris

2149 1009 2324 1074 credi,
2371 1009 2607 1064 voluerit
2663 1024 2724 1063 ea
2765 1010 3086 1064 nominatim
3135 1007 3343 1071 dicere,
3389 1006 3483 1062 sed
3542 1013 3746 1059 tantum

2151 1101 2544 1171 significaverit
2591 1101 2737 1172 quod
2768 1102 2915 1156 dicta
2961 1103 3074 1156 sint
3107 1119 3120 1154 :
3173 1109 3229 1156 et
3270 1100 3472 1154 idcirco
3502 1097 3748 1153 dixisse:

2154 1193 2328 1248 Multa
2354 1195 2565 1266 quidem
2607 1204 2655 1248 et
2696 1196 2804 1249 alia
2831 1193 3110 1249 exhortans
3149 1192 3496 1248 annuntiabat
3537 1190 3746 1263 populo.

2153 1286 2411 1341 Miremur
2455 1286 2674 1356 quidem
2705 1287 2972 1342 Joannem
3023 1303 3090 1342 ex
3142 1285 3225 1340 his
3273 1301 3397 1357 quae
3427 1294 3746 1355 sequuntur,

2155 1380 2395 1436 maxime
2432 1381 2582 1450 quod
2628 1380 2769 1434 inter
2798 1390 2954 1435 natos
2987 1380 3283 1435 mulierum
3327 1377 3502 1446 major
3547 1375 3752 1431 Joanne

2155 1472 2395 1543 Baptista
2445 1489 2606 1527 nemo
2632 1472 2800 1528 fuerit
2829 1473 3052 1541 (Matth.
3093 1472 3196 1542 xt),
3225 1480 3281 1526 et
3324 1470 3380 1524 in
3413 1477 3618 1524 tantam
3643 1466 3753 1538 opi-

2155 1568 2372 1621 nionem
2424 1567 2624 1622 merito
2664 1567 2884 1621 virtutis
2929 1566 3268 1630 ascenderit,
3314 1574 3432 1619 uta
3479 1563 3753 1634 plerisque

2154 1659 2407 1715 Christus
2438 1670 2750 1730 putaretur;
2778 1661 2873 1716 sed
2905 1660 3055 1715 aliud
3086 1660 3256 1713 multo
3287 1657 3621 1713 mirabilius.
3656 1655 3755 1712 Hec

457 1745 574 1809 bat,
611 1746 818 1816 profert
854 1747 907 1800 itt
939 1747 1200 1802 medium.
1249 1745 1415 1801 Putas
1443 1749 1601 1815 enim,
1645 1749 1718 1801 ait
1767 1747 2050 1814 Dominus,
2088 1759 2133 1818 Β
2161 1753 2319 1808 mdes
2346 1755 2618 1809 terrai-clla
2647 1755 2884 1810 habebat
2913 1755 3118 1824 regiam
3143 1761 3488 1823 potestatem,
3519 1761 3577 1806 et
3611 1759 3754 1820 pote-

455 1840 606 1892 aliter
637 1857 715 1894 me
743 1841 833 1894 tibi
879 1843 1106 1896 locutum
1133 1844 1296 1914 fuisse
1324 1859 1480 1911 quam
1509 1852 1564 1896 ut
1595 1858 1804 1912 parares
1827 1845 2055 1916 justus?

464 1930 530 1985 Et
560 1931 737 1988 alibi:
781 1935 964 2004 Afﬂixi
1001 1945 1069 2000 te,
1111 1945 1159 1989 et
1198 1935 1348 2002 (ιη’εεὶ
1392 1937 1630 2008 penuria,
1674 1946 1728 1989 ut
1780 1937 2054 2006 manifesta

463 2023 669 2092 ﬁerent,
702 2041 818 2094 qua:
859 2039 1006 2081 erant
1049 2029 1102 2080 in
1133 2028 1288 2082 corde
1323 2037 1431 2082 tuo.
1464 2027 1521 2082 ln
1561 2027 1704 2082 ltuuc
1748 2029 1970 2083 modum
2002 2038 2058 2083 et

462 2125 758 2186 tempestas
798 2134 904 2174 non
946 2120 1074 2174 facit
1115 2135 1286 2190 super
1320 2135 1541 2175 arenam
1587 2119 1878 2175 aedificium
1925 2135 2057 2174 con-

459 2209 683 2275 sistere,
731 2211 826 2265 sed
870 2226 1035 2281 super
1067 2221 1288 2268 terram.
1322 2211 1454 2281 Quae
1487 2227 1609 2268 cum
1654 2212 1816 2268 fuerit
1841 2221 2054 2278 exorta,

464 2301 514 2355 id
547 2302 692 2372 quod
736 2317 901 2373 super
942 2316 1140 2359 terram
1177 2305 1459 2360 fundatum
1490 2316 1598 2368 est,
1639 2321 1745 2362 non
1795 2317 2008 2362 evertet
2041 2324 2053 2360 :

463 2396 608 2465 quod
642 2413 772 2452 vero
799 2414 962 2468 super
991 2414 1214 2455 arenam
1256 2399 1500 2463 fluctuat,
1537 2403 1728 2471 probat
1762 2403 1907 2457 illico
1949 2418 2057 2457 non

467 2492 606 2548 bene
635 2493 802 2548 fuisse
830 2494 1136 2549 fundatum.
1169 2496 1511 2565 Quapropter
1538 2506 1830 2567 antequam
1853 2498 2061 2552 oriatur

479 2596 794 2655 tempestas,
831 2601 1122 2658 antequam
1156 2601 1438 2644 ventorum
1491 2589 1660 2644 ﬂabra
1705 2601 2060 2661 consurgant,

467 2680 776 2750 priusquam
835 2682 1199 2736 intumescant
1230 2681 1471 2747 ﬂumina,
1506 2682 1637 2736 dum
1679 2682 1856 2738 adhuc
1899 2683 2064 2738 silent

469 2775 745 2842 universa,
797 2793 964 2832 omne
1016 2779 1254 2834 Studium
1305 2789 1549 2835 nostrum
1596 2781 1662 2834 ad
1705 2779 2062 2836 aedificiorum

467 2867 818 2924 fundamenta
848 2881 1146 2934 vertamus,
1181 2871 1516 2927 tedificemus
1563 2872 1782 2927 domum
1815 2882 2059 2928 nostram

467 2963 632 3017 variis
663 2962 940 3033 firmisque
970 2964 1244 3034 lapidibus
1274 2976 1669 3035 praeceptorum
1702 2966 1822 3031 Dei,
1853 2976 1913 3022 ut
1941 2983 2062 3022 cum

468 3057 778 3126 persecutio
828 3056 1063 3113 saevierit
1089 3057 1356 3112 adversus
1379 3059 1741 3125 Christianos,
1784 3059 2064 3130 durusque

2158 1855 2242 1901 rat
2263 1862 2408 1914 eum,
2434 1863 2556 1901 cttm
2586 1847 2872 1913 voluisset,
2906 1847 3160 1902 occidere
3189 1844 3384 1916 (Marc.
3406 1846 3483 1914 vt)
3516 1861 3533 1899 :
3559 1853 3754 1899 etcum

2157 1955 2274 1994 rem
2308 1939 2526 1995 fecisset
2571 1940 2848 2010 injuSIam,
2889 1950 2945 1996 et
2989 1949 3180 1996 contra
3225 1941 3396 2011 legem
3454 1938 3647 2009 Moysi,
3701 1943 3758 1990 ut

2159 2046 2386 2086 uxorem
2418 2032 2605 2086 fratris
2636 2033 2719 2086 sui
2754 2034 3050 2101 acciperet,
3081 2048 3202 2102 qua:
3234 2031 3470 2086 habebat
3500 2030 3671 2084 filiam
3694 2030 3756 2087 de

2158 2125 2329 2194 priori
2358 2124 2496 2190 viro,
2529 2139 2636 2179 non
2668 2141 2792 2181 eum
2829 2126 3030 2189 timuit,
3063 2139 3172 2180 non
3200 2124 3412 2193 accepit
3439 2137 3753 2191 personam,

2160 2232 2267 2272 non
2298 2217 2582 2288 cogitavit,
2629 2227 2688 2273 ut
2720 2218 2862 2288 dixi,
2897 2219 3101 2288 regiam
3127 2225 3480 2288 pote5tatem.
3518 2229 3627 2269 non
3655 2214 3760 2268 for-

2162 2309 2390 2365 midavit
2413 2309 2727 2377 interitum;
2748 2311 2960 2367 sciebat
2976 2311 3145 2375 enim,
3165 2309 3380 2364 etiamsi
3408 2307 3757 2380 331-332

2164 2401 2430 2473 pr0pbeta
2459 2419 2567 2458 non
2590 2414 2763 2473 esset,
2788 2403 2934 2475 quod
2957 2403 3241 2458 lacessitus
3261 2417 3384 2456 eum
3408 2411 3600 2470 posset
3622 2398 3761 2454 occi-

2163 2496 2313 2551 dere.
2341 2495 2468 2550 Hsec
2490 2495 2653 2566 igitur
2683 2496 2938 2551 universa
2963 2510 3085 2549 cum
3113 2503 3324 2558 nosset,
3357 2492 3612 2546 libertate
3645 2505 3760 2561 pro-

2165 2589 2376 2660 pltetica
2395 2589 2660 2660 corripuit
2681 2590 2971 2657 Herodem,
3000 2597 3055 2644 et
3076 2588 3314 2643 incestas
3327 2585 3552 2656 nuptias
3563 2584 3756 2655 arguit,

2165 2690 2222 2738 et
2244 2683 2314 2736 ob
2337 2682 2389 2736 id
2421 2682 2640 2737 clausus
2664 2683 2719 2736 in
2747 2698 2991 2748 carcere,
3029 2697 3136 2736 non
3158 2681 3226 2735 de
3265 2692 3442 2735 morte
3469 2678 3755 2743 sollicitus,

2165 2791 2275 2830 non
2295 2776 2362 2831 de
2378 2775 2588 2831 incerto
2601 2774 2812 2845 judicii,
2832 2775 2926 2830 sed
2946 2776 2998 2829 in
3016 2773 3246 2829 vinculis
3258 2773 3325 2827 de
3340 2769 3584 2836 Christo,
3603 2783 3756 2840 quem

2165 2869 2605 2934 annuntiaverat,
2655 2869 2955 2938 cogitabat.
2989 2869 3055 2923 Et
3083 2868 3210 2939 quia
3239 2868 3355 2936 ipse
3409 2865 3476 2921 ad
3520 2880 3646 2921 eum
3684 2864 3759 2919 ire

2167 2978 2275 3018 non
2309 2971 2548 3032 poterat,
2581 2963 2748 3017 mittit
2772 2960 3074 3030 discipulos
3101 2975 3232 3015 suos
3261 2959 3607 3014 sciscitantes
3639 2974 3653 3009 :
3686 2954 3756 3008 Tu

2165 3073 2219 3112 es
2240 3057 2328 3125 qui
2349 3063 2591 3109 venturus
2603 3071 2677 3122 es,
2700 3071 2766 3106 an
2790 3053 2952 3108 alium
2973 3062 3323 3126 exspectamus
3343 3051 3369 3104 ?
3388 3047 3750 3105 Animadver-

473 3149 631 3203 turbo
660 3152 985 3215 surrexerit,
1019 3153 1378 3208 ostendamus
1412 3168 1512 3208 nos
1543 3153 1746 3210 habere
1776 3153 2062 3209 aedificium
2093 3148 2139 3212 C
2171 3149 2262 3218 tis,
2291 3148 2434 3218 quod
2453 3157 2507 3203 et
2529 3149 2580 3202 in
2609 3162 2830 3203 carcere
2850 3147 3118 3214 docuerit,
3137 3147 3331 3202 videns
3351 3160 3474 3200 eum
3498 3153 3557 3199 et
3584 3144 3635 3198 in
3660 3142 3748 3196 illo

469 3258 632 3312 super
659 3252 866 3313 petram
894 3243 1172 3300 Christum
1209 3245 1394 3302 Jesunt
1443 3246 1663 3319 (Matth.
1708 3248 1827 3318 vtt).
1857 3247 1912 3304 Si
1945 3248 2068 3318 quis

469 3349 652 3394 autem
678 3341 843 3410 (quod
878 3341 1067 3410 procul
1120 3342 1266 3398 absit
1307 3357 1334 3396 a
1391 3342 1572 3413 nobis)
1618 3343 1920 3413 negaverit,
1965 3343 2066 3398 iste

471 3432 613 3488 sciat
663 3447 768 3488 non
808 3449 868 3488 se
908 3434 1001 3488 illo
1030 3443 1278 3504 tempore
1328 3450 1437 3506 quo
1492 3449 1719 3505 negasse
1759 3435 1906 3490 visus
1957 3442 2061 3499 est,

470 3529 751 3585 Chrlstum
787 3543 1051 3602 negasse;
1083 3530 1182 3586 sed
1224 3531 1436 3586 semina
1463 3539 1519 3586 et
1559 3531 1773 3587 radices
1812 3531 2064 3587 habuisse

471 3623 702 3694 negandi
751 3623 863 3692 jam
915 3631 1173 3690 veteres,
1241 3632 1368 3678 tunc
1426 3637 1557 3679 vero
1607 3623 1776 3679 fuisse
1821 3625 2062 3694 agnitum

467 3717 611 3788 quod
653 3717 913 3783 habebat,
941 3726 998 3772 et
1037 3719 1091 3773 in
1123 3717 1361 3773 medium
1394 3732 1516 3774 esse
1548 3717 1896 3789 productum.
1929 3717 2064 3774 Ore-

468 3827 590 3867 mus
634 3810 798 3882 igitur
850 3810 1157 3873 Dominum,
1210 3820 1268 3866 ut
1318 3810 1490 3866 simus
1547 3811 1866 3876 aedificium,
1915 3811 2062 3882 quod

469 3912 766 3975 tempestas
796 3904 943 3958 nulla
975 3903 1271 3967 subvertat,
1307 3902 1588 3958 fundatum
1618 3918 1783 3972 supra
1829 3912 2060 3972 petram,

471 4011 568 4065 per
596 3995 883 4051 Dominum
915 4003 1161 4050 nostrum
1186 3995 1370 4052 Jesum
1393 3994 1696 4064 Christum,
1726 3996 1813 4050 cui
1844 4005 1928 4052 est
1949 3995 2062 4068 glo-

469 4090 546 4144 ria
579 4099 634 4144 et
667 4089 952 4160 imperium
985 4089 1036 4144 in
1065 4088 1264 4144 saecula
1290 4090 1636 4145 saeculorum.
1671 4090 1864 4145 Amen.

995 4242 1276 4299 HOMILIA
1316 4242 1530 4300 XXVII.

473 4355 549 4410 De
579 4370 645 4410 eo
693 4355 834 4424 quod
890 4356 1149 4426 scriptum
1193 4364 1278 4410 est
1327 4374 1342 4410 :
1396 4354 1566 4409 Multa
1614 4357 1820 4425 quidem
1861 4367 1908 4411 et
1953 4355 2060 4410 alia

539 4425 818 4482 exhortans
858 4425 1220 4494 annuntiabat,
1271 4441 1442 4496 usque
1489 4427 1555 4482 ad
1583 4443 1705 4481 eum
1737 4427 1914 4496 locum
1967 4429 2055 4481 ubi

538 4497 616 4552 ait
641 4517 654 4551 :
681 4498 914 4569 Spiritus
943 4509 1151 4553 sanctus
1181 4495 1443 4553 descendit
1468 4515 1621 4569 super
1639 4515 1779 4553 eum.
1806 4495 1940 4568 Cap.
1970 4498 2056 4553 ΙΙΙ.

537 4638 638 4707 Qui
677 4636 956 4707 Evangelii
1001 4650 1312 4692 sermonem
1359 4635 1540 4701 docet,
1583 4651 1689 4690 non
1732 4650 1890 4690 unam
1943 4649 2056 4691 rem

465 4731 703 4794 nuntiat,
733 4728 828 4784 sed
861 4728 1142 4798 plurimas.
1175 4728 1289 4784 Hoc
1317 4729 1519 4800 quippe
1542 4729 1825 4798 Scriptura
1854 4729 2060 4799 signifi-

465 4833 572 4892 cat,
599 4823 788 4878 dicens
817 4838 835 4876 :
867 4821 1037 4876 Multa
1065 4823 1274 4893 quidem
1305 4831 1351 4875 et
1397 4822 1503 4876 alia
1541 4822 1823 4877 exhortans
1851 4838 2055 4875 annun-

461 4919 641 4974 tiabat.
693 4919 880 4988 Itaque
933 4916 1098 4973 etiam
1154 4916 1282 4981 alia,
1323 4931 1443 4987 qua:
1497 4918 1698 4986 scripta
1749 4931 1858 4971 non
1906 4924 2053 4980 sunt,

457 5011 700 5067 Joannes
753 5008 956 5079 populo
1006 5007 1334 5078 pra'dicabat
1382 5026 1396 5063 :
1443 5023 1564 5078 quae
1605 5016 1784 5063 autem
1826 5008 2051 5076 scripta,

455 5102 798 5159 considerate
821 5111 1022 5173 quanta
1051 5101 1254 5156 fuerint
1269 5117 1388 5172 qure
1408 5099 2050 5156 annttntiantChristum.

459 5196 783 5254 Monstravit
823 5197 966 5250 enim
999 5195 1327 5264 baptismum
1359 5195 1593 5264 Spiritus
1625 5193 1822 5261 sancti,
1855 5192 2052 5264 pracdi-

451 5289 596 5343 cavit
623 5286 927 5358 publicanis
958 5285 1214 5351 salutem,
1239 5285 1654 5340 docuit-milites
1679 5285 2042 5356 disciplinam,

448 5393 629 5434 aream
691 5379 928 5450 purgari,
982 5376 1185 5432 succidi
1231 5377 1499 5443 arbores,
1562 5387 1618 5433 et
1676 5389 1874 5432 caetera
1927 5391 2046 5446 quae

445 5472 724 5544 Evangelii
772 5479 957 5527 narrat
996 5469 1250 5525 historia.
1306 5469 1566 5539 Exceptis
1611 5484 1741 5540 ergo
1794 5469 1877 5525 Itis
1921 5485 2076 5540 quas,

441 5565 646 5636 scripta
695 5573 842 5627 sunt.
873 5563 1038 5619 etiam
1086 5563 1176 5617 illa
1217 5578 1337 5634 quae
1367 5563 1570 5631 scripta
1607 5579 1714 5618 non
1745 5572 1896 5630 sunt,
1934 5578 2034 5618 an-

439 5658 722 5712 nuntiasse
750 5664 1082 5712 monstratur
1108 5656 1160 5711 in
1183 5670 1250 5712 eo
1271 5657 1414 5729 quod
1438 5657 1636 5714 dicitur
1668 5675 1681 5712 :
1717 5655 1888 5711 Multa
1912 5657 2029 5729 qui-

434 5750 546 5804 dem
570 5759 615 5804 et
638 5748 744 5804 alia
765 5746 1044 5806 exhortans
1065 5751 1404 5807 annuntiabat
1424 5751 1637 5820 populo.
1663 5751 1730 5808 Et
1750 5750 2028 5822 quomodo

2170 3240 2287 3296 loco
2312 3239 2607 3309 discipulos
2653 3239 2884 3305 habere,
2926 3250 2982 3294 et
3009 3255 3168 3307 quam
3200 3238 3271 3292 ob
3305 3251 3526 3290 causam
3563 3234 3754 3291 ibidem

2167 3347 2265 3402 per
2291 3347 2349 3388 se
2379 3331 2683 3388 erudiebat.
2727 3331 2874 3387 Inter
2900 3347 3020 3402 quae
3047 3331 3208 3386 etiam
3241 3344 3363 3383 cum
3390 3327 3460 3383 de
3487 3325 3620 3382 Jesu
3641 3337 3753 3380 orta

2167 3438 2312 3483 esset
2343 3427 2596 3498 quaestio,
2622 3427 2787 3481 mittit
2813 3443 2880 3482 ex
2907 3425 3195 3497 discipulis
3215 3435 3271 3480 et
3297 3425 3600 3493 interrogat
3626 3441 3638 3477 :
3679 3421 3753 3474 Tu

2165 3538 2217 3574 es
2247 3521 2334 3590 qui
2356 3529 2601 3575 venturus
2628 3536 2700 3586 es,
2728 3537 2795 3574 an
2826 3519 2989 3573 alium
3018 3517 3417 3592 exspectamus?
3447 3517 3750 3571 Revertun-

2167 3623 2254 3669 tur
2294 3615 2583 3684 discipuli,
2629 3623 2684 3669 et
2727 3614 2980 3670 nuntiant
3007 3614 3288 3683 magistro,
3349 3626 3472 3682 quae
3509 3610 3754 3668 Salvator

2158 3705 2404 3777 iusserat
2436 3705 2676 3762 nuntiari
2711 3723 2725 3760 :
2761 3706 2921 3777 cujus
2945 3706 3131 3762 verbis
3159 3704 3398 3762 Joannes
3417 3714 3664 3759 armatus
3691 3700 3751 3756 ad

2169 3800 2435 3870 praelium,
2475 3800 2816 3854 confidenter
2860 3801 3148 3864 emoritur,
3200 3807 3256 3853 et
3291 3798 3533 3854 libenter
3584 3796 3752 3864 capite

2165 3901 2464 3958 truncatur,
2497 3894 2614 3963 ipsa
2667 3906 2772 3947 vox
2820 3892 3037 3945 Domini
3089 3905 3224 3945 voce
3255 3891 3527 3955 firmatus,
3571 3899 3749 3942 verum

2164 4003 2285 4045 esse
2315 3987 2412 4043 Dei
2459 3987 2630 4042 lilium
2669 4001 2830 4056 quem
2875 3985 3154 4042 credebat.
3189 3984 3317 4040 Haec
3355 3983 3424 4039 de
3453 3983 3664 4038 Joanne
3701 3988 3751 4035 et

2167 4080 2418 4136 libertate
2445 4080 2584 4149 ejus,
2621 4090 2676 4134 et
2706 4079 2941 4134 Herodis
2982 4078 3212 4145 insania,
3252 4076 3342 4148 qui
3393 4090 3560 4144 super
3591 4073 3748 4128 multa

2163 4174 2369 4230 scelera
2402 4174 2566 4228 etiam
2605 4175 2706 4228 ltoc
2728 4173 2957 4238 addidit,
2989 4184 3047 4226 ut
3072 4171 3336 4226 Joannem
3369 4169 3606 4238 primum
3633 4181 3746 4218 ear-

2162 4280 2289 4320 cere
2317 4265 2619 4334 clauderet,
2650 4275 2704 4320 et
2735 4275 2923 4333 postea
2961 4263 3278 4319 decollaret.
3319 4261 3452 4328 Quia
3487 4277 3615 4316 vero
3647 4259 3746 4312 Do-

2166 4359 2346 4414 minus
2378 4358 2679 4430 baptizatus
2703 4368 2807 4423 est,
2841 4368 2886 4410 rt
2917 4356 3031 4410 caeli
3055 4355 3217 4426 aperti
3247 4365 3389 4424 sunt,
3433 4363 3480 4407 et
3521 4351 3748 4423 Spiritus

2162 4463 2372 4506 sanctus
2397 4451 2658 4505 descendit
2689 4467 2847 4518 super
2874 4465 3012 4514 eum,
3045 4463 3243 4519 voxque
3269 4445 3336 4500 de
3357 4447 3498 4501 aclis
3528 4443 3746 4499 intonuit

2089 4539 2142 4600 D
2167 4545 2341 4600 dicens
2383 4562 2401 4600 :
2445 4545 2547 4599 llic
2584 4555 2659 4601 est
2701 4542 2750 4597 F
2753 4545 2877 4599 ilius
2924 4559 3067 4598 meus
3107 4543 3348 4605 dilectus,
3395 4542 3449 4595 in
3488 4556 3590 4611 quo
3629 4535 3746 4591 mihi

2161 4639 2452 4709 complacui
2483 4636 2700 4708 (Matth.
2735 4638 2870 4705 xvu)
2905 4653 2917 4688 :
2950 4633 3243 4689 dicendum
3282 4643 3366 4688 est
3402 4634 3454 4686 itt
3486 4631 3746 4699 baptismo

2158 4729 2310 4798 Jesu,
2342 4731 2538 4786 ctelum
2568 4743 2689 4784 esse
2729 4741 3032 4785 reseratum
3052 4773 3066 4797 ,
3099 4737 3155 4782 et
3189 4725 3258 4781 ad
3288 4726 3747 4796 dispensationem

2161 4823 2652 4892 remissionemque
2675 4829 3045 4892 peccatorum,
3090 4833 3197 4873 non
3240 4818 3408 4882 illius,
3454 4819 3542 4886 qui
3576 4831 3745 4885 pecca-

2159 4926 2268 4971 tum
2315 4933 2417 4970 non
2464 4919 2696 4986 fecerat,
2746 4929 2909 4983 neque
2957 4914 3197 4966 inventus
3251 4920 3324 4964 est
3378 4909 3530 4964 dolus
3571 4910 3622 4962 in
3663 4922 3745 4960 ore

2157 5014 2271 5083 ejus
2321 5009 2540 5083 (Ephes.
2593 5009 2689 5081 tv),
2749 5009 2843 5064 sed
2897 5009 3063 5063 totius
3109 5005 3296 5062 mundi
3351 5015 3572 5074 apertos
3630 5017 3743 5060 esse

2157 5104 2347 5171 caelos,
2381 5111 2436 5158 et
2465 5101 2732 5170 Spiritum
2776 5109 3024 5155 sanctum
3052 5097 3406 5154 descendisse
3439 5113 3453 5151 :
3498 5106 3553 5150 ut
3603 5106 3746 5167 post-

2154 5211 2314 5266 quam
2347 5194 2602 5249 Dominus
2629 5191 2966 5247 ascendisset
2998 5191 3051 5245 in
3077 5191 3372 5255 excelsum,
3399 5198 3454 5244 et
3476 5191 3740 5260 captivam

2153 5287 2402 5341 duxisset
2427 5285 2820 5354 captivitatem,
2855 5283 3118 5340 tribueret
3149 5283 3305 5339 nobis
3335 5282 3614 5354 Spiritum,
3653 5279 3738 5347 qui

2151 5380 2219 5436 ad
2259 5397 2319 5437 se
2368 5390 2593 5436 venerat
2632 5399 2645 5434 :
2683 5395 2844 5451 quem
2884 5379 3102 5448 quidem
3150 5379 3396 5441 dederat,
3457 5388 3512 5432 et
3567 5389 3740 5432 resur—

2150 5474 2410 5530 rectionis
2433 5482 2678 5542 tempore
2698 5471 2888 5528 dicens
2913 5489 2926 5525 :
2953 5472 3185 5542 Accipite
3208 5471 3467 5542 Spiritum
3485 5478 3732 5524 sanctum.

2145 5567 2207 5624 Si
2237 5569 2320 5621 cui
2349 5566 2650 5621 dimiseritis
2699 5575 2931 5636 peccata,
2965 5566 3292 5619 dimittantur
3321 5564 3393 5617 eis
3423 5579 3438 5615 :
3468 5564 3514 5617 si
3544 5564 3626 5616 cui
3668 5571 3736 5614 te-

2138 5661 2379 5727 nueritis,
2415 5660 2718 5714 tenebuntur
2747 5658 2931 5733 (Joan.
2963 5657 3078 5729 xx).
3107 5657 3400 5714 Descendit
3439 5657 3584 5712 enim
3615 5655 3731 5723 Spi-

2134 5754 2271 5811 ritus
2300 5763 2521 5811 sanctus
2551 5767 2717 5825 super
2743 5752 3080 5811 Salvatorem
3112 5752 3166 5807 in
3204 5751 3391 5820 specie
3430 5750 3696 5807 columbae
