3978 6338
225 296 307 353 28f
761 289 1200 347 TRANSLATIO
1241 287 1680 347 IIOMIIJAIIUM
1722 286 2047 344 ()BIGENIS
2087 286 2150 340 IN
2195 278 2448 342 LUCAM.
2491 281 2658 339 I‘IOM.
2702 279 2944 338 XXVIII.
3378 276 3490 336 9.62

225 413 327 470 avis
370 420 685 478 mansuetae,
744 409 1046 465 innocentis
1089 418 1146 464 et
1195 407 1480 478 simplicis.
1529 405 1682 462 Undc
1725 416 1781 460 et
1805 419 2006 477 Aesse
2055 403 2422 470 describitur,
2490 418 2598 458 non
2647 417 2742 472 per
2797 400 3184 468 Salomonem,
3245 399 3340 456 sed
3390 415 3486 470 per

225 505 360 562 nobis
391 503 723 574 praecipitur,
762 510 820 556 ut
851 502 1128 556 imitemur
1179 502 1541 556 innocentiam
1574 500 1781 556 colum-
1884 499 2097 556 Nathan
2157 500 2441 566 nascitur,
2502 498 2592 568 qui
2645 499 2764 566 ejus
2819 496 2997 566 arguit
3053 504 3262 566 patrem
3321 507 3491 563 super

221 599 409 655 barum.
439 595 585 649 Talis
616 604 702 650 est
730 594 964 664 Spiritus
989 603 1229 660 sanctus,
1259 592 1512 658 mundus,
1541 601 1596 648 et
1623 592 1781 648 volu-
1888 592 2032 648 Uriae
2089 601 2268 648 morte
2318 602 2548 662 ortuque
2599 589 2935 645 Salomonis.
2984 587 3091 644 Sed
3142 590 3193 643 in
3233 586 3489 642 Manlia-0

223 691 334 754 cris,
359 698 409 743 et
432 688 661 743 sublime
684 702 1040 757 consurgens.
1065 688 1427 757 Quamobrem
1457 697 1681 743 orantes
1699 687 1782 742 di—
1882 700 2100 754 semper
2141 684 2514 756 generationis
2568 699 2767 739 nomen
2815 682 3178 752 adiungitur:
3223 679 3311 734 hic
3353 692 3490 734 vero

220 785 407 838 cimus:
455 779 582 848 Quis
620 780 766 834 dabit
808 779 935 834 mihi
962 797 1159 850 pennas
1191 790 1247 834 ut
1286 779 1556 844 columbis,
1611 790 1660 835 et
1700 795 1782 834 re-
1885 779 2102 849 penitus
2153 778 2344 833 siletur
2390 795 2402 831 :
2454 777 2734 846 Scriptum
2768 786 2854 831 est
2893 776 3036 830 enim
3077 773 3149 828 ibi
3181 791 3195 827 :
3227 771 3490 828 Abraham

219 881 447 949 quiescam
496 875 618 949 (Ps.
650 877 785 947 Lv)?
816 877 868 931 id
897 885 998 943 est,
1031 878 1154 948 quis
1194 876 1348 931 dabit
1393 875 1524 930 mihi
1568 889 1779 946 pennas
1881 871 2058 944 genuit
2085 868 2238 924 Isaac
2261 912 2274 935 ,
2303 867 2457 924 Isaac
2482 869 2656 941 genuit
2675 867 2873 934 Iacob,
2895 865 3058 922 Jacob
3087 866 3264 939 genuit
3287 862 3488 919 ludam

217 972 430 1042 Spiritus
461 969 684 1026 sancti?
717 971 785 1026 Et
816 973 867 1026 in
911 972 1021 1027 alio
1054 972 1176 1026 loco
1218 985 1399 1026 sermo
1423 971 1781 1040 pr0pheticus
1880 971 1931 1017 ει
1992 964 2180 1034 fratres
2226 965 2376 1031 eius,
2424 960 2594 1015 λαιίαε
2642 961 2816 1032 genui!
2865 958 3063 1014 ΡῙιανεδ
3107 967 3153 1012 ει
3185 957 3377 1011 Ζαναηι
3423 955 3488 1010 de

217 1063 482 1134 pollicetur
512 1079 526 1116 :
563 1062 626 1118 Si
657 1063 975 1119 dormieritis
999 1065 1134 1119 inter
1161 1067 1356 1118 medios
1387 1064 1568 1128 cirros,
1601 1079 1782 1135 penna:

1918 1053 2144 1120 'Itamar,
2178 1065 2235 1109 et
2266 1069 2438 1124 usque
2465 1054 2532 1108 ad
2576 1054 2736 1108 finem
2769 1095 2784 1120 ,
2815 1052 2989 1123 genuit
3015 1093 3030 1117 ,
3063 1065 3289 1120 semper
3317 1063 3489 1118 appo-

217 1156 442 1211 columba:
485 1157 833 1228 ἀεστςεηιαιω
880 1174 900 1213 ξ
951 1167 999 1213 ει
1050 1159 1339 1230 posteriora
1378 1159 1522 1213 dorsi
1565 1158 1676 1229 ejus
1725 1158 1777 1211 ἰη
1882 1149 2049 1202 nitur.
2081 1148 2138 1203 In
2177 1147 2320 1203 Luca
2352 1163 2484 1203 vero
2511 1191 2524 1212 ,
2557 1148 2646 1200 ubi
2677 1147 2746 1202 de
2768 1147 2996 1206 lavacro
3028 1145 3351 1202 conscendit
3395 1143 3488 1200 Je-

212 1252 359 1304 rirore
385 1253 500 1305 auri
523 1250 645 1320 (Ps.
682 1253 894 1323 uvm).
927 1252 984 1308 Si
1016 1253 1161 1307 enim
1194 1254 1337 1309 inter
1363 1254 1573 1309 medios
1600 1253 1778 1308 cleros
1880 1254 1974 1296 Sus
1996 1282 2011 1304 .
2047 1240 2190 1296 ﬁlius
2219 1240 2421 1296 dicitur
2452 1257 2466 1295 :
2501 1240 2651 1295 Sicut
2681 1241 2960 1312 putabatur
2987 1241 3126 1310 ﬁlius
3150 1236 3348 1311 Ioseph
3377 1253 3397 1293 :
3431 1244 3487 1294 et

212 1343 392 1398 veteris
419 1354 471 1398 et
501 1343 626 1397 novi
657 1343 991 1399 Testamenti
1023 1346 1473 1414 requieverimus.
1503 1345 1778 1398 dabuntur
1880 1334 1932 1389 in
1985 1343 2092 1389 lam
2142 1334 2310 1388 mlllla
2364 1331 2508 1388 serie
2557 1335 2836 1388 Ιιοιιιίηυηὶ
2862 1375 2879 1400 ν
2904 1343 3134 1402 ειοθιιιο
3156 1332 3302 1403 (1ηοά
3337 1341 3486 1400 Ραία·

211 1436 346 1491 nohis
369 1451 558 1505 pennre
584 1437 854 1492 columba:
882 1437 1268 1507 deargentatae,
1293 1437 1345 1492 id
1367 1448 1468 1502 est,
1495 1451 1778 1492 sermones
1879 1431 2032 1487 batur
2067 1431 2205 1503 ﬁlius
2249 1430 2445 1501 Ioseph
2466 1473 2481 1497 ,
2521 1430 2890 1504 generationis
2937 1445 3134 1485 nomen
3186 1427 3484 1500 ascriptum

211 1527 314 1593 Dei,
338 1537 389 1582 et
410 1527 715 1597 posteriora
743 1529 864 1598 ejus
889 1529 1008 1584 anri
1037 1528 1244 1600 fulgore
1270 1539 1324 1584 et
1352 1530 1532 1583 virore
1562 1529 1778 1582 radian-
1881 1539 1986 1579 non
2014 1534 2117 1580 est.
2159 1525 2216 1580 In
2249 1524 2506 1580 Matthmo
2539 1539 2645 1577 non
2678 1533 2759 1578 est
2790 1522 3054 1592 scriptum
3080 1565 3094 1589 ,
3143 1521 3419 1594 incipiebat
3461 1536 3482 1574 :

208 1620 286 1682 tia,
312 1632 365 1673 ut
391 1634 593 1674 sensus
619 1630 814 1676 noster
850 1621 1090 1691 Spiritus
1129 1623 1302 1676 sancti
1345 1621 1595 1677 sensibus
1625 1636 1777 1677 com-
1880 1617 1968 1672 hic
2019 1633 2183 1684 vero,
2223 1618 2350 1688 quia
2391 1616 2460 1672 de
2509 1617 2837 1686 baptismate
2871 1627 3274 1669 conscensurus
3319 1622 3475 1680 erat,

207 1712 416 1783 pleatur,
467 1713 523 1767 id
570 1722 678 1783 est,
725 1729 907 1769 sermo
944 1725 1000 1770 et
1044 1730 1198 1770 mens
1243 1715 1387 1770 illius
1437 1715 1776 1785 compleatur
1877 1709 2158 1781 incipiebat
2188 1709 2417 1780 legitur,
2449 1707 2733 1777 Scriptura
2781 1707 3099 1762 referente:
3140 1703 3206 1759 Et
3238 1704 3348 1775 ipse
3373 1710 3484 1759 erat

210 1806 442 1872 adventu,
470 1815 531 1861 et
557 1821 659 1861 nec
689 1807 976 1878 loquamur
1001 1808 1228 1878 aliquid.
1255 1823 1356 1863 nec
1380 1808 1769 1878 intelligamus,
1804 1815 1850 1876 Β
1877 1797 2028 1854 Jews
2084 1801 2361 1871 ἱησὶρίεηδο
2410 1799 2641 1868 Quando
2684 1800 2832 1855 εηίηι
2893 1799 3197 1868 ῧθβιίῑθιυδ
3247 1807 3330 1852 εει
3355 1838 3370 1863 .
3426 1802 3485 1853 ει

205 1899 289 1954 nisi
328 1897 465 1969 quod
508 1900 600 1954 ille
629 1901 996 1970 suggesserit;
1050 1901 1146 1957 sed
1185 1903 1362 1958 omnis
1390 1903 1768 1969 sanctificatio,
1881 1893 2206 1964 mysterium
2253 1895 2510 1948 secunda:
2551 1892 2924 1963 generationis
2963 1891 3306 1960 assumpsit,
3337 1899 3397 1944 ut
3425 1900 3481 1945 tu

205 2002 294 2046 tam
321 1993 370 2046 in
398 1991 594 2057 corde,
625 2007 785 2063 quam
815 1993 868 2047 in
895 1995 1097 2062 verbis,
1129 2004 1184 2050 et
1213 1997 1265 2050 in
1295 2011 1481 2066 opere.
1515 2011 1545 2050 a
1583 2007 1772 2052 sancto
1873 2001 2094 2056 (ιυυίιιιθ
2123 1987 2358 2055 Priorem
2379 1986 2718 2041 “MMme
2746 1984 3003 2041 deSll'llaS
3027 2026 3044 2052 ν
3078 1996 3129 2040 ει
3163 1984 3216 2039 in
3241 1983 3478 2038 secunda

207 2085 384 2156 Spiritu
413 2089 604 2141 veniat
634 2088 686 2142 in
716 2085 934 2142 Christo
960 2087 1110 2152 Jesu,
1140 2090 1226 2143 cui
1265 2097 1348 2144 est
1387 2089 1559 2160 gloria
1588 2099 1641 2144 ει
1673 2089 1772 2143 im-
1874 2079 2296 2149 regeneratione
2346 2081 2590 2136 nascaris
2616 2122 2632 2145 ,
2671 2092 2799 2136 tunc
2833 2079 3037 2136 dicitur
3067 2081 3355 2150 incepisse.
3409 2077 3478 2134 Et

201 2181 381 2250 perium
413 2180 463 2235 in
501 2181 705 2237 saecula
733 2182 1085 2248 εωθιιιοι-υηι,
1118 2186 1315 2240 Amen,
1873 2173 2150 2244 quomodo
2193 2175 2429 2249 populus
2477 2173 2791 2230 Judaeorum
2817 2173 3081 2245 ,quando
3121 2184 3239 2228 erat
3280 2175 3335 2227 in
3381 2171 3481 2228 ΑΞ-

687 2315 974 2373 ῃοΜιυΑ
1007 2315 1245 2373 XXVI".
1872 2279 2039 2339 gypto
2061 2308 2076 2330 ,
2111 2284 2220 2322 non
2253 2267 2487 2373 habebat
2517 2269 2730 2322 initium
2755 2269 3028 2373 mensium
3058 2285 3070 2320 :
3105 2266 3325 2373 quando
3346 2280 3478 2373 verr:

1872 2375 2127 2430 egressu»~
2175 2377 2237 2416 ex
2292 2359 2566 2432 Egypto,
2618 2372 2742 2416 tunc
2793 2360 2904 2434 [ΑΙ.
2957 2361 3126 2432 nunc]
3163 2360 3362 2415 dicitur
3407 2358 3479 2415 ad

204 2432 969 2525 De'GenealogiaSalvatoi-is,
1001 2451 1068 2525 eo
1094 2435 1321 2525 quodin
1351 2435 1685 2525 Marthaeo'e't
1716 2434 1768 2489 in

1909 2473 1994 2511 unt
2029 2477 2041 2510 :
2089 2457 2281 2512 Mensis
2311 2457 2405 2513 iste
2443 2457 2648 2511 initium
2679 2459 2931 2511 inensium
2974 2457 3173 2525 primus
3201 2459 3299 2509 erit
3333 2453 3476 2508 vobis

460 2510 468 2517 .
537 2503 543 2504 κ
611 2507 624 2518 .
692 2506 702 2518 .
1118 2503 1121 2504 ν
2029 2503 2041 2510 .
2089 2503 2279 2512 ﬂ-..”
2313 2503 2402 2513 η.-
2679 2503 2929 2511 ...νηηωη
2974 2503 3170 2525 ,ηψπ
3337 2503 3472 2508 η---

259 2506 386 2562 Luca
419 2507 625 2563 dwers'
655 2521 772 2578 elus
801 2507 1108 2563 referamur
1137 2518 1406 2562 aucmrcs'
1436 2503 1570 2577 cap.
1607 2505 1696 2560 ιη’
1871 2553 1934 2606 dc
1983 2553 2237 2606 mensibus
2280 2553 2409 2605 anni
2439 2550 2640 2623 (Exod.
2693 2551 2787 2622 xu)
2829 2569 2841 2603 :
2884 2551 2962 2605 sic
2998 2550 3089 2620 qui
3136 2548 3363 2604 necdum
3393 2555 3477 2604 est

257 2645 501 2700 Dominus
551 2655 747 2701 noster
797 2654 959 2716 atque
1005 2645 1255 2702 Salvator
1281 2687 1294 2711 ,
1337 2645 1428 2717 qui
1477 2645 1766 2700 multorum
1871 2645 2168 2715 baptizatus
2196 2688 2211 2713 ,
2248 2660 2349 2699 nec
2373 2645 2607 2715 cmpissc
2641 2655 2911 2699 narratur.
2946 2642 3057 2698 Nec
3095 2643 3238 2698 enim
3275 2642 3474 2698 frustra

197 2736 442 2804 Salvator,
474 2739 635 2808 cujus
657 2739 1064 2808 generationem
1098 2738 1376 2807 Scriptura
1405 2753 1512 2793 non
1557 2738 1762 2806 docuit,
1869 2737 2112 2793 additum
2151 2745 2399 2808 putemus
2429 2738 2495 2792 ad
2528 2739 2579 2792 id
2617 2738 2760 2808 quod
2799 2737 2998 2793 dicitur
3032 2755 3045 2790 :
3088 2736 3210 2806 Ipse
3237 2748 3352 2792 erat
3381 2735 3474 2792 Je-

197 2845 296 2901 qute
331 2831 518 2887 melior
569 2831 708 2898 fuit,
756 2849 900 2887 nunc
943 2831 1243 2888 secundum
1275 2842 1487 2899 patrum
1519 2832 1765 2886 ordinem
1811 2833 1819 2839 ’
1866 2849 1987 2897 sus,
2027 2832 2172 2903 quod
2225 2833 2516 2904 sequitur,
2564 2833 2835 2903 incipiens.
2878 2830 2987 2888 Sed
3031 2841 3086 2886 et
3132 2831 3273 2902 quod
3327 2832 3399 2885 ait
3453 2848 3470 2889 :

198 2931 330 2977 natus
373 2937 492 2978 esse
537 2921 891 2978 describitur.
948 2923 1016 2978 Et
1059 2938 1182 2980 cum
1231 2923 1484 2978 divinitas
1513 2923 1632 2992 ejus
1658 2939 1764 2977 non
1870 2924 2032 2989 Quasi
2061 2941 2314 2979 annorum
2343 2926 2580 2997 triginta,
2614 2925 3075 2981 considerandum
3103 2965 3119 2991 ,
3149 2922 3348 2994 Joscph
3377 2923 3474 2978 tri-

197 3013 438 3082 subjaceat
457 3015 724 3082 exordio,
751 3025 977 3086 propter
1008 3026 1060 3072 te
1085 3061 1100 3083 ,
1125 3018 1216 3088 qui
1242 3026 1394 3073 ortus
1419 3019 1472 3072 in
1498 3032 1661 3072 carne
1681 3032 1762 3084 es,
1864 3020 2011 3090 ginta
2038 3035 2301 3075 annorum
2334 3031 2448 3076 erat
2468 3065 2481 3088 ,
2515 3019 2734 3090 quando
2757 3020 3012 3075 dimissus
3044 3035 3074 3074 e
3119 3019 3346 3074 vinculis
3371 3065 3384 3087 ,
3413 3027 3470 3075 et

196 3108 316 3161 nasci
362 3108 572 3177 voluit,
634 3120 691 3164 et
739 3118 918 3164 tamen
961 3125 1070 3164 non
1101 3125 1252 3181 teque
1291 3111 1359 3165 ab
1399 3109 1765 3180 Evangelistis
1867 3112 2257 3179 interpretatus
2295 3113 2570 3168 somnium
2622 3113 2919 3168 Pharaonis
2945 3155 2959 3178 ,
2990 3111 3212 3184 Egypti
3239 3111 3470 3168 effectus

195 3201 462 3257 nativitatis
500 3201 628 3271 ejus
669 3203 808 3258 ordo
834 3213 1086 3258 narratur
1129 3224 1139 3257 :
1173 3219 1296 3274 qute
1336 3218 1427 3259 res
1472 3204 1758 3259 nonnullos
1789 3204 1834 3271 C
1865 3213 1949 3258 est
1977 3206 2232 3276 princeps
2253 3247 2267 3269 ,
2301 3204 2668 3276 ubertatisqne
2696 3214 2941 3274 tempore
2972 3204 3210 3259 triticum
3237 3219 3469 3275 congre-

194 3293 454 3361 plurimum
491 3296 871 3353 conturbavit.
894 3297 1179 3353 Matthaeus
1203 3299 1348 3353 enim
1379 3299 1645 3367 incipiens
1668 3313 1763 3353 na-
1864 3297 2056 3368 gavit,
2086 3307 2145 3352 ut
2193 3297 2351 3353 famis
2381 3308 2630 3368 tempore
2662 3298 2887 3352 haberet
2918 3297 3061 3368 quod
3084 3297 3468 3352 distribueret.

193 3381 384 3439 tivitatis
419 3387 569 3442 illius
602 3387 803 3443 seriem
833 3398 1018 3445 texere
1043 3431 1058 3458 ,
1093 3390 1163 3446 ab
1190 3389 1462 3446 Abraham
1495 3407 1666 3463 usque
1691 3391 1760 3446 ad
1866 3389 1980 3460 Ego
2040 3399 2169 3460 puto
2217 3392 2364 3462 quod
2411 3391 2629 3462 triginta
2675 3392 2800 3445 anni
2851 3391 3089 3461 Joseph,
3140 3389 3194 3445 in
3243 3389 3466 3460 triginta

103 3523 109 3532 .
191 3473 232 3528 id
260 3479 492 3544 pervenit
520 3489 585 3534 ut
610 3478 822 3535 diceret
853 3497 867 3536 :
899 3478 1095 3534 Christi
1136 3491 1306 3536 autem
1335 3481 1463 3536 Iesu
1497 3483 1759 3554 generatio
1861 3500 2125 3541 annorum
2159 3489 2541 3555 praecesserint
2567 3486 2888 3542 Salvatoris.
2919 3485 3030 3541 Iste
3070 3487 3216 3540 enim
3255 3483 3463 3554 .loseph

191 3566 249 3619 sic
280 3579 379 3623 erat
408 3587 426 3624 :
449 3584 504 3626 et
548 3571 820 3627 describit
865 3589 971 3628 non
1008 3589 1132 3629 eum
1167 3576 1259 3646 qui
1290 3575 1596 3645 baptizatus
1632 3587 1756 3643 est,
1862 3593 1968 3632 non
2002 3578 2109 3634 tale
2138 3578 2381 3634 triticum
2407 3581 2793 3650 congregavit,
2826 3581 2987 3651 quale
3017 3580 3069 3634 in
3099 3577 3337 3650 Egypto
3369 3579 3462 3634 ille

191 3661 267 3716 sed
304 3665 391 3735 qui
429 3665 582 3722 venit
635 3666 690 3721 in
739 3668 1020 3723 mundum.
1065 3667 1242 3725 Lucas
1285 3685 1446 3735 vero,
1478 3685 1758 3741 exponens
1859 3670 2092 3742 Joseph,
2125 3671 2219 3727 sed
2244 3673 2482 3726 triticum
2511 3688 2696 3728 verum
2720 3713 2733 3736 ,
2765 3683 2929 3740 atqne
2948 3672 3170 3726 caeleste
3194 3713 3206 3732 .
3241 3681 3298 3724 ut
3324 3683 3463 3725 tein-

193 3756 489 3816 nativitatem
535 3761 662 3830 ejus
686 3803 702 3826 ,
750 3777 857 3816 non
898 3777 928 3816 a
967 3763 1346 3832 superioribus
1380 3764 1448 3818 ad
1497 3765 1755 3820 inferiora
1861 3782 1996 3838 pore
2024 3768 2286 3826 ubertatis
2332 3768 2510 3823 tritico
2548 3775 2888 3837 congregato
2917 3764 3148 3819 haberet
3175 3763 3319 3834 quod
3351 3764 3462 3820 dis-

189 3842 415 3913 deducit;
445 3849 545 3906 sed
579 3865 705 3906 cum
744 3851 1070 3920 baptizatum
1117 3863 1241 3909 ante
1277 3854 1548 3915 dixisset.
1585 3870 1755 3926 usque
1858 3866 2156 3929 tribueret,
2187 3878 2308 3918 cum
2337 3861 2506 3916 fames
2533 3869 2679 3914 esset
2711 3859 2874 3913 missa
2906 3859 2957 3912 in
2990 3855 3285 3928 Egyptum
3307 3899 3321 3920 ,
3351 3873 3455 3910 non

188 3935 240 3990 ad
268 3940 424 4008 ipsum
455 3943 712 4010 pervenit
738 3943 926 4000 Deum.
957 3944 1068 4002 Nec
1094 3947 1299 4003 eaedem
1340 3964 1592 4019 personat
1629 3959 1756 4004 sunt
1858 3959 2019 4029 [ornes
2066 3956 2248 4027 panis,
2298 3969 2458 4024 neque
2497 3952 2608 4005 sitis
2651 3966 2800 4018 aqme
2823 3992 2838 4013 ,
2871 3949 2960 4004 sed
3003 3951 3169 4021 fames
3209 3947 3457 4002 audiendi

188 4029 230 4083 in
262 4035 604 4101 generatione
631 4036 751 4106 eius
771 4079 786 4104 ,
817 4038 1036 4109 quando
1065 4040 1401 4096 descendere
1427 4041 1630 4097 dicitur
1653 4083 1669 4106 ,
1699 4051 1754 4097 et
1855 4067 2140 4106 sermonem
2167 4048 2288 4104 Dei,
2315 4047 2621 4116 congregat
2651 4045 2718 4101 de
2753 4044 3064 4114 prophetis,
3093 4043 3163 4098 de
3193 4043 3315 4114 lege
3339 4087 3353 4108 ,
3388 4045 3458 4099 tle

187 4127 375 4190 quando
418 4129 800 4185 conscendere
853 4130 1229 4205 333-335..
1279 4133 1382 4201 Qui
1429 4134 1575 4188 enim
1629 4132 1756 4189 fecit
1857 4142 2156 4211 apostolis,
2189 4140 2352 4194 verba
2381 4137 2730 4194 abundantiae
2757 4155 2770 4189 :
2802 4137 2943 4191 unde
2961 4135 3184 4206 quando
3205 4137 3314 4204 jam
3347 4152 3453 4192 non

186 4231 287 4273 eum
316 4221 466 4278 caelis
503 4222 606 4277 tibi
639 4221 1065 4279 descendentem
1092 4267 1106 4289 ,
1151 4225 1410 4281 mulieres
1445 4241 1552 4281 non
1591 4243 1755 4295 quas-
1856 4234 2169 4289 scribuntur
2211 4231 2361 4299 libri,
2408 4247 2506 4286 nec
2549 4245 2747 4285 novum
2792 4229 3011 4301 aliquod
3047 4229 3338 4286 coniicitur
3371 4231 3457 4285 in-

186 4309 323 4381 libet,
362 4317 453 4372 sed
507 4319 855 4389 peccatriees
882 4361 897 4384 ,
952 4330 1007 4374 et
1055 4335 1192 4389 quas
1241 4321 1522 4389 Scriptura
1567 4337 1755 4390 repre-
1856 4335 2222 4382 strumentum
2253 4370 2268 4394 ,
2300 4339 2400 4379 nec
2427 4325 2715 4378 mittuntur
2745 4324 2812 4378 ab
2843 4324 3108 4395 apostolis
3137 4339 3198 4377 ea
3229 4338 3350 4394 quae
3380 4325 3448 4378 ab

187 4401 422 4464 henderat
445 4454 461 4477 ,
490 4411 800 4466 introducit
830 4428 845 4466 :
877 4411 968 4481 qui
1000 4426 1133 4468 vero
1169 4413 1504 4480 baptizatum
1528 4424 1748 4481 narrat,

1887 4436 1984 4476 esu
2035 4421 2086 4476 in
2149 4420 2344 4476 horrea
2396 4419 2770 4489 apostolorum
2820 4418 3033 4475 fuerant
3074 4429 3451 4490 comporta'a,

186 4499 356 4556 nullius
391 4501 520 4557 facit
561 4503 811 4558 mulieris
844 4506 1199 4560 mentionem.
1231 4505 1287 4560 In
1319 4506 1575 4562 Mattliaeo
1603 4508 1746 4561 enim
1857 4513 1958 4568 hoc
2002 4522 2087 4569 est
2131 4514 2184 4568 iu
2215 4515 2427 4568 animas
2453 4528 2643 4566 eorum
2675 4555 2688 4578 ,
2717 4514 3072 4582 omniumque
3103 4525 3449 4582 sanctorum,

186 4592 312 4663 (Cap.
334 4596 393 4666 ι),
425 4607 485 4652 ut
515 4597 780 4662 diximus,
815 4599 1130 4654 nominatur
1164 4599 1401 4654 Thamar
1424 4641 1438 4664 ,
1471 4615 1592 4670 quae
1619 4615 1740 4655 cuin
1771 4597 1826 4658 D
1849 4605 2148 4662 distribuat
2177 4619 2233 4660 ct
2264 4606 2468 4660 ηυινίεὶι
2497 4604 2788 4675 Αῑεςνιυιη
2833 4604 2973 4660 fame
3014 4606 3412 4676 periclitantem
3434 4646 3450 4671 ,

183 4698 346 4744 socero
377 4690 564 4748 fraude
603 4692 932 4760 concubuit,
973 4703 1026 4746 et
1067 4692 1212 4747 Ruth
1253 4692 1502 4748 Moabitis
1541 4708 1642 4749 nec
1681 4693 1748 4750 de
1853 4702 2201 4768 maximeque
2250 4698 2446 4754 fratres
2472 4743 2486 4765 ,
2538 4699 2604 4752 de
2639 4699 2835 4766 quibus
2861 4697 3163 4754 scribitur:
3209 4698 3455 4754 Narrabo

182 4792 352 4846 genere
379 4781 542 4839 Israel
577 4802 591 4839 :
623 4795 679 4840 et
703 4784 857 4838 Raab
878 4826 893 4851 ,
926 4801 1047 4855 qua:
1076 4785 1218 4840 unde
1250 4795 1459 4856 sumpta
1479 4787 1550 4841 sit
1570 4828 1584 4851 ,
1603 4787 1748 4843 scire
1853 4811 2034 4850 nomen
2058 4803 2200 4848 tuum
2221 4792 2464 4864 fratribus
2497 4811 2533 4844 η.
2548 4793 2623 4846 eis
2644 4836 2660 4863 ,
2688 4794 2741 4845 in
2766 4791 2938 4846 medio
2961 4790 3211 4848 Ecclesia:
3238 4794 3456 4847 cantabo

185 4886 363 4943 nequeo
403 4895 418 4932 :
456 4888 513 4934 et
548 4879 754 4949 conjux
784 4877 963 4946 Urite,
1006 4895 1126 4948 quae
1173 4880 1397 4934 violavit
1435 4881 1616 4936 mariti
1667 4892 1750 4936 to-

1882 4887 2094 4953 e(Psal.
2127 4886 2264 4957 xxi).
2301 4887 2512 4942 Habent
2543 4896 2596 4942 et
2626 4888 2714 4941 alii
2749 4888 2997 4942 homines
3034 4889 3201 4943 verba
3245 4889 3453 4954 patien-

184 4979 300 5022 ""“c
341 4968 474 5036 Quia
509 4972 667 5026 ἐῐιῖιη
704 4971 963 5026 Dominus
992 4981 1182 5028 IIOSI-el‘
1203 4981 1367 5043 atque
1394 4971 1648 5028 Salvator
1677 4973 1745 5029 ad
1850 4982 1976 5038 tite:
2008 4981 2285 5052 verbaque
2307 4980 2496 5049 judicii
2521 4989 2576 5034 et
2600 4980 2930 5049 reliquarum
2958 4981 3121 5035 verba
3143 4981 3403 5035 virtutum
3434 4999 3447 5036 :

183 5056 266 5112 hoc
308 5073 569 5132 venerat,
624 5071 684 5116 ut
729 5061 1010 5118 hominum
1060 5075 1280 5134 peccata
1339 5067 1647 5136 susciperet
1702 5067 1747 5140 (Ι

1874 5089 1956 5129 IOC
2008 5083 2093 5129 est
2135 5074 2376 5129 triticum
2419 5073 2563 5144 quod
2596 5072 2800 5144 Ioseph
2843 5073 3111 5146 Egyptiis
3148 5073 3445 5129 distribuit.

179 5148 276 5205 Cor.
324 5155 415 5224 v),
469 5164 526 5212 et
575 5171 700 5211 eum
741 5158 833 5226 qui
877 5172 983 5212 non
1033 5157 1239 5214 fecerat
1283 5173 1604 5229 peccatum,
1648 5180 1748 5232 pro

1881 5170 1958 5224 ied
1989 5168 2130 5223 aliud
2160 5179 2240 5224 est
2259 5169 2592 5223 frumentum
2615 5167 2756 5236 quod
2778 5167 3057 5232 fratribus,
3090 5167 3142 5222 id
3159 5177 3261 5231 est,
3287 5167 3452 5221 disci-

183 5246 312 5301 nobis
366 5257 651 5317 peccatum
708 5249 842 5306 fecit
900 5251 1045 5308 Deus
1097 5269 1111 5306 :
1178 5263 1465 5325 propterea
1520 5255 1747 5312 descen-
1850 5260 1992 5331 pulis
2021 5259 2136 5315 suis
2161 5260 2439 5315 distribuit
2461 5259 2528 5314 de
2551 5259 2763 5315 Jessem
2791 5270 2979 5322 terra,
3010 5259 3078 5314 de
3118 5275 3180 5314 ea
3226 5275 3346 5330 qna.-
3379 5260 3446 5316 ad

181 5335 290 5392 dens
316 5342 365 5396 in
405 5345 700 5414 mundum,
734 5349 1030 5417 assumpsit
1069 5358 1418 5418 peccatorum
1463 5349 1742 5406 hominum
1850 5355 2117 5410 orientem
2168 5352 2423 5423 respicit,
2471 5352 2712 5408 triticum
2743 5351 3116 5422 evangelicum
3145 5392 3160 5418 ,
3207 5351 3449 5407 triticum

179 5430 573 5520 vitiosorumque
604 5452 892 5507 personam
918 5479 934 5500 ,
980 5447 1038 5494 et
1083 5442 1232 5495 nasci
1261 5439 1435 5497 voluit
1470 5442 1537 5496 de
1569 5444 1745 5514 stirpe
1849 5448 2232 5520 apostolicum.
2268 5449 2340 5503 De
2369 5448 2472 5503 hoc
2503 5448 2686 5504 tritico
2724 5447 2987 5503 debemus
3030 5461 3196 5516 panes
3236 5446 3447 5516 facere,

177 5518 488 5594 δθιοιηοηὶε,
533 5529 693 5599 cuius
747 5542 964 5600 peccata
1000 5533 1341 5603 conscripta,
1370 5544 1426 5590 et
1457 5535 1729 5603 Romam,
1847 5518 1922 5599 ita
1976 5552 2156 5598 tamen
2197 5552 2254 5596 ut
2302 5556 2410 5597 non
2459 5532 2878 5598 commisceatur
2923 5543 3094 5596 veteri
3141 5540 3446 5610 fermento,

181 5615 314 5706 cujus
364 5620 555 5676 delicta
604 5621 854 5678 feruntur
879 5666 893 5686 .
937 5633 992 5681 et
1033 5626 1101 5682 de
1141 5629 1356 5683 caeteris
1383 5671 1397 5690 ,
1452 5645 1484 5685 e
1541 5630 1738 5701 quibus
1848 5636 2249 5706 habeamusque
2272 5650 2468 5705 panem
2497 5635 2779 5690 novnmde
2801 5637 3208 5706 Scripturarum
3241 5636 3443 5705 tritico,

190 5705 311 5763 uniti
360 5709 606 5808 fecerunt
657 5714 856 5771 malum
907 5718 1308 5808 inconspectu
1358 5723 1471 5779 Dei.
1513 5724 1740 5792 Quando
1848 5731 2189 5802 farinamque
2239 5730 2612 5785 commolitum
2656 5731 2706 5783 in
2753 5705 2974 5784 Christo
3022 5729 3184 5796 Jesn,
3233 5731 3320 5785 cui
3360 5741 3447 5793 est

196 5811 290 5857 'ero
361 5805 428 5863 de
497 5807 717 5868 lavacro
775 5805 1129 5885 conscendit,
1186 5824 1241 5872 ct
1285 5816 1560 5875 secundus
1606 5819 1740 5877 ordo
1846 5824 2017 5896 gloria
2046 5834 2097 5882 et
2131 5821 2420 5894 imperium
2451 5822 2504 5879 in
2531 5821 2732 5879 smcula
2759 5822 3106 5880 surculorum.
3153 5822 3348 5882 Amen.
