3978 6338
495 292 604 349 287

1751 288 1810 344 S.
1858 283 2125 343 EUSEBII
2171 281 2553 343 HIERONYMI

3681 282 3792 343 288

495 407 596 463 bus
624 408 769 481 loqui
801 407 1062 476 volucris,
1090 423 1197 463 non
1225 407 1470 480 decipies
1491 419 1666 476 neque
1696 403 1898 459 habere
1927 409 2087 474 pote-
2110 398 2166 461 Α
2189 414 2295 456 non
2327 400 2397 455 de
2424 399 2667 469 Christo,
2695 399 2787 456 sed
2811 400 2880 456 de
2900 403 3106 459 sanctis
3136 403 3366 474 intelligi
3393 417 3518 474 qum
3549 415 3793 472 sequan-

497 510 623 556 runt
643 501 1025 556 auctoritatem
1053 501 1384 557 assertioncs
1409 511 1533 556 tum.
1560 497 1653 556 Sic
1683 497 1812 568 legit
1841 493 2091 565 Scriptu-

493 610 584 652 ras
609 595 970 669 341-352
995 597 1232 652 Marcion
1266 605 1319 651 ut
1348 595 1624 661 diabolus,
1670 594 1749 649 sic
1798 589 2086 657 Basilides,

496 689 576 743 sic
607 688 949 758 Valentinus,
985 698 1043 743 ut
1070 704 1194 745 cum
1228 687 1446 744 diabolo
1484 685 1737 743 dicerent
1765 681 2038 738 Salvatori
2071 697 2086 734 :

498 779 768 850 Scriptum
798 792 893 849 est,
917 781 1042 853 quia
1071 781 1283 851 Angelis
1311 781 1418 834 suis
1447 778 1711 832 mandavit
1748 777 1813 831 de
1852 785 1928 839 te,
1952 783 2002 829 et
2031 774 2088 828 in

494 875 734 929 manibus
757 874 942 929 tollent
973 885 1051 940 te,
1084 891 1150 929 ne
1182 877 1315 946 forte
1345 872 1580 942 oﬂ'endas
1622 870 1690 926 ad
1728 869 1957 941 lapidem
1998 883 2089 940 pe-

495 966 614 1020 dem
656 976 803 1021 tuum
840 965 1060 1038 (Matth.
1098 966 1194 1038 tv).
1241 966 1297 1023 Si
1336 965 1555 1036 quando
1608 961 1976 1019 testimonium
2019 960 2087 1016 de

499 1059 782 1132 Scriptura
811 1061 1072 1130 audieris,
1105 1062 1229 1118 vide
1258 1076 1324 1116 ne
1351 1060 1534 1115 statim
1565 1059 1804 1130 loquenti
1837 1057 2088 1128 acquies-

491 1167 619 1219 cas,
650 1155 746 1210 sed
783 1156 1074 1211 considera
1116 1155 1270 1210 illum
1307 1153 1467 1224 cujus
1510 1154 1618 1221 sit,
1659 1167 1727 1208 ac
1762 1152 1921 1223 cujus
1963 1165 2089 1206 sen-

492 1247 704 1313 tentiis,
737 1248 894 1316 cujus
940 1248 1009 1303 sit
1056 1247 1346 1302 voluntatis
1377 1264 1390 1299 :
1426 1260 1496 1301 ne
1524 1245 1665 1301 forte
1691 1244 1916 1301 simulet
1956 1259 2084 1298 san-

489 1347 636 1394 ctum
669 1352 730 1395 se
771 1354 898 1396 esse
938 1341 1214 1410 quomodo
1248 1355 1352 1394 non
1375 1349 1480 1404 est,
1509 1347 1565 1394 et
1593 1339 1818 1394 venenis
1847 1336 2085 1392 inlectus

490 1430 802 1498 haereseos,
827 1432 930 1486 sub
957 1433 1075 1488 ovis
1107 1432 1248 1503 pelle
1277 1431 1436 1501 lupus
1468 1430 1676 1495 latitet,
1709 1447 1775 1485 ne
1816 1430 1959 1485 forte
2007 1429 2081 1482 lo-

490 1532 691 1592 quatur
723 1525 776 1579 in
805 1539 872 1580 eo
901 1524 1150 1580 diabolus
1173 1525 1240 1581 de
1263 1525 1578 1595 Scripturis.
1599 1523 1881 1594 Quomodo
1905 1532 2085 1579 autem

491 1615 743 1674 diabolus
797 1634 894 1689 per
939 1620 1616 1690 occasionemlemporum
1670 1618 1738 1674 de
1790 1616 2087 1688 Scripturis

485 1707 737 1782 loquitur
766 1730 779 1767 :
825 1714 905 1770 sic
945 1715 1254 1770 econtrario
1282 1714 1483 1770 Paulus
1505 1728 1603 1783 pro
1634 1711 1868 1767 utilitate
1893 1725 2083 1766 eorum

2195 501 2302 561 tur,
2331 493 2601 548 ausculta.
2632 494 2676 548 A
2709 495 2866 549 ruina
2916 505 2974 551 et
3015 496 3289 552 daemonio
3333 495 3647 551 meridiano
3681 510 3792 550 non

2191 586 2373 643 Jesum
2405 586 2685 643 Christum
2740 589 2936 644 liberat
2976 590 3156 660 Deus,
3213 591 3310 646 sed
3360 600 3603 645 sanctos.
3647 588 3796 659 Lege

2195 683 2610 752 nonagesimum
2647 684 2934 753 psalmum,
2967 685 3123 755 cujus
3153 684 3476 755 principium
3510 699 3527 742 :
3562 683 3672 749 Qui
3697 683 3797 737 Ιια-

2192 774 2321 828 bitat
2364 775 2418 829 in
2459 775 2725 844 adiutorio
2761 776 3036 844 Altissimi,
3074 778 3129 831 in
3157 779 3479 849 protectione
3523 775 3627 830 Dei
3679 773 3798 830 caeli

2189 869 2620 935 commorabitur,
2667 881 2720 926 et
2775 870 3025 926 invenies
3075 871 3192 927 lucc
3243 872 3417 938 magis
3453 871 3608 940 justo
3637 870 3793 938 viro,

2190 978 2350 1035 quam
2382 963 2474 1017 Dei
2495 964 2635 1019 Filio
2663 963 2958 1020 convenire
2983 981 2998 1022 :
3022 964 3220 1021 Cadent
3249 982 3281 1019 a
3312 965 3473 1020 latere
3499 975 3592 1018 tuo
3622 963 3793 1029 mille,

2189 1069 2238 1113 et
2265 1060 2438 1113 decem
2469 1059 2639 1113 millia
2659 1075 2692 1113 α
2721 1059 2919 1114 dextris
2945 1061 3084 1127 tuis;
3112 1061 3182 1114 ad
3211 1070 3258 1114 te
3276 1068 3448 1114 autem
3470 1075 3571 1112 non
3601 1073 3800 1127 appro-

2188 1151 2457 1222 pinquabit
2477 1192 2492 1215 ,
2522 1162 2866 1204 verumtamen
2895 1151 3062 1206 oculis
3087 1153 3214 1218 tuis,
3245 1150 3463 1215 videbis,
3498 1158 3545 1203 et
3567 1147 3802 1203 retribu-

2189 1247 2376 1301 tionem
2403 1247 2622 1316 aspicies
2655 1259 3017 1314 peccatorum,
3055 1257 3108 1300 et
3138 1245 3371 1317 reliqua,
3398 1258 3566 1314 super
3599 1255 3801 1312 perso-

2189 1357 2310 1396 nam
2338 1341 2467 1410 justi
2506 1341 2894 1411 interpretaus.
2938 1339 3044 1396 Sed
3074 1348 3132 1395 et
3173 1339 3253 1395 sic
3279 1353 3496 1409 quoque
3531 1349 3799 1407 perverse

2189 1431 2422 1486 all‘erens
2441 1430 2689 1486 diabolus
2705 1430 3035 1498 testimonia,
3050 1439 3108 1484 ut
3128 1438 3401 1486 assereret
3423 1441 3586 1496 super
3600 1425 3801 1482 Salva-

2190 1535 2309 1579 tore
2336 1522 2585 1594 intelligi,
2613 1523 2741 1579 silet
2765 1534 2818 1578 et
2847 1523 3040 1578 transit
3065 1521 3366 1578 versiculos
3387 1521 3483 1590 qui
3511 1527 3711 1574 contra
3737 1533 3801 1574 se

2189 1616 2376 1686 scripti
2408 1627 2557 1672 sunt.
2587 1614 2720 1672 Cum
2754 1617 2898 1672 enim
2930 1615 3157 1672 dixisset
3181 1633 3196 1672 :
3220 1615 3419 1685 angelis
3441 1613 3549 1668 suis
3568 1612 3802 1667 manda-

2188 1709 2258 1763 vit
2283 1709 2348 1763 de
2375 1719 2444 1776 te,
2467 1718 2516 1763 et
2541 1710 2596 1763 in
2617 1709 2856 1763 manibus
2881 1709 3060 1762 tollent
3091 1717 3159 1771 te,
3190 1725 3254 1761 ne
3281 1708 3415 1778 forte
3448 1706 3694 1773 o/fendas
3728 1704 3799 1759 ad

491 1807 583 1877 qui
607 1806 853 1874 audiunt,
882 1822 987 1863 non
1012 1808 1192 1864 solum
1212 1809 1280 1865 de
1304 1807 1629 1878 Scripturis,
1658 1804 1754 1861 sed
1800 1809 1966 1860 etiam
2014 1804 2083 1858 de
2113 1801 2164 1862 B
2189 1803 2416 1874 lapidem
2440 1802 2621 1871 pedem
2651 1812 2817 1870 tuum,
2844 1802 3012 1856 tacuit
3042 1798 3171 1857 illud
3203 1800 3346 1870 quod
3371 1800 3619 1871 sequitur
3645 1815 3660 1853 :
3690 1799 3802 1854 Su-

495 1899 899 1956 “smcularibns
927 1902 1084 1958 libris
1134 1903 1362 1958 assumit
1415 1899 1816 1966 testimonium,
1873 1909 1928 1954 et
1973 1899 2084 1953 ait:

491 1989 756 2047 Cretenses
777 2010 979 2066 semper
1001 1995 1296 2063 mendaces,
1328 1997 1480 2048 malta
1505 1995 1700 2056 bestiaz,
1730 2001 1928 2046 ventres
1954 1991 2090 2064 pigri

491 2081 620 2152 (Tit.
652 2099 690 2147 l,
725 2084 838 2156 l2).
878 2086 946 2141 Et
980 2103 1199 2142 rursum
1229 2087 1299 2143 de
1334 2087 1444 2142 alio
1475 2103 1489 2139 :
1519 2083 1700 2156 Ipsius
1740 2085 1878 2139 enim
1910 2093 1955 2139 et
1999 2101 2089 2156 ge-

489 2193 587 2230 nus
627 2193 811 2232 sumus
863 2179 1000 2251 (Act.
1027 2195 1175 2248 xvu,
1210 2177 1326 2254 28).
1362 2181 1586 2236 Necnon
1617 2187 1674 2234 et
1714 2179 1784 2234 de
1821 2178 2085 2233 Comico:

493 2265 844 2342 Corrumpunt
885 2289 1052 2328 mores
1085 2273 1245 2328 bonos
1273 2273 1534 2339 colloquia
1570 2272 1711 2328 ntala
1737 2271 1787 2344 (1
1814 2271 1935 2328 Cor.
1967 2270 2084 2343 xv).

490 2365 597 2420 Sed
630 2381 803 2437 neque
831 2368 1083 2425 diabolus
1125 2371 1170 2426 si
1211 2369 1282 2426 de
1313 2369 1612 2438 Scripturis
1647 2369 1861 2424 locutus
1890 2366 2084 2432 fuerit,

493 2458 697 2528 p0terit
726 2475 811 2515 me
842 2460 940 2517 hac
973 2463 1264 2520 occasione
1293 2463 1552 2534 decipere
1591 2481 1603 2517 :
1645 2477 1822 2532 neque
1857 2461 2082 2527 Paulus,

496 2553 542 2606 si
562 2551 630 2607 de
652 2554 950 2623 gentilibus
977 2556 1176 2612 litteris
1198 2556 1415 2629 aliquod
1435 2555 1744 2626 exemplum
1771 2553 2087 2623 sumpserit,

492 2659 715 2714 quoquo
744 2645 906 2701 modo
939 2663 1026 2703 me
1066 2649 1287 2719 eloquio
1317 2646 1642 2703 deterrebit.
1668 2645 1794 2700 Ideo
1825 2644 1970 2700 enim
2001 2659 2088 2697 as-

493 2737 726 2807 sumpsit
758 2739 961 2794 Paulus
986 2741 1151 2796 verba
1184 2740 1346 2795 etiam
1389 2740 1458 2794 dc
1503 2738 1587 2793 his
1617 2753 1738 2809 qua:
1762 2736 1894 2792 loris
1923 2743 2083 2805 sunt,

505 2837 561 2882 ut
587 2831 891 2887 sanctiﬁcet
912 2848 998 2888 ea.
1028 2831 1326 2889 Videamus
1350 2847 1480 2903 ergo
1506 2831 1647 2902 quod
1681 2832 1748 2888 de
1788 2830 2086 2900 Scripturis

499 2923 749 2980 diabolus
779 2925 1036 2996 loquatur
1061 2927 1126 2980 ad
1161 2928 1467 2980 Dominum.
1489 2926 1758 2995 Scriptum
1793 2932 1867 2978 est
1899 2924 2035 2978 enim
2062 2939 2082 2978 :

487 3015 698 3088 Angelis
726 3022 834 3073 suis
869 3020 1137 3074 mandavit
1162 3021 1233 3074 ad
1257 3033 1332 3086 te,
1364 3031 1411 3074 et
1442 3021 1495 3074 in
1526 3018 1762 3073 manibus
1792 3017 1970 3072 tollent
2005 3027 2080 3084 te,

487 3128 549 3164 ne
580 3115 714 3181 forte
736 3111 969 3180 o/fendas
997 3113 1065 3166 ad
1095 3113 1320 3185 lapidem
1351 3112 1532 3181 pedem
1559 3120 1725 3165 tuum.
1779 3109 1908 3165 Vide
1947 3124 2083 3174 quo-

2191 1914 2284 1974 pgr
2311 1897 2545 1966 aspidem
2587 1907 2636 1951 et
2680 1896 2983 1952 basiliscum
3011 1896 3330 1962 ambulabis,
3380 1905 3430 1951 et
3461 1895 3799 1950 conculcabis

2191 1989 2391 2044 leonem
2413 1999 2458 2044 et
2489 1990 2793 2044 draconem.
2825 1989 3027 2058 Quare,
3051 1989 3296 2056 diabole,
3326 1989 3481 2053 siles,
3507 1989 3621 2043 nisi
3647 1987 3800 2055 quod

2193 2093 2246 2138 tu
2277 2098 2337 2138 es
2367 2083 2692 2148 basiliscus,
2726 2093 2782 2139 tu
2815 2097 2878 2139 es
2904 2084 3147 2138 omnium
3175 2081 3511 2152 serpentium
3535 2081 3792 2152 regulus,

2189 2175 2506 2230 nocentiora
2542 2175 2747 2230 habens
2778 2190 2990 2231 venena
3021 2190 3183 2246 quam
3212 2175 3438 2230 ca'teri?
3466 2174 3570 2243 Qui
3600 2175 3798 2231 statim

2189 2280 2247 2323 ut
2275 2268 2474 2324 videris
2517 2269 2778 2338 aliquem,
2825 2267 3113 2334 interficis,
3137 2278 3192 2322 et
3223 2267 3382 2323 aliam
3413 2267 3799 2323 fortitudinem

2189 2363 2522 2417 contrariam
2548 2363 2751 2417 sociam
2784 2362 2860 2417 tui
2891 2362 3149 2427 assumis,
3177 2377 3302 2429 qua:
3353 2361 3501 2431 aspis
3539 2361 3801 2430 appella-

2187 2467 2298 2525 tur,
2325 2466 2378 2512 et
2400 2457 2514 2511 viro
2528 2455 2681 2526 justo
2703 2457 2948 2526 subjecta
2971 2465 3077 2521 est,
3101 2465 3154 2511 et
3177 2455 3385 2512 idcirco
3406 2458 3590 2511 omnia
3619 2465 3798 2511 taces.

2188 2549 2267 2603 'l‘u
2299 2565 2359 2604 es
2393 2549 2582 2615 draco,
2615 2558 2670 2604 tu
2699 2565 2756 2604 es
2785 2549 2894 2614 leo,
2946 2549 3016 2605 de
3051 2549 3251 2619 quibus
3268 2549 3528 2604 scribitur
3560 2565 3576 2605 :
3613 2548 3798 2622 Super

2187 2643 2421 2711 aspidem
2451 2652 2496 2697 et
2528 2643 2828 2698 basiliscum
2861 2643 3108 2707 calcabis,
3148 2652 3196 2698 et
3225 2643 3556 2698 conculcabis
3587 2643 3798 2698 leonem

2186 2744 2235 2790 et
2263 2737 2562 2790 draconem.
2586 2735 2694 2792 Sed
2724 2737 2855 2793 licet
2887 2745 2943 2792 tu
2975 2746 3178 2803 taceas,
3221 2751 3321 2792 nos
3360 2737 3453 2807 qui
3484 2736 3797 2806 scripturas

2187 2831 2389 2887 rectius
2441 2830 2702 2902 legimus,
2755 2833 2961 2887 scimus
3006 2833 3210 2887 habere
3238 2842 3261 2870 ε
3300 2846 3401 2887 nos
3453 2841 3794 2903 potestatem

2185 2924 2542 2979 conculcandi
2575 2934 2626 2980 te
2646 2969 2661 2993 ,
2688 2933 2743 2980 et
2772 2924 2952 2979 datam
2979 2924 3139 2981 nobis
3175 2926 3314 2980 hanc
3343 2924 3611 2980 ditionem
3632 2970 3647 2993 ,
3681 2942 3792 2981 non

2181 3017 2357 3071 solum
2409 3017 2465 3071 in
2519 3019 2692 3074 veteri
2744 3018 3095 3074 Testamento
3148 3019 3288 3072 sicut
3334 3033 3479 3073 nunc
3529 3028 3794 3076 cantatur

2184 3108 2238 3163 in
2272 3109 2510 3177 psalmo,
2547 3108 2641 3163 sed
2673 3110 2841 3164 etiam
2888 3110 2939 3164 in
2973 3123 3146 3174 novo,
3181 3109 3468 3166 Salvatore
3513 3109 3742 3166 dicente
3774 3128 3790 3168 :

485 3203 647 3257 tuodo
677 3212 734 3259 et
789 3205 838 3257 in
889 3204 1022 3273 ipsis
1071 3204 1403 3260 testimoniis
1450 3203 1756 3272 versipellis
1802 3209 1905 3256 est.
1953 3200 2078 3256 Vult
2106 3190 2153 3256 C
2182 3203 2543 3276 35.3-3“
2581 3203 2716 3260 Ecce
2741 3207 2808 3260 do
2837 3207 2974 3262 vobis
3008 3215 3310 3278 potestatem
3350 3207 3597 3260 calcandi
3625 3223 3791 3279 super

485 3295 633 3352 enim
663 3299 989 3355 imminuere
1019 3299 1246 3370 gloriam
1295 3296 1598 3354 Salvatoris
1626 3314 1639 3349 :
1670 3295 1827 3368 quasi
1857 3296 2078 3365 angulo-

488 3405 606 3444 rum
642 3390 881 3461 indigeat
911 3391 1135 3458 auxilio,
1164 3390 1472 3446 ollensurus
1500 3390 1715 3460 pedem,
1751 3390 1854 3444 nisi
1883 3404 2075 3444 eorum

484 3483 738 3536 manibus
759 3484 1097 3539 sublevetur.
1127 3484 1372 3540 Assumit
1404 3481 1800 3549 testimonium,
1827 3493 1879 3537 et
1909 3483 2078 3536 inter-

484 3583 732 3644 pretatur
757 3575 890 3629 illud
922 3575 989 3632 de
1016 3575 1261 3642 Christo,
1295 3575 1437 3647 quod
1465 3590 1573 3630 non
1617 3575 1684 3630 de
1711 3575 1950 3639 Christo,
1984 3573 2076 3628 sed

482 3668 551 3723 dc
577 3671 780 3722 sanctis
800 3669 1131 3738 generaliter
1155 3668 1417 3739 scriptum
1443 3677 1544 3724 est.
1573 3667 1775 3724 Libere
1799 3668 2000 3738 quippe
2026 3678 2080 3722 et

489 3770 598 3816 tona
641 3761 971 3817 conﬁdentia
1023 3765 1341 3819 contradico
1387 3764 1642 3829 diabolo,
1683 3778 1847 3834 super
1875 3764 2076 3819 Christi

487 3869 721 3927 persona
753 3854 856 3910 hoc
879 3872 985 3911 non
1015 3871 1176 3926 posse
1207 3857 1454 3927 intelligi.
1489 3856 1676 3924 Neque
1701 3857 1846 3912 enim
1876 3857 2082 3926 indiget

487 3950 816 4019 Angelorttm
839 3951 1062 4016 auxilio,
1093 3952 1180 4021 qui
1208 3957 1379 4025 major
1408 3952 1642 4023 Angelis,
1669 3961 1717 4004 et
1743 3951 1926 4005 melius
1953 3952 2079 4021 ipsis

485 4042 838 4098 hereditatem
886 4051 1190 4098 consecutus
1234 4052 1282 4096 et
1329 4061 1534 4097 nomen.
1572 4042 1726 4096 Nulli
1770 4043 2080 4116 angelorum

482 4152 732 4206 umquam
771 4136 904 4190 dixit
937 4136 1077 4190 Deus
1106 4154 1124 4191 :
1157 4135 1334 4192 Filius
1375 4153 1518 4190 meus
1556 4154 1609 4192 es
1649 4148 1740 4202 tu,
1784 4155 1878 4209 ego
1925 4137 2082 4193 hodie

483 4227 641 4297 genui
662 4238 709 4283 te
738 4227 928 4298 (Hebr.
963 4228 1026 4298 ι).
1057 4228 1139 4283 Ad
1168 4229 1376 4283 nullum
1405 4245 1595 4284 eorum
1620 4231 1779 4298 quasi
1810 4232 1876 4286 ad
1909 4231 2079 4286 lilium

490 4319 704 4376 locutus
730 4339 742 4373 :
776 4321 880 4389 Qui
909 4323 1033 4393 facit
1061 4324 1277 4395 angelos
1306 4339 1427 4377 suos
1468 4324 1706 4394 spiritus,
1739 4336 1786 4380 et
1818 4326 2080 4380 ministros

486 4430 608 4469 suos
636 4416 806 4486 ignem
833 4427 1063 4469 urentem
1087 4415 1266 4484 (Psal.
1290 4417 1349 4484 ll)
1375 4431 1390 4481 ;
1421 4416 1515 4471 sed
1541 4417 1610 4472 ad
1634 4418 1831 4474 Filium
1857 4423 2081 4489 pr0prie

486 4521 669 4572 suum,
703 4507 770 4561 de
799 4523 906 4576 quo
937 4507 1352 4561 innumerabilia
1389 4507 1631 4579 loquitur
1678 4511 1730 4565 in
1775 4512 2073 4582 prophetis.

482 4596 601 4653 Non
635 4599 868 4668 indiget,
903 4599 1143 4668 inquam,
1178 4607 1496 4668 angelorum
1523 4605 1723 4658 auxilio
1752 4605 1919 4661 Filius
1955 4608 2072 4662 Dei.

478 4693 619 4760 Quin
651 4696 828 4760 potius
859 4693 1034 4758 disce,
1062 4694 1301 4761 tliabole,
1327 4700 1470 4767 quod
1497 4701 1600 4755 nisi
1620 4701 1779 4758 Jesus
1807 4705 2077 4772 atljuverit

479 4784 728 4853 angelos.
752 4783 780 4822 ιι
809 4783 1090 4840 offendent
1120 4787 1307 4852 pedem
1340 4803 1519 4845 suum.
1554 4792 1619 4846 Et.
1641 4795 1685 4848 si
1709 4794 1831 4864 quis
1853 4798 2079 4865 angelo-

483 4892 602 4931 rum
635 4877 788 4930 visus
838 4886 919 4932 est
971 4879 1285 4950 attendere,
1317 4881 1386 4938 de
1416 4883 1611 4951 quibus
1640 4885 1842 4943 dudum
1877 4889 2074 4944 lectum

482 4979 590 5037 est,
623 4970 746 5041 quia
786 4970 1014 5040 angelos
1044 4972 1410 5058 judicabimus
1445 4992 1460 5031 :
1491 4975 1615 5033 ideo
1644 4978 1899 5046 oll‘endit,
1947 4985 2075 5052 quia

484 5079 590 5118 non
615 5062 859 5118 extendit
884 5079 1102 5118 manum
1128 5079 1280 5120 suam
1303 5067 1600 5139 adlesum,
1627 5082 1684 5126 ut
1704 5075 2078 5143 apprehensus

482 5156 552 5209 ab
581 5170 648 5210 eo
681 5171 787 5208 non
813 5153 1132 5212 ollenderet.
1166 5158 1430 5226 Quoniam
1463 5164 1608 5216 enim
1639 5162 1691 5218 in
1718 5165 1934 5233 propria
1965 5168 2076 5220 vir-

486 5259 599 5304 tute
623 5249 934 5319 conlidens,
969 5266 1076 5305 non
1107 5251 1328 5307 invocas
1363 5254 1672 5323 praesidium
1705 5257 1866 5324 Jesu,
1903 5261 2076 5316 olTen-

485 5341 592 5407 dis,
615 5354 667 5398 et
698 5341 926 5398 credere
955 5343 1007 5398 in
1030 5343 1219 5399 Jesum
1245 5345 1520 5401 Christum
1553 5347 1749 5404 Filium
1781 5351 1877 5406 Βιιί
1903 5355 2078 5408 nolui-

482 5438 574 5494 sti.
609 5436 677 5494 Ut
712 5446 893 5494 autem
923 5439 1067 5494 scias
1097 5439 1242 5508 quod
1277 5441 1418 5497 male
1446 5442 1840 5514 interpretatus
1870 5463 1926 5503 es
1950 5490 1964 5514 ,
2019 5457 2075 5504 et

557 5586 582 5614 α
605 5573 1118 5633 Luculentissimant
1147 5576 1468 5640 Hieronymi
1493 5578 1595 5636 hac
1615 5579 1682 5636 de
1707 5598 1764 5637 re
1790 5582 2076 5639 dissertio-

487 5666 612 5708 nem
645 5650 764 5718 lege
797 5647 871 5701 sis
900 5649 1059 5718 epist.
1093 5649 1180 5715 70,
1213 5650 1278 5705 ad
1312 5651 1584 5720 Magnum,
1618 5670 1764 5708 num.
1797 5654 1850 5709 2.

555 5721 582 5761 ιι
613 5721 813 5778 Βθουιθ
856 5734 980 5791 quas
1023 5722 1274 5791 superius
1320 5731 1386 5776 au
1417 5722 1672 5782 bomilias
1700 5726 1767 5783 10
1810 5737 1865 5785 et
1909 5728 1981 5786 25
2006 5728 2078 5787 de

481 5795 590 5852 hac
617 5792 860 5850 diximus
883 5790 1133 5865 Origenis
1159 5792 1502 5866 opinatione.

2190 3309 2450 3368 serpentes
2476 3307 2522 3352 et
2553 3302 2872 3372 scorpiones,
2895 3310 2941 3354 et
2972 3318 3171 3355 omnem
3202 3303 3438 3356 virtutem
3473 3303 3710 3370 inimici,
3745 3312 3792 3357 et

2178 3390 2311 3444 nihil
2348 3390 2488 3445 vobis
2524 3393 2775 3444 nocebunt
2808 3391 2963 3463 (Luc.
3006 3391 3086 3464 χ).
3132 3393 3424 3448 Sumamus
3452 3410 3606 3449 arma
3638 3402 3794 3449 tanta

2183 3493 2454 3554 potestate
2503 3485 2722 3552 ﬁrmati,
2774 3496 2828 3541 et
2883 3487 3138 3542 universa
3186 3487 3447 3542 faciamus
3491 3504 3506 3541 :
3574 3499 3636 3541 ut
3693 3503 3795 3558 per

2180 3579 2650 3634 conversationem
2715 3589 2957 3634 nostram
3002 3580 3218 3635 leonem
3279 3581 3669 3635 conculcemus
3737 3588 3796 3635 et

2179 3671 2496 3726 draconem.
2552 3673 2722 3728 Porro
2796 3684 2856 3729 ut
2900 3674 3042 3729 scias
3095 3674 3373 3745 quomodo
3426 3677 3795 3730 conculcetur

2182 3766 2268 3821 leo
2300 3774 2357 3820 et
2399 3776 2716 3822 conteratur
2754 3767 2944 3832 draco,
2976 3768 3130 3823 Pauli
3167 3769 3467 3836 Epistolam
3519 3769 3674 3839 lege,
3739 3771 3790 3824 in

2182 3873 2288 3928 qua
2319 3861 2518 3914 asserit
2567 3861 2879 3916 conculcari
2929 3871 3252 3930 peccatores
3303 3863 3439 3917 Filio
3480 3863 3597 3918 Dei.
3635 3863 3796 3919 Sicut

2183 3964 2317 4018 ergo
2364 3951 2454 4018 qui
2502 3959 2766 4018 peccator
2812 3965 2900 4008 est
2958 3953 3313 4008 conculcatur
3358 3953 3497 4008 Filio
3534 3954 3670 4008 Dei:
3712 3957 3792 4011 sic

2181 4043 2493 4097 econtrario
2526 4045 2615 4113 qui
2642 4044 2825 4114 justus
2855 4046 3255 4101 estconculcat
3301 4047 3511 4102 leonem
3553 4059 3611 4103 et
3646 4051 3788 4105 dra-

2181 4150 2405 4198 conem.
2428 4147 2485 4190 et
2510 4141 2726 4193 omne‘m
2758 4140 3016 4194 virtutem
3041 4140 3248 4194 inimici
3273 4141 3566 4196 conculcat
3599 4143 3650 4196 in
3685 4158 3793 4198 no-

2182 4230 2331 4286 mine
2379 4230 2508 4285 lesu
2557 4229 2811 4298 Christi,
2854 4233 2940 4287 cui
2985 4244 3071 4288 est
3112 4233 3288 4303 gloria
3316 4241 3371 4289 et
3400 4233 3692 4304 imperium
3730 4238 3783 4290 in

2183 4326 2381 4381 saecula
2411 4327 2758 4382 saeculorum.
2788 4327 2986 4383 Amen.

2688 4441 2971 4497 HOMILIA
3037 4441 3258 4500 XXXII.

2187 4531 2262 4586 De
2309 4546 2376 4586 eo
2422 4533 2565 4602 quod
2604 4534 2863 4601 scriptum
2915 4544 3036 4589 est:
3075 4535 3347 4593 Reversus
3387 4546 3471 4592 cst
3517 4537 3674 4592 Jesus
3729 4539 3786 4592 in

2257 4604 2454 4659 virtute
2483 4605 2723 4670 Spiritus.
2758 4621 2924 4676 usque
2951 4607 3018 4660 ad
3041 4621 3165 4661 eum
3210 4609 3422 4672 locum,
3445 4608 3538 4664 ubi
3562 4612 3639 4663 ait
3672 4628 3684 4664 :
3718 4609 3790 4665 Et

2255 4677 2500 4801 amnium]
2512 4676 2648 4729 oculi
2688 4686 2829 4730 (rant
2851 4679 2904 4731 in
2923 4694 3185 4749 synagoga
3210 4679 3532 4734 intendentes
3556 4681 3612 4736 in
3636 4699 3778 4736 curn.

2301 4763 2390 4801 an.
2504 4785 2520 4799 .

2301 4763 2390 4814 ap.
2433 4763 2520 4801 tv.

2259 4881 2495 4937 Primum
2573 4880 2790 4948 quidem
2843 4883 3001 4939 Jesus
3061 4884 3255 4953 plenus
3311 4884 3516 4955 Spiritu
3590 4896 3789 4942 sancto

2185 4993 2436 5035 reversus
2486 4986 2570 5032 est
2613 4992 2641 5031 a
2671 4977 2932 5042 Jordane,
2979 4987 3035 5032 et
3077 4981 3335 5048 agebatur
3378 4980 3428 5034 in
3483 4981 3678 5050 spiritu
3731 4982 3787 5036 iu

2183 5073 2400 5130 deserto
2430 5071 2621 5127 diebus
2665 5071 3039 5141 quadraginta.
3075 5071 3210 5126 Cum
3250 5081 3556 5128 tentaretur
3592 5090 3624 5128 a
3659 5075 3786 5128 dia-

2183 5168 2332 5234 bolo,
2360 5166 2484 5238 quiu
2526 5164 2701 5220 adhuc
2740 5164 2792 5219 vi
2838 5171 3143 5220 certaturus
3176 5176 3294 5220 erat
3333 5166 3600 5222 adversus
3628 5182 3787 5234 eum,

2182 5271 2239 5317 et
2267 5260 2456 5323 semel,
2486 5268 2539 5314 et
2570 5257 2671 5320 his,
2702 5272 2808 5312 non
2853 5273 2979 5314 cum
3027 5258 3398 5313 additameuto
3435 5260 3619 5329 aliquo
3661 5263 3778 5330 spi-

2181 5357 2312 5410 ritus
2365 5354 2598 5423 ponitur.
2649 5351 2878 5419 Quando
2920 5367 3051 5407 vero
3101 5361 3210 5407 tres
3268 5355 3602 5410 tentatioues
3650 5370 3779 5425 quas

2181 5448 2460 5518 Sctiptura
2513 5454 2928 5511 commemorat,
2980 5445 3266 5515 pugnando
3309 5447 3608 5515 superavit,
3656 5447 3766 5517 qui.

2260 5595 2281 5623 ο
2317 5584 2489 5640 Antea
2523 5581 2660 5636 falso
2682 5580 2964 5649 legebatur
2982 5598 3087 5635 vos.
3125 5582 3450 5652 llujustnodi
3487 5583 3756 5637 manifest

2185 5656 2385 5712 menda
2417 5669 2530 5711 non
2552 5653 2724 5711 semel
2753 5652 2914 5723 inira,
2946 5653 3157 5712 lectore
3191 5670 3293 5711 nec
3338 5655 3652 5724 admonito,
3694 5673 3758 5711 cs

2181 5728 2476 5786 stiaantur.

2259 5743 2476 5800 gantur.
