3978 6338
189 344 276 401 289
686 337 1137 398 ,ΤΒΑΝΞΙιΑΤΙΟ
1176 337 1609 397 ΗΟΜΙΗΛΒΠΜ
1647 333 1714 393 Ol

1819 334 1971 393 ENIS
2013 335 2080 394 IN
2119 339 2380 398 LUCAM.
2423 340 2587 401 IIOM.
2630 342 2872 402 XXXIII.

3314 347 3426 404 290

185 462 240 516 de
257 458 422 529 spiritu
447 458 724 529 signanlcr
747 467 1009 530 cauteque
1037 469 1292 530 ponatur,
1319 457 1432 512 ait:
1463 455 1528 510 Et
1557 471 1716 510 rever-
1750 455 1801 515 Α
1828 467 2010 509 sermo
2061 457 2353 526 signiﬁcat.
2396 459 2587 515 Futuri
2629 472 2758 516 sunt
2809 460 2953 517 enim
2997 451 3090 517 alii
3135 462 3281 525 dies,
3314 479 3422 518 non

182 572 253 612 sus
287 565 350 607 est
375 551 524 608 Iesus
571 555 627 608 in
676 555 862 608 virtute
903 554 1134 627 spiritus.
1167 551 1352 609 Virtus
1391 550 1570 607 addita
1615 556 1719 616 est,

180 645 281 717 quia
299 644 694 701 conculcaverat
716 644 1034 712 draconem,
1058 653 1114 700 et
1129 651 1452 700 tentatorem
1473 642 1723 698 cominus

178 740 366 796 vicerat.
395 737 665 794 Reversus
704 749 786 794 est
821 752 954 809 ergo
979 737 1136 794 Jesus
1179 738 1231 793 in
1265 737 1467 792 virtute
1498 736 1724 806 spiritus

177 832 221 888 in
245 830 494 888 Galilaaam
538 840 764 896 terram,
795 838 850 886 et
893 833 1030 884 fama
1065 829 1196 886 exiit
1237 844 1336 896 per
1367 843 1587 884 omnem
1630 843 1722 883 re-

175 925 351 998 gionem
371 923 434 978 de
456 936 524 979 eo
554 939 571 980 :
607 924 728 994 ipse
755 922 988 979 docebat
1018 923 1072 978 in
1104 921 1395 994 synagogis
1425 936 1636 986 eorum,
1669 928 1724 976 et

173 1018 530 1090 gloriﬁcabatur
557 1016 627 1072 ab
651 1017 924 1073 omnibus.
955 1015 1102 1073 Cave
1137 1031 1205 1071 ne
1234 1015 1426 1072 beatos
1457 1015 1579 1070 illos
1603 1025 1719 1068 tan-

177 1123 264 1167 tum
285 1109 500 1181 judices,
528 1119 588 1167 et
631 1121 682 1166 te
722 1111 1002 1166 arbitreris
1037 1111 1268 1180 primum
1299 1125 1420 1165 esse
1449 1109 1718 1165 doetrina.

170 1204 216 1262 Si
239 1219 344 1260 vera
389 1212 510 1259 sunt
540 1219 665 1275 quae
713 1205 915 1274 scripta
943 1213 1091 1266 sunt,
1143 1219 1253 1259 non
1297 1203 1476 1258 solum
1509 1211 1636 1257 tunc
1665 1203 1719 1256 in

169 1297 638 1370 congregationibus
685 1298 1018 1365 Iudaeorum,
1053 1297 1150 1354 sed
1205 1307 1263 1354 et
1310 1296 1471 1353 hodie
1520 1301 1571 1351 in
1621 1299 1722 1352 hac

168 1391 546 1463 congregatione
591 1390 857 1446 Dominus
887 1391 1166 1461 loquitur:
1200 1401 1254 1445 et
1299 1405 1408 1444 non
1441 1389 1619 1445 solum
1666 1389 1718 1443 in

170 1484 267 1550 hac,
293 1483 381 1540 sed
406 1484 571 1540 etiam
604 1484 661 1539 in
708 1485 818 1540 alio
865 1499 1033 1550 cestu,
1066 1492 1121 1538 et
1145 1484 1196 1539 in
1237 1492 1352 1539 toto
1393 1483 1530 1538 orbe
1557 1475 1740 1538 docet'

164 1577 309 1642 Jesus,
336 1591 584 1647 quaerens
628 1591 830 1648 organa
879 1593 974 1647 per
1016 1593 1137 1648 qua:
1183 1576 1396 1632 doceat.
1442 1575 1626 1640 Orate,
1662 1585 1720 1630 ut

165 1687 233 1728 me
269 1687 465 1743 quoque
514 1673 902 1742 compositum,
943 1673 1010 1727 ad
1060 1672 1388 1738 canendum,
1421 1682 1718 1742 aptumque

162 1766 378 1834 reperiat.
407 1763 565 1820 Sicut
592 1763 738 1821 enim
775 1768 970 1836 quaerit
1008 1767 1358 1834 omnipotens
1403 1765 1540 1820 Deus
1586 1780 1715 1833 pro-

1827 547 1966 603 tales
1991 551 2178 619 quales
2212 569 2351 609 nunc
2399 554 2448 607 in
2483 556 2684 610 mundo
2715 558 2993 613 cernimus
3023 598 3040 624 ,
3095 567 3150 612 et
3197 573 3416 613 menses

1825 639 1949 706 alii,
1980 649 2037 696 et
2070 640 2424 700 kalendarum
2468 646 2602 701 ordo
2632 647 2905 704 diversus.
2945 648 3096 705 Sicut
3128 650 3289 720 igitur
3317 651 3420 705 ista

1823 731 1958 800 alia,
1989 735 2066 790 sic
2095 751 2265 793 annus
2293 739 2506 795 Domini
2541 740 2759 798 futurus
2789 751 2872 798 est
2899 743 3142 814 placens.
3176 744 3279 800 Ista
3319 761 3416 800 au-

1823 832 1933 882 tem
1962 827 2140 883 omnia
2173 831 2429 900 prtrdicta
2457 842 2604 897 sunt.
2633 844 2694 889 ut
2722 844 2844 904 post
2864 835 3132 892 visionem
3164 851 3228 892 ex
3266 837 3425 894 eieci-

1825 925 1936 974 tate
1957 959 1972 984 ,
2018 929 2140 986 post
2179 922 2489 980 libertatem
2519 941 2582 980 ex
2614 926 2884 995 vinculis,
2916 937 3041 999 post
3069 929 3358 985 sanitatem
3390 945 3419 984 a

1822 1013 2060 1069 diversis
2101 1016 2456 1087 vulneribus,
2491 1021 2772 1075 veniamus
2820 1021 2888 1076 ad
2943 1038 3148 1077 annum
3203 1023 3420 1080 Domini

1822 1115 2102 1176 acceptum
2112 1147 2124 1160 .
2140 1106 2268 1162 Cum
2280 1126 2338 1163 en
2346 1111 2415 1164 im
2428 1113 2536 1166 lucc
2549 1112 2750 1183 legisset
2763 1110 2794 1166 J
2801 1129 2940 1179 esus,
2954 1115 3213 1170 involvens
3227 1113 3417 1170 librant

1820 1199 2046 1254 reddidit
2061 1202 2317 1266 ministro.
2330 1214 2379 1259 et
2395 1205 2548 1272 sedit,
2564 1215 2610 1259 et
2632 1208 2859 1261 omnium
2878 1209 3012 1262 oculi
3025 1217 3172 1262 erant
3191 1210 3247 1262 in
3261 1225 3418 1280 syna-

1821 1310 1955 1365 goga
1992 1296 2307 1352 attendentes
2351 1298 2404 1352 in
2453 1315 2591 1354 eum.
2625 1299 2692 1354 Et
2733 1315 2876 1356 nunc
2912 1301 2956 1355 si
2988 1302 3149 1358 vultis
3181 1343 3196 1368 ,
3231 1303 3282 1357 itt
3317 1302 3419 1358 hac

1821 1403 2094 1461 synagoga
2125 1400 2376 1462 ctetuque
2407 1402 2638 1464 possunt
2681 1394 2822 1449 oeuli
2852 1396 3017 1450 vestri
3046 1396 3332 1451 attendere
3361 1398 3415 1450 in

1822 1480 2180 1538 Salvatorem.
2215 1482 2348 1538 Cum
2385 1486 2529 1539 enim
2568 1486 2922 1556 principalem
2955 1488 3138 1543 cordis
3170 1489 3242 1543 tui
3273 1489 3419 1544 dire-

1821 1571 1967 1626 xeris
2014 1573 2185 1627 aciem
2235 1573 2301 1628 ad
2351 1575 2713 1643 sapientiam,
2763 1587 2817 1632 et
2847 1578 3164 1648 veritatem,
3215 1579 3420 1650 Deique

1821 1661 2165 1734 Unigenitutn
2195 1667 2692 1737 contemplandum,
2737 1669 2881 1725 oculi
2915 1671 2988 1726 tui
3022 1671 3300 1726 intuentur
3323 1671 3416 1728 Je-

1819 1768 1960 1809 sum.
1995 1755 2158 1810 Beata
2189 1758 2576 1829 congregatio,
2616 1758 2683 1814 de
2712 1776 2815 1830 qua
2849 1760 3132 1830 Scriptura
3166 1773 3416 1831 testatur,

163 1856 319 1928 pham
343 1870 407 1912 ρο
438 1865 691 1925 tempore
717 1873 825 1927 quo
856 1857 1139 1927 prophetia
1165 1858 1425 1914 ωοτωιθε
1444 1856 1710 1928 indigem,
1745 1838 1793 1900 Β
1820 1848 1963 1916 quod
1992 1849 2229 1903 omnium
2257 1851 2399 1905 oculi
2427 1860 2578 1906 erant
2612 1853 2959 1910 attendentes
2989 1855 3042 1909 itt
3073 1871 3218 1911 eum.
3248 1858 3419 1923 Quam

160 1961 200 2006 et
215 1949 417 2016 invenit,
431 1950 772 2020 verbigratia
795 1949 1006 2017 Isaiam,
1019 1950 1336 2018 Jeremiam,
1351 1950 1688 2006 Ezechielem
1700 1990 1715 2015 ,

161 2021 433 2098 Danieletn:
465 2044 548 2098 sic
581 2043 780 2114 quaerit
805 2043 954 2099 Deus
983 2058 1186 2114 organa
1229 2059 1325 2113 per
1355 2059 1477 2113 qua:
1523 2043 1719 2099 doceat

158 2149 422 2191 sermonem
450 2150 643 2202 suum,
675 2137 762 2191 vel
799 2136 1014 2192 erudiat
1057 2137 1289 2207 populos
1330 2135 1384 2190 in
1425 2137 1716 2208 synagogis

159 2243 328 2293 eorum,
351 2237 404 2284 et
419 2227 761 2300 glorificetur
781 2230 851 2286 ab
873 2230 1146 2285 omnibus.
1170 2229 1327 2285 Nunc
1355 2231 1529 2300 magis
1551 2229 1716 2302 glori-

159 2323 315 2379 ﬁcatur
341 2324 404 2379 ab
443 2325 703 2380 omnibus
728 2323 910 2392 Jesus,
961 2340 1123 2396 quam
1175 2323 1269 2379 illo
1319 2332 1563 2393 tempore
1605 2337 1715 2394 quo

161 2423 332 2470 tantum
355 2416 404 2470 in
435 2432 542 2471 una
574 2417 853 2487 provincia
879 2419 1332 2489 cognoscebatur.
1359 2416 1559 2472 Deinde
1580 2418 1713 2472 venit

160 2506 383 2561 .I'azoretlt
404 2508 488 2562 ubi
510 2510 746 2563 nutritus
775 2512 968 2580 fuerat,
992 2519 1038 2563 et
1060 2509 1318 2580 ingressus
1338 2511 1498 2580 juxta
1521 2525 1715 2562 morem

160 2601 200 2652 iu
217 2617 508 2674 synagogam
527 2602 618 2655 die
637 2601 990 2669 sabbatorum,
1021 2603 1246 2657 surrexit
1276 2602 1466 2674 legere,
1485 2610 1534 2657 et
1559 2602 1714 2656 datus

159 2705 215 2748 est
245 2696 286 2749 si
315 2695 437 2750 liber
483 2695 757 2768 preplteta:
801 2695 981 2763 Isaiae,
1029 2706 1078 2750 et
1125 2697 1382 2752 revolvens
1421 2695 1614 2750 librant
1663 2705 1714 2750 et

161 2787 297 2841 locum
321 2789 398 2842 ubi
424 2799 536 2844 erat
575 2791 872 2859 scriptum:
909 2790 1142 2861 Spiritus
1176 2788 1391 2845 Domini
1427 2807 1583 2863 super
1609 2807 1710 2856 nte,

161 2891 332 2952 propter
376 2883 512 2953 quod
572 2882 721 2937 unxit
768 2898 851 2938 me
906 2880 1098 2952 (Matt.
1169 2881 1265 2955 ι).
1320 2883 1436 2938 Νοη
1488 2883 1712 2938 fortuitu

160 2976 352 3030 revolvit
379 2977 608 3044 librum,
640 2985 694 3032 et
714 2976 856 3045 apud
885 2992 944 3031 se
969 2978 1269 3034 vaticinans
1301 2978 1504 3048 reperit
1527 2978 1715 3033 lectio-

160 3079 254 3132 nes,
292 3067 380 3122 sed
425 3078 482 3124 et
529 3067 641 3123 hoc
694 3068 1054 3139 providentia:
1089 3069 1181 3124 Dei
1231 3069 1351 3124 luit.
1384 3069 1537 3126 Sicut
1564 3069 1711 3125 enim

159 3159 376 3227 scriptum
404 3169 487 3214 est
517 3177 532 3213 :
567 3157 637 3212 In
679 3157 920 3231 laqueum
966 3177 1068 3216 non
1103 3162 1240 3216 cadit
1268 3179 1446 3231 passer
1484 3164 1596 3217 sine
1620 3179 1709 3217 vo-

157 3246 318 3303 luntate
340 3249 531 3305 Patris.
589 3250 656 3305 Et
702 3251 832 3322 quia
875 3252 1056 3324 capilli
1108 3253 1288 3325 capitis
1335 3254 1707 3326 apostolorum
1734 3233 1782 3299 ο

159 3358 298 3398 omnes
327 3346 585 3399 numerati
605 3355 726 3400 sunt
751 3361 767 3404 :
795 3346 876 3401 sic
899 3347 1125 3402 forsitan
1157 3359 1206 3402 et
1239 3348 1346 3403 hoc
1380 3347 1527 3420 quod
1558 3347 1711 3404 Isaia:

157 3435 453 3505 potissimum
500 3440 646 3496 liber
687 3441 944 3496 inventus
981 3449 1100 3508 est;
1144 3451 1199 3497 et
1237 3443 1397 3498 lectio
1442 3459 1548 3500 non
1580 3444 1709 3511 alia,

157 3528 231 3582 sed
253 3528 354 3584 haec
375 3547 489 3602 quae
511 3532 718 3588 Christi
749 3532 1063 3604 mysterium
1089 3534 1447 3604 loquebatur:
1480 3535 1710 3606 Spiritus

158 3616 334 3675 Domini
373 3640 529 3695 super
570 3641 685 3692 me,
713 3633 925 3698 propter
952 3627 1092 3697 quod
1125 3628 1270 3681 unxit
1302 3644 1381 3682 me
1402 3625 1558 3700 (Isai.
1593 3631 1706 3702 xv),

158 3710 359 3772 Christus
385 3729 467 3776 est
491 3720 643 3776 enim
675 3721 767 3791 qui
796 3722 903 3777 ista
930 3735 1343 3791 commemorat,
1365 3741 1473 3780 non
1499 3737 1557 3781 ut
1580 3727 1712 3784 libet

159 3813 202 3861 et
219 3822 328 3866 casu
358 3814 571 3870 venisse
602 3813 977 3872 arbitrandum
1002 3826 1108 3883 est,
1137 3817 1237 3873 sed
1267 3820 1626 3888 providentia,
1657 3831 1712 3878 et

159 3897 519 3970 dispensatione
551 3906 677 3962 Dei.
703 3907 836 3975 Quae
867 3919 998 3964 sunt
1022 3910 1182 3981 igitur
1210 3927 1330 3982 quae
1359 3913 1410 3968 in
1445 3914 1708 3985 propheta

158 3989 457 4066 loquebatur,
493 4009 550 4057 et
587 4011 772 4070 postea
803 4002 870 4058 de
900 4017 961 4060 se
991 4005 1106 4076 ipse
1134 4006 1186 4060 in
1218 4020 1490 4078 synagoga
1524 4024 1710 4079 perso—

157 4094 230 4141 net
243 4093 684 4163 contemplemur.
702 4093 1074 4167 Euangelizare
1088 4098 1209 4168 (ait)
1234 4101 1548 4172 pauperibus
1570 4104 1710 4158 misit

159 4193 232 4231 me.
261 4180 552 4255 Panperes,
598 4187 849 4243 nationes
878 4189 1204 4260 signiﬁcant.
1230 4192 1328 4248 Isti
1363 4196 1508 4250 enim
1555 4209 1710 4254 erant

159 4284 402 4344 pauperes,
428 4277 567 4334 nihil
598 4279 822 4335 omnino
843 4281 1208 4352 possidentes,
1240 4302 1346 4343 non
1380 4288 1572 4354 Deum,
1602 4307 1706 4348 non

158 4361 340 4438 Legem,
371 4387 474 4428 non
515 4373 826 4444 Prophetas
851 4415 867 4441 ,
899 4390 1009 4432 non
1033 4379 1294 4445 justitiam
1315 4425 1330 4450 ,
1365 4384 1710 4456 reliquasque

158 4460 365 4523 virtutes.
394 4467 476 4524 0b
499 4484 667 4539 quam
696 4483 917 4526 causam
948 4472 1098 4528 misit
1124 4488 1248 4530 eum
1285 4476 1448 4544 Deus,
1481 4489 1540 4534 ut
1578 4495 1711 4550 pau-

159 4555 342 4623 peribus
385 4563 714 4620 nuntiaret:
757 4564 1054 4622 Prwdicare
1095 4569 1307 4639 captivis
1337 4573 1705 4631 remissionem.

157 4645 331 4719 Captivi
356 4669 454 4710 nos
484 4655 713 4728 fuimus,
747 4674 883 4730 quos
909 4661 1074 4714 tantis
1095 4661 1252 4718 annis
1275 4663 1528 4720 vinxerat
1555 4665 1708 4724 Sata—

160 4754 257 4811 nas,
281 4744 475 4804 habens
503 4751 775 4820 captivos,
802 4753 1016 4825 sibique
1041 4755 1336 4826 subjectos.
1369 4757 1528 4815 Venit
1548 4761 1708 4818 Jesus

162 4837 416 4901 pradicare
436 4843 669 4914 captivis
694 4847 1094 4915 remissionem,
1109 4859 1164 4906 et
1178 4850 1338 4908 caecis
1361 4863 1418 4908 ut
1435 4855 1703 4913 viderent.

161 4925 383 4987 Sermone
420 4936 663 5007 quippe,
704 4946 759 4992 et
804 4939 1194 5010 praedicatione
1245 4945 1508 5004 doctrinae
1547 4948 1704 5022 ejus,

159 5021 260 5074 (arci
279 5023 474 5082 vident.
495 5025 822 5085 Praedicatio
845 5046 979 5103 ergo
1001 5033 1340 5094 remissionis
1370 5039 1707 5112 intelligatur

160 5120 242 5163 non
276 5116 440 5173 solum
488 5134 658 5191 super
685 5124 954 5194 captivis,
993 5126 1090 5183 sed
1137 5129 1300 5184 etiam
1332 5147 1497 5204 super
1525 5138 1706 5192 caecis.

161 5200 474 5298 345⁸348
503 5214 754 5273 Emittere
793 5219 1086 5291 confractos
1127 5223 1180 5277 in
1221 5200 1524 5282 libertatem.
1572 5229 1709 5298 Quid

163 5294 217 5390 ita
240 5301 473 5373 fractum,
506 5318 674 5380 atque
694 5311 942 5368 collisum
971 5313 1095 5379 fuit,
1129 5325 1191 5371 ut
1221 5316 1385 5374 homo
1409 5320 1499 5390 qui
1527 5335 1558 5375 a
1581 5294 1710 5379 .Iesu

160 5387 373 5454 dimissus
401 5415 484 5458 est
528 5412 588 5460 et
630 5407 886 5462 sanatus?
925 5406 1230 5465 Praedicare
1266 5429 1458 5468 annum
1499 5414 1711 5472 Domini

161 5497 404 5557 acceptum.
431 5495 591 5552 Juxta
623 5498 921 5570 simplicem
949 5501 1368 5575 intelligentiam
1392 5510 1566 5576 aiunt,
1601 5528 1708 5568 uno

162 5588 276 5673 anno
302 5583 640 5645 Salvatorem
670 5591 722 5646 in
757 5593 942 5649 Judaea
974 5595 1326 5668 Evangelium
1358 5603 1704 5673 prmdicasse,

162 5673 207 5719 et
227 5667 312 5728 hoc
347 5692 462 5735 esse
495 5682 642 5753 quod
679 5683 911 5742 dicitur:
943 5685 1245 5746 Prwdicare
1270 5710 1462 5750 annum
1494 5696 1709 5755 Domini

163 5773 418 5864 acceptum,
463 5785 511 5830 et
544 5777 684 5832 diem
724 5781 1116 5836 retributionis:
1161 5785 1266 5842 nisi
1312 5788 1452 5848 forte
1489 5794 1704 5864 quidam

163 5853 454 5924 Sacratnenti
504 5871 556 5926 in
612 5874 996 5944 pra-dicationc
1047 5882 1174 5939 anni
1229 5884 1445 5941 Dontini
1489 5887 1703 5945 divinus

1822 1940 2014 1995 vellem
2044 1942 2202 1996 istum
2239 1951 2437 1999 coetum
2463 1945 2642 2000 simile
2686 1945 2888 2002 habere
2936 1951 3332 2018 testimonium,
3363 1958 3424 2005 ut

1819 2032 2059 2088 omnium
2088 2033 2270 2100 oculi,
2314 2043 2370 2091 et
2415 2037 2934 2096 catcchumenorum
2965 2050 3022 2098 et
3043 2042 3283 2099 ﬁdelium
3307 2085 3321 2108 ,
3366 2053 3423 2101 et

1819 2125 2104 2182 mulierum
2151 2108 2207 2183 et
2256 2128 2494 2184 virorum
2522 2175 2536 2200 ,
2571 2141 2626 2186 et
2669 2130 2957 2190 infantium
3007 2151 3112 2190 non
3166 2137 3418 2208 corporis

1817 2220 1956 2275 oculi
1978 2264 1992 2288 ,
2028 2221 2121 2276 sed
2150 2222 2346 2278 animm
2387 2225 2696 2292 aspicerent
2721 2226 2930 2284 .Iesum.
2964 2228 3096 2285 Cum
3129 2232 3274 2288 enim
3326 2248 3413 2289 re—

1815 2315 2106 2382 spexeritis
2126 2315 2192 2370 ad
2214 2331 2360 2383 eum,
2386 2316 2454 2373 de
2478 2319 2679 2374 lumine
2702 2320 2821 2392 eius
2845 2331 2901 2377 et
2926 2321 3126 2379 intuitu
3147 2325 3413 2383 clariores

1817 2405 1984 2458 vestri
2017 2407 2196 2461 vultus
2215 2419 2397 2476 erunt,
2428 2420 2480 2464 et
2504 2411 2692 2467 dicere
2726 2415 3004 2483 poteritis:
3034 2418 3314 2490 Signntum
3342 2431 3416 2476 est

1815 2513 1972 2567 super
2028 2514 2119 2552 nos
2173 2497 2345 2556 lumen
2397 2501 2569 2558 vultus
2615 2505 2726 2574 tui,
2777 2505 3002 2563 Domine
3051 2511 3070 2579 (
3098 2509 3248 2567 Psal.
3297 2514 3411 2583 tv).

1815 2589 1914 2645 Cui
1953 2601 2036 2646 est
2075 2592 2246 2664 gloria
2292 2603 2347 2650 et
2387 2595 2673 2667 imperium
2716 2599 2768 2655 in
2819 2602 3017 2658 saecula
3061 2605 3410 2664 saeculorum.

1817 2685 2010 2739 Amen.

2331 2757 2615 2816 HOMILIA
2654 2761 2896 2821 XXXIII.

1818 2845 1905 2935 De.
1931 2864 1996 2935 eo
2035 2851 2179 2935 quod
2223 2853 2485 2922 scriptum
2520 2865 2641 2910 est:
2679 2856 2866 2928 Utique
2891 2861 3064 2935 dicitis
3092 2862 3218 2917 mihi
3254 2881 3412 2935 para-

1887 2919 2073 3000 bolam_
2088 2924 2285 3000 istam,_
2311 2919 2364 2980 et
2403 2935 2626 2992 caetera,
2659 2919 2832 3000 usque
2860 2933 2925 2986 ad
2956 2948 3078 2988 eum
3114 2919 3288 2990 locum
3321 2936 3410 2992 ubi

1887 2994 1997 3069 ait:
2033 2993 2143 3049 Sed
2169 2995 2348 3052 nullus
2376 3013 2558 3053 eorum
2584 2993 2866 3056 mundatus
2896 3013 2994 3069 est,
3023 3005 3123 3060 nisi
3162 3005 3410 3063 Naaman

1889 3063 2075 3135 Syrus.

1890 3177 1946 3232 In
1992 3178 2394 3250 Capharnaum,
2422 3194 2682 3254 quantum
2714 3187 2781 3242 ad
2810 3187 2984 3246 lucem
3017 3189 3261 3247 historia:
3288 3209 3415 3264 per-

1817 3268 1948 3324 tinet
1969 3312 1985 3337 ,
2018 3272 2249 3328 necdum
2291 3285 2533 3331 moratus
2563 3288 2646 3334 est
2673 3279 2856 3347 Jesus,
2887 3297 2986 3338 nec
3013 3283 3231 3356 aliquod
3261 3287 3313 3342 in
3345 3303 3408 3344 ea

1811 3363 2021 3433 signum
2061 3367 2256 3424 fecisse
2297 3369 2657 3442 describitur,
2705 3377 2906 3447 quippe
2939 3378 3116 3448 inqua
3147 3396 3253 3436 non
3284 3381 3404 3438 fuit.

1811 3458 1983 3538 Porro
2021 3471 2310 3534 antequam
2352 3465 2564 3522 veniret
2606 3468 2658 3523 in
2706 3469 3108 3541 Capharnaum,
3143 3475 3196 3529 in
3236 3476 3408 3546 patria

1811 3569 1925 3619 sua,
1963 3554 2064 3610 hoc
2091 3565 2198 3622 est,
2227 3558 2280 3612 in
2312 3557 2581 3615 Nazareth
2612 3559 2783 3618 fuisse
2813 3564 3078 3636 signatur.
3109 3566 3300 3638 Utique
3328 3569 3411 3624 di-

1812 3646 1930 3700 citis
1973 3649 2102 3702 mihi
2143 3649 2448 3719 parabolam
2490 3653 2678 3710 istam:
2718 3655 2956 3726 Medice,
2994 3677 3122 3716 cura
3164 3664 3406 3735 teipsum.

1816 3742 2163 3810 Qua'cumque
2185 3746 2472 3801 audiuimus
2495 3749 2633 3818 facta
2654 3751 2706 3804 in
2730 3748 3116 3824 Capharnaum,
3147 3756 3234 3824 [ac
3256 3767 3303 3812 et
3323 3757 3410 3813 hic

1810 3833 1865 3888 in
1896 3837 2067 3904 patria
2088 3845 2195 3893 tua.
2226 3837 2380 3896 Unde
2413 3852 2544 3910 puto
2565 3843 2767 3914 aliquid
2796 3845 2846 3900 in
2879 3862 3132 3905 sermone
3153 3852 3411 3917 praesenti

1811 3927 2025 3986 latitare
2075 3933 2351 4003 mysterii,
2407 3944 2464 3990 et
2510 3934 2777 3993 Nazareth
2811 3937 2863 3994 in
2897 3949 3025 4012 typo
3061 3940 3400 4013 Iudaeorum,

1809 4021 2193 4094 Capltarnaum
2231 4027 2282 4080 in
2328 4035 2456 4098 typo
2497 4030 2844 4099 praecessisse
2882 4034 3160 4103 gentilium
3211 4035 3399 4107 (Rom.

1814 4115 1919 4187 xi).
1948 4115 2138 4173 Sciens
2166 4118 2349 4191 itaque
2374 4121 2533 4178 Iesus
2566 4123 2711 4194 quod
2741 4138 2849 4181 non
2889 4126 3114 4184 haberet
3143 4127 3198 4186 in
3232 4130 3404 4200 patria

1811 4223 1907 4265 sua
1934 4209 2195 4268 honorem
2214 4255 2229 4280 ,
2260 4229 2362 4270 nec
2391 4214 2532 4286 ipse,
2569 4232 2673 4273 nec
2700 4218 2990 4289 propheta,
3022 4236 3124 4278 nec
3148 4224 3406 4294 apostoli,

1812 4303 1986 4359 noluit
2015 4305 2084 4361 ibi
2119 4305 2439 4375 prmdicare,
2473 4309 2571 4365 sed
2599 4310 2920 4380 praedicavit
2950 4313 3004 4369 in
3033 4317 3306 4385 gentibus.
3336 4333 3407 4375 ne

1811 4397 1914 4452 sibi
1943 4413 1973 4452 a
2004 4399 2191 4469 patria:
2213 4415 2327 4457 suae
2348 4401 2656 4460 hominibus
2677 4403 2990 4462 diceretur:
3027 4407 3217 4482 Utique
3235 4411 3408 4466 dicitis

1811 4490 1940 4544 mihi
1974 4492 2276 4563 parabolam
2312 4493 2463 4549 istam
2488 4510 2507 4549 :
2551 4494 2789 4566 Medice,
2840 4515 2968 4554 cura
3016 4501 3260 4571 teipsum.
3290 4503 3411 4560 Erit

1733 4624 1789 4689 Β
1814 4585 1959 4640 enim
1983 4595 2194 4655 tempus
2215 4587 2435 4656 quando
2454 4587 2701 4648 dicturus
2715 4592 2788 4648 sit
2807 4595 3040 4664 populus
3060 4594 3369 4653 Judteorum
3390 4617 3405 4655 :

1813 4676 2176 4750 Quacumque
2197 4678 2378 4735 audivi
2405 4679 2544 4737 facta
2573 4683 2628 4739 in
2649 4682 3029 4756 Capharnaum
3053 4691 3193 4760 apud
3214 4701 3407 4762 gentes

1813 4771 1964 4840 signa
2001 4781 2162 4844 atque
2207 4784 2478 4845 portenta,
2511 4775 2598 4834 I‘ac
2622 4791 2677 4835 et
2704 4781 2846 4850 apud
2877 4799 2976 4839 nos
3004 4785 3056 4840 in
3089 4785 3260 4857 patria
3291 4796 3404 4844 tua.

1812 4864 1944 4932 Quae
1993 4866 2286 4923 ostendisti
2334 4868 2590 4926 universo
2636 4872 2805 4940 orbi,
2845 4878 3075 4934 ostende
3121 4890 3176 4936 et
3227 4882 3406 4939 nobis.

1812 4957 2055 5014 Praedica
2096 4975 2404 5019 sermonem
2441 4974 2591 5021 tuum
2623 4969 2827 5040 populo
2865 4971 3074 5040 Israel;
3127 4985 3183 5030 ut
3212 4976 3406 5032 saltem

1813 5065 1936 5105 cum
1989 5052 2271 5110 intraverit
2329 5056 2612 5127 plenitudo
2677 5064 2916 5133 gentium
2961 5107 2978 5134 ,
3039 5077 3166 5124 tunc
3228 5071 3408 5126 omnis

1814 5139 1981 5198 Israel
2008 5143 2188 5200 salvus
2219 5145 2314 5202 liat
2354 5147 2536 5221 (Rom.
2568 5149 2668 5223 ιι).
2696 5154 3061 5220 Quamobrem
3094 5161 3223 5215 mihi
3257 5162 3409 5219 vide-

1813 5240 1905 5289 tur
1955 5239 2309 5305 consequenti
2351 5241 2548 5298 ordine
2597 5243 2906 5304 Nazaraenis
2946 5253 3410 5324 interrogantibus

1812 5329 2160 5399 respondisse
2189 5331 2474 5391 SaIVator:
2502 5336 2672 5394 Nemo
2702 5343 2949 5415 propheta
2983 5357 3222 5418 acceptus
3248 5360 3322 5404 est
3352 5351 3407 5406 in

1812 5423 1982 5512 patria
2017 5441 2136 5481 sua.
2176 5425 2249 5481 Et
2276 5440 2408 5499 puto
2451 5431 2570 5500 plus
2589 5432 2745 5503 juxta
2785 5451 3212 5507 sncramentum,
3243 5459 3406 5512 quam

1807 5511 1957 5584 juxta
2001 5517 2239 5574 litteram
2279 5536 2471 5578 verum
2519 5539 2644 5582 esse
2671 5529 2816 5596 quod
2846 5529 3064 5602 dicitur,
3101 5534 3227 5591 licet
3255 5511 3410 5595 .Iere-

1811 5606 1947 5662 mias
1971 5608 2022 5663 in
2035 5609 2272 5667 Anatoth
2286 5615 2461 5684 patria
2478 5632 2576 5672 sua
2590 5634 2696 5674 non
2726 5622 2885 5678 fuerit
2904 5633 3164 5695 acceptus
3184 5628 3400 5697 (Jerem.

1812 5696 1874 5772 ι),
1899 5711 1954 5756 et
1978 5701 2168 5775 Isaias,
2200 5722 2560 5778 quacumque
2590 5712 2686 5767 luit
2720 5715 2890 5782 patria
2922 5716 3089 5786 illius,
3123 5723 3405 5796 etreliqui

1809 5799 2130 5868 prophetis;
2173 5803 2270 5857 sed
2321 5805 2493 5876 magis
2535 5805 2668 5861 mihi
2697 5806 2915 5865 videtur
2956 5811 3038 5868 sic
3066 5813 3316 5885 intelligi,
3349 5829 3408 5876 ut

1807 5888 2051 5948 dicamus
2072 5896 2298 5964 patriam
2326 5895 2493 5954 fuisse
2519 5899 2759 5956 omnium
2787 5903 3198 5979 prophetarum,
3221 5927 3396 5986 popu-
