3978 6338
499 344 611 401 295

1746 338 1806 394 S.
1850 333 2120 394 EUSEB“
2157 336 2546 394 HIERONVMI

3684 344 3779 403 296

497 452 871 524 pranermissa
900 452 1002 517 sit,
1031 458 1085 506 et
1117 450 1218 504 alia
1252 450 1555 504 immutata.
1582 447 1990 504 Prtetermissus
2019 457 2101 503 est
2125 455 2176 513 Α
2206 449 2276 503 ita
2309 449 2552 520 intelligo
2593 459 2650 506 et
2677 449 2746 504 de
2777 451 3006 521 angelis.
3049 451 3352 523 Ignominia
3397 456 3590 528 angelo
3623 469 3705 515 cst
3739 463 3778 515 si

502 541 868 616 princel-s,'et
901 559 996 614 pro
1023 555 1280 598 exactore
1321 541 1568 597 minister
1600 542 1874 596 insertus:
1905 539 2100 594 adver-

503 640 680 694 sarius
699 653 831 693 vero
861 649 916 692 et
935 636 1105 707 judex
1138 636 1391 690 similiter
1423 636 1493 688 ab
1515 645 1743 704 utroque
1767 644 1893 687 sunt
1915 632 2097 702 positi.

501 731 649 788 Imus
674 731 855 802 itaque
883 745 1006 785 cum
1037 729 1356 785 adversario
1383 738 1578 782 nostro
1603 727 1670 782 ad
1698 728 2020 796 principem,
2047 735 2101 780 et

495 836 720 899 oportet
749 841 868 889 nos,
895 827 1025 880 dum
1053 824 1231 879 adhuc
1257 824 1309 878 in
1339 825 1424 877 via
1452 837 1663 888 sumus,
1697 823 1909 878 fortiter
1933 821 2101 876 labo-

494 939 660 990 rare,
723 931 780 976 ut
834 921 1132 978 liberemur
1181 919 1250 974 ab
1302 933 1390 974 eo.
1461 917 1727 986 Quoniam
1785 916 2094 985 ambiguum

496 1026 526 1057 α
554 1018 754 1089 quippe
792 1015 1018 1070 verhnm
1067 1022 1185 1078 est,
1232 1023 1288 1068 ct
1318 1021 1498 1082 potest
1541 1021 1650 1066 tam
1699 1013 1764 1066 ad
1797 1012 2094 1082 principem

493 1125 657 1182 quam
701 1107 1095 1174 adversarium,
1124 1105 1320 1162 referri
1350 1123 1364 1160 :
1400 1105 1483 1160 Ne
1511 1107 1646 1177 forte
1675 1105 1849 1159 tradat
1880 1115 1946 1167 te,
1981 1107 2096 1160 sive

492 1203 863 1270 adversarius,
895 1203 1012 1257 sive
1040 1200 1324 1272 princeps,
1347 1198 1539 1270 judici,
1569 1208 1614 1252 et
1639 1200 1808 1271 judea:
1836 1197 2009 1252 tradat
2049 1207 2097 1252 te

488 1299 718 1354 emaciari
738 1340 752 1362 ,
785 1307 832 1351 et
862 1313 965 1350 non
1006 1295 1126 1350 inde
1155 1296 1321 1356 exies.
1350 1293 1513 1348 donec
1538 1292 1872 1346 novissimum
1896 1289 1922 1328 δ
1953 1306 2091 1344 neu-

491 1400 631 1447 trum
659 1389 856 1446 reddas
896 1406 908 1442 :
949 1405 1049 1459 pro
1089 1405 1196 1459 quo
1225 1387 1507 1443 Mattltazus
1537 1388 1614 1440 ait
1643 1404 1658 1441 :
1689 1384 1866 1440 Donec
1903 1385 2092 1438 reddas

490 1484 823 1538 novissimum
851 1481 1197 1553 quadrantem
1229 1482 1247 1550 (
1275 1478 1430 1534 Matt.
1465 1477 1542 1550 v).
1567 1477 1807 1534 Verbum
1839 1490 1969 1531 vero
1999 1493 2092 1531 no-

487 1577 752 1631 nissimum
804 1584 1033 1644 uterque
1075 1573 1265 1630 scribit
1313 1591 1326 1627 :
1377 1572 1690 1642 discrepare
1737 1579 1918 1626 autem
1965 1578 2093 1625 sunt

489 1671 634 1736 visi,
665 1669 807 1740 quod
852 1668 938 1725 hic
981 1667 1374 1739 quadrantem,
1415 1667 1505 1722 ille
1548 1667 1810 1722 minutum
1860 1665 2039 1736 posuit
2074 1682 2087 1717 :

487 1762 736 1836 quaedam
769 1760 902 1816 mihi
925 1769 1053 1816 sunt
1082 1760 1382 1816 secretiora
1413 1759 1703 1830 tangenda,
1731 1769 1790 1814 ut
1822 1757 2086 1828 intelliga-

2208 543 2373 598 bomo
2396 544 2578 614 justus
2607 545 2847 600 creditus
2869 545 3060 614 fuerit,
3093 557 3149 602 et
3176 551 3482 618 peccaverit
3513 569 3526 605 :
3556 560 3614 606 ut
3628 567 3782 608 econ-

2207 641 2375 694 trario
2405 640 2576 709 gloria
2605 649 2690 694 est
2716 641 2913 711 angelo
2941 642 2985 696 si
3013 642 3252 697 creditus
3274 643 3376 698 sibi
3406 645 3601 700 saltem
3632 647 3780 701 mini-

2207 749 2326 786 mus
2375 733 2429 788 in
2485 735 2726 789 Ecclesia
2772 736 2955 790 fuerit.
3013 735 3288 793 Videbunt
3334 737 3478 794 enim
3538 753 3643 794 non
3693 741 3783 796 ali-

2203 825 2450 896 quando,
2480 825 2574 882 sed
2605 842 2841 897 semper,
2870 827 3062 883 faciem
3094 827 3272 884 Patris
3298 831 3390 900 qui
3418 841 3505 886 est
3533 831 3588 885 in
3614 833 3780 901 ctelis,

2203 933 2325 973 cum
2367 919 2460 973 alii
2506 934 2727 989 semper
2763 935 2869 974 non
2897 920 3136 975 videant.
3181 921 3494 978 Secundum
3541 925 3780 982 meritum

2202 1011 2346 1066 enim
2387 1026 2576 1067 eorum
2616 1028 2850 1083 quorum
2885 1015 3061 1084 angeli
3107 1025 3266 1081 sunt,
3299 1027 3391 1070 aut
3432 1032 3668 1088 semper,
3699 1030 3783 1074 aut

2203 1120 2529 1174 numquam,
2559 1105 2642 1162 vel
2673 1121 2895 1176 parum,
2925 1107 3006 1163 vel
3042 1109 3193 1176 plus,
3244 1109 3434 1166 faciem
3478 1111 3573 1166 Dei
3619 1115 3782 1183 angeli

2200 1197 2734 1265 contemplabuntur.
2772 1197 2943 1268 Cujus
2991 1200 3071 1256 rei
3122 1201 3189 1254 ad
3239 1201 3501 1273 liquidum
3542 1205 3780 1260 notitiam

2202 1290 2343 1346 Deus
2373 1293 2611 1358 noverit,
2642 1301 2696 1349 et
2725 1293 2770 1348 si
2796 1292 2962 1365 quis(
2992 1295 3120 1348 licet
3149 1294 3307 1365 raro)
3336 1295 3500 1352 fuerit
3543 1298 3782 1356 inventus

2198 1397 2359 1452 quem
2405 1383 2655 1440 Christus
2707 1385 2975 1441 illuxerit.
3027 1387 3322 1445 Videamus
3373 1405 3501 1461 ergo
3560 1393 3780 1462 primum

2197 1479 2322 1547 quis
2350 1477 2418 1531 sit
2447 1478 2798 1534 adversarius
2835 1493 3090 1550 cumquo
3121 1481 3221 1534 iter
3252 1481 3530 1538 faciamus.
3563 1482 3782 1553 Semper

2197 1571 2478 1625 nobiscum
2502 1582 2584 1626 est
2611 1571 2980 1628 adversarius.
3007 1573 3260 1630 Infelices
3284 1589 3406 1641 nos,
3439 1585 3605 1646 atque
3631 1577 3783 1632 mise-

2195 1663 2418 1718 rabiles.
2467 1662 2930 1734 Quotiescumque
2961 1665 3402 1733 peccaverimus,
3439 1666 3782 1722 adversarius

2194 1767 2386 1812 noster
2427 1756 2702 1822 exsultat,
2745 1759 2926 1813 sciens
2967 1757 3225 1828 quoniam
3273 1758 3433 1815 habet
3481 1759 3780 1816 facultatem

487 1871 610 1912 mus
635 1854 802 1908 alium
832 1869 956 1909 esse
981 1851 1377 1919 adversarium,
1411 1852 1547 1906 alias
1577 1861 1687 1906 tres
1719 1864 2008 1921 personas,
2037 1850 2086 1904 id
2117 1855 2166 1917 Β
2193 1849 2333 1919 apud
2379 1849 2677 1920 principem
2708 1852 2896 1906 saeculi
2924 1851 3117 1923 hujus,
3149 1854 3240 1924 qui
3269 1869 3330 1909 se
3355 1855 3583 1911 miserat
3613 1857 3783 1912 exsul-

486 1960 566 2006 est
590 1995 603 2018 ,
636 1947 934 2019 principem
960 1993 975 2016 ,
1003 1946 1252 2016 jodicem
1275 1987 1289 2011 ,
1331 1954 1669 2001 exactorem.
1703 1943 1961 2015 Legimus
1989 1949 2009 2014 (
2039 1944 2085 1998 si

484 2051 667 2098 tamen
714 2042 800 2096 οιιί
846 2041 1031 2111 placet
1070 2038 1379 2110 hujnsmodi
1422 2038 1761 2108 Scripturam
1797 2036 2082 2107 recipere)

481 2133 712 2206 justiliw
748 2142 804 2189 et
833 2131 1137 2202 iniquitatis
1174 2132 1402 2203 angelos
1434 2146 1599 2201 super
1643 2129 1877 2186 Abrahae
1905 2130 2083 2185 salute

481 2238 538 2286 et
577 2228 796 2284 interitu
839 2227 1241 2297 disceptantes,
1275 2225 1401 2280 dum
1450 2232 1694 2296 utraeque
1745 2235 1936 2279 turmae
1983 2238 2083 2277 suo

479 2339 604 2380 eum
630 2323 816 2377 volunt
856 2321 1020 2378 οωιυὶ
1047 2320 1344 2376 vindicare.
1387 2320 1544 2388 Quod
1586 2319 1631 2374 si
1661 2320 1748 2376 cui
1791 2320 2078 2390 displicet,

481 2424 725 2474 transeat
748 2415 1106 2488 35,355
1123 2414 1189 2469 ad
1214 2415 1464 2469 volumen
1490 2413 1636 2484 quod
1659 2414 1816 2468 titulo
1848 2414 2081 2482 pastoris

474 2513 758 2577 scribitur,
795 2522 846 2565 et
877 2509 1119 2566 inveniet
1148 2507 1361 2563 cunctis
1405 2507 1719 2562 hominibus
1751 2517 1772 2545 ε
1803 2505 1944 2561 duos
1981 2504 2080 2560 ad-

475 2620 599 2662 esse
627 2605 853 2676 angelos
884 2622 897 2659 :
943 2602 1164 2668 malum,
1195 2601 1293 2672 qui
1334 2602 1400 2656 ad
1433 2614 1689 2670 perversa
1735 2597 2074 2664 exhortatur,

473 2704 530 2754 et
552 2697 756 2752 bonum
780 2696 871 2768 qui
894 2695 960 2750 ad
988 2694 1190 2766 optima
1218 2707 1446 2764 quaeque
1469 2690 1781 2760 persuadet.
1809 2688 2076 2745 Scribitur

473 2789 640 2859 alibi,
669 2787 816 2858 quod
846 2791 1108 2844 assistant
1129 2785 1360 2851 homini,
1392 2783 1508 2839 sive
1535 2783 1587 2839 in
1619 2783 1839 2848 bonam,
1869 2782 1980 2836 sive
2021 2782 2074 2836 in

471 2881 671 2938 malam
702 2889 912 2950 partem
943 2879 1186 2948 duplices
1210 2875 1411 2947 angeli.
1449 2876 1526 2932 De
1555 2875 1712 2931 bonis
1742 2874 1904 2929 etiam
1953 2873 2076 2930 Sal-

469 2985 628 3030 vator
659 2973 945 3038 meminit,
976 2971 1208 3026 dicens:
1239 2970 1428 3041 Angcli
1464 2985 1643 3023 eorum
1677 2983 1876 3040 semper
1902 2967 2072 3022 vident

469 3065 656 3136 {aciem
688 3064 862 3120 Patris
890 3063 990 3118 mei
1020 3062 1110 3133 qui
1139 3063 1193 3116 in
1223 3059 1364 3116 cmlis
1395 3069 1469 3116 est
1500 3062 1520 3132 (
1547 3059 1739 3115 Matth.
1776 3060 1954 3131 xvtu).
1986 3057 2075 3114 Si-

469 3160 579 3216 mul
625 3173 811 3229 quaere
849 3166 1032 3211 utrum
1084 3154 1430 3224 parvulorum
1473 3152 1527 3208 in
1571 3152 1814 3209 Ecclesia
1856 3166 2070 3221 semper

2192 1947 2338 2000 tandt
2371 1957 2425 2001 et
2467 1946 2771 2017 gloriandi,
2799 1963 2865 2003 eo
2895 1948 3040 2020 quod
3073 1949 3454 2016 adversarius,
3485 1951 3641 2007 verbi
3670 1969 3782 2021 gra-

2189 2038 2296 2101 tia,
2359 2038 2522 2108 hujus
2554 2041 2641 2096 vel
2694 2040 2876 2111 illius,
2923 2058 3049 2096 eum
3088 2043 3280 2098 fecerit
3324 2044 3556 2115 principi
3607 2045 3781 2101 saeculi

2185 2129 2349 2200 hujus
2395 2145 2520 2188 esse
2552 2132 2859 2203 subjectum
2891 2149 2988 2204 per
3020 2135 3147 2189 talia
3181 2144 3366 2206 totque
3408 2148 3665 2207 peccata.
3693 2153 3782 2207 per

2185 2222 2291 2278 hoc
2335 2223 2579 2296 illudque
2606 2225 2890 2281 delictum.
2927 2227 3119 2282 Evenit
3150 2238 3332 2284 autem
3377 2230 3685 2298 interdum,
3727 2245 3780 2287 ut

2182 2317 2230 2371 si
2260 2316 2348 2385 qui
2391 2316 2559 2372 fuerit
2599 2330 2941 2388 praeparatus
2980 2329 3258 2376 armatura
3299 2321 3425 2390 Dei,
3459 2333 3516 2377 et
3540 2339 3609 2380 ex
3639 2327 3776 2382 omtti

2183 2420 2338 2481 parte
2368 2427 2430 2466 se
2461 2413 2680 2481 texerit,
2709 2425 2940 2468 conetur
2959 2413 3179 2484 quidem
3211 2414 3564 2471 adversarius
3592 2420 3776 2474 vulnus

2179 2502 2418 2572 inferre,
2475 2503 2570 2559 sed
2623 2505 2933 2561 facultatem
2989 2523 3098 2560 non
3158 2505 3358 2562 habeat
3414 2510 3769 2579 percutiendi.

2180 2595 2410 2667 Semper
2442 2595 2728 2652 nobiscum
2769 2597 3120 2654 adversarius
3166 2599 3435 2669 graditur,
3483 2617 3770 2672 numquam

2179 2704 2279 2744 nos
2307 2689 2546 2758 deserit,
2581 2691 2777 2760 quaerit
2803 2693 3150 2748 occasionem
3185 2692 3502 2748 insidiarum
3526 2734 3545 2759 ,
3576 2697 3621 2750 si
3673 2711 3772 2766 quo

2179 2783 2343 2839 modo
2367 2799 2470 2840 nos
2494 2784 2817 2840 subvertere
2846 2795 3034 2855 queat,
3061 2794 3120 2841 ut
3149 2787 3200 2840 in
3229 2787 3520 2858 principali
3547 2787 3568 2862 [
3591 2791 3769 2862 ἠγεμο-

2174 2874 2336 2948 νικῷ]
2368 2877 2554 2933 cordis
2597 2878 2772 2932 nostri
2821 2879 3019 2934 malam
3066 2878 3319 2950 subjiciat
3358 2882 3765 2952 cogitationem.

2179 2971 2402 3036 Quando
2448 2971 2592 3026 vadis
2623 2972 2693 3025 ad
2736 2973 3040 3043 principem.
3078 2973 3338 3041 Quisnam
3385 2975 3487 3031 iste
3518 2978 3768 3046 princeps

2173 3063 2297 3117 est?
2328 3063 2551 3128 Quando
2576 3063 2837 3119 diuidebat
2865 3063 3164 3120 Altissimus
3193 3077 3392 3136 gentes,
3418 3070 3634 3138 quando
3661 3069 3768 3123 dis-

2172 3158 2454 3211 seminabat
2485 3156 2625 3227 ﬁlios
2667 3158 2865 3222 Adam,
2899 3161 3078 3215 statuit
3115 3163 3361 3218 terminos
3399 3165 3668 3219 nationum
3693 3182 3769 3220 se-

469 3253 695 3309 vitleant
721 3251 901 3322 angeli
925 3250 1122 3306 faciem
1146 3249 1348 3315 Patris,
1379 3259 1434 3305 et
1462 3248 1696 3304 aliorum
1738 3247 1914 3317 angeli
1959 3260 2064 3301 non
2095 3253 2142 3318 (ς
2173 3249 2402 3302 cundum
2433 3266 2702 3304 numerum
2729 3251 3035 3322 angelorum
3074 3251 3204 3320 Dei,
3250 3265 3296 3310 et
3327 3256 3467 3324 facta
3497 3269 3575 3312 est
3604 3259 3768 3328 portio

466 3346 708 3404 habeant
739 3346 1052 3402 libertatem
1079 3345 1288 3400 vultum
1330 3342 1508 3397 Patris
1538 3341 1860 3398 attendere:
1890 3355 2067 3411 neque

463 3439 610 3498 enim
640 3437 973 3509 sperandum
999 3446 1105 3503 est,
1130 3437 1373 3492 omnium
1403 3435 1633 3506 angelos
1660 3435 1848 3490 videre
1872 3433 2063 3488 facient

464 3534 648 3592 Patris
665 3534 757 3606 qui
787 3536 840 3588 in
854 3532 1008 3590 C(elis
1029 3541 1134 3586 est.
1160 3530 1214 3586 Si
1240 3531 1395 3586 fuero
1421 3529 1490 3585 de
1522 3529 1791 3596 Ecclesia,
1816 3528 2065 3596 quamvis

465 3628 728 3683 minimus
751 3625 875 3692 sim,
902 3625 1068 3681 habet
1091 3624 1397 3680 libertatem
1423 3622 1648 3693 angelus
1670 3636 1826 3677 meus
1844 3632 1899 3676 et
1926 3619 2067 3676 fidu-

464 3722 608 3779 ciam
650 3736 870 3792 semper
895 3720 1083 3777 videre
1121 3719 1316 3774 faciem
1350 3718 1528 3773 Patris
1557 3717 1663 3774 mei
1708 3718 1800 3787 qui
1828 3717 1880 3771 in
1909 3716 2065 3771 caelis

462 3825 566 3873 est.
599 3815 655 3871 Si
697 3821 879 3870 autem
912 3811 1244 3878 forinsecus,
1278 3825 1379 3867 nec
1420 3809 1489 3866 de
1532 3809 1624 3865 illa
1655 3807 1897 3864 Ecclesia
1944 3823 2064 3879 quae

461 3923 572 3965 non
606 3907 769 3962 habet
799 3905 1072 3962 maculam
1100 3913 1195 3960 aut
1234 3917 1422 3976 rugam
1455 3901 1680 3976 (Ephes.
1707 3902 1786 3973 v),
1817 3913 1907 3956 aut
1934 3901 2063 3972 quid

456 4001 616 4059 istius
653 3999 836 4067 modi,
868 4008 924 4057 et
962 3999 1076 4070 ipsa
1132 4014 1193 4054 re
1243 3997 1447 4067 probor
1479 3997 1692 4053 alienus
1721 4010 1845 4052 esse
1892 4011 1920 4048 a
1968 3993 2062 4050 tali

458 4095 913 4168 congregatione,
958 4109 1066 4149 non
1117 4091 1282 4148 habet
1326 4090 1582 4148 fiduciam
1634 4090 1862 4162 angelus
1911 4105 2061 4145 meus

457 4189 794 4262 respiciendi
821 4189 1031 4244 vultum
1060 4186 1238 4242 Patris
1256 4187 1361 4242 mei
1383 4186 1475 4258 qni
1505 4185 1557 4240 in
1581 4185 1736 4242 ctelis
1758 4194 1863 4240 est.
1887 4183 2058 4252 Quam

459 4281 532 4339 ob
563 4295 785 4336 causam
818 4279 999 4351 angeli
1033 4294 1136 4350 pro
1173 4279 1333 4335 bonis
1372 4277 1598 4334 solliciti
1637 4285 1792 4343 sunt,
1825 4276 2062 4331 scientes

458 4374 605 4448 quod
628 4375 671 4430 si
698 4388 798 4430 nos
821 4374 958 4430 bene
981 4371 1431 4443 gubernaverint,
1457 4379 1510 4426 et
1533 4369 1598 4425 ad
1630 4368 1861 4424 salutem
1890 4381 2062 4438 usque

455 4467 845 4541 perduxerint,
902 4464 1138 4520 habeant
1185 4463 1349 4520 etiam
1400 4462 1503 4530 ipsi
1553 4461 1806 4516 fiduciam
1835 4459 2059 4514 videndi

456 4560 652 4616 faciem
684 4558 887 4614 Patris.
917 4554 1208 4624 Quomodo
1233 4557 1379 4611 enim
1428 4555 1472 4610 si
1503 4569 1602 4624 per
1629 4569 1818 4610 curam
1867 4569 2058 4610 eorum

2171 3337 2388 3392 Domini
2436 3342 2661 3412 populus
2709 3343 2824 3412 eius
2878 3342 3077 3413 Iacob,
3132 3347 3398 3416 funiculus
3452 3347 3768 3404 Itwreditatis

2167 3437 2279 3507 ejus
2311 3433 2481 3490 Israel
2508 3436 2528 3509 (
2551 3436 2709 3491 Deut.
2741 3454 2774 3492 x
2799 3437 2840 3508 ).
2877 3438 3045 3510 Igitur
3076 3442 3432 3512 principibus,
3468 3445 3519 3498 id
3542 3455 3651 3511 est,
3677 3462 3766 3501 an-

2167 3526 2306 3596 gelis
2331 3527 2400 3582 ab
2425 3529 2652 3585 exordio
2687 3541 2832 3586 terra
2862 3531 3034 3589 divisa
3063 3543 3166 3589 est.
3200 3535 3392 3592 Daniel
3419 3538 3628 3608 quippe
3655 3555 3767 3594 ma-

2169 3619 2419 3674 nifestius
2461 3637 2598 3692 quos
2631 3623 2846 3695 Moyses
2872 3627 3098 3697 angelos
3126 3629 3463 3698 nominarat,
3497 3633 3769 3705 principes

2167 3727 2289 3767 esse
2322 3721 2578 3784 testatur,
2609 3715 2801 3771 dicens
2835 3734 2850 3772 :
2892 3717 3152 3787 Princeps
3187 3724 3336 3792 regni
3372 3722 3690 3795 Persarum,
3723 3736 3766 3782 et

2165 3808 2406 3879 princeps
2447 3809 2593 3879 regni
2623 3807 2921 3866 ercorum
2945 3853 2959 3879 ,
3006 3823 3056 3868 et
3099 3813 3330 3872 Michael
3359 3818 3605 3889 princeps
3648 3838 3766 3892 gen-

2168 3905 2317 3958 tium.
2350 3905 2414 3960 Et
2443 3906 2816 3977 unusquisque
2843 3921 3087 3964 nostrum
3118 3927 3302 3968 secum
3327 3913 3490 3969 habet
3512 3913 3768 3970 adversa-

2166 3995 2304 4050 rium
2352 3995 2759 4066 cohaerentem,
2808 4000 2966 4070 cujus
2994 4016 3132 4071 Opus
3170 4015 3254 4060 est
3301 4003 3503 4061 ducere
3555 4021 3658 4061 nos
3701 4007 3763 4061 ad

2167 4090 2464 4161 principem
2487 4132 2502 4157 ,
2535 4101 2592 4148 et
2621 4091 2808 4148 dicere
2839 4111 2852 4149 :
2884 4093 2931 4150 Ο
2960 4096 3238 4167 princeps,
3270 4098 3424 4154 verbi
3453 4100 3658 4172 gratia,
3687 4117 3768 4156 re-

2163 4185 2252 4254 gni
2281 4182 2594 4253 Persarum,
2630 4184 2737 4240 iste
2763 4186 2854 4256 qui
2884 4187 3074 4244 subter
3100 4199 3219 4244 erat
3251 4190 3366 4258 tibi,
3393 4207 3516 4247 eum
3543 4203 3605 4248 ut
3633 4207 3765 4262 opus

2165 4275 2375 4342 fuerat,
2422 4275 2692 4331 custodivi
2743 4294 2756 4330 :
2806 4279 2986 4334 nullus
3014 4281 3160 4335 enim
3203 4280 3272 4338 de
3301 4283 3531 4354 reliquis
3567 4286 3766 4356 princi-

2163 4370 2324 4440 pibus
2351 4369 2418 4424 ad
2445 4384 2506 4425 se
2547 4369 2722 4440 petuit
2749 4371 3138 4439 transducere,
3171 4391 3238 4430 ne
3269 4377 3360 4432 ille
3388 4377 3645 4447 quidem.
3677 4376 3762 4449 qni

2163 4462 2226 4518 ad
2271 4465 2374 4517 hoc
2403 4477 2462 4517 se
2491 4465 2709 4520 venisse
2735 4463 3006 4534 jactabat,
3039 4476 3095 4521 ut
3129 4467 3196 4522 de
3222 4471 3436 4524 cunctis
3467 4468 3766 4526 haeredita-

2162 4556 2302 4611 tibus
2328 4556 2641 4626 Persarum,
2671 4558 2789 4614 sive
2817 4559 3136 4616 Craecorum
3154 4603 3169 4628 ,
3203 4565 3562 4636 omniumque
3590 4568 3765 4622 natio-

453 4666 510 4716 et
541 4655 866 4712 industriam
909 4653 1055 4708 salus
1101 4651 1413 4708 hominibus
1454 4663 1823 4722 comparatur,
1856 4650 2048 4705 faciem
2075 4659 2130 4721 ι)
2159 4665 2287 4705 num
2317 4662 2533 4720 raperet
2565 4650 2836 4719 homines,
2867 4663 2922 4709 et
2947 4653 3269 4712 hatreditate
3292 4656 3388 4713 Dei
3415 4660 3626 4717 faceret
3647 4675 3763 4717 esse

451 4751 625 4824 patris
671 4764 890 4819 semper
916 4745 1210 4802 attendunt
1247 4763 1260 4800 :
1311 4745 1394 4799 sic
1441 4744 1488 4799 si
1530 4759 1630 4815 per
1669 4744 2052 4815 negligentiam

451 4861 643 4904 eorum
680 4845 846 4899 homo
869 4839 1177 4906 corruerit,
1208 4839 1370 4895 etiam
1403 4835 1489 4893 sui
1517 4836 1740 4906 periculi
1772 4851 1890 4890 rem
1936 4848 2056 4890 csse

455 4954 566 4996 non
599 4936 873 4992 nesciunt.
910 4933 982 4989 Et
1007 4933 1150 4988 sicut
1180 4931 1353 4986 bonus
1381 4929 1673 4999 episcopus
1691 4969 1706 4993 ,
1731 4936 1786 4982 et
1815 4927 2056 4996 optimus

452 5030 720 5090 Ecclesiae
745 5029 1090 5100 dispensator
1121 5025 1226 5082 scit
1261 5024 1348 5078 sui
1379 5023 1560 5078 meriti
1589 5037 1715 5078 esse
1758 5030 1923 5090 atque
1943 5022 2054 5076 vir-

448 5128 580 5185 tutis
603 5170 617 5194 ,
650 5125 699 5182 si
729 5139 860 5180 oves
902 5122 1087 5195 gregis
1116 5121 1218 5178 sibi
1252 5116 1453 5176 crediti
1487 5116 1690 5172 fuerint
1728 5116 2052 5184 custodiae,

521 5285 546 5312 α
587 5274 840 5330 Grmcum
880 5268 1020 5324 sacri
1053 5274 1234 5321 textus
1260 5263 1508 5337 verbum,
1543 5261 1819 5337 κατασύρᾳ
1847 5259 2051 5314 substi-

447 5346 708 5403 tuendum
739 5344 825 5397 hic.
850 5340 1102 5398 videatur
1133 5337 1358 5401 Latino,
1389 5336 1598 5406 quippe.

521 5401 547 5458 ί)
593 5401 816 5473 Videtur
848 5414 917 5468 de
959 5409 1225 5466 industria
1276 5401 1561 5462 lectionem
1609 5405 1752 5459 illam
1777 5401 2051 5473 praeferre

446 5472 624 5548 Graeci
662 5487 969 5558 archetypi,
1002 5497 1126 5554 qua:
1157 5482 1208 5558 in
1242 5487 1440 5558 neutro
1477 5476 1638 5558 habet
1663 5478 1737 5558 re
1765 5472 1997 5558 ἕεχατον
2028 5491 2040 5528 :

443 5545 604 5618 alteri
625 5577 746 5633 qum
760 5561 812 5613 in
832 5545 1660 5633 a'li'is'occurritexemplaribus,
1687 5545 2040 5633 τὸγιέᾀχατρν.

522 5647 544 5674 υ
586 5619 836 5689 Diximus
881 5642 1042 5698 supra
1096 5624 1163 5680 ad
1215 5623 1402 5698 homil.
1441 5619 1714 5698 23_v_ideri
1756 5621 2042 5698 Origenem

444 5707 686 5762 sensisse
711 5701 870 5757 bonis
893 5690 1125 5772 tantum,
1152 5694 1462 5772 sanctisque
1482 5693 1613 5772 viris
1633 5690 1919 5772 custodem
1951 5704 2046 5772 an-

442 5760 624 5848 gelum
669 5772 884 5848 adjnngi
917 5790 929 5825 :
967 5770 1051 5825 hic
1096 5760 1266 5848 multo
1296 5760 1451 5820 aliter
1481 5762 1619 5819 duos
1645 5763 1843 5848 cuique
1871 5760 2049 5816 homi-

439 5833 574 5907 ftum
606 5833 914 5917 assigtiaios
934 5839 1373 5915 apocryphorum
1400 5850 1622 5908 quoque
1653 5833 1919 5890 librorum
1950 5848 2045 5887 au-

2162 4745 2457 4815 subjectos.
2485 4744 2742 4802 Christus
2773 4747 3034 4805 Dominus
3057 4762 3245 4809 noster
3270 4770 3459 4811 omnes
3483 4757 3762 4828 principes

2157 4835 2319 4900 vicit,
2369 4845 2424 4892 et
2464 4838 2728 4894 terminos
2771 4854 2963 4896 eorum
3014 4845 3324 4908 transiens,
3367 4847 3619 4918 captivos
3671 4867 3762 4920 po-

2159 4929 2321 4998 pulos
2369 4929 2440 4985 ad
2481 4946 2542 4986 se
2573 4932 2849 4988 transtulit
2886 4933 2942 4989 in
2994 4937 3247 4992 salutem.
3295 4939 3363 4994 Et
3394 4951 3446 4996 tu
3487 4943 3559 4998 de
3611 4953 3760 5014 parte

2158 5023 2414 5093 alicujus’.
2446 5024 2704 5094 principis
2749 5041 2874 5083 eras
2927 5043 2943 5082 :
2993 5030 3141 5084 venit
3171 5029 3328 5087 lesus
3370 5042 3425 5087 et
3473 5035 3661 5104 rapuit
3710 5046 3759 5091 te

2157 5113 2517 5188 355-356
2542 5115 2611 5172 de
2640 5126 2907 5188 potestate
2935 5135 3214 5190 perversa,
3241 5133 3298 5178 et
3327 5123 3442 5180 Deo
3484 5124 3634 5182 Patri
3665 5127 3758 5184 ob-

2156 5258 2410 5332 cloritate
2442 5259 2729 5332 contendit
2760 5281 2774 5316 :
2804 5269 2860 5317 et
2884 5263 3047 5332 paulo
3071 5264 3297 5322 inferius
3321 5266 3757 5327 luculentissima

2157 5330 2222 5384 iis
2253 5331 2418 5415 etiam
2441 5331 2534 5415 qui
2565 5333 2635 5415 ab
2659 5330 2903 5415 Ecclesia
2930 5335 3094 5415 alieni
3120 5347 3272 5415 sunt,
3299 5341 3611 5410 assignatas
3641 5360 3758 5415 pro-

2156 5401 2375 5475 nuntiat
2401 5402 2658 5475 c_ustodes
2681 5407 2930 5475 angelos,
2952 5408 3080 5463 dum
3109 5424 3204 5464 eos
3225 5401 3300 5464 ait
3320 5401 3664 5471 noriaudere
3688 5417 3752 5471 ad

2150 5472 2824 5554 cmlcstisPatt-isfaciem
2855 5480 3044 5554 oculos
3074 5481 3342 5548 attollere,
3377 5493 3431 5538 et
3451 5499 3550 5554 pro
3580 5487 3755 5542 homi-

2152 5561 2279 5599 num
2314 5544 2416 5600 sibi
2448 5546 2798 5622 _subditorum
2837 5551 3046 5622 meritis
3089 5565 3179 5608 aut
3209 5544 3428 5622 semper,
3451 5544 3560 5610 'aut
3598 5576 3750 5613 num.

2149 5632 2333 5686 quam,
2380 5615 2458 5670 rel
2499 5635 2719 5686 parum,
2765 5621 2875 5702 uel.
2889 5624 3007 5692 plus
3049 5625 3236 5693 faciem
3278 5615 3379 5702 Dei
3409 5615 3753 5702 contemplari

2151 5702 2540 5770 possetque
2567 5693 2947 5764 exaggeratio,
3002 5707 3264 5770 quantum
3317 5698 3388 5752 ab
3438 5693 3748 5760 orthodoxa

2151 5760 2423 5816 sententia
2455 5760 2778 5830 abhorreat,
2803 5760 2965 5822 nemo
2995 5760 3102 5822 non
3130 5769 3314 5825 sentit.
