3978 6338
201 234 280 299 297

768 230 1209 291 TRANSLATIO
1247 227 1681 287 llOMlLlABUlt
1719 219 2039 286 ORIGENIS
2076 190 2451 284 lN'LL‘CAM.
2493 225 2653 284 non.
2698 223 2916 286 xxxv.

3343 233 3452 295 298

196 354 312 411 ωιίι,
345 347 703 407 Adversarius
730 361 860 420 ergo
904 354 1091 404 noster
1115 344 1378 411 ambulat,
1408 343 1614 400 ducens
1643 356 1742 398 nos
1767 344 1819 403 Α
1846 339 1915 396 de
1937 356 2044 411 quo
2073 340 2201 397 alibi
2224 340 2445 397 dicitur.
2466 341 2534 396 Et
2554 351 2759 398 statuet
2787 358 2919 400 oves
2948 359 2978 399 a
3000 339 3226 415 dextris,
3257 349 3447 406 hmdos

197 446 249 502 ad
285 440 558 516 principem
590 455 771 498 suum.
808 439 960 497 Unde
999 455 1102 512 ego
1131 437 1366 496 credens
1396 438 1578 493 omnia
1604 436 1749 492 Scri-

198 551 425 614 pturarum
456 536 633 593 verba
665 536 868 592 habere
897 533 1188 603 rationem,
1241 550 1348 590 non
1381 543 1512 604 puto
1552 531 1750 586 frustra

195 633 388 709 judicent
416 641 440 669 ι
469 630 618 701 apud
650 630 894 698 Graecos,
932 645 1055 685 cum
1096 627 1332 684 articulo
1363 627 1617 698 positum,
1660 623 1751 696 qui

195 727 545 799 singularitatis
589 723 931 795 signiticator
957 731 1076 789 est;
1124 720 1424 793 principem
1478 734 1609 776 vero
1635 719 1753 774 sine

197 820 391 879 articulo
416 817 681 888 scriptum
708 832 831 872 esse
854 815 1192 886 simpliciter.
1224 812 1446 883 Quando
1467 811 1616 867 vadis
1637 826 1754 865 cum

194 912 446 969 etiamin
468 918 582 965 tuo.
612 909 907 981 Signanter
932 908 1030 975 ait,
1052 917 1161 962 tuo.
1196 906 1378 976 Neque
1399 905 1541 961 enim
1564 917 1755 959 omnes

196 1008 397 1066 omnium
417 1011 546 1060 sunt
565 988 894 1073 adversarii,
916 1001 1013 1059 sed
1035 1001 1229 1073 singuli
1258 1000 1503 1071 singulos
1530 997 1753 1065 habent,

194 1103 268 1176 qui
303 1101 487 1169 ubique
514 1113 614 1155 eos
641 1106 965 1171 sequantur,
998 1105 1055 1153 et
1102 1095 1209 1151 sint
1238 1094 1484 1152 comites.
1535 1091 1758 1162 Quando

192 1197 310 1252 vadis
329 1211 433 1249 cum
463 1194 768 1249 adversario
800 1204 891 1247 tuo
916 1190 986 1246 ad
1017 1190 1329 1265 principem.
1360 1187 1477 1244 Non
1509 1201 1631 1243 cum
1663 1202 1756 1241 ar-

195 1288 333 1344 ticulo
370 1286 669 1358 principem
704 1284 908 1357 posuit,
937 1301 1006 1340 ne
1035 1291 1244 1340 certum
1271 1281 1548 1338 videretur
1575 1290 1761 1338 osten-

195 1383 337 1450 dere;
379 1381 473 1438 sed
519 1382 640 1438 sine
685 1380 939 1447 articulo,
986 1389 1049 1436 ut
1076 1395 1107 1434 e
1153 1379 1400 1450 pluribus
1431 1395 1596 1433 unum
1637 1393 1761 1435 esse

193 1474 707 1548 monstraret:un
747 1475 887 1548 apud
928 1474 1152 1531 Cra-cos
1196 1473 1368 1544 magis
1417 1472 1758 1541 intelligitur.

194 1569 546 1639 Unusquisque
596 1569 746 1625 enim
803 1575 1048 1623 nostrum
1104 1581 1211 1621 non
1262 1564 1428 1621 habet
1482 1566 1760 1635 pr0prium

194 1663 489 1736 principem.
516 1661 618 1732 Qui
641 1661 816 1735 Syrus
839 1670 942 1725 est,
972 1660 1073 1715 sub
1095 1659 1359 1732 Syrorum
1388 1656 1630 1728 principe
1658 1665 1761 1721 est,

1850 443 2031 491 autem
2068 449 2100 490 a
2141 435 2400 493 sinistris.
2452 435 2522 491 Et
2565 436 2802 492 iterum:
2831 436 2934 505 Qui
2983 440 3249 511 confessus
3294 444 3456 515 fuerit

1852 545 1954 598 me,
1986 530 2269 598 conﬁtebor
2296 539 2343 585 et
2369 546 2464 604 ego
2485 548 2601 586 eum
2629 548 2804 587 coram
2836 531 2996 587 Patre
3021 551 3134 589 meo
3154 537 3242 607 qui
3270 536 3325 590 in
3354 554 3457 593 (ora

1852 623 1919 679 lis
1940 632 2014 678 est
2035 624 2053 694 (
2073 623 2267 679 Matth.
2292 626 2459 697 xxv).
2486 624 2588 692 Qui
2616 637 2797 682 autem
2832 630 3119 698 negaverit
3147 645 3235 686 me
3254 644 3442 687 coram

1854 714 2190 782 hominibus,
2224 717 2437 787 negabo
2457 732 2578 773 eum
2603 733 2787 773 coram
2822 719 2983 775 Patre
3004 735 3128 775 meo
3150 721 3243 791 qui
3270 720 3325 777 in
3347 738 3458 778 cm-

1852 809 1922 865 lis
1969 818 2073 865 est.
2124 807 2331 864 Trahat
2365 817 2420 865 te
2461 810 2527 864 ad
2554 809 2816 878 judicem,
2869 822 2924 868 et
2950 811 3119 882 judex
3168 814 3349 871 tradat
3399 825 3451 872 te

1856 904 2122 961 exactori.
2149 903 2534 977 Unusquisque
2571 913 2818 963 nostrum
2849 922 2948 978 per
2974 909 3187 981 singula
3229 920 3453 982 peccata

1859 998 2119 1054 damnum
2147 999 2406 1064 sustinet,
2440 1008 2494 1056 et
2524 999 2679 1070 juxta
2709 1002 3027 1071 qualitatem
3071 1007 3455 1079 rationemque

1859 1093 2067 1161 delicti,
2096 1093 2283 1149 damni
2323 1094 2638 1166 magnitudo
2669 1105 2972 1168 reputatur.
3008 1099 3193 1157 Debeo
3236 1101 3456 1174 aliquod

1861 1184 1931 1241 de
1949 1184 2246 1256 Scripturis
2280 1185 2482 1243 alferre
2516 1188 2887 1246 testimonium
2911 1205 3079 1262 super
3099 1193 3299 1251 damno
3322 1196 3463 1251 mul-

1862 1290 2063 1352 ctaque
2105 1279 2373 1351 pecuniae.
2403 1280 2558 1337 Alius
2585 1281 2844 1338 damnum
2875 1284 3110 1342 sustinet
3136 1288 3463 1359 quingento—

1864 1390 1984 1431 rum
2014 1374 2385 1445 denariorum,
2418 1388 2472 1431 et
2505 1376 2674 1433 debet
2716 1391 2838 1446 eos,
2879 1378 3023 1435 alius
3066 1382 3462 1454 quinquaginta

1864 1466 2103 1523 denariis
2132 1468 2534 1525 condemnatur
2562 1488 2575 1525 :
2604 1485 2728 1541 quae
2754 1485 2966 1527 summa
3000 1473 3268 1530 ambobus
3291 1493 3319 1531 a
3347 1493 3469 1534 crc-

1866 1559 2047 1616 ditore
2074 1560 2422 1617 conceditur.
2447 1561 2616 1617 Porro
2638 1562 2803 1629 alius,
2826 1563 2970 1621 sicut
2998 1564 3282 1637 Scriptura
3305 1569 3464 1626 dicit:

1870 1652 2091 1710 Oblatas
2128 1663 2203 1709 est
2239 1655 2286 1708 ei
2321 1671 2461 1709 unus
2487 1655 2574 1727 qui
2603 1654 2817 1710 debebat
2853 1656 3028 1713 decem
3067 1657 3241 1715 millia
3270 1661 3469 1717 talenta

192 1766 239 1815 et
271 1757 642 1829 unusquisque
668 1754 775 1811 sub
821 1770 921 1810 suo
951 1752 1197 1823 principe
1241 1751 1417 1820 gentis
1447 1757 1532 1806 est
1558 1768 1572 1804 :
1596 1749 1640 1804 si
1686 1758 1765 1804 ta-
1791 1736 1840 1799 Β
1871 1745 2095 1820 (Matth.
2122 1762 2251 1802 xvm
2273 1746 2315 1820 ),
2348 1747 2539 1804 decem
2579 1746 2822 1806 millibus
2846 1751 3178 1809 talentorum
3211 1756 3470 1811 condem-

195 1864 300 1907 tnen
319 1850 600 1920 hucusque
629 1848 966 1921 processisse
996 1863 1082 1901 me
1108 1844 1334 1915 sufticit,
1371 1854 1426 1900 et
1455 1844 1526 1900 ab
1553 1843 1657 1899 hac
1685 1842 1770 1899 di-

193 1943 481 2015 sputatione
526 1940 597 1997 ad
643 1940 807 1996 aliam
853 1938 1089 1995 transire
1137 1937 1424 2008 majorem,
1452 1945 1513 1991 ut
1541 1946 1770 1992 creteras

194 2050 382 2106 quoque
419 2042 622 2105 gentes
648 2032 813 2089 etiam
844 2045 1296 2088 commemorem.
1344 2027 1495 2087 Unde
1524 2028 1727 2085 dicitur
1754 2047 1767 2083 :

202 2125 358 2182 Videte
376 2123 553 2182 Israel
572 2125 862 2182 secundum
888 2141 1094 2180 carnem
1125 2123 1143 2195 (
1168 2120 1333 2180 Num.
1362 2138 1420 2177 xl
1510 2121 1772 2178 Prudeuti

201 2222 431 2291 coepisse,
455 2219 674 2276 dixisse
702 2228 824 2275 est:
856 2217 982 2274 licet
1010 2226 1065 2272 et
1094 2216 1197 2271 hoc
1222 2216 1279 2271 in
1309 2215 1512 2286 pepqu
1538 2215 1774 2283 ccepisse

199 2327 507 2369 sermonem.
540 2310 647 2381 Qui
678 2319 730 2367 te
756 2309 897 2379 vult,
926 2309 1126 2379 inquit,
1150 2308 1356 2363 ducere
1382 2305 1449 2361 ad
1472 2307 1772 2378 principem

198 2419 355 2473 suum,
384 2415 440 2462 et
467 2405 542 2461 ab
582 2403 697 2459 alio
726 2402 974 2473 principe
1004 2400 1334 2471 conducere,
1368 2399 1589 2471 quando
1623 2400 1778 2457 vadis

196 2514 301 2553 cum
323 2497 647 2555 adversario
679 2506 772 2552 tuo
800 2499 868 2552 ad
898 2496 1225 2567 principem,
1255 2495 1308 2548 in
1335 2494 1420 2548 via
1453 2494 1519 2548 da
1553 2509 1774 2563 operam

198 2600 248 2646 ut
269 2592 509 2648 libereris
528 2592 604 2648 ab
630 2606 720 2647 eo.
747 2589 862 2646 Nisi
888 2588 1037 2646 omni
1060 2586 1241 2644 studio
1260 2586 1619 2651 lahoraveris,
1649 2587 1777 2643 dum

196 2685 352 2742 adhuc
374 2687 524 2742 viam
556 2685 768 2755 carpis,
802 2690 1094 2754 antequam
1128 2681 1455 2752 ingrediaris
1484 2681 1550 2737 ad
1576 2682 1784 2753 princi-

200 2796 326 2850 pem,
356 2781 682 2851 priusquam
711 2777 971 2849 princeps
1002 2775 1180 2831 tradat
1210 2784 1262 2831 te
1285 2773 1456 2845 judici
1478 2774 1549 2830 ab
1577 2774 1781 2830 adver-

196 2876 323 2939 sario
342 2881 739 2945 praeparatum,
766 2880 954 2941 postea
978 2867 1179 2924 frustra
1205 2866 1518 2922 conaberis.
1548 2866 1626 2921 Da
1649 2880 1783 2936 ergo

198 2981 420 3037 operam,
448 2975 510 3021 ut
538 2964 800 3021 libereris
827 2963 896 3017 ab
921 2978 1010 3027 eo,
1036 2961 1151 3017 sive
1180 2974 1210 3015 a
1242 2960 1490 3032 principe
1522 2959 1588 3014 ad
1620 2974 1781 3030 quem

198 3068 244 3115 te
268 3057 421 3115 trahit
449 3056 830 3113 adversarius.
862 3055 935 3110 Da
968 3068 1194 3125 operam
1239 3062 1297 3109 ut
1328 3052 1531 3108 habeas
1561 3052 1781 3121 sapien-

1873 1851 2052 1895 natur.
2094 1839 2164 1896 Et
2197 1839 2329 1911 quid
2372 1856 2458 1897 me
2519 1856 2745 1898 necesse
2804 1852 2892 1899 est
2957 1844 3116 1916 plura
3179 1849 3474 1919 persequi?

1876 1930 2262 2004 Unusquisque
2303 1947 2402 2003 pro
2425 1932 2690 2003 qualitate
2716 1942 2773 1989 et
2802 1938 3103 2005 quantitate
3128 1939 3363 2009 peccati,
3391 1940 3474 1996 di-

1875 2041 2088 2081 versam
2136 2026 2354 2082 mulcta:
2384 2027 2711 2082 sententiam
2753 2027 3039 2097 expendit.
3068 2029 3129 2090 Si
3173 2046 3367 2102 parum
3396 2043 3482 2090 est

1875 2119 2019 2191 quod
2043 2135 2259 2190 peccas,
2294 2120 2508 2176 feriaris
2543 2119 2743 2176 damno
2780 2122 2998 2190 minuti,
3030 2133 3089 2180 ut
3131 2124 3310 2182 Lucas
3337 2129 3474 2183 scri-

1878 2213 2005 2283 psit,
2051 2222 2111 2267 ut
2146 2228 2290 2267 vero
2339 2211 2647 2279 Mattbmus,
2691 2214 3033 2284 quadrantis.
3090 2216 3478 2276 Verumtamen

1877 2306 2042 2362 etiam
2083 2321 2309 2363 necesse
2338 2315 2423 2363 est
2465 2306 2569 2362 hoc
2611 2306 2789 2379 ipsum
2819 2309 2963 2378 quod
2994 2314 3208 2367 exstitit
3235 2313 3476 2384 debitor,

1879 2402 2115 2457 solvere.
2155 2401 2271 2457 Non
2299 2402 2444 2457 enim
2497 2401 2623 2457 inde
2661 2404 2814 2459 exies
2845 2404 2946 2460 nisi
2979 2416 3033 2461 et
3066 2408 3290 2463 minima
3336 2425 3490 2481 qua:-

1879 2507 1987 2564 que
2030 2493 2379 2563 persolveris.
2413 2494 2517 2563 Qui
2559 2510 2690 2550 vero
2732 2495 2910 2551 ﬁdelis
2950 2508 3056 2566 est,
3099 2501 3254 2556 nullo
3282 2502 3485 2560 damno

1883 2587 2204 2657 percutitur,
2234 2587 2329 2642 sed
2357 2587 2607 2658 quotidie
2634 2588 2838 2645 ditatur
2872 2608 2886 2645 :
2914 2590 2939 2629 δ
2974 2591 3138 2647 Totus
3167 2597 3303 2650 enim
3330 2614 3486 2653 mun-

1883 2680 1983 2734 dus
2016 2679 2380 2753 357-358
2418 2680 2714 2736 divitiarum
2761 2684 2873 2754 ejus
2902 2694 2997 2739 est.
3042 2683 3286 2757 Inﬁdelis
3310 2702 3485 2746 autem

1884 2788 1978 2825 nec
1995 2770 2202 2825 obolum
2226 2772 2395 2826 habet.
2416 2771 2569 2828 Alius
2588 2773 2877 2829 damnatur
2898 2776 3148 2847 denario,
3171 2779 3312 2836 alius
3334 2798 3484 2850 mna,

1885 2863 2023 2918 alius
2062 2862 2290 2920 talento.
2344 2864 2410 2920 Et
2448 2864 2712 2935 qutesitor
2744 2865 2903 2935 hujus
2934 2870 3160 2939 negotii,
3206 2873 3300 2942 qui
3334 2890 3487 2930 men-

1886 2954 2437 3011 surasuniversorutn
2463 2958 3061 3026 noveritpeccalorum.
3089 2961 3203 3018 Hoc
3224 2964 3486 3023 delictum

1890 3048 2096 3103 talento
2138 3049 2534 3104 condemnatur
2567 3066 2581 3103 :
2613 3050 2742 3105 illud
2787 3062 3072 3121 peccatum
3105 3057 3363 3112 mulctam
3410 3059 3488 3114 is-

200 3155 334 3221 tiatn,
368 3152 675 3224 justitiam,
710 3148 1107 3217 fortitudinem,
1141 3155 1305 3217 atque
1335 3146 1781 3217 temperantiam,
1812 3131 1859 3195 C
1891 3139 2149 3196 tiusmodi
2191 3150 2448 3198 meretur.
2495 3142 2770 3213 Scriptum
2805 3156 2887 3200 cst
2925 3148 3072 3203 enim
3102 3165 3118 3204 :
3151 3148 3284 3205 Cum
3320 3162 3494 3209 autem

198 3259 244 3303 et
262 3259 380 3305 tunc
400 3244 784 3319 complebitur
813 3261 828 3298 :
853 3240 990 3298 Ecce
1020 3242 1196 3306 homo,
1226 3255 1387 3311 opera
1410 3242 1526 3313 ejus
1549 3248 1672 3293 ante
1699 3238 1785 3310 fa-

196 3343 310 3395 cient
334 3358 507 3396 suam.
538 3338 663 3395 Nisi
692 3335 916 3393 dederis
945 3350 1192 3405 Operam,
1219 3347 1325 3387 non
1357 3333 1566 3403 poteris
1594 3330 1788 3386 adver-

196 3433 306 3489 sarii
335 3446 557 3502 pactum
591 3429 913 3499 infringere.
945 3426 1102 3497 cujus
1123 3424 1364 3481 amicitia
1391 3432 1477 3479 est
1505 3422 1561 3478 in
1594 3422 1782 3478 Deum.

202 3526 400 3594 Quando
419 3527 575 3582 vadis
601 3540 721 3579 cum
741 3522 1042 3577 adversario
1064 3528 1154 3574 tuo
1176 3520 1248 3573 ad
1274 3519 1585 3591 principem,
1620 3518 1675 3570 in
1706 3518 1788 3570 via

197 3619 498 3692 daoperam.
524 3618 735 3675 Latitat
762 3617 815 3670 in
848 3616 954 3671 hoc
985 3615 1109 3670 loco
1137 3613 1325 3668 nescio
1353 3611 1504 3682 quid,
1538 3619 1594 3665 et
1616 3623 1790 3666 secre-

198 3722 292 3768 tum
322 3725 425 3778 est,
470 3717 527 3769 in
568 3714 657 3768 nia
693 3713 763 3766 da
806 3726 1039 3778 cperam.
1080 3707 1337 3763 Salvator
1380 3706 1494 3761 ait:
1523 3704 1637 3777 Ego
1672 3721 1787 3758 sum

195 3809 283 3872 ria,
305 3811 515 3878 ret-itas,
550 3816 605 3863 et
638 3805 742 3860 vita
766 3802 962 3877 (Joan.
1003 3806 1144 3872 xlv).
1179 3801 1237 3857 Si
1274 3799 1499 3855 dederis
1534 3813 1784 3868 cperam,

199 3909 248 3953 ut
263 3900 505 3957 libereris
537 3899 616 3954 ab
645 3895 984 3959 adversario,
1014 3903 1135 3949 esto
1163 3895 1215 3947 in
1238 3892 1325 3946 via
1354 3908 1370 3945 :
1399 3900 1597 3946 etcum
1624 3898 1791 3945 stete—

197 3992 261 4047 ris
297 3992 348 4048 in
377 4008 444 4049 eo
473 3991 577 4064 qui
622 3988 805 4045 dicit:
842 3985 955 4061 Ego
991 4001 1105 4039 sum
1134 3983 1239 4049 via,
1281 3983 1504 4038 stetisse
1535 3996 1646 4036 non
1680 3981 1792 4033 suf-

200 4087 316 4153 ficit,
345 4087 439 4143 sed
466 4087 539 4142 da
571 4098 799 4155 operam
829 4091 888 4136 ιιι
911 4078 1164 4135 libereris
1191 4077 1263 4134 ab
1289 4076 1631 4132 adversario.
1675 4072 1788 4128 Nisi

196 4173 401 4233 dederis
429 4190 695 4248 operam,
726 4184 786 4229 ut
812 4173 880 4227 ab
907 4168 1228 4224 adversario
1260 4166 1540 4232 libereris,
1570 4181 1692 4236 qua:
1736 4175 1791 4221 te

195 4279 481 4340 sequantur
511 4269 794 4323 ausculta.
838 4262 1030 4319 Trahit
1068 4270 1121 4316 te
1151 4260 1215 4315 ad
1261 4260 1499 4329 judicent
1531 4258 1792 4313 adversa-

198 4361 317 4431 rius,
348 4364 467 4418 sive
496 4362 765 4433 princeps
787 4372 911 4413 cum
943 4363 999 4410 te
1019 4354 1325 4422 susceperit
1354 4353 1423 4407 ab
1452 4352 1788 4419 adversario,

200 4456 350 4510 trahit
370 4468 425 4510 te
455 4456 526 4510 ad
552 4454 822 4526 judicem.
854 4450 1029 4518 Quam
1061 4447 1281 4517 elegans
1312 4446 1561 4513 verbum,
1598 4444 1787 4509 trahit,

1889 3236 2120 3308 coepisset
2159 3238 2329 3307 facere
2381 3238 2658 3293 rationem.
2707 3237 3063 3310 Supputanda
3108 3254 3193 3301 est
3233 3249 3490 3306 omnibus

1890 3329 2051 3384 nobis
2075 3329 2271 3401 gratia.
2303 3330 2419 3386 Non
2449 3342 2535 3386 est
2556 3331 2704 3387 aliud
2735 3343 2950 3405 tempus
2974 3335 3237 3396 facienda:
3264 3343 3494 3401 rationis

1888 3422 1992 3478 nisi
2019 3432 2233 3494 tempus
2255 3423 2463 3493 iudicii.
2490 3425 2711 3495 quando
2735 3426 2945 3499 liquido
2970 3442 3337 3502 cognoscetur
3361 3436 3495 3508 quid

1888 3518 2047 3573 nobis
2072 3518 2340 3573 creditum
2370 3528 2474 3585 est,
2505 3528 2561 3574 et
2591 3520 2717 3589 quid
2750 3521 2913 3590 lucri,
2948 3524 3151 3596 quidve
3172 3526 3493 3589 detrimenti

1889 3611 2205 3678 fecerimus,
2234 3612 2356 3681 quis
2383 3621 2628 3667 nostrum
2667 3615 2941 3686 acceperit
2966 3633 3171 3689 mnam,
3199 3622 3293 3694 qui
3321 3640 3491 3682 unum

1891 3702 2181 3769 talentum,
2214 3704 2336 3775 quis
2358 3705 2488 3769 duo,
2517 3706 2642 3776 quis
2662 3708 2903 3779 quinque
2934 3708 3162 3781 (Matth.
3185 3715 3357 3789 xxv).
3387 3716 3499 3775 Ne-

1890 3810 2046 3851 cesse
2072 3810 2178 3851 non
2207 3806 2291 3853 est
2319 3801 2475 3867 plura
2514 3798 2778 3867 indicare,
2813 3814 2936 3857 cum
2969 3802 3074 3859 hoc
3118 3804 3172 3861 in
3198 3821 3493 3868 commune

1888 3888 2096 3944 dixisse
2124 3888 2381 3957 sufﬁciat,
2412 3891 2724 3946 reddituros
2756 3909 2855 3950 nos
2881 3910 3007 3953 esse
3028 3898 3296 3956 rationem
3321 3921 3335 3956 :
3368 3913 3422 3959 et
3442 3905 3489 3961 si

1890 3981 2169 4038 debitores
2216 3983 2428 4038 inventi
2476 3984 2740 4040 fuerimus
2775 3986 2912 4041 trahi
2943 3987 3012 4043 ad
3050 3989 3319 4061 judicem,
3365 4003 3422 4052 et
3464 4012 3494 4053 a

1885 4074 2074 4145 judice
2102 4077 2345 4131 exactori
2382 4076 2543 4131 tradi.
2574 4077 2784 4149 Singuli
2809 4090 3092 4139 exactores
3115 4086 3372 4157 proprios
3397 4087 3497 4145 ha-

1890 4169 2132 4225 bemus:
2175 4169 2356 4226 omnis
2394 4185 2527 4226 vero
2571 4172 2892 4239 multitudo,
2941 4176 3190 4246 pluribus
3236 4181 3491 4251 traditur,

1891 4262 2187 4318 secundum
2220 4264 2271 4319 id
2312 4265 2455 4334 quod
2498 4266 2550 4320 in
2599 4267 2733 4321 Isaia
2757 4268 3029 4339 scriptum
3074 4282 3160 4328 est
3197 4286 3214 4331 :
3250 4273 3493 4349 Papulas

1891 4375 2055 4423 meus,
2080 4368 2348 4413 exactores
2369 4361 2528 4414 vestri
2550 4361 2776 4429 spoliant
2798 4379 2907 4428 ros,
2933 4372 2980 4417 et
3001 4367 3089 4435 qui
3117 4374 3351 4439 potentes
3374 4382 3500 4427 sunt

1896 4452 2229 4505 dominantur
2255 4453 2409 4506 vestri
2440 4451 2612 4521 (Isai.
2643 4453 2765 4526 ιιι).
2801 4457 3164 4515 nominantur
3184 4471 3497 4535 exactores,

200 4559 251 4602 ut
285 4550 541 4605 ostendat
580 4543 996 4618 quodammodo
1036 4549 1401 4597 retractantes
1451 4551 1505 4592 ct
1542 4539 1789 4593 nolentes
1822 4517 1873 4577 θ
1900 4544 1944 4598 si
1989 4543 2343 4598 debtteriuttts
2374 4517 2603 4614 aliquid.
2638 4545 2693 4599 Si
2723 4517 2917 4603 autem
2961 4517 3501 4614 ltabuerimushdu:

197 4640 256 4696 ad
277 4642 798 4698 condemnationem
823 4635 965 4691 trahi
1000 4644 1053 4690 et
1080 4635 1161 4689 ire
1180 4632 1468 4703 compelli?
1489 4631 1619 4698 Quis
1644 4632 1788 4685 enim

200 4735 457 4791 homicida
482 4732 714 4790 concito
735 4730 904 4803 gradu
927 4729 1101 4800 pergit
1126 4728 1192 4783 ad
1216 4726 1494 4797 iudicem?
1518 4727 1640 4795 quis
1664 4741 1793 4798 gau-

198 4829 321 4884 dens
347 4831 412 4884 ad
443 4828 976 4885 condemnationem
1006 4838 1160 4878 suam
1195 4824 1276 4877 ire
1305 4821 1551 4888 festinat,
1598 4831 1653 4876 et
1685 4836 1791 4875 non

201 4920 390 4977 invitus
419 4919 689 4989 trahitur,
725 4933 790 4973 ac
821 4929 1152 4987 repugnans.
1184 4913 1299 4968 Scit
1330 4913 1475 4968 enim
1504 4927 1564 4968 se
1594 4912 1661 4967 ad
1693 4914 1794 4967 hoc

202 5016 289 5082 ire,
328 5026 388 5070 ut
423 5014 767 5070 sententiam
797 5010 991 5065 mortis
1019 5006 1271 5077 accipiat.
1317 5004 1396 5061 Ne
1443 5004 1586 5060 forte
1618 5004 1799 5060 trahat

204 5118 249 5161 te
272 5107 620 5179 adjudicem.
649 5102 785 5173 Quis
811 5116 968 5173 putas
998 5101 1100 5155 iste
1122 5098 1285 5170 judex
1318 5097 1439 5153 est?
1469 5095 1583 5167 Ego
1614 5096 1802 5152 nescio

202 5203 352 5258 alium
367 5202 626 5274 judicem
647 5199 754 5255 nisi
781 5195 1068 5253 Dominum
1092 5210 1272 5250 meum
1291 5192 1478 5250 Jesum
1499 5190 1800 5262 Christum,

269 5417 296 5446 ι
335 5410 484 5464 Duas
511 5402 943 5476 voculas._apud
965 5401 1197 5476 Grmeos,
1220 5402 1457 5476 itemque
1482 5400 1608 5476 illas
1639 5401 1800 5470 pau'o

205 5488 341 5549 post,
369 5478 515 5553 quod
562 5477 705 5553 apud
750 5471 985 5553 (ιῖτὶξιεοξ⁸
1008 5474 1173 5544 magis
1214 5471 1648 5553 intelligitur,_dc
1699 5488 1802 5528 suo

206 5541 567 5623 Hieronymus
589 5541 921 5623 adiunxerit.
949 5546 1042 5623 ljlst
1058 5541 1187 5623 vero
1208 5541 1419 5623 Graece,
1443 5544 1521 5599 ἐπ’
1544 5541 1799 5617 epla-.7...

206 5625 269 5693 ad
295 5618 614 5693 principem.
638 5622 847 5693 absque
878 5619 1108 5672 articulo
1136 5633 1151 5670 :
1175 5627 1227 5671 ct
1252 5618 1382 5692 πρὸς
1408 5623 1497 5674 τήν
1526 5624 1699 5691 κριτήν
1723 5620 1806 5671 κιηὶ

212 5692 235 5751 ὃ
259 5690 453 5760 ιριτής,
471 5690 617 5748 ὀιιιιι
642 5690 894 5746 articulo.

335 5758 573 5834 Sumpta
617 5778 682 5817 ex
720 5759 1144 5818 Proverbiorunt
1186 5758 1330 5816 libro
1363 5760 1636 5814 Sententia
1681 5774 1805 5834 cap.

488 5856 767 5924 Pareat.
825 5852 1056 5920 XXVI.

1900 4634 2062 4700 ciam,
2082 4644 2136 4689 ct
2161 4634 2335 4689 fronte
2358 4635 2531 4690 libera
2558 4636 2881 4706 vixerimus,
2906 4643 3139 4699 servabo
3160 4660 3498 4719 praeceptum

1902 4727 2079 4783 libens
2107 4745 2120 4783 :
2151 4727 2378 4782 Reddite
2406 4728 2644 4785 omnibus
2666 4730 2861 4803 debita,
2885 4736 2971 4788 cui
3008 4735 3283 4807 tributum,
3326 4744 3498 4800 tribu-

1904 4827 2008 4873 tum
2034 4834 2053 4873 :
2086 4818 2170 4873 cui
2201 4819 2457 4889 timorem,
2495 4822 2730 4877 timorem
2767 4839 2786 4878 :
2812 4825 2895 4877 cui
2939 4827 3180 4898 vectigal,
3233 4835 3454 4906 vectigal
3480 4853 3501 4893 :

1902 4911 1987 4966 cui
2013 4910 2282 4979 honorem,
2318 4913 2565 4967 honorem
2589 4913 2777 4983 (Rom.
2812 4916 2967 4988 xm).
3007 4917 3064 4975 Si
3095 4922 3350 4981 omnibus
3378 4928 3503 4982 nni-

1900 5020 2063 5061 versa
2095 5004 2413 5073 reddidero,
2458 5007 2620 5062 venio
2660 5007 2728 5063 ad
2757 5019 3097 5079 exactorem,
3137 5023 3194 5069 et
3224 5016 3496 5089 intrepida

1899 5110 2084 5155 mente
2111 5098 2443 5165 respondeo,
2465 5098 2607 5154 Nihil
2632 5099 2727 5155 tibi
2760 5099 2959 5157 debeo.
2988 5101 3152 5159 Venit
3175 5117 3401 5164 exactor
3429 5111 3498 5166 ad

1901 5190 2335 5264 deposcendum,
2383 5190 2583 5248 resisto
2629 5192 2701 5249 ei.
2733 5191 2861 5250 Scio
2903 5195 3049 5252 enim
3093 5196 3239 5267 quod
3270 5199 3318 5255 si
3357 5200 3495 5260 nihil

1908 5416 2043 5471 xvtt,
2068 5409 2196 5472 post
2226 5415 2370 5458 vers.
2403 5401 2458 5465 6.
2482 5402 2635 5473 juxta
2667 5404 2831 5469 LXX,
2862 5415 2949 5464 τοῦ
2979 5415 3168 5467 πιστοῦ
3197 5406 3311 5475 ὅλος
3335 5412 3365 5471 ὅ
3408 5416 3498 5473 κϐ-

1906 5494 2035 5539 σμιος
2062 5480 2163 5529 τῶν
2184 5475 2489 5550 χρημάτων,
2515 5482 2604 5532 τοῦ
2634 5476 2689 5533 δὲ
2707 5481 2931 5550 ἀπίστου
2962 5481 3073 5536 οὐδὲ
3095 5482 3292 5545 ὀϐολός.
3324 5484 3502 5544 Inter-

1910 5554 2155 5622 pretatur
2177 5549 2547 5622 _llieronymus
2576 5552 2738 5622 epist.
2772 5549 2864 5622 55,
2906 5551 2973 5606 ad
3004 5554 3311 5622 Paulinum,
3346 5574 3497 5616 num.

1912 5615 1979 5670 10
2010 5632 2023 5668 :
2054 5614 2295 5699 Credenti
2340 5614 2473 5699 totus
2495 5614 3071 5699 .mundus_diuitiarum
3095 5632 3184 5699 est
3222 5642 3243 5680 .'
3274 5614 3505 5699 inﬁdelis

1909 5700 2079 5765 autem
2117 5690 2273 5741 etiam
2313 5686 2461 5743 obolo
2489 5688 2703 5759 indiget.
2738 5691 2870 5748 Vide
2895 5710 3015 5764 qua:
3040 5694 3109 5751 ad
3140 5693 3284 5758 hunc
3318 5686 3503 5765 locum

1910 5760 2284 5816 observamus.

2998 5860 3075 5925 10
