3978 6338
1697 301 1756 360 S.
1798 296 2074 360 EUSEBll
2110 294 2502 358 BIERONYMI

3639 301 3741 361 500

442 401 704 471 debuero,
733 401 790 458 in
816 414 905 458 me
932 414 1041 457 non
1074 399 1239 457 habet
1285 405 1637 471 potestatem.
1670 398 1825 468 Quod
1853 399 1898 454 si
1940 397 2039 455 de-
2068 397 2123 461 Α
2148 410 2263 451 eam
2289 413 2307 445 .·
2333 406 2383 453 et
2410 398 2499 469 qui
2528 394 2814 470 perdiderit
2853 408 2986 467 eam,
3035 396 3251 456 saivabit
3294 410 3431 456 eam.
3480 396 3744 471 Martyres

443 495 591 552 bitor
620 495 793 563 fuero,
839 496 1019 552 mittet
1065 510 1153 553 me
1182 503 1409 551 exactor
1454 504 1610 550 meus
1650 492 1704 548 in
1736 505 2038 559 carcerem,

442 587 541 643 illo
567 587 760 645 ordine
789 588 881 660 qui
909 588 1204 660 prmdictus
1231 597 1338 644 est.
1387 586 1751 644 Adversarius
1778 586 1923 643 enim
1951 599 2041 641 me

445 680 595 737 ducit
613 682 682 738 ad
710 682 1035 754 principem,
1081 683 1358 754 princeps,
1392 680 1460 738 ad
1488 681 1753 753 judicem,
1787 682 1841 738 et
1864 680 2037 752 judex

448 773 626 829 tradet
654 776 744 830 me
770 775 1038 843 exactori,
1084 783 1139 830 et
1178 783 1413 830 exactor
1439 773 1621 830 mittet
1656 773 1711 828 in
1738 786 2038 829 carcerem.

448 868 581 937 Qua:
610 878 637 907 α
664 877 751 926 est
788 869 875 926 lex
900 869 1135 926 carceris
1171 868 1367 926 istius?
1410 866 1528 925 Non
1562 867 1815 941 egredior
1843 882 1909 923 ex
1941 880 2036 934 eo,

445 977 623 1034 neque
650 978 737 1019 me
763 972 991 1020 exactor
1016 963 1226 1035 patitur
1254 963 1429 1031 exire,
1459 961 1565 1019 nisi
1602 962 1851 1020 debitum
1876 976 2040 1017 omne

443 1058 788 1130 persolveru.
832 1056 953 1114 Non
980 1057 1147 1113 habet
1173 1066 1399 1115 exactor
1430 1062 1777 1129 potestatem,
1808 1062 1870 1111 ut
1904 1054 2038 1110 mihi

443 1153 633 1209 saltem
668 1152 1047 1225 quadrantem,
1083 1152 1171 1209 vel
1202 1152 1479 1208 minimam
1509 1153 1823 1223 portionem
1854 1150 2040 1206 valeat

440 1246 767 1315 concedam,
792 1250 932 1303 unus
951 1255 1057 1316 est,
1082 1239 1178 1316 qui
1205 1245 1549 1302 debitoribus
1578 1258 1685 1301 non
1708 1242 2039 1300 habentibus

442 1342 587 1398 unde
614 1342 951 1413 persolvant,
985 1350 1166 1411 potest
1189 1341 1516 1398 concedere.
1550 1340 1802 1406 Accessit,
1834 1338 2031 1411 inquit,

439 1437 508 1493 ad
531 1454 650 1492 eum
678 1454 812 1492 unus
841 1440 933 1509 qui
955 1430 1170 1492 debebat
1196 1437 1506 1508 quingentos
1527 1437 1791 1504 denarios,
1822 1445 1870 1492 et
1896 1434 2037 1489 alius

436 1531 817 1601 quinquaginta
845 1538 934 1584 εει
961 1542 1076 1584 cum
1119 1542 1223 1584 non
1263 1529 1509 1584 haberent
1548 1530 1689 1583 unde
1737 1528 2032 1595 redderent,

436 1622 684 1677 ambobus
710 1623 924 1677 donavit
952 1622 1120 1697 (Luc.
1154 1623 1289 1694 vit).
1338 1622 1442 1691 Qui
1479 1620 1728 1686 donavit,
1776 1621 2034 1679 Dominus

436 1723 520 1768 est
540 1732 555 1767 :
579 1715 684 1769 iste
710 1729 845 1771 vero
869 1715 961 1785 qui
986 1726 1210 1770 exactor
1236 1724 1345 1783 est,
1376 1729 1488 1771 non
1518 1723 1605 1771 est
1632 1715 1909 1783 dominus,
1936 1716 2030 1771 sed

2146 499 2401 560 quierunt
2432 489 2643 548 salvare
2666 491 2900 548 animam
2932 494 3085 548 suam
3120 509 3134 547 :
3169 502 3459 565 propterea
3483 492 3740 565 perdunt,

2145 590 2205 637 ut
2227 581 2438 639 salvent
2475 597 2619 641 eam.
2678 584 2780 652 Qui
2829 598 2962 641 vero
3002 583 3194 641 volunt
3239 587 3458 642 salvare
3504 584 3743 640 animam

2144 689 2318 745 suam,
2354 686 2413 732 ut
2453 692 2561 734 non
2598 679 2830 749 perdant
2867 694 3011 749 eam,
3039 679 3094 736 1ιί
3118 686 3173 737 ει
3203 696 3403 752 corpus
3423 690 3480 736 et
3501 680 3741 735 animam

2141 770 2381 841 perdunt
2451 771 2657 842 pariter
2697 773 2751 828 in
2794 770 3121 845 gehennam.
3185 772 3531 842 Quamobrem
3586 770 3747 827 nolite

2147 864 2325 918 timere
2348 881 2456 931 eos,
2485 866 2584 932 ait,
2613 866 2701 938 qui
2727 876 2944 939 possunt
2967 880 3156 939 corpus
3181 868 3434 933 occidere,
3464 866 3556 922 sed
3573 866 3746 921 timete

2140 957 2311 1028 magis
2340 974 2455 1013 eum
2484 960 2572 1031 qui
2597 969 2761 1031 potest
2795 962 3021 1015 animam
3051 971 3099 1017 et
3117 978 3305 1032 corpus
3333 962 3547 1031 perdere
3573 961 3627 1015 iu
3658 970 3744 1034 ge;

2140 1050 2369 1106 bennam
2400 1052 2553 1122 (Luc.
2589 1054 2750 1127 xvtt).
2784 1050 2897 1110 lloc
2921 1053 2987 1111 ad
3018 1057 3381 1126 propositum,
3403 1055 3559 1128 juxta
3588 1054 3743 1111 vires

2140 1145 2344 1217 ingenii
2377 1149 2550 1205 nostri
2611 1149 2858 1206 breviter
2898 1150 3218 1207 dixerimus.
3270 1150 3529 1207 Animalia
3569 1161 3745 1205 autem

2140 1257 2245 1296 non
2273 1244 2457 1316 recipit
2478 1260 2538 1298 ea
2566 1259 2683 1316 qua
2709 1250 2834 1300 sunt
2862 1244 3083 1315 spiritus
3112 1240 3155 1317 (l
3181 1245 3303 1303 Cor.
3327 1243 3387 1316 tt)
3412 1263 3428 1300 :
3452 1256 3508 1301 et
3536 1242 3747 1300 idcirco

2138 1335 2335 1391 salvari
2368 1352 2477 1392 non
2504 1344 2701 1409 potest.
2730 1337 3031 1395 Seminatur
3068 1356 3257 1414 corpus
3287 1340 3536 1407 animale,
3567 1336 3741 1409 surgit

2138 1444 2328 1498 corpus
2361 1429 2597 1501 spiritale
2624 1430 2666 1502 (l
2698 1428 2818 1487 Cor.
2862 1429 2979 1504 xv).
3021 1431 3193 1488 Porro
3238 1430 3330 1505 qui
3361 1431 3602 1488 adltmret
3633 1430 3746 1486 Do-

2135 1522 2307 1587 mino,
2359 1522 2589 1591 spiritus
2617 1537 2761 1579 unus
2790 1522 3053 1580 efficitur.
3081 1522 3137 1582 Si
3160 1538 3294 1595 ergo
3340 1520 3434 1595 qui
3496 1523 3739 1579 Domino

2137 1614 2450 1683 copulatur,
2500 1630 2624 1671 cum
2680 1616 2935 1672 animalis
2960 1625 3113 1673 esset
3137 1630 3238 1689 per
3266 1612 3318 1672 id
3350 1619 3405 1672 in
3435 1614 3743 1688 Spiritalcm

2136 1708 2394 1777 vertitur,
2424 1717 2481 1765 et
2498 1725 2641 1766 unus
2667 1721 2752 1767 εει
2774 1711 3001 1782 spiritus
3031 1729 3045 1763 :
3080 1726 3180 1767 nos
3202 1727 3418 1782 quoque
3447 1708 3745 1782 perdamus

427 1819 458 1859 a
489 1806 715 1862 domino
738 1806 808 1861 ad
836 1806 1106 1876 exigenda
1136 1805 1323 1862 debita
1352 1807 1701 1877 prmpositus.
1734 1805 1852 1861 Non
1885 1806 2031 1861 fuisti
2063 1808 2110 1870 Β
2136 1803 2374 1857 animam
2423 1813 2688 1868 nostram,
2723 1814 2783 1859 ut.
2810 1805 3159 1861 adhaerentes
3218 1806 3444 1861 Domino
3475 1805 3527 1860 in
3568 1822 3740 1862 unum

435 1896 633 1970 dignus
658 1910 719 1953 ut
759 1897 859 1953 tibi
909 1899 1213 1969 quingenti,
1247 1899 1364 1953 sive
1390 1898 1783 1969 quinquaginta
1826 1896 2036 1954 denarii

432 1989 794 2055 donarentur,
826 2004 929 2045 nec
957 1989 1153 2046 audire
1185 1989 1462 2057 meruisti,
1511 1989 1733 2045 dimissa
1766 2000 1893 2045 sunt
1941 1989 2037 2046 tibi

436 2082 634 2141 delicta
659 2091 749 2138 tua
779 2099 796 2137 :
832 2082 927 2138 sed
954 2082 1191 2138 mitteris
1214 2084 1267 2137 in
1293 2096 1596 2148 carcerem,
1621 2090 1677 2137 et
1697 2081 1773 2137 ibi
1801 2082 2035 2153 exigeris

432 2192 532 2248 per
568 2176 813 2233 laborem
840 2187 896 2232 et
930 2190 1119 2247 opera,
1149 2176 1266 2232 sive
1296 2190 1394 2246 per
1425 2189 1612 2246 ptenas
1641 2186 1805 2247 atque
1828 2176 2036 2247 suppli-

431 2270 538 2337 cia,
580 2279 639 2326 et
664 2286 772 2325 non
805 2270 933 2324 inde
966 2270 1121 2325 exies
1147 2269 1253 2324 nisi
1300 2264 1609 2324 reddideris
1648 2268 2030 2338 quadrantem,

430 2365 525 2420 vel
555 2363 919 2420 novissimum
953 2362 1252 2429 minutum,
1296 2361 1443 2432 quod
1471 2360 1499 2400 δ
1526 2360 1718 2418 Graece
1748 2369 1899 2415 tenue
1922 2361 2031 2417 dici

430 2466 631 2530 potest.
658 2457 887 2513 Peccata
918 2464 1098 2511 autem
1127 2465 1315 2511 nostra
1337 2454 1556 2526 pinguia
1584 2462 1732 2510 sunt.
1764 2452 2032 2511 Scribitur

429 2551 573 2606 enim
615 2569 628 2604 :
675 2548 1037 2603 Incrassatum
1086 2557 1158 2603 est
1216 2562 1306 2601 cor
1362 2546 1541 2619 pepuli
1583 2545 1746 2619 hujus
1792 2543 2026 2617 (Matth.

427 2658 556 2708 xm;
591 2643 705 2697 Act.
744 2639 962 2712 xxvnt).
996 2640 1104 2695 Aut
1146 2639 1550 2711 comparatione
1578 2638 1830 2710 majoris,
1863 2647 2029 2694 tenue

426 2746 590 2807 atque
629 2733 856 2792 subtile.
905 2734 1109 2789 Beatus
1147 2741 1234 2788 est
1276 2732 1458 2803 igitur,
1510 2730 1748 2800 primum
1797 2732 1888 2800 qui
1918 2748 2025 2786 non

427 2835 641 2898 peccat,
671 2824 914 2884 secundo
943 2833 1003 2880 ut
1026 2824 1079 2879 in
1099 2824 1394 2880 collatione
1419 2823 1619 2893 aliquis
1649 2822 1839 2879 saltem
1863 2831 2029 2879 tenue

430 2931 716 2990 peccatum
750 2919 971 2973 habeat.
1005 2917 1073 2972 Et
1102 2917 1244 2971 inter
1271 2917 1385 2984 ipsa
1414 2930 1628 2987 quoque
1656 2916 1835 2972 tenuia
1862 2925 2027 2987 atque

425 3014 673 3077 subtilia,
723 3020 810 3068 est
833 3011 1133 3067 diversitas
1176 3017 1549 3080 peccatorum.
1584 3008 1701 3063 Nisi
1745 3018 1895 3065 esset
1924 3024 2023 3079 pe-

426 3108 588 3163 cunia
618 3103 861 3171 subtilis,
894 3117 1193 3173 numquam
1222 3101 1537 3157 diceretur:
1568 3100 1694 3155 Non
1715 3102 1853 3155 exies
1880 3101 2021 3167 inde,

2143 1895 2397 1966 spiritum
2422 1898 2901 1953 transformamur.
2928 1899 3033 1955 Sed
3060 1909 3114 1954 et
3144 1900 3211 1954 de
3242 1915 3414 1971 regno
3441 1900 3536 1957 Dei
3562 1896 3742 1958 inter-

2141 1996 2384 2057 rogatus,
2416 1988 2707 2059 reSpondit
2736 1989 2994 2046 Salvator
3030 1990 3324 2048 Phariszeis
3356 2008 3370 2047 :
3406 1992 3631 2061 Quando
3656 2010 3744 2049 re-

2138 2080 2297 2145 nerit,
2330 2079 2533 2151 inquit,
2557 2098 2661 2135 non
2691 2082 2830 2136 venit
2850 2100 3063 2156 regnum
3087 2078 3185 2139 Dei
3206 2101 3323 2139 cum
3357 2086 3738 2155 observatione,

2139 2188 2303 2242 neque
2327 2174 2532 2237 dicunt,
2562 2190 2676 2229 ecce
2706 2173 2812 2244 hic,
2836 2189 2929 2230 aut
2956 2194 3070 2232 ecce
3106 2174 3195 2232 ibi.
3218 2176 3452 2245 Regnum
3474 2180 3611 2233 enim
3640 2174 3742 2235 Dei

2138 2265 2280 2318 intra
2302 2281 2388 2319 vos
2413 2276 2488 2319 est
2511 2266 2670 2338 (Luc.
2698 2268 2988 2340 xvu).Non
3022 2262 3279 2326 omnibus
3306 2264 3559 2327 Salvator
3580 2268 3739 2339 dicit,

2135 2371 2357 2427 regnum
2388 2355 2489 2411 Dei
2529 2358 2667 2412 intra
2697 2375 2786 2414 vos
2815 2370 2893 2415 est
2920 2379 2937 2417 :
2967 2360 3233 2433 siquidem
3266 2364 3318 2418 in
3352 2362 3742 2434 peccatoribus

2134 2464 2361 2520 regnum
2393 2453 2599 2520 peccati
2620 2461 2725 2519 est,
2749 2463 2805 2509 et
2830 2454 3042 2527 absque
3072 2456 3179 2511 ulla
3205 2455 3588 2528 ambiguitate,
3643 2465 3741 2515 aut

2137 2558 2362 2614 regnum
2412 2546 2644 2615 peccati,
2703 2557 2795 2603 aut
2850 2565 3079 2620 regnum
3121 2550 3219 2607 Dei
3255 2550 3306 2605 in
3339 2548 3505 2607 corde
3543 2562 3740 2607 nostro

2131 2638 2385 2707 imperat.
2403 2637 2562 2695 Unde
2580 2639 2698 2696 sive
2714 2656 2837 2712 qua:
2858 2642 3103 2711 facimus,
3132 2645 3249 2699 sive
3276 2660 3396 2716 qua:
3427 2645 3732 2715 loquimur,

2131 2727 2246 2784 sive
2262 2745 2383 2800 qua:
2408 2732 2735 2802 cogitamus,
2762 2735 3204 2805 contemplemur
3227 2736 3513 2804 attentius,
3537 2751 3589 2792 et
3606 2747 3739 2793 tunc

2130 2821 2437 2878 videbimus
2469 2833 2649 2878 utrum
2687 2824 2784 2881 Dei
2809 2827 3106 2898 imperium
3156 2840 3346 2899 regnet
3375 2828 3428 2884 in
3454 2830 3635 2901 nobis,
3664 2845 3737 2885 an

2130 2915 2416 2985 imperium
2452 2915 2816 2975 delictorum.
2870 2920 3044 2987 Quam
3112 2922 3491 2979 diversitatem
3548 2926 3735 2981 sciens

2126 3007 2442 3073 Apostolus,
2473 3012 2735 3080 quosdam
2762 3024 3097 3081 commonet,
3122 3015 3315 3071 dicens
3344 3035 3357 3071 :
3384 3016 3508 3071 Non
3545 3024 3733 3090 regnet

2126 3110 2392 3170 peccatum
2420 3102 2475 3155 in
2506 3102 2714 3157 mortali
2736 3115 2899 3160 vestro
2922 3120 3137 3178 corpore
3166 3104 3342 3175 (Rom.
3371 3108 3470 3180 vt).
3523 3106 3578 3165 Si
3612 3106 3737 3179 quis

424 3198 592 3252 donec
618 3195 809 3252 reddas
838 3195 1171 3250 nouissimum
1196 3194 1563 3263 quadrantem.
1586 3192 1872 3260 Quomodo
1902 3194 2020 3249 sine
2049 3198 2093 3261 ς
2128 3196 2903 3270 nostrttmdesideratregnum
2927 3198 3045 3265 Dei,
3063 3207 3318 3271 regnatur
3338 3203 3505 3258 abeo.
3537 3200 3735 3273 Siquis

428 3290 662 3362 pecunia
692 3288 901 3345 diceret
927 3285 1284 3342 novissimum
1316 3285 1607 3351 minutum,
1639 3285 1784 3355 quod
1814 3294 1897 3341 est
1925 3286 2023 3341 dc—

427 3382 636 3450 narius,
662 3384 777 3438 sive
800 3394 1079 3446 nummus,
1104 3379 1222 3434 sive
1250 3378 1473 3445 obolus,
1504 3379 1591 3435 vel
1613 3386 1837 3433 statera.
1863 3378 2020 3446 Quod

424 3477 471 3534 si
495 3491 744 3548 magnam
766 3475 1055 3547 pecuniam
1076 3473 1449 3541 debuerimus,
1481 3473 1624 3529 sicut
1653 3473 1743 3528 ille
1768 3476 1858 3545 qui
1890 3475 2024 3530 scti-

423 3572 572 3629 bitur
613 3572 803 3628 decem
831 3570 997 3626 millia
1030 3567 1231 3623 talenta
1262 3566 1517 3623 debuisse
1551 3566 1780 3637 (Matth,
1823 3565 2019 3640 xun),

428 3674 633 3736 quanto
662 3670 913 3732 tempore
941 3660 1261 3716 claudamur
1284 3658 1339 3714 in
1359 3672 1602 3727 carcere,
1626 3657 1802 3713 donec
1828 3658 2024 3713 redda-

428 3773 554 3815 mus
594 3755 871 3820 debitum,
912 3764 1026 3808 non
1064 3766 1284 3822 possum
1327 3751 1613 3806 manifeste
1646 3751 2019 3821 pronuntiare.

426 3849 489 3907 Si
527 3850 673 3907 enim
704 3848 798 3920 qui
828 3860 1021 3917 parum
1049 3844 1233 3913 debet,
1267 3857 1375 3899 non
1407 3842 1740 3914 egredietur,
1788 3843 1895 3898 nisi
1929 3855 2024 3898 ex-

432 3946 611 4002 solvat
641 3942 909 3999 minutum
938 3937 1297 4010 quadrantem
1326 3936 1551 4007 :utique
1594 3936 1686 4007 qui
1732 3944 1882 3991 tanto
1925 3935 2023 3991 de-

427 4040 546 4098 bito
582 4038 749 4094 fuerit
774 4034 1047 4092 obnoxius
1077 4031 1287 4087 inﬁnita
1318 4030 1368 4086 ei
1404 4031 1472 4084 ad
1502 4028 1834 4085 reddendum
1869 4028 2026 4084 debi-

430 4143 547 4191 tum
574 4131 775 4188 sarcula
795 4124 1252 4183 numerabuntur.
1274 4122 1620 4194 Quapropter
1637 4132 1659 4162 ο
1681 4121 1875 4177 demus
1895 4136 2027 4192 ope-

432 4243 576 4292 ram,
608 4234 669 4281 ut
694 4225 992 4280 liberemur
1014 4219 1081 4275 ab
1102 4217 1438 4285 adversario,
1467 4217 1596 4273 dum
1626 4231 1815 4272 sumus
1836 4215 1890 4271 in
1913 4217 2025 4281 via,

433 4329 490 4379 et
512 4320 806 4391 jungamur
849 4315 1080 4371 Domino
1110 4312 1265 4377 Jesu,
1297 4311 1385 4367 cui
1417 4320 1501 4366 est
1540 4312 1713 4382 gloria
1753 4320 1807 4367 et
1857 4311 2026 4381 impc-

428 4416 573 4473 rium
602 4413 655 4469 in
687 4410 887 4468 szecula
913 4409 1265 4464 saeculorum.
1298 4404 1498 4461 Amen.

744 4524 909 4596 359
931 4550 952 4564 -
976 4522 1138 4593 360
1174 4518 1459 4578 HOMILIA
1497 4520 1741 4579 XXXVI.
1804 4560 1812 4583 ο

2131 3286 2374 3342 avaritia:
2400 3287 2598 3345 ardore
2628 3292 2921 3361 cruciatur,
2943 3305 3202 3364 regnatur
3217 3293 3285 3349 ab
3309 3294 3562 3351 avaritia.
3589 3292 3729 3351 Por-

2129 3397 2197 3433 ru
2220 3382 2310 3452 qui
2343 3382 2665 3453 injustitiam
2695 3387 2939 3457 reginam
2983 3387 3169 3455 habet,
3203 3400 3463 3462 regnatur
3520 3391 3590 3447 ab
3639 3406 3733 3448 ea.

2128 3470 2233 3539 Qui
2258 3484 2410 3528 vanae
2436 3474 2625 3545 gloria:
2653 3476 2954 3535 ambitione
2983 3481 3311 3544 sustollitur.
3329 3492 3523 3553 regnat
3544 3484 3595 3540 ei
3624 3500 3731 3539 au-

2136 3580 2199 3620 ra
2225 3569 2522 3637 popularis.
2556 3570 2655 3638 Qui
2688 3583 2901 3643 moeret,
2928 3573 3019 3645 qui
3042 3574 3241 3645 aliquid
3272 3576 3613 3647 reformidat,
3639 3577 3735 3649 qui

2129 3666 2299 3725 amat,
2314 3659 2404 3730 qui
2420 3661 2723 3730 desiderat,
2741 3663 3011 3735 imperant
3025 3670 3071 3723 ei
3090 3666 3321 3740 singula,
3339 3679 3498 3739 prout
3513 3679 3735 3741 pertur-

2132 3750 2443 3808 bationibus
2475 3756 2643 3810 variis
2667 3758 3002 3826 possidetur.
3032 3762 3165 3829 Qna:
3187 3763 3372 3817 omnia
3396 3778 3737 3835 cognoscen-

2132 3854 2236 3911 tes,
2266 3854 2321 3899 et
2350 3861 2511 3916 quam
2542 3849 2714 3904 multa
2746 3850 2855 3905 sint
2876 3867 3073 3921 genera
3094 3868 3407 3926 regnorum,
3444 3872 3735 3928 surgamus

2133 3951 2533 4010 precemurque
2555 3940 2751 4008 Deum,
2776 3954 2834 3997 ut
2858 3944 3070 4001 auferat
3094 3962 3123 4001 a
3155 3947 3314 4003 nobis
3366 3963 3596 4019 regnum
3627 3949 3735 4004 ini-

2133 4029 2282 4099 mici,
2308 4040 2363 4087 et
2392 4034 2663 4103 possimus
2694 4035 2795 4092 sub
2825 4053 2994 4107 regno
3018 4053 3145 4096 esse
3182 4038 3276 4096 Dei
3307 4041 3731 4113 omnipotentis,

2136 4121 2191 4177 id
2224 4132 2310 4179 est
2333 4125 2437 4180 sub
2463 4140 2633 4198 regno
2651 4129 2951 4198 sapientia},
2984 4131 3151 4201 pacis.
3181 4129 3431 4203 iustitiae,
3461 4136 3732 4202 veritatis,

2131 4230 2253 4285 qua:
2279 4225 2477 4273 cuncta
2511 4218 2566 4273 in
2592 4219 2874 4291 unigenito
2906 4221 3001 4277 Dei
3036 4222 3175 4280 Filio
3211 4225 3622 4296 intelliguntur,
3647 4227 3734 4281 cui

2130 4322 2215 4368 est
2239 4312 2418 4384 gloria
2440 4324 2496 4370 et
2526 4315 2819 4387 imperium
2838 4319 2889 4371 in
2909 4319 3109 4373 smcuia
3143 4318 3499 4376 szeculorum.
3524 4322 3723 4377 Anien.

2637 4432 2927 4489 llOMlLlA
2967 4432 3234 4490 XXXVII.

2170 4547 2248 4602 De
2273 4561 2341 4604 eo
2370 4548 2516 4618 quod
2546 4563 2577 4603 a
2607 4547 2896 4618 discipulis
2946 4549 3132 4619 pullus
3160 4551 3330 4605 asinae
3354 4551 3569 4609 solutus
3589 4565 3694 4613 est.

430 4648 509 4705 De
537 4659 605 4702 eo
630 4638 776 4715 quod
807 4636 1069 4717 scriptum
1101 4644 1185 4692 est
1213 4656 1225 4690 :
1249 4635 1351 4701 Qui
1371 4634 1595 4717 poluerit
1619 4639 2017 4717 animamauam
2052 4623 2105 4684 D
2199 4640 2424 4696 Lectum
2452 4650 2540 4697 est
2571 4641 2624 4696 in
2655 4640 2954 4712 Evangelio
2997 4642 3298 4698 secundum
3328 4642 3557 4710 Lucam,
3588 4662 3728 4717 quo-

502 4708 726 4779 salvere,
754 4711 929 4779 perdet
967 4725 1097 4775 eam,
1118 4722 1288 4778 usque
1318 4708 1387 4764 ad
1420 4725 1544 4765 eum
1567 4710 1747 4765 locum
1782 4713 1874 4768 ubi
1908 4718 2012 4770 ait:

501 4791 742 4862 Regnum
763 4783 864 4839 Dei
887 4782 1027 4835 intra
1061 4797 1148 4834 vos
1175 4788 1272 4837 est.

429 4888 456 4903 ”
504 4901 609 4971 Qui
629 4896 910 4971 qumsierit,
936 4893 1131 4964 inquit,
1160 4892 1387 4946 animum
1406 4906 1553 4949 suam
1578 4898 1799 4968 salvare,
1839 4905 2015 4971 perdet

504 5072 533 5101 ι
572 5060 656 5116 Ex
688 5058 787 5112 hoc
816 5055 949 5130 item
990 5053 1114 5130 loco
1152 5050 1224 5106 cl.
1272 5050 1500 5130 liuetius
1534 5053 1760 5130 colligit,
1806 5070 2027 5130 ρυιηςεεε

434 5135 747 5207 Origenem,
783 5123 1371 5207 pugnis-damnatorum
1405 5125 1565 5207 linem
1595 5123 1907 5207 impositum
1938 5140 2023 5202 iri,

437 5217 494 5265 et
533 5195 716 5259 omnia
752 5195 918 5254 unum
960 5198 1012 5251 in
1057 5195 1169 5250 Deo
1214 5195 1431 5270 tandem
1482 5195 1770 5265 aliquando
1811 5195 2024 5270 futurai

435 5290 613 5348 neque
633 5274 770 5329 adeo
801 5271 933 5324 alias
959 5281 1119 5337 quam
1144 5268 1480 5348 purgatorias
1508 5282 1695 5348 primas
1716 5268 2022 5348 admisisse.

438 5338 626 5415 Nobis,
655 5356 977 5416 quamquam
1006 5349 1065 5416 et
1088 5354 1250 5416 supra
1279 5339 1345 5392 ad
1370 5339 1566 5416 H_otn_ii.
1587 5338 1659 5392 ‘24
1677 5344 2024 5416 animamur-

439 5410 626 5486 timus,
655 5410 709 5471 et
736 5410 855 5468 aliis
892 5411 1262 5486 (‘Qlllpllll'lbllS
1303 5425 1371 5465 ex
1406 5410 1537 5486 locis
1565 5413 1907 5486 manifestum
1936 5438 2023 5477 cr-

438 5496 581 5549 τοι-ῆς
607 5481 887 5545 teneamus
915 5482 1203 5555 Origenem
1238 5481 1290 5533 in
1323 5481 1621 5555 quaestione
1644 5484 1711 5537 de
1739 5502 2022 5555 paanartnn

436 5566 741 5619 aeternitate
776 5574 792 5613 :
819 5573 926 5637 non
948 5551 1142 5637 tamen
1173 5551 1532 5637 hunceadem
1584 5551 1833 5615 laborare
1864 5566 2022 5637 culpa

439 5643 757 5691 contextum
802 5629 1200 5691 existimamus,
1239 5624 1367 5693 quin
1410 5626 1585 5690 |~otiu~~
1615 5634 1922 5688 CCOltll‘nritl
1955 5624 2019 5692 ὃς

431 5707 503 5762 iis
543 5720 681 5759 unus
718 5702 983 5767 videatur,
1026 5697 1120 5768 qui
1164 5698 1215 5751 in
1262 5696 1381 5766 ejus
1409 5697 1781 5768 defensionem
1829 5708 2023 5764 adduci

430 5783 654 5851 queant.
677 5776 844 5851 Certe
857 5787 977 5851 cum
1003 5767 1186 5851 posset
1212 5767 1497 5823 commode
1519 5769 1876 5851 Adamantius
1897 5794 2023 5848 pro-

431 5842 666 5923 positam
696 5842 1011 5921 parabolam
1040 5842 1097 5901 in
1122 5854 1279 5897 suum
1307 5854 1529 5897 sensum
1560 5857 1819 5913 perverse
1846 5842 2024 5908 detor.

2128 4734 2292 4790 modo
2307 4750 2433 4791 cum
2456 4735 2699 4791 venisset
2715 4734 2970 4791 Salvator
2985 4734 3321 4807 Betbphage,
3337 4746 3391 4793 et
3404 4738 3732 4796 Bethaniam

2122 4830 2288 4896 juxta
2316 4839 2557 4885 montem
2588 4828 2809 4896 Oliveti,
2837 4828 3050 4885 miserit
3075 4829 3214 4885 duos
3233 4847 3266 4886 e
3290 4831 3728 4903 discipulissuis,

2128 4930 2189 4977 ut
2213 4921 2492 4978 solverent
2537 4920 2747 4993 pullum
2791 4921 2980 4991 asinte,
3013 4921 3107 4993 qui
3135 4921 3350 4978 vinctus
3377 4932 3519 4991 erat,
3556 4934 3616 4981 et
3640 4941 3734 4982 su-

2139 5089 2330 5143 quere,
2362 5077 2633 5134 catholico
2663 5078 2778 5136 fere
2818 5092 2981 5135 sensu
3008 5078 3259 5147 exposuit
3289 5095 3303 5134 :
3333 5090 3441 5133 tum
3482 5078 3732 5137 lucuien-

2141 5149 2348 5221 tissime
2377 5149 2643 5216 definivit,
2687 5152 2994 5221 graviorum
3031 5148 3317 5205 criminum
3351 5167 3475 5205 rens
3504 5153 3732 5209 :cternis

2139 5220 2474 5296 addiccndos
2503 5223 2806 5296 suppliciis,
2839 5239 2962 5296 cum
2994 5223 3069 5275 ait
3097 5238 3111 5277 :
3138 5223 3200 5274 Si
3240 5225 3415 5296 magni
3451 5227 3727 5296 pecuniam

2138 5291 2497 5365 debuerimus,
2535 5291 2665 5347 sicut
2708 5294 2801 5347 ille
2828 5295 2916 5365 qui
2944 5296 3197 5348 scribatur
3233 5291 3408 5348 decem
3443 5291 3614 5349 imum
3652 5308 3734 5351 ta-

2138 5361 2275 5434 lenta
2304 5363 2557 5427 debuisse,
2587 5379 2780 5433 quanto
2811 5361 3037 5432 tempore
3072 5365 3383 5418 claudamur
3411 5366 3464 5419 in
3498 5385 3727 5434 carcere,

2136 5432 2297 5509 donec
2326 5432 2605 5509 reddamus
2631 5436 2878 5501 debitum,
2908 5452 3013 5489 non
3052 5448 3258 5509 possunt
3297 5439 3569 5509 manifeste
3609 5432 3730 5509 praé

2132 5506 2488 5559 nuntiare.....
2510 5505 2697 5572 Utique
2712 5511 2798 5577 qui
2824 5517 2967 5561 tanta
2987 5509 3158 5561 debito
3177 5508 3334 5578 fuerit
3349 5505 3626 5575 obnoxius,
3651 5526 3731 5566 trt-

2135 5590 2316 5630 FlNi’l‘A
2340 5578 2389 5630 ei
2409 5578 2476 5630 ad
2497 5580 2817 5631 reddendum
2836 5579 3060 5633 debitum
3082 5580 3275 5633 alecula
3296 5582 3729 5637 numerabantur.

2208 5645 2233 5684 δ
2273 5649 2527 5725 Additum
2555 5651 2656 5725 hoc
2679 5665 2893 5720 quoque
2915 5666 3126 5706 comma
3146 5660 3235 5725 εει
3253 5652 3349 5725 aiis
3372 5651 3727 5725 Hieronymo,

2132 5728 2186 5770 ut
2219 5720 2442 5794 quodin
2465 5722 2647 5776 λεπτὸν
2673 5724 2822 5776 vocis
2843 5724 2990 5777 varia
3019 5720 3414 5794 signiﬁcatione
3442 5720 3731 5783 ludit'Ori-

2129 5803 2335 5865 genes,
2357 5789 2587 5865 Latinus
2625 5795 2798 5865 lector
2820 5789 3227 5865 assequer'etur.

2209 5871 2231 5899 ο
2277 5860 2483 5920 Vitiose
2507 5864 2792 5938 legebatur
2816 5860 2979 5923 antea
3009 5865 3267 5937 debemus,
3295 5881 3397 5939 pro
3415 5868 3616 5929 demus.
