3978 6338
212 439 286 497 30!
648 428 1090 488 TRANSLATIO
1129 426 1569 489 HOMILIARUM
1606 427 1783 488 ORIGI

1864 422 1937 490 ts
1973 423 2046 488 ιη
2082 404 2345 489 ιυσᾹιι.
2386 424 2555 491 nou.
2598 422 2888 493 XXXVIII.
3329 422 3435 499 sos

208 569 285 625 per
316 563 453 624 quem
475 526 649 605 nullus
696 546 983 605 hominum
1015 549 1307 621 aliquando
1339 550 1557 606 sederat
1578 548 1729 623 (Luc.
1759 549 1811 612 Α
1842 547 2096 606 laudabat
2146 550 2342 607 Deum.
2384 552 2540 620 Quod
2574 553 2838 610 Pharisaei
2888 554 3160 626 videntes,
3186 559 3443 621 dicebant

210 642 318 715 xu).
338 643 468 713 Quod
495 641 713 714 quidem
759 642 894 698 milli
943 642 1163 697 videtur
1191 645 1365 715 magis
1392 642 1459 697 ad
1482 643 1737 697 altiorem
1842 628 2074 697 Domino
2099 659 2115 698 :
2141 639 2391 714 Increpas
2408 660 2515 700 eos.
2544 643 2755 712 Quibus
2786 645 2877 702 ille
2897 648 3183 719 respondit
3212 666 3229 706 :
3258 650 3321 707 Si
3350 654 3439 709 isti

207 732 554 805 intelligentiam
574 776 590 800 ,
621 748 785 804 quam
812 728 879 789 ad
910 734 1219 804 simplicem
1253 732 1538 792 historiam
1570 734 1739 806 perli-
1840 732 2118 802 tacuerint,
2145 733 2346 808 lapides
2369 736 2670 792 clamabunt
2693 736 2916 811 (Matth.
2939 740 3045 810 tu).
3074 741 3304 807 Quando
3335 760 3439 802 nos

205 843 322 885 nere.
342 827 515 883 Asinus
528 829 745 883 vinctus
768 836 908 884 erat.
937 826 1211 884 Ubinam?
1233 829 1437 884 Contra
1460 830 1736 900 Belbpba-
1842 816 2134 895 loquimur,
2168 824 2380 897 lapides
2404 826 2571 882 silent
2596 842 2625 905 :_
2643 829 2864 899 quando
2897 845 2998 886 nos
3012 839 3277 899 tacemus,
3303 836 3441 903 lapi-

203 936 252 991 ge
273 929 318 976 et
340 916 659 975 Betllaniat'n.
716 921 757 975 Ε
784 921 986 991 quibus
1030 920 1295 976 Bethania
1346 921 1739 994 interpretatur
1842 914 1937 974 des
1958 919 2217 975 clamant.
2242 920 2428 998 Potest
2453 921 2598 977 enim
2616 922 2876 980 Dominus
2924 924 2993 981 de
3022 925 3293 998 lapidibus
3320 929 3442 986 istis

206 1024 225 1050 ι
244 1014 391 1069 domus
409 1010 717 1079 obedientiaz,
744 998 1058 1085 Detbpbngc
1082 1031 1234 1082 vero,
1281 1016 1464 1071 domu;
1495 1014 1740 1073 maxilla-
1843 1012 2107 1069 suscitare
2129 1012 2269 1069 filios
2289 994 2539 1073 Abrahae.
2568 1014 2688 1083 Quo
2717 1026 2962 1087 tempore
2980 994 3434 1079 nos‘tacebimus?

201 1092 679 1164 ram:saceriioialis
911 1138 935 1149 —
959 1096 1119 1181 362
1175 1109 1391 1180 quidam
1420 1109 1737 1166 Iocttszma-
1842 1105 2070 1173 Quando
2096 1104 2373 1163 refrixerit
2403 1107 2649 1163 Charitas
2687 1110 3006 1177 multorum,
3040 1113 3257 1184 quando
3301 1114 3438 1171 illud

207 1202 316 1257 silla:
337 1199 465 1257 enim
493 1198 870 1257 Sacerdotibus
900 1201 1190 1267 dabuntur,
1212 1203 1427 1259 sicutin
1452 1205 1573 1277 lege
1602 1220 1741 1276 prse-

1866 1197 1985 1267 tuod
2016 1214 2044 1253 a
2076 1190 2364 1255 Salvatore
2398 1200 2748 1271 praedicatum
2777 1210 2886 1270 est,
2916 1203 3077 1259 fuerit
3101 1206 3385 1276 impletum
3420 1225 3437 1267 :

202 1295 380 1365 cipitul'.
412 1294 536 1351 llluc
565 1304 699 1367 ergo
727 1293 817 1350 ubi
835 1295 1164 1365 obedientia,
1193 1296 1281 1352 ubi
1308 1290 1459 1354 locus
1481 1298 1739 1355 sacerdo-

1868 1289 2008 1346 δαείη
2051 1292 2261 1347 veniens
2316 1289 2366 1344 F
2370 1294 2493 1347 ilius
2531 1292 2757 1348 hominis
2797 1295 3018 1350 inveniet
3073 1297 3231 1367 ﬁdem
3282 1315 3439 1372 super

202 1387 313 1443 libus
333 1386 669 1458 mancipatus,
695 1384 861 1443 inittit
891 1387 1145 1444 Salvator
1166 1389 1467 1461 discipulos
1492 1406 1644 1460 suos,
1677 1402 1738 1446 ut
1843 1382 2077 1440 terram?
2105 1384 2402 1456 Propterea
2433 1382 2653 1441 Domini
2699 1386 3138 1444 misericordiam
3170 1390 3442 1462 depreceo

200 1478 588 1550 solt'antpulluni
622 1481 796 1537 asinae
824 1497 989 1552 super
1021 1500 1179 1552 quem
1228 1484 1408 1540 nullus
1456 1484 1738 1542 hominum
1845 1494 1986 1550 mur,
2036 1494 2105 1535 Ile
2135 1477 2295 1534 "(this
2352 1479 2680 1545 ιαεθηιίῦιιεν
2735 1480 2947 1550 lapides
2995 1482 3310 1549 ειθηιὶιθιιω
3343 1485 3443 1541 8(εά

200 1570 443 1643 aliquando
482 1572 725 1629 sederat.
778 1572 952 1629 Porro
978 1574 1104 1647 quid
1138 1575 1285 1631 aliud
1309 1591 1476 1647 super
1521 1578 1737 1633 asinum

1875 1588 2134 1644 aquantur
2171 1583 2226 1629 et
2256 1572 2542 1629 laudemus
2573 1574 2745 1629 Deum
2794 1573 2848 1629 in
2882 1574 3075 1641 Patre,
3126 1587 3183 1632 et
3204 1576 3364 1647 Filio,
3389 1586 3446 1633 et

200 1667 353 1723 sedere
374 1676 549 1739 potest
575 1666 779 1739 absque
802 1666 1063 1725 homine?
1087 1669 1224 1725 Volo
1256 1672 1537 1743 paulisper
1553 1687 1741 1729 exem-
1845 1664 2049 1737 Spiritu
2072 1676 2261 1722 sancto
2294 1682 2309 1725 :
2338 1666 2426 1722 cui
2448 1676 2534 1723 est
2563 1665 2737 1738 gloria
2762 1675 2819 1723 et
2849 1667 3140 1739 imperium
3171 1670 3225 1726 in
3248 1670 3451 1731 smeula

201 1756 315 1825 plum
333 1775 554 1826 sumere,
587 1770 641 1814 ul
684 1750 829 1831 quod
859 1760 1106 1816 dicturus
1122 1779 1262 1827 sunt,
1288 1764 1460 1833 possit
1488 1764 1738 1836 intelligi.
1847 1758 2193 1814 Stl‘culol'llm-
2227 1759 2423 1814 Amoti.

201 1851 422 1924 Scriptum
450 1858 531 1907 est
556 1852 609 1907 iu
640 1851 777 1908 Isaia
805 1871 818 1907 :
855 1852 998 1908 Visio
1027 1854 1417 1928 quadrupedum
1445 1856 1497 1912 iu
1528 1857 1744 1913 tribula-
2316 1872 2605 1929 ιιυωιιιιι
2644 1847 2936 1930 XXXVIII.

201 1941 992 2067 ξίῗξθξῖᾷῗῖιξιξακεζῖςαὶζχξὶ)’
1011 1955 1065 2067 εξ
1083 1947 1506 2067 τρὲίίλυβςτῗῗίυθ
1531 1950 1596 2055 δίξ
1616 1967 1743 2067 fui“
1780 1952 1819 2010 ῃ
1856 1991 1929 2044 lie
1954 2004 2022 2045 eo
2049 1988 2195 2067 quod
2225 1992 2487 2067 scriptum
2515 1999 2600 2048 est
2629 2006 2646 2047 :
2673 1990 2803 2067 Cum
2829 2000 3001 2048 autem
3033 1996 3455 2067 appropinquan

200 2041 338 2095 locum
363 2040 446 2097 ubi
467 2043 543 2096 ait
576 2057 592 2097 :
626 2039 750 2095 Non
774 2041 1055 2113 proderunt
1108 2043 1178 2097 eis
1230 2044 1422 2098 divitia:
1477 2046 1740 2117 aspiciunt.
1858 2039 1868 2042 ”
1902 2039 2017 2129 ’,ξιξ
2630 2039 2802 2135 ⁷

199 2131 532 2206 Unusquisque
554 2145 799 2191 nostrum
832 2135 1152 2192 consideret
1174 2146 1406 2207 quantas
1431 2154 1564 2209 Opes
1592 2139 1743 2209 aSpi—
1918 2148 2043 2209 eum
2073 2132 2371 2209 [compulsi
2394 2136 2469 2191 ait
2498 2131 2513 2189 ὲ
2546 2131 2715 2208 Ejecit
2735 2131 2909 2192 clunes
2954 2131 3226 2194 vettdeutes
3254 2131 3459 2195 caluitio

197 2225 296 2281 dum
318 2202 793 2299 ante-portaverit,
826 2220 1057 2299 quantas
1088 2202 1313 2286 divitias
1345 2202 1748 2298 bestiarum,et
1922 2203 2033 2259 ba"
2063 2205 2196 2275 Cap'
2220 2202 2364 2262 Xlx'

199 2321 428 2391 quomodo
448 2339 744 2393 numquam
778 2322 1127 2379 rationabilis
1158 2318 1320 2381 homo
1352 2324 1558 2380 sederit
1584 2341 1749 2397 super
1922 2320 2051 2373 Cum
2081 2320 2548 2391 appropinquasset
2599 2318 2899 2377 Jerusalem
2950 2321 3209 2379 Dominus
3256 2333 3453 2392 noster.

197 2415 367 2471 asinum
394 2422 665 2486 nostrum,
698 2433 807 2473 non
839 2434 1019 2473 sermo
1044 2417 1233 2491 Moysi,
1263 2435 1370 2475 non
1413 2419 1590 2484 lsaim,
1639 2436 1746 2474 non
1852 2410 2029 2466 videns
2058 2427 2173 2466 eum
2196 2412 2358 2483 ﬂevit,
2384 2424 2434 2466 et
2460 2413 2593 2467 dixit
2623 2429 2643 2469 :
2674 2413 3087 2487 Sicognosceres
3114 2423 3163 2470 et
3208 2426 3262 2470 tu
3289 2417 3343 2469 in
3369 2417 3461 2471 die

195 2507 427 2573 Jcrcmire.
460 2525 557 2566 nec
578 2510 920 2579 reliquorum
952 2510 1199 2565 omnium
1230 2514 1627 2581 pronltelarum
1659 2524 1750 2567 :et
1849 2507 1951 2559 ἰδία
1976 2521 2092 2577 qua
2119 2504 2189 2559 ηά
2230 2522 2407 2577 pacem
2435 2515 2558 2559 δτιηι
2586 2506 2709 2575 libi;
2740 2524 2880 2561 ηειηο
2919 2521 3094 2563 utilem
3146 2508 3455 2563 οὔδεοηάὶεϐ

197 2602 362 2659 Videbit
387 2612 508 2660 utne
539 2605 756 2660 sedisse
786 2621 949 2675 super
978 2621 1077 2659 nos
1106 2620 1415 2661 sermonem
1460 2604 1558 2661 Dei
1585 2616 1751 2674 atque
1850 2599 2049 2653 δυηιαὺ
2078 2598 2241 2653 οειιιὶε
2263 2599 2646 2669 lui8,quoniam
2672 2600 2870 2656 venient
2892 2604 3004 2655 dies
3020 2617 3178 2673 super
3193 2611 3260 2669 te,
3280 2611 3325 2655 et
3347 2601 3457 2655 cir-

200 2696 449 2763 ralioucm,
472 2698 692 2769 quando
725 2699 874 2752 venit
905 2696 1164 2753 Dominus
1193 2699 1376 2765 Jcsus,
1407 2708 1463 2754 et
1490 2700 1753 2769 pra‘ccpit
1852 2690 2171 2745 cumdabuttt
2201 2702 2248 2746 te
2270 2692 2468 2746 inimici
2496 2692 2572 2747 tui
2598 2690 2757 2748 vallo.
2788 2692 3136 2750 Sacramenta
3168 2705 3297 2749 sunt
3331 2708 3456 2763 quas

198 2788 434 2860 discipulis
476 2791 617 2859 suis,
650 2802 712 2846 ut
746 2801 940 2847 euntes
967 2791 1247 2847 Saltercnt
1297 2791 1497 2862 pullum
1553 2793 1748 2859 asina},
1853 2783 2130 2849 άίιευηίυΐς
2178 2791 2234 2839 εἴ
2268 2785 2862 2856 εβείάηιυεννὲιιιάθηῑε
2879 2785 3014 2855 ῡθθι
3042 2787 3258 2856 aPerire
3284 2800 3450 2857 Ροδεο

195 2884 263 2948 qui
287 2885 417 2956 prius
446 2887 666 2944 vinctus
700 2887 899 2953 fuerat,
937 2898 996 2942 ut
1023 2886 1163 2943 liber
1186 2887 1482 2945 incederet.
1526 2888 1751 2943 Solutus
1854 2868 2355 2953 363-36ﬁquod
2381 2880 2575 2938 latitat.
2595 2880 2837 2939 Primum
2856 2898 2988 2953 ergo
3004 2882 3073 2938 de
3090 2881 3219 2938 ﬂetu
3237 2881 3458 2952 ejusvio

196 2974 341 3046 ithne
383 2980 566 3051 pullus
617 2979 787 3035 asina;
835 2979 1126 3037 adducitur
1153 2980 1222 3036 nd
1247 2982 1454 3049 Iesum,
1507 2984 1573 3037 ad
1598 2982 1754 3053 cujus
1855 2974 2328 3030 dendunt.0ntnes
2350 2976 3456 3049 beatitudinesquaslocutusestiuEvano

194 3068 476 3129 solutionem
503 3073 736 3129 mittens
794 3074 1095 3145 discipulos
1127 3076 1342 3131 dixerat
1373 3092 1387 3130 :
1419 3076 1480 3131 Si
1510 3078 1624 3147 quis
1666 3091 1755 3131 vos
1855 3065 1997 3137 solio
2032 3065 2214 3135 Iesus,
2246 3085 2345 3125 suo
2369 3070 2546 3127 ﬁrmat
2570 3071 2840 3142 exemplo,
2865 3070 3093 3143 etquod
3118 3071 3323 3135 docuit.
3348 3086 3454 3142 pro

195 3164 535 3238 inter-rogaverit
560 3186 726 3239 quare
753 3170 951 3223 solvitis
976 3168 1200 3242 pullum,
1253 3169 1407 3227 dicite
1426 3172 1471 3225 ei
1495 3171 1617 3240 quia
1645 3168 1753 3225 Do-
1858 3161 2168 3217 testimonio
2196 3163 2596 3234 proltal..Bcati,
2618 3164 2814 3235 inquit,
2833 3166 2999 3220 mites.
3023 3164 3154 3220 Iluic
3172 3165 3350 3220 simile
3372 3173 3459 3220 est

194 3256 329 3313 minus
369 3265 710 3316 necessarium
761 3261 912 3315 illum
968 3263 1137 3316 habet.
1172 3263 1322 3318 Mulli
1352 3273 1510 3320 erant
1539 3264 1751 3319 domini
1857 3254 1926 3309 de
1955 3256 2270 3326 ,εοπιθιίρεο
2301 3276 2316 3313 ε
2352 3256 2547 3313 Dim.“
2600 3275 2634 3311 α
2687 3274 2789 3329 τηε,
2848 3258 3089 3325 (Ιαυηίαή
3143 3259 3281 3312 ’παῖε
3333 3272 3453 3312 δίεπ’

196 3348 323 3418 liuius
346 3343 471 3422 pulli
490 3353 517 3393 ιι
544 3365 841 3424 antequam
872 3355 1121 3412 Salvator
1152 3373 1273 3412 eum
1305 3356 1533 3413 haberet
1561 3372 1750 3414 neces-
1780 3338 1825 3401 δ
1860 3347 2084 3422 (Μαηή-
2116 3351 2215 3424 ιι)-
2237 3350 2388 3407 Bm"
2415 3354 2621 3423 Ραεδβεί
2647 3370 2665 3412 -'
2689 3365 2745 3410 ει
2768 3355 2894 3425 (Ιυί8
2918 3354 3057 3410 alius
3083 3356 3155 3409 ila
3176 3355 3457 3426 Ραθίίίουεο

192 3445 356 3499 sarium
388 3463 402 3501 :
427 3456 717 3518 postquam
752 3464 884 3502 vero
925 3448 1020 3503 ille
1071 3449 1241 3515 ccepit
1296 3464 1421 3505 esse
1467 3448 1745 3517 dominus,

1937 3440 2200 3498 Dominus
2224 3461 2377 3499 meus
2407 3445 2593 3515 Jesus,
2625 3448 2717 3519 qui
2746 3457 2831 3504 est
2860 3460 2961 3519 pax
2991 3455 3199 3516 nostra,
3222 3451 3313 3519 qui
3341 3448 3458 3503 θοι-
3492 3435 3499 3441 ’

196 3534 343 3602 plures
370 3538 571 3595 domini
596 3554 719 3594 esse
746 3551 1122 3595 cessaverunt.
1174 3539 1347 3596 Nemo
1375 3542 1521 3596 enim
1566 3550 1749 3611 potest
1853 3536 1930 3591 vit
1958 3536 2321 3607 inimicitiam,
2355 3539 2484 3595 etin
2516 3554 2613 3595 sua
2643 3556 2762 3595 eam
2788 3556 2951 3597 carne
2976 3541 3277 3596 destruxit?
3302 3539 3458 3595 Beati

195 3625 277 3682 Deo
301 3631 494 3686 servire
524 3642 584 3687 et
612 3646 962 3686 tnauuuonas.
983 3632 1214 3699 Quando
1242 3632 1467 3689 malitia:
1488 3635 1745 3701 servieri-
1852 3632 1941 3701 qui
1983 3632 2384 3703 persecutionem
2430 3634 2704 3704 patiuntur
2731 3643 2940 3707 propter
2956 3635 3238 3706 justitiam.
3287 3634 3461 3691 Nemo

194 3734 302 3788 mus,
331 3724 504 3780 multis
559 3740 757 3781 sumus
794 3725 1147 3797 passiouibus
1199 3726 1453 3799 vitiisque
1491 3727 1743 3799 subjecti.
1853 3723 1935 3779 :ic
1968 3726 2406 3794 persecutionem
2449 3740 2642 3796 passus
2687 3737 2774 3782 est
2805 3736 3027 3797 propter
3057 3725 3350 3797 jusritiam,
3400 3736 3462 3784 ut

193 3813 395 3874 Solvitur
442 3816 579 3892 eig’o
639 3819 838 3891 pullus,
891 3821 1019 3891 quia
1068 3821 1330 3877 Dominus
1378 3823 1745 3879 necessarium
1855 3816 2117 3872 Dominus
2161 3816 2346 3885 Jesus,
2377 3818 2468 3889 qui
2500 3835 2598 3889 pro
2646 3821 2886 3889 peccatis
2914 3822 3119 3876 nostris
3164 3820 3463 3877 cruciﬁxus

194 3906 289 3964 cuiu
332 3904 511 3971 habet.
572 3912 684 3969 Vos
715 3914 853 3970 estis
885 3914 1063 3984 pullus
1093 3915 1282 3981 asinae,
1305 3916 1433 3986 quid
1462 3917 1631 3973 vestri
1658 3917 1747 3973 Fi-
1851 3917 1955 3966 cst.
1979 3910 2184 3967 Omnes
2211 3912 2376 3983 igitur
2397 3911 2763 3969 heatitudiues
2793 3914 2845 3969 in
2871 3913 3165 3984 semetipso
3192 3913 3459 3969 Dontinu'l

196 3999 276 4057 lius
296 4003 375 4060 Dei
406 4004 789 4062 necessarium
848 3994 1048 4061 habet?
1101 4006 1228 4076 quid
1254 4022 1285 4063 a
1310 4006 1468 4063 vobis
1494 4008 1746 4080 espetit?
1853 4003 2118 4058 ostendit.
2151 4001 2235 4059 Ad
2280 3996 2441 4073 quam
2470 4003 2883 4061 similitudinem
2940 4006 3104 4061 etiam
3142 4004 3278 4061 illud
3309 4005 3457 4075 quod

192 4096 331 4153 salute
367 4110 544 4157 vestra
598 4114 740 4169 opus
768 4099 949 4167 habet,
982 4096 1131 4170 cupit
1169 4114 1266 4155 vos
1318 4100 1460 4157 solvi
1508 4103 1743 4159 vinculis
1850 4096 2087 4162 dixerat,
2121 4094 2271 4151 Beati
2316 4099 2520 4168 ﬂentes,
2565 4097 2685 4168 ipse
2722 4098 2894 4169 ﬂevit,
2928 4108 2987 4154 ut
3034 4099 3194 4169 hujus
3238 4114 3458 4172 quoque

194 4200 519 4257 peccatorum.
551 4192 767 4249 Deinde
795 4193 1274 4264 miltuutdiscipuli
1298 4204 1477 4251 vestes
1506 4210 1634 4251 suas
1655 4210 1747 4251 su-
1856 4191 2210 4247 beatitudinis
2233 4191 2446 4263 jaceret
2473 4193 2846 4249 fundamenta.
2872 4194 3050 4250 Flevit
3075 4205 3258 4250 autem
3290 4211 3455 4266 super

194 4295 267 4348 per
287 4285 509 4346 asinum.
549 4293 611 4341 et
662 4285 860 4341 sedere
910 4285 1118 4341 faciunt
1158 4286 1524 4344 Salvatorem.
1573 4289 1746 4344 Assu-
1848 4283 2172 4354 Jerusalem,
2195 4284 2387 4342 dicens
2412 4303 2425 4341 :
2451 4284 2515 4341 Si
2536 4287 2857 4358 cognovisses
2882 4297 2931 4342 et
2954 4296 3009 4341 tu
3031 4287 3087 4341 in
3109 4288 3194 4342 die
3216 4289 3315 4342 ista
3338 4302 3457 4359 quas

192 4384 315 4431 luunt
356 4393 668 4434 sermoliem
701 4377 821 4444 Dei,
852 4387 910 4433 et
947 4377 1234 4448 imponunt
1260 4396 1383 4435 cum
1431 4395 1598 4451 super
1622 4382 1745 4437 ani-
1849 4380 1918 4433 ad
1942 4396 2121 4452 pacem
2149 4388 2271 4433 sunt
2301 4379 2419 4446 tibi,
2469 4396 2605 4435 nunc
2650 4390 2823 4435 autem
2869 4380 3178 4435 abscondita
3222 4390 3340 4435 sunt
3388 4382 3452 4436 ab

191 4479 283 4521 mas
303 4464 632 4547 auditorum.
661 4454 924 4527 Veétibus
952 4480 1247 4542 exuuntur,
1278 4473 1745 4533 substernunteas
1849 4476 2010 4529 oculis
2038 4475 2160 4539 tuis,
2208 4483 2264 4529 et
2288 4474 2516 4545 reliqua,
2548 4490 2719 4546 usque
2746 4474 2815 4529 ad
2842 4490 2963 4530 eum
2993 4477 3173 4531 locum
3203 4476 3296 4532 ubi
3324 4476 3399 4531 ait
3428 4492 3445 4532 :

192 4555 231 4611 in
254 4558 346 4616 ria.
368 4558 542 4636 super
565 4578 668 4619 nos
690 4573 817 4619 sunt
836 4567 1162 4621 vestimenta
1183 4567 1556 4637 apostolorum
1581 4585 1595 4626 :
1617 4584 1746 4640 ope-
1849 4570 1932 4623 Eo
1960 4569 2097 4640 quod
2126 4586 2228 4623 non
2257 4570 2554 4638 cognoveris
2582 4580 2779 4641 tempus
2807 4569 3115 4625 uisitationis
3147 4581 3268 4626 tum.
3295 4570 3452 4627 Dicat

191 4665 233 4703 rs
255 4648 425 4711 eorum
466 4652 637 4723 bona,
674 4667 995 4712 ornamenta
1053 4668 1240 4715 nostra
1267 4668 1420 4733 sunt,
1472 4662 1664 4719 volunt
1686 4678 1747 4719 a-
1851 4661 2049 4734 aliquis
2069 4663 2379 4717 auditorum
2409 4682 2423 4719 :
2456 4660 2743 4717 Manifesta
2777 4673 2903 4718 sunt
2933 4678 3052 4734 quae
3081 4664 3357 4734 dicuntur,
3393 4676 3451 4721 et

192 4740 355 4812 poStbli
385 4746 707 4806 indumenta
740 4766 837 4805 sua
863 4752 1060 4806 calcari
1092 4768 1120 4804 a
1153 4751 1328 4808 nobis.
1356 4754 1426 4809 Et
1446 4770 1637 4812 revera
1655 4772 1743 4814 so-
1772 4735 1824 4797 Ῑ)
1852 4769 2019 4824 opere
2043 4754 2320 4825 completa
2348 4754 2417 4809 de
2433 4752 2754 4810 Jerusalem.
2780 4752 3306 4813 Cireumdeditenim
3326 4771 3449 4814 eam

193 4835 304 4893 Iulus
338 4858 364 4895 a
389 4840 677 4914 discipulis
709 4841 921 4909 asinus,
953 4852 1008 4898 et
1036 4852 1261 4913 portans
1290 4844 1500 4915 Iesum,
1553 4849 1745 4906 incidit
1848 4848 2129 4904 Romanus
2158 4853 2458 4915 exercitus,
2492 4859 2545 4904 et
2572 4850 2640 4904 ad
2671 4851 3103 4906 internecionem
3136 4866 3308 4922 usque
3346 4867 3445 4907 va-

190 4942 319 5003 super
339 4934 661 4994 vestimenta
680 4937 1306 5009 apostolorum,quando
1325 4940 1631 5001 doctrinam
1653 4961 1747 5002 eoo
1848 4943 2033 5011 stavit,
2063 4951 2382 5013 tempusque
2404 4942 2585 4997 veniet
2603 4943 2822 5012 quando
2854 4944 2988 5015 lapis
3019 4961 3181 5015 super
3210 4946 3445 5016 lapidem

190 5040 284 5082 tum
304 5026 538 5087 imitatur
572 5042 626 5087 et
647 5034 838 5086 vitam.
863 5030 997 5101 Quis
1030 5044 1277 5091 nostrum
1298 5037 1373 5091 ila
1401 5035 1596 5095 beatus
1637 5049 1742 5113 est,
1850 5051 1957 5090 non
1987 5034 2323 5104 relinquetur
2346 5048 2511 5104 super
2535 5048 2678 5090 eam.
2726 5033 2845 5090 Non
2881 5050 3020 5106 nego
3049 5044 3106 5092 et
3147 5037 3297 5092 illam
3324 5040 3447 5108 qui.

194 5118 613 5194 utsedcatsuper
645 5125 797 5180 illum
824 5123 1024 5181 Jesus‘t
1053 5126 1151 5197 Qui
1192 5128 1448 5200 quamdiu
1474 5130 1528 5187 in
1560 5145 1748 5190 monte
1851 5128 1974 5183 deut
2003 5127 2306 5182 Jerusalem
2365 5137 2586 5197 propter
2630 5126 2993 5182 habitatorum
3042 5129 3246 5185 scelera
3274 5128 3447 5187 fuisse

193 5212 287 5280 luit,
314 5231 429 5273 cum
479 5219 597 5272 suis
651 5218 921 5286 apostolis
972 5221 1293 5274 morabatur
1317 5238 1331 5277 :
1365 5224 1587 5293 quando
1614 5243 1745 5284 vero
1850 5220 2207 5286 destruclam,
2231 5217 2328 5274 sed
2354 5234 2538 5289 quer
2559 5217 2606 5272 si
2629 5225 2684 5272 et
2707 5217 2773 5273 ad
2802 5217 2943 5274 hanc
2967 5230 3207 5275 nostram
3225 5220 3448 5277 Jerusa-

191 5306 325 5377 cmpit
340 5306 546 5366 vicinus
564 5325 687 5366 esse
714 5300 1033 5379 descensui,
1065 5320 1177 5367 tum
1207 5316 1447 5370 occurrit
1483 5318 1534 5372 ei
1586 5320 1743 5376 turba
1847 5315 1955 5370 leni
1978 5314 2135 5370 ﬂetus
2164 5314 2264 5369 iste
2292 5315 2580 5384 pertineat.
2607 5312 2719 5368 Nos
2747 5313 2892 5369 enim
2922 5329 3107 5370 sumus
3133 5314 3443 5372 Jerusalem

190 5402 495 5471 populorum.
550 5398 607 5460 Si
646 5420 752 5460 non
783 5404 1028 5459 venisset
1067 5405 1133 5460 ad
1167 5406 1516 5477 descensum,
1563 5428 1671 5468 non
1694 5417 1745 5471 ei
1848 5424 1967 5477 quzc
1990 5406 2242 5474 deﬂetur,
2267 5406 2356 5477 qui
2383 5405 2539 5462 nobis
2559 5404 2808 5461 videmur
2830 5407 3081 5461 intuitum
3104 5406 3306 5463 habere
3327 5423 3441 5463 ma-

192 5501 369 5559 polerat
416 5510 720 5552 occurrere
768 5495 1081 5551 multitudo.
1130 5497 1442 5569 Descendit,
1498 5503 1747 5576 seditque
1844 5501 2043 5572 jorem.
2074 5498 2228 5567 Quod
2260 5502 2305 5554 si
2336 5508 2461 5569 post
2498 5499 2757 5570 mysteria
2787 5498 3053 5563 veritatis,
3088 5509 3209 5570 post
3235 5514 3444 5555 sormea

192 5597 326 5657 Super
351 5589 553 5660 pullum
577 5589 766 5658 asinae,
802 5596 857 5644 et
884 5588 1063 5644 clunis
1087 5590 1319 5661 populus
1345 5607 1481 5651 voce
1506 5609 1744 5655 consona
1850 5610 1973 5653 nem
2004 5588 2308 5666 Evangelii,
2343 5599 2467 5664 post
2492 5592 2793 5649 doctrinam
2819 5590 3102 5662 Ecclesiae,
3133 5602 3255 5664 post
3282 5594 3447 5651 visio-

251 5759 274 5788 ⁸
306 5749 692 5828 (Ξοιιῐει--ιίἱιιυοε
713 5752 1045 5828 Νιιῐιιίιιηιιι,Δ
1076 5759 1132 5810 et
1177 5766 1300 5825 qum
1331 5754 1611 5828 adbarum
1645 5774 1739 5813 vo-
1918 5754 1951 5828 Ῑῆ
1985 5750 2295 5825 Recolenda
2348 5752 2510 5828 hujus
2540 5756 2646 5813 loci
2685 5753 3103 5828 llieronymiaua
3150 5760 3428 5828 expositio

192 5835 295 5877 cum
323 5825 675 5902 etymolong
701 5839 804 5880 nos
830 5824 1734 5902 anilitadvertimus,Illcrouymus
1844 5830 1900 5886 in
1926 5827 2233 5902 Comment.
2244 5830 2312 5902 _in
2342 5824 2675 5898 Matthteum,
2723 5842 2845 5900 quas
2892 5824 3083 5885 iisdem
3110 5824 3270 5902 plane
3300 5846 3434 5893 cou-

192 5906 281 5949 non
305 5892 804 5977 semelBetltphage,
838 5895 1016 5954 villam
1054 5899 1453 5955 sacerdotalium
1494 5892 1739 5960 ηιαξτίιιαι-
1846 5903 2047 5961 texitur
2092 5899 2366 5959 sensibus.
2658 5892 2671 5898 ’
2737 5892 2758 5900 ’
3110 5892 3129 5902 ’
3392 5892 3402 5893 ί
3454 5924 3455 5927 η

191 5979 284 6021 rum
311 5975 705 6041 Interpretatur.
