3978 6338
484 329 596 389 303

1730 325 1793 386 S.
1832 325 2110 388 EUSEBII
2146 318 2539 385 BIERONY)"

3677 318 3778 381 8οι

488 461 615 504 nem
638 450 1107 500 sacramentorum
1134 442 1276 515 ejus,
1298 441 1496 515 aliquis
1521 456 1555 499 e
1576 441 1736 499 nobis
1759 443 2085 514 peccaverit,
2113 444 2168 506 Α
2264 442 2438 511 mino,
2478 438 2727 515 mulieris
2763 440 2883 512 ejus
2907 452 3030 515 quae
3057 450 3270 515 septem
3307 440 3458 500 viros
3486 441 3705 506 habuit;
3728 452 3782 501 et

490 539 773 611 plangitur
818 545 981 609 atque
1035 538 1215 593 ﬂetur.
1249 537 1423 594 Nemo
1458 538 1608 594 enim
1661 538 1881 610 gentilis
1909 538 2091 605 ﬂetur,

491 631 592 687 sed
621 631 715 686 ille
740 631 832 703 qui
863 632 963 685 fuit
990 629 1059 685 de
1084 630 1409 696 Jerusalem,
1439 631 1581 700 quod
1602 641 1721 702 post
1745 640 1966 701 peccata
1987 633 2096 688 cir—

492 726 759 779 cumdant
785 739 905 778 eam
932 723 1158 792 inimici,
1201 724 1496 779 contraria:
1540 723 1797 781 videlicet
1825 725 2096 781 fortitudi-

493 832 618 882 nes,
653 817 885 886 Spiritus
916 832 1169 886 nequam,
1201 824 1257 871 et
1284 817 1583 872 immittant
1611 819 1668 872 in
1697 818 1927 874 circuitu
1975 817 2095 888 ejus

492 910 718 971 vallum,
751 919 804 963 et
828 908 1117 963 obsideant
1141 923 1284 975 eam,
1317 919 1375 965 et
1404 909 1638 981 lapidem
1667 924 1832 981 super
1859 910 2092 978 lapidem

490 1018 602 1058 non
634 1002 989 1071 relinquant:
1033 1003 1269 1058 maxime
1294 1003 1340 1057 si
1372 1012 1498 1073 post
1540 1003 1763 1059 multam
1808 1004 2098 1060 continen-

491 1096 645 1158 tiam,
677 1103 803 1164 post
848 1095 1058 1164 aliquot
1109 1109 1283 1150 annos
1311 1096 1582 1151 castitatis
1624 1097 1801 1153 victus
1828 1098 1952 1169 quis
1980 1096 2097 1153 lue-

492 1187 588 1253 rit,
611 1186 1118 1257 blandimentisque
1142 1189 1324 1244 carnis
1352 1188 1566 1244 illectus
1594 1189 1910 1259 patientiam
1943 1191 2099 1261 pudi-

495 1278 792 1347 citiamque
836 1278 1103 1332 amiserit.
1163 1279 1221 1335 Si
1270 1279 1440 1335 lueris
1494 1280 1815 1347 fornicatus,
1862 1283 2097 1353 lapidem

495 1384 665 1439 super
697 1370 932 1439 lapidem
967 1386 1074 1425 non
1105 1372 1410 1441 relinquent
1435 1387 1600 1444 super
1645 1384 1717 1430 te.
1759 1373 1847 1430 Ait
1874 1375 2017 1431 enim
2043 1376 2095 1431 in

500 1463 609 1517 alio
640 1462 763 1518 loco
797 1480 810 1517 :
845 1462 968 1517 Non
998 1464 1309 1518 recordabar
1334 1465 1565 1537 priorum
1576 1468 1905 1538 justitiarum
1935 1470 2048 1542 ejus
2078 1485 2099 1524 :

494 1556 551 1609 in
582 1567 792 1628 peccato
822 1573 937 1611 suo.
971 1556 1024 1609 in
1061 1572 1162 1625 quo
1191 1557 1539 1627 deprehensus
1566 1558 1748 1628 fuerit,
1780 1559 1834 1613 in
1879 1560 1992 1633 ipso
2010 1561 2101 1632 ju-

494 1649 678 1703 dicabo
708 1666 826 1702 eum
852 1648 1071 1715 (It'zeclt.
1106 1648 1316 1717 xxvm).
1362 1649 1487 1705 llaec
1514 1661 1597 1706 est
1629 1667 1758 1723 ergo
1786 1668 1905 1723 qua:
1934 1652 2099 1709 delle-

494 1750 586 1796 tur
615 1741 941 1796 Jerusalem.
981 1740 1112 1796 Post
1140 1756 1261 1811 quae
1288 1740 1491 1797 dicitur
1520 1761 1534 1798 :
1563 1741 1841 1818 Ingressus
1869 1755 1943 1800 est
1975 1754 2102 1800 tem-

491 1835 656 1905 plum.
692 1832 844 1900 Quod
883 1850 997 1887 cum
1022 1834 1204 1905 fuisset
1229 1834 1513 1906 ingressus,
1562 1837 1712 1908 ejecit
1739 1853 1824 1892 eos
1852 1837 1943 1908 qui
1982 1853 2103 1892 uen-

498 1924 690 1979 debant
739 1926 1025 1980 columbas.
1094 1924 1212 1981 Non
1268 1926 1433 1996 ejecit
1480 1937 1751 1995 ementes,
1805 1931 1893 1999 qui
1952 1930 2095 1985 enim

494 2028 705 2080 emunt.
736 2028 791 2075 et
812 2018 954 2089 quod
975 2019 1209 2075 emerint
1231 2021 1530 2089 possident.
1559 2021 1684 2075 lllos
1699 2020 1859 2090 ejecit
1880 2022 1947 2078 de
1963 2031 2102 2078 tem-

494 2113 589 2185 plo
616 2113 792 2169 Patris
819 2113 1003 2175 Jesus,
1038 2114 1129 2184 qui
1159 2114 1397 2169 vendunt
1417 2124 1473 2169 et
1514 2115 1776 2183 abjiciuut
1807 2117 1951 2187 quod
2002 2117 2101 2173 ha-

499 2205 769 2273 buerant,
823 2207 875 2261 in
908 2206 1321 2262 similitudinem
1373 2208 1516 2262 illius
1544 2209 1804 2265 luxuriosi
1858 2211 1977 2277 lilii,
2008 2212 2099 2282 qui

499 2298 860 2355 substantiam
892 2314 1045 2353 suam
1076 2300 1288 2369 accepit
1313 2316 1341 2352 a
1374 2309 1552 2371 patre,
1598 2311 1655 2357 et
1685 2303 1937 2357 universa
1979 2319 2103 2374 per-

495 2392 635 2448 didit
661 2392 827 2449 nimie
870 2392 1109 2457 potando
1139 2391 1293 2465 (Luc.
1326 2393 1442 2466 xv).
1475 2393 1532 2451 Si
1565 2396 1689 2465 quis
1729 2411 1866 2467 ergo
1890 2397 2096 2465 vendit,

494 2484 741 2556 ejicitur,
778 2486 1046 2555 prtrcipue
1066 2486 1115 2540 si
1144 2487 1416 2542 vendebat
1436 2487 1735 2543 columbas.
1764 2488 1944 2557 Quare
1964 2489 2103 2544 alias

494 2593 624 2635 aves
655 2595 762 2634 non
794 2578 976 2649 posuit
1005 2579 1107 2634 nisi
1148 2580 1469 2637 columbas?
1500 2581 1615 2636 Hoc
1636 2581 1837 2638 animal
1859 2584 2098 2656 simplex

494 2684 600 2741 est,
629 2682 683 2728 et
715 2672 998 2728 decorum.
1031 2671 1245 2729 νει-εστ
1276 2691 1343 2728 ne
1373 2685 1421 2729 et
1447 2674 1501 2729 in
1540 2675 1697 2729 nobis
1730 2676 1921 2732 vitium
1945 2677 2103 2734 istius

495 2767 645 2822 modi
679 2766 1141 2837 deprehendatur.
1170 2767 1227 2823 Si
1255 2767 1400 2823 enim
1432 2783 1494 2823 ea
1536 2784 1660 2837 quas
1688 2768 1824 2824 mihi
1853 2784 1881 2823 a
1912 2780 2102 2826 sancto

494 2860 702 2931 Spiritu
733 2861 973 2915 revelata
1004 2868 1154 2924 sunt,
1179 2869 1234 2914 et
1263 2859 1497 2929 credita,
1531 2870 1592 2914 ut
1622 2860 1676 2915 in
1717 2860 1910 2931 vulgus
1937 2860 2100 2918 eﬂer-

496 2968 641 3019 rem,
676 2953 848 3023 pretio
875 2951 1196 3019 vendidero,
1228 2963 1283 3007 et
1310 2952 1520 3023 absque
1548 2953 1805 3010 mercede
1849 2968 1955 3010 non
1999 2956 2100 3010 do-

499 3059 693 3110 cuero,
719 3044 846 3112 quid
878 3043 1023 3098 aliud
1054 3042 1218 3111 facio,
1252 3043 1356 3100 nisi
1385 3045 1688 3110 columbas,
1725 3045 1776 3101 id
1802 3056 1908 3116 est,
1930 3046 2104 3117 Spiri-

495 3145 612 3191 tum
643 3145 893 3191 sanctum
939 3134 1150 3191 vendo?
1193 3137 1365 3203 Quem
1394 3149 1518 3190 cum
1554 3135 1871 3203 vendidero,
1909 3137 2105 3208 ejicior

2265 528 2456 641 aurséts
2484 512 2810 642 d§§enario
2828 512 2988 587 quem
3019 512 3403 572 sibi—Salvator
3415 515 3583 587 jussit
3600 525 3785 573 osten-

2307 603 2342 640 ι.
2413 601 2503 642 an.
2640 626 2654 641 .

2307 603 2342 640 ι.
2368 601 2503 656 uap.
2538 601 2654 642 tu.

2267 711 2366 768 Est
2387 711 2613 768 Interesis
2638 710 2694 767 in
2723 710 2946 780 Iudaeis,
2977 728 3101 785 qua:
3119 713 3319 770 dicitur
3339 712 3783 781 Sadducteorum,

2197 803 2315 861 hate
2341 806 2800 861 resurrectionem
2830 816 3166 861 mortuorum
3197 814 3383 877 negat,
3407 814 3465 862 et
3494 814 3650 877 putat
3678 805 3793 860 ani-

2197 911 2340 953 mam
2391 896 2619 952 interire
2656 912 2781 953 cum
2810 912 3066 968 corpore,
3100 912 3201 955 nec
3227 906 3351 969 post
3376 906 3608 955 mortem
3655 898 3792 952 ultra

2196 988 2498 1059 respirare.
2548 987 2714 1060 Igitur
2749 990 3105 1060 quasuonem
3148 989 3381 1045 Domino
3429 998 3793 1061 proponente,

2197 1089 2627 1151 composuerunt
2680 1081 2917 1138 tabulam
2968 1083 3214 1139 mulieris
3260 1092 3471 1154 septem
3530 1083 3793 1147 virorum,

2198 1187 2320 1244 quae
2365 1182 2490 1243 post
2539 1172 2771 1242 primum
2819 1174 2995 1229 virum
3026 1173 3094 1229 ad
3124 1174 3558 1230 resuscitandum
3607 1191 3796 1230 semen

2200 1263 2402 1333 prioris
2428 1264 2661 1320 alterum
2690 1265 2908 1323 duxerit
2933 1284 2949 1321 :
2995 1283 3104 1338 quo
3141 1276 3382 1338 mortuo,
3415 1268 3636 1324 tertium
3666 1284 3801 1337 quo-

2199 1371 2330 1427 que,
2355 1365 2410 1413 et
2437 1372 2655 1413 rursum
2684 1368 2936 1432 quartum
2969 1376 2983 1413 :
3013 1370 3175 1431 atque
3205 1361 3263 1416 in
3287 1361 3433 1418 hunc
3458 1360 3683 1417 modum
3733 1360 3798 1416 ad

2200 1450 2497 1521 septimum
2548 1465 2720 1523 usque
2764 1464 3108 1523 pervenerat.
3139 1453 3413 1521 Quteritur
3460 1470 3594 1525 ergo
3625 1454 3681 1510 in
3716 1470 3804 1512 re-

2200 1546 2542 1603 surrectione
2573 1557 2935 1614 mortuorum,
2973 1550 3093 1620 quis
3121 1564 3241 1605 eam
3270 1550 3375 1605 sibi
3399 1565 3431 1606 e
3451 1561 3663 1622 septem
3690 1549 3803 1605 fra-

2204 1640 2377 1696 tribus
2406 1643 2476 1696 sit
2502 1642 2877 1698 vindicaturus
2896 1658 3148 1700 uxorem.
3172 1642 3290 1700 Hoc
3308 1654 3491 1701 autem
3515 1644 3803 1714 problems

2204 1734 2527 1792 insidiantes
2555 1735 2740 1792 verbis
2774 1735 3102 1802 Saluatoris,
3129 1752 3198 1793 eo
3228 1747 3473 1808 tempore
3502 1753 3803 1808 proposue-

2131 1839 2361 1907 Brunt,
2412 1845 2521 1900 quo
2569 1845 2695 1887 eum
2743 1830 2994 1887 viderant
3038 1831 3109 1888 de
3153 1833 3557 1887 resurrectione
3605 1831 3809 1887 docere

2200 1923 2520 1994 discipulos.
2548 1923 2756 1992 Quibus
2779 1926 3119 1997 reapondens
3146 1927 3397 1983 Salvator
3421 1926 3495 1982 ait
3520 1945 3535 1981 :
3571 1925 3805 1993 Erratis,

2200 2019 2484 2073 nescientes
2507 2018 2830 2093 Scripturas,
2853 2036 3020 2091 neque
3046 2021 3285 2075 virtutem
3314 2020 3432 2076 Dei.
3454 2020 3518 2075 In
3543 2035 3807 2076 resurrec-

2203 2111 2342 2167 tione
2364 2113 2501 2166 enim
2542 2121 2859 2168 mortuorum
2885 2130 3049 2185 neque
3075 2116 3286 2183 nubent,
3337 2132 3499 2185 neque
3528 2115 3810 2180 nubentur,

2200 2202 2291 2258 sed
2313 2212 2461 2257 erunt
2482 2204 2613 2258 sicut
2633 2206 2806 2276 angeli
2826 2205 2882 2259 in
2908 2203 3074 2261 uelis.
3114 2206 3215 2273 Qui
3243 2214 3408 2261 erunt
3435 2206 3574 2261 sicut
3604 2206 3810 2275 angeli,

2203 2295 2396 2366 utique
2431 2296 2667 2367 aangeli
2716 2308 2899 2352 erunt.
2949 2297 3234 2369 Simulque
3280 2297 3621 2367 discendum,
3667 2300 3812 2366 quod

2201 2388 2382 2459 angeli
2408 2389 2686 2444 connubia
2722 2404 2830 2445 non
2865 2390 3123 2445 habeant.
3159 2390 3254 2445 llic
3281 2406 3413 2447 vero
3440 2390 3529 2446 ubi
3556 2405 3732 2455 mors,
3762 2400 3817 2447 et

2202 2484 2429 2553 nuptiae,
2462 2493 2518 2538 et
2546 2482 2713 2539 liberi
2760 2486 3061 2540 necessarii
3107 2493 3237 2541 sunt
3269 2502 3284 2541 :
3316 2485 3403 2541 ubi
3448 2487 3815 2549 immortales.

2205 2593 2306 2632 nec
2333 2578 2593 2649 coniugio
2629 2593 2770 2649 opus
2813 2587 2931 2647 est,
2979 2593 3081 2635 nec
3126 2579 3271 2634 ﬁliis.
3317 2579 3629 2649 Proponam
3680 2580 3815 2636 mihi

2203 2672 2563 2743 qum-stionem
2603 2672 2761 2727 valde
2786 2672 3099 2740 molestam,
3131 2680 3191 2727 et
3215 2687 3336 2743 quae
3365 2687 3473 2727 non
3502 2671 3669 2728 facile
3700 2673 3816 2728 sol-

2203 2764 2371 2833 vitur,
2406 2780 2472 2819 ex
2518 2779 2758 2836 persona
2784 2780 2998 2834 eorum,
3030 2766 3120 2837 qui
3148 2765 3536 2821 studiosissimi
3566 2766 3820 2838 Scriptu-

2203 2873 2385 2913 rarum
2409 2867 2556 2925 sunt,
2585 2868 2641 2914 et
2672 2859 2763 2915 die
2790 2874 2856 2915 ac
2881 2870 3041 2916 nocte
3083 2859 3421 2915 meditantur
3446 2859 3499 2914 iu
3532 2860 3680 2932 Lege
3710 2861 3816 2918 Doo

2204 2951 2337 3005 mini
2363 2950 2482 3023 (Ps.
2505 2952 2569 3022 ι).
2594 2950 2719 3011 Ubi.
2745 2952 3021 3022 inquiunt,
3044 2952 3308 3023 scriptum
3328 2962 3451 3007 est:
3484 2951 3623 3020 Quia
3656 2970 3817 3023 neque

2204 3042 2417 3106 nubent,
2451 3060 2614 3110 neque
2660 3043 2962 3100 nubentur?
3002 3044 3135 3100 Tam
3183 3055 3341 3101 vetus
3393 3060 3556 3115 quam
3615 3061 3815 3102 novum

2205 3131 2616 3190 Testauzentum
2666 3136 2932 3191 memoria
2962 3151 3028 3191 ac
3055 3146 3238 3191 mente
3288 3136 3652 3206 perlustrans,
3684 3154 3818 3194 nus-

499 3229 570 3286 de
604 3231 809 3300 templo
862 3229 980 3286 Dei.
1013 3228 1360 3300 Quapropter
1409 3246 1668 3301 rogemus
1702 3231 2011 3302 Dominum,
2046 3244 2108 3290 ut
2132 3238 2177 3302 C
2208 3241 2372 3295 quam
2400 3228 2625 3283 memini
2657 3228 2768 3283 tale
2810 3228 2942 3299 quid
2990 3229 3249 3286 relatum.
3280 3229 3434 3299 Quod
3464 3231 3510 3285 si
3559 3233 3703 3287 forte
3732 3246 3816 3287 tua

501 3338 695 3379 omnes
722 3338 971 3379 emamus
997 3324 1176 3394 patius
1198 3338 1357 3393 quam
1379 3324 1699 3380 vendamus.
1731 3325 1791 3381 Si
1820 3327 1964 3382 enim
1999 3344 2106 3383 non

499 3415 935 3483 vendiderimus,
985 3415 1371 3487 cognoscimus
1399 3425 1457 3471 et
1484 3417 1827 3488 intelligimus
1874 3420 2105 3477 salutem

506 3519 798 3565 nostram:
828 3509 1067 3579 alioquin
1101 3508 1309 3563 inimici
1349 3509 1766 3566 circumdahunt
1794 3513 1978 3568 urbem
2012 3530 2111 3570 no-

510 3610 705 3659 stram.
730 3602 885 3669 Quod
913 3602 959 3655 si
985 3590 1153 3656 semel
1187 3616 1286 3656 nos
1315 3603 1589 3658 exercitus
1615 3602 1830 3660 hostilis
1852 3605 2105 3675 cinxerit,

506 3695 782 3768 lacrymas
810 3696 905 3751 Dei
954 3712 1060 3751 non
1094 3698 1443 3752 merebimur.
1479 3695 1777 3770 Surgamus
1811 3715 1942 3771 ergo
1970 3701 2111 3757 dilu-

505 3788 655 3856 culo,
684 3800 739 3843 et
760 3787 1116 3845 obsecremus
1140 3789 1450 3858 Dominum,
1479 3798 1539 3844 ut
1559 3791 1758 3847 saltem
1795 3793 1963 3848 micas
1987 3810 2110 3864 quae

506 3879 578 3935 de
605 3895 792 3935 mensa
841 3880 959 3949 ejus
997 3880 1216 3947 cadunt,
1253 3879 1542 3935 comedere
1570 3883 1860 3949 possimus.
1890 3884 2112 3942 Miratur

503 3970 787 4041 Scriptura
821 3973 1067 4039 reginam
1114 3971 1257 4028 Saba
1300 3973 1517 4027 venisse
1548 3974 1617 4028 ab
1673 3984 1919 4031 extremo
1949 3985 2111 4033 terra:

505 4064 698 4119 audire
746 4064 1071 4133 sapientiam
1118 4065 1474 4121 Salomonis:
1521 4082 1643 4137 qua:
1706 4083 1829 4125 cum
1884 4069 2113 4127 vidisset

504 4155 829 4226 prandium,
864 4167 920 4210 et
975 4158 1394 4226 supellectilem,
1453 4170 1509 4214 et
1559 4162 1858 4218 ministeria
1916 4164 2113 4220 domus

509 4246 652 4316 ejus,
686 4248 986 4319 obstupuit,
1016 4258 1072 4303 et
1097 4260 1208 4305 tota
1236 4250 1288 4305 in
1323 4252 1584 4307 miraculo
1613 4251 1714 4309 fuit
1753 4253 1849 4327 (Ill
1872 4255 2002 4330 Reg.
2030 4257 2107 4327 χ).

509 4337 622 4395 Nos
670 4338 713 4391 si
768 4347 945 4395 tantas
978 4340 1188 4396 Domini
1225 4341 1399 4396 nostri
1426 4358 1581 4413 opes,
1617 4352 1819 4400 tantam
1845 4351 2115 4404 sermonis

514 4432 936 4501 supellectilem,
968 4442 1024 4487 et
1065 4433 1450 4489 abundantiam
1481 4437 1853 4492 doctrinarum
1898 4454 2004 4494 non
2051 4441 2112 4495 lio

510 4520 707 4576 benter
728 4521 1131 4593 amplectimur,
1161 4524 1204 4577 si
1235 4541 1340 4579 non
1374 4526 1716 4583 comedimus
1742 4543 1934 4597 panem
1965 4532 2109 4598 vitae,

2211 3320 2371 3389 fallit,
2428 3322 2519 3393 qui
2571 3321 2695 3393 plus
2723 3322 2882 3378 novit
2929 3321 3142 3379 dot-eat.
3172 3323 3431 3379 Libenter
3476 3323 3633 3380 disco
3674 3325 3816 3397 quod

2211 3413 2419 3468 nescio.
2455 3412 2563 3469 Sed
2592 3422 2850 3485 quantum
2882 3430 2986 3485 ego
3034 3416 3320 3482 existimo,
3368 3430 3470 3472 nec
3516 3417 3570 3472 in
3621 3419 3816 3485 reteri,

2209 3521 2312 3561 nec
2342 3508 2396 3561 in
2449 3521 2591 3563 novo
2635 3508 3001 3564 instrumento
3048 3510 3342 3580 quidquam
3395 3512 3503 3565 tale
3551 3511 3813 3582 reperiet.

2209 3596 2399 3652 Omnis
2416 3612 2548 3667 ergo
2572 3612 2759 3653 eorum
2776 3614 2934 3654 error
2963 3599 3030 3655 de
3059 3600 3395 3671 prophetica,
3420 3616 3584 3672 quam
3606 3617 3718 3657 non
3737 3603 3819 3657 in-

2212 3692 2476 3762 tellignnt,
2506 3691 2738 3747 lectione
2752 3693 2991 3749 surrexit
3009 3709 3023 3746 :
3043 3708 3075 3749 e
3095 3693 3292 3763 quibus
3314 3692 3445 3748 illud
3468 3693 3623 3749 estin
3644 3692 3816 3750 Isaia:

2211 3782 2358 3839 Lecti
2384 3786 2483 3839 mei
2513 3801 2613 3840 non
2637 3784 2895 3841 habebunt
2921 3784 3107 3842 liberos
3130 3788 3186 3842 in
3213 3787 3631 3843 maledictianem
3662 3789 3816 3860 (Isai.

2211 3879 2358 3945 va).
2391 3876 2459 3930 Et
2490 3878 2543 3932 in
2576 3876 3002 3935 Deuteronomio
3028 3879 3084 3936 in
3112 3880 3587 3936 benedictionibus
3613 3899 3627 3937 :
3655 3880 3820 3938 Bene-

2212 3967 2340 4021 dicti
2365 3968 2464 4038 [itii
2503 3970 2636 4023 uteri
2672 3970 2750 4030 tui
2794 3969 2977 4044 (Deut.
3023 3970 3243 4044 xxvtu).
3271 3970 3340 4027 Et
3369 3982 3563 4044 putant
3592 3974 3715 4029 hac
3745 3978 3823 4029 lu—

2214 4066 2332 4114 tura
2389 4061 2440 4115 in
2492 4062 2921 4132 resurrectione,
2976 4079 3085 4120 non
3118 4063 3486 4136 intelligentes
3539 4067 3823 4137 apiritales

2213 4152 2627 4210 benedictioues
2648 4170 2771 4212 esse
2800 4156 3112 4229 prtedictas.
3145 4156 3346 4212 Paulus
3372 4157 3523 4213 enim
3550 4174 3651 4213 vas
3680 4162 3843 4221 elec-.

2215 4247 2404 4313 tionis,
2437 4263 2628 4304 omnes
2662 4250 2759 4306 has
2811 4251 3239 4319 benediCIiones,
3285 4267 3407 4322 qute
3440 4262 3728 4323 ponuntur
3774 4256 3823 4309 in

2215 4336 2379 4407 Lege,
2406 4337 2725 4408 spiritaliter
2773 4340 3167 4413 interpretans,
3220 4353 3273 4396 et
3312 4341 3495 4397 sciens
3546 4359 3659 4398 non
3703 4358 3826 4399 esse

2214 4431 2484 4497 carnales,
2532 4432 2599 4487 ad
2651 4431 2919 4504 Ephesios
2968 4434 3209 4512 loquitur
3242 4449 3259 4489 :
3288 4430 3609 4488 Benedictus
3655 4433 3823 4503 Deus,

2217 4532 2265 4577 ct
2322 4522 2483 4578 Pater
2522 4522 2741 4581 Domini
2787 4526 2953 4582 nostri
2985 4524 3113 4581 Iesu
3169 4525 3398 4590 Christi,
3426 4527 3518 4598 qui
3562 4526 3829 4584 benedixit

509 4612 559 4668 si
586 4628 693 4668 non
721 4613 982 4668 carnibus
999 4613 1201 4669 Christi
1228 4617 1515 4681 vescimur,
1542 4627 1597 4672 et
1612 4633 1805 4674 cruore
1832 4630 2104 4691 potamur,
2140 4625 2185 4684 Ι)
2213 4633 2305 4671 nos
2336 4618 2389 4670 in
2432 4617 2576 4671 omni
2621 4618 2975 4673 benedictione
3001 4619 3252 4690 spiritali,
3283 4635 3400 4673 cum
3429 4636 3462 4673 a
3491 4621 3720 4676 mortuis
3748 4635 3832 4675 re—

509 4706 556 4761 si
583 4707 983 4762 contemnimus
1013 4707 1183 4779 dapes
1204 4710 1505 4766 Salvatoris
1534 4714 1729 4780 nostri,
1761 4714 1903 4771 scire
1939 4715 2107 4772 delic-

509 4813 634 4853 mus
673 4799 817 4868 quod
849 4799 1048 4854 habeat
1092 4799 1256 4866 Dens,
1289 4813 1342 4858 et
1372 4803 1784 4874 benignitatem,
1814 4817 1869 4863 et
1897 4810 2109 4864 severi-

509 4900 699 4949 tatem.
744 4892 787 4947 Ε
834 4894 1030 4963 quibus
1060 4894 1444 4965 benignitatem
1474 4898 1595 4968 ejus
1625 4900 1795 4971 magis
1828 4916 1987 4958 orare
2015 4903 2112 4957 de-

506 4985 723 5048 bemus,
755 4985 806 5039 in
838 4985 1060 5041 Christo
1089 4986 1218 5042 Jesu
1250 4988 1478 5043 Domino
1506 5001 1693 5047 nostro
1725 5011 1737 5047 :
1770 4995 1857 5048 cui
1884 5003 1969 5051 est
1995 4996 2111 5066 glo-

507 5080 590 5138 ria
616 5089 670 5136 et
698 5079 985 5150 imperium
1011 5081 1063 5135 in
1096 5081 1295 5137 szecula
1323 5082 1672 5139 surculorum.
1702 5087 1900 5143 Amen.

829 5235 1185 5310 365-366
1223 5235 1505 5294 HOMILIA
1537 5238 1785 5297 XXXIX.

503 5355 581 5412 De
598 5355 901 5428 quaestione
918 5351 1374 5420 Saddueaaorum,
1395 5369 1557 5425 quam
1588 5369 1983 5427 proposuerant
2009 5359 2110 5415 Do-

577 5550 605 5579 ει
630 5536 774 5606 Quin
803 5533 1138 5601 econtrario,
1173 5543 1533 5606 utgpcrquam
1564 5536 1786 5593 erudite
1818 5547 1971 5594 notat
1997 5538 2125 5596 Hie-

500 5604 771 5685 ronymus
814 5606 977 5685 epist.
1024 5606 1115 5674 75,
1150 5606 1216 5660 ad
1247 5604 1615 5685 Theodoram,
1662 5627 1718 5663 u.
1766 5610 2119 5685 2:0uando,

506 5678 655 5751 dicil,
682 5692 862 5751 neque
888 5679 1115 5746 nubent,
1151 5692 1329 5747 neque
1361 5678 1660 5751 nubentur,
1693 5680 1781 5735 sed
1808 5691 1958 5736 erunt
1981 5678 2126 5739 sicut

506 5750 687 5823 angeli
719 5750 773 5806 in
804 5753 1119 5825 ctn’is,_non
1150 5760 1360 5825 natura,
1415 5759 1462 5803 et
1515 5750 2125 5825 substantitt_corporum

507 5818 737 5893 tollitur,
757 5820 847 5877 sed
875 5818 1056 5893 gloriae
1076 5821 1384 5894 magnitudo
1408 5831 1752 5883 monstratur.
1780 5818 1968 5899 Neque
1986 5827 2123 5883 enim

2212 4718 2477 4781 surgentes
2501 4719 2749 4765 teternam
2766 4712 3136 4767 beatitudinem
3157 4727 3588 4780 consequeremur
3602 4711 3826 4786 (Ephes.

2216 4804 2281 4876 ι).
2314 4803 2422 4860 Sed
2451 4814 2504 4860 et
2525 4804 2583 4859 in
2611 4806 2836 4876 psalmis
2863 4807 3044 4862 simile
3070 4806 3198 4878 quid
3229 4808 3598 4880 reperientes,
3632 4809 3828 4865 eodem

2218 4895 2478 4951 labuntur
2506 4912 2723 4952 errore.
2754 4896 2924 4964 Uxor,
2972 4899 3171 4970 inquit,
3204 4909 3295 4953 tua
3330 4900 3465 4954 sicut
3506 4900 3625 4955 uitis
3664 4901 3829 4956 abun-

2218 4988 2350 5043 dans
2370 4989 2423 5042 in
2448 4987 2694 5044 lateribus
2717 4992 2903 5045 domus
2928 5001 3050 5057 tute,
3083 4992 3183 5059 lilii
3206 4992 3285 5047 tui
3314 4993 3448 5047 sicut
3485 4992 3709 5049 novellte
3736 4992 3834 5048 oli-

2214 5095 2393 5134 varum
2424 5080 2478 5135 in
2505 5081 2730 5136 circuitu
2755 5098 2950 5137 mensa!
2978 5094 3082 5138 tua:
3112 5081 3236 5156 (Ps.
3266 5084 3500 5155 cxxvtt),
3537 5100 3720 5157 usque
3766 5084 3831 5139 ad

2214 5189 2338 5231 eum
2368 5174 2546 5231 locum
2569 5176 2658 5231 ubi
2687 5174 2765 5231 ait
2792 5192 2807 5230 :
2837 5175 3121 5232 Benedicat
3149 5188 3196 5232 te
3227 5174 3482 5232 Dominus
3505 5193 3571 5232 ea:
3597 5176 3759 5245 Sion,
3785 5187 3833 5231 et

2213 5269 2389 5324 videas
2421 5285 2538 5342 qua
2564 5269 2700 5324 bona
2725 5281 2844 5326 sunt
2870 5270 3183 5327 Jerusalem.
3215 5270 3362 5343 Ergo
3388 5286 3517 5327 cum
3561 5272 3830 5328 instructa

2219 5361 2382 5419 luerit
2414 5361 2743 5433 Jerusalem,
2772 5373 2827 5420 et
2855 5364 3159 5421 instaurata
3210 5365 3265 5420 in
3291 5365 3572 5437 antiquum
3599 5374 3830 5433 statum,

2230 5544 2478 5621 scriptum
2508 5553 2604 5614 est,
2653 5558 2809 5621 erunt
2852 5549 3047 5620 angeli,
3079 5550 3192 5616 sed,
3224 5551 3366 5607 sicut
3391 5548 3567 5621 angeli
3598 5567 3615 5604 :
3646 5552 3744 5607 ubi
3766 5553 3835 5608 si-

2231 5614 2474 5695 militudo
2496 5619 2839 5695 protttittitur,
2864 5614 3052 5695 ceratas
3083 5614 3384 5695 denegatur.
3419 5614 3614 5688 Erunt,
3638 5624 3830 5695 inquit,

2231 5689 2366 5741 sicut
2400 5692 2601 5763 angeli.
2629 5690 2684 5743 id
2715 5703 2813 5763 est,
2841 5692 3035 5747 similes
3062 5689 3364 5763 angelbrum
3388 5709 3408 5748 :
3449 5708 3569 5763 ergo
3595 5689 3832 5749 homines

2232 5775 2341 5834 esse
2369 5777 2473 5834 non
2497 5761 2751 5816 desinent.
2776 5760 3051 5818 Caeterum
3084 5760 3269 5819 multis
3315 5780 3464 5834 saepe
3497 5760 3635 5823 locis
3664 5766 3832 5826 hocce

2233 5828 2486 5907 Origenis
2513 5842 2884 5891 commentum
2909 5833 2969 5893 S.
2996 5834 3192 5894 doctor
3208 5828 3431 5903 refellit,
