3978 6338
236 305 331 369 505
751 308 1192 374 TRANSLATIO
1228 314 1669 376 HOMILIARUM
1706 315 2035 377 ORIGENIS
2072 317 2141 375 IN
2177 317 2438 377 LUCAM.
2479 318 2648 376 llOll.
2690 319 2941 380 XXXIX.
3394 326 3504 385 306

237 439 351 485 tunc
375 428 581 485 visurus
603 437 689 487 est
716 431 857 488 bona
883 449 1007 504 quae
1050 434 1333 508 Scriptura
1386 443 1797 494 commemorat.
1829 442 1881 504 Α
1905 449 2015 504 quo
2042 432 2095 490 iu
2127 433 2381 492 Mattme
2410 435 2670 492 scribitur
2694 437 2949 494 denarius
2971 439 3190 512 (Matth.
3223 444 3496 516 “11.19).

234 520 324 591 Qui
350 522 651 592 spiritaliter
697 523 1012 598 intelligunt
1051 527 1379 597 Jerusalem,
1410 540 1467 587 et
1491 530 1560 587 de
1605 546 1669 587 ea
1696 531 1804 586 dici
1915 527 2079 592 Quem
2105 544 2225 582 cum
2248 531 2547 601 accepisset,
2580 532 2656 585 ait
2685 547 2705 585 :
2727 530 2890 605 Cujus
2934 534 3268 605 scriptionem
3294 535 3443 591 habet
3472 540 3499 593 ?

233 618 538 685 sciantque:
573 618 811 676 caelestis
860 629 965 690 est,
992 638 1114 694 qua:
1143 639 1362 680 sursum
1417 633 1523 691 est,
1552 642 1674 696 quae
1720 634 1807 682 est
1913 621 2015 689 Qui
2043 622 2429 694 respdndentes,
2478 623 2765 681 dixerunt:
2807 624 3046 682 Caesaris.
3100 628 3181 682 Art
3225 646 3353 700 quos
3381 648 3502 685 rur-

100 684 163 759 \
231 719 391 766 mater
416 684 594 767 nostra
615 710 763 785 (Gal.
797 714 871 774 tv)
898 731 915 773 :
939 684 1202 772 uidebunt
1224 717 1362 773 bona
1388 684 1657 785 illius,'de
1685 719 1806 790 qui—
1907 684 2062 780 sitm;
2086 684 2285 770 reddite
2311 684 2453 787 ergo.
2496 716 2693 786 inquit,
2722 735 2839 789 qua:
2866 727 2988 773 sunt
3032 684 3254 777 Cres-aris
3274 719 3495 790 Carsari,

230 805 322 861 bus
347 820 488 876 sape
509 807 767 875 diximus,
798 818 855 865 et
900 808 957 865 id
983 810 1128 881 quod
1175 826 1320 868 nunc
1363 811 1434 869 de
1464 811 1672 883 psalmo
1703 827 1802 883 po-

124 916 145 963 ,δ
228 897 461 955 suimus:
508 899 647 956 Uxor
685 911 777 956 tua
804 903 938 957 sicut
970 905 1088 960 vitis
1132 905 1406 962 abundans
1449 907 1506 962 in
1552 906 1803 963 lateribus

224 992 386 1046 domus
408 1000 531 1059 tute,
558 992 655 1058 lilii
687 995 764 1049 tui
786 997 921 1051 sicut
964 997 1179 1053 novella:
1207 997 1462 1054 olivarum
1500 1002 1555 1055 in
1584 1000 1804 1056 circuitu

225 1101 397 1141 meum
454 1098 570 1142 tua.
627 1087 760 1158 Qua:
828 1090 1015 1146 omnia
1077 1093 1435 1163 corporaliter
1489 1094 1799 1166 intelligen-

224 1179 348 1232 tilius
393 1177 742 1249 Sadducaeis,
777 1190 803 1219 ι
858 1182 953 1252 qui
1005 1192 1163 1239 erant
1210 1186 1389 1254 portio
1438 1185 1794 1253 Judaeorum,

221 1268 550 1345 365-366
575 1272 712 1329 dicit
728 1273 979 1331 Salvator
998 1292 1013 1330 :
1034 1274 1261 1331 Nescitis
1281 1276 1604 1349 Scripturas,
1636 1294 1799 1348 neque

220 1363 433 1417 uirtutem
462 1364 576 1419 Dei.
604 1366 735 1423 Haec
763 1366 833 1423 de
850 1369 1357 1442 quaestione,quam
1376 1370 1663 1427 Sadducrei
1687 1370 1794 1426 Do-

1905 817 1955 863 et
1980 823 2095 879 qua
2108 817 2229 863 sunt
2258 808 2353 863 Dei
2382 808 2512 864 Deo.
2540 810 2780 879 Quorum
2803 815 3248 882 consequentiam
3270 825 3326 870 et
3351 815 3494 870 Pau-

1905 901 1993 957 lus
2039 901 2253 958 locutus
2277 912 2384 968 est,
2409 902 2595 959 dicens
2629 921 2641 957 :
2680 904 2827 960 Sicut
2852 906 3169 978 portavimus
3218 909 3496 980 imaginem

1903 994 2092 1065 clinici,
2151 1005 2415 1066 portemus
2450 1006 2501 1050 et
2549 997 2827 1067 imaginem
2882 998 3101 1054 caelestis
3136 1001 3176 1070 (Ι
3227 998 3349 1054 Cor.
3380 1002 3495 1072 xv).

1901 1088 2055 1158 Quod
2086 1103 2220 1159 ergo
2246 1089 2323 1144 ait
2354 1106 2368 1143 :
2399 1088 2623 1144 Reddite
2669 1105 2786 1160 qua:
2833 1100 2954 1145 sunt
3000 1090 3221 1146 Ciesaris
3277 1091 3496 1159 Ctesari,

1901 1178 2007 1237 hoc
2027 1179 2197 1236 dicit:
2232 1179 2501 1251 Deponite
2527 1195 2814 1250 personam
2859 1181 3055 1246 clinici,
3107 1182 3327 1250 abjicite
3358 1185 3498 1238 ima-

1896 1272 2077 1344 ginem
2107 1281 2403 1339 terrenam,
2436 1280 2496 1327 ut
2534 1273 2755 1343 possitis
2783 1273 2941 1329 vobis
3002 1289 3291 1342 personam
3324 1278 3493 1331 coele-

1895 1364 1999 1421 stis
2028 1365 2398 1436 imponentes,
2428 1365 2658 1422 reddere
2681 1380 2802 1437 quae
2827 1375 2955 1421 sunt
2991 1367 3088 1421 Dei
3118 1367 3251 1423 Deo.
3280 1368 3499 1438 Repetit

219 1453 351 1508 mino
379 1466 800 1527 proposuerunt,
819 1457 1059 1514 breviter
1078 1458 1228 1516 dicta
1252 1458 1383 1516 sint.
1399 1461 1571 1518 Porro
1589 1461 1619 1500 ιι
1644 1461 1792 1531 quod
1896 1472 1997 1515 nos
2027 1456 2190 1513 Deus.
2219 1458 2485 1526 Quidnam
2517 1460 2719 1528 repetit
2746 1460 2768 1512 ἲ
2796 1457 2941 1528 Lege
2968 1460 3225 1531 Moysen:
3261 1459 3329 1513 Et
3360 1477 3496 1514 nunc

216 1546 460 1618 adjectum
489 1551 667 1605 estde
714 1550 953 1623 imagine
981 1552 1241 1621 Cesaris,
1271 1555 1441 1611 etiam
1492 1571 1661 1627 super
1686 1556 1790 1613 hoc
1891 1550 2019 1619 quid
2041 1547 2297 1607 Dominus
2323 1553 2562 1624 repetita
2592 1553 2682 1607 te?
2706 1560 2762 1607 et
2788 1552 2998 1621 reliqua
3016 1568 3138 1622 qua:
3168 1566 3491 1625 sequuntur.

218 1642 456 1699 debemus
476 1660 643 1714 pauca
676 1648 1075 1718 perstringere.
1100 1647 1302 1705 Putant
1353 1648 1571 1722 quidam
1602 1666 1632 1705 τι
1663 1649 1786 1707 Sal-
1891 1641 2138 1698 Postulat
2178 1646 2340 1714 igitur
2361 1660 2390 1697 a
2424 1644 2586 1700 nobis
2637 1645 2803 1712 Deus,
2853 1653 2909 1700 et
2960 1645 3285 1717 deprecatur
3312 1692 3328 1716 ,
3389 1666 3497 1704 uou

218 1746 381 1793 ratore
401 1737 604 1793 dictum
626 1753 752 1796 esse
777 1740 1128 1809 Simpliciter:
1153 1742 1379 1799 Reddite
1400 1760 1517 1815 qum
1531 1743 1787 1801 εαηεςω.
1888 1734 2013 1805 quia
2071 1736 2441 1792 necessarium
2476 1736 2639 1792 habet
2667 1737 2898 1808 aliquid,
2946 1748 3007 1793 ut
3059 1739 3111 1793 ei
3140 1738 3486 1795 tribuamus:

214 1827 573 1897 niis,thsari,
608 1831 660 1886 id
690 1842 792 1901 est,
828 1832 1094 1890 tributum
1143 1835 1355 1893 reddite
1375 1837 1522 1908 quod
1549 1837 1780 1895 debetis.
1813 1840 1863 1903 B
1889 1828 2201 1898 Ροδωιεηθι
2230 1839 2515 1900 Ροδιψηιηι
2558 1828 2611 1885 εί
2640 1828 2978 1896 dederimus,
3009 1829 3245 1901 “ipsum
3288 1833 3492 1887 ιΐίίιυίιι

215 1919 326 1987 Quis
345 1922 484 1977 enim
531 1936 781 1980 nostrum
823 1924 896 1982 de
946 1925 1168 1983 tributis
1216 1927 1514 1986 reddendis
1579 1929 1784 1988 Cmsari

216 2013 557 2072 contradicit?
580 2016 756 2073 llabet
788 2017 951 2089 igitur
974 2018 1130 2075 locus
1158 2021 1415 2091 quiddam
1439 2023 1656 2096 mystici
1696 2032 1782 2080 at-

213 2121 302 2178 que
342 2108 557 2165 secreti.
611 2109 745 2166 Duze
792 2121 920 2168 sunt
975 2112 1241 2185 imagines
1294 2113 1531 2171 hominis
1563 2158 1579 2186 ,
1618 2132 1782 2174 unam

212 2212 346 2268 quam
388 2201 595 2271 accepit
636 2217 669 2256 a
711 2201 825 2259 Deo
864 2201 1040 2260 factus
1086 2203 1143 2260 in
1185 2206 1456 2278 principio
1483 2248 1500 2274 ,
1534 2209 1679 2265 sicut
1728 2209 1783 2265 in

212 2288 383 2347 Genesi
413 2294 678 2364 scriptum
710 2304 838 2352 est:
876 2294 1045 2352 Juxta
1082 2298 1360 2373 imaginem
1400 2308 1451 2357 et
1475 2301 1781 2359 similitudi-

211 2402 308 2440 nent
349 2385 445 2443 Dei
474 2388 631 2460 (Gen.
679 2388 763 2462 1);
796 2390 967 2447 altera
1023 2391 1201 2449 choici
1233 2433 1250 2461 ,
1308 2392 1363 2449 id
1411 2404 1515 2457 est.
1551 2398 1775 2467 terreni,

211 2490 461 2552 postquam
523 2493 748 2554 propter
800 2484 1229 2541 inobedieutiaiu
1281 2498 1446 2558 atque
1497 2499 1776 2559 peccatum

209 2571 386 2642 eiectus
403 2576 469 2630 de
499 2576 755 2645 paradiso
795 2579 1091 2647 assumpsit
1117 2595 1262 2646 eam,
1295 2579 1559 2651 principis
1590 2585 1778 2640 saeculi

210 2663 345 2736 hujus
379 2683 574 2725 suasus
612 2669 909 2726 illecebris.
958 2670 1117 2728 Sicut
1155 2672 1301 2729 enim
1338 2689 1588 2730 nummus
1616 2684 1779 2746 atque

212 2757 433 2817 denarius
462 2762 631 2820 habet
660 2765 954 2835 imaginem
1006 2767 1399 2836 imperatorum
1434 2768 1664 2835 mundi;
1697 2771 1776 2827 sic

209 2853 281 2923 qni
306 2854 422 2909 iacit
447 2871 618 2924 opera
671 2856 901 2912 rectoris
928 2857 1281 2914 tenebrarum
1313 2861 1565 2927 istarum,
1596 2871 1779 2930 portat

207 2943 460 3013 imaginem
504 2948 628 3015 eius
656 2949 814 3019 cujus
846 2950 1010 3006 liabet
1047 2965 1259 3019 opera;
1305 2966 1468 3021 quam
1512 2954 1778 3026 praecepit

209 3032 338 3091 lesus
370 3054 489 3095 esse
520 3040 861 3097 reddendam
885 3051 943 3099 et
965 3042 1356 3113 projicieudam
1396 3044 1465 3101 de
1491 3047 1641 3101 vultu
1674 3062 1774 3102 no-

209 3136 319 3197 stro,
344 3132 839 3204 assumendamque
868 3150 988 3191 eam
1032 3134 1343 3208 imaginem,
1367 3136 1519 3208 juxta
1550 3154 1713 3210 quam
1743 3155 1775 3196 a

1890 1921 1946 1977 in
1974 1920 2230 1977 salutem.
2265 1921 2419 1988 Quod
2449 1931 2506 1976 ut
2549 1923 2891 1978 manifestius
2933 1925 3047 1993 liat,
3084 1940 3281 1995 ponam
3340 1941 3498 1994 para-

1886 2011 2068 2068 bolam
2103 2028 2376 2070 mnarum.
2404 2014 2507 2083 Qui
2535 2031 2699 2071 uuam
2746 2026 3037 2088 acceperat
3082 2033 3289 2084 mnam,
3319 2027 3376 2073 et
3406 2019 3488 2074 le—

1885 2118 2041 2166 cerat
2066 2110 2259 2167 decem
2296 2126 2313 2178 ;
2339 2120 2393 2167 et
2418 2110 2617 2167 obtulit
2663 2111 2915 2180 Domino,
2946 2128 2977 2168 a
3009 2129 3116 2183 quo
3143 2113 3243 2168 sibi
3275 2114 3483 2170 credita

1884 2217 2010 2257 mna
2042 2204 2238 2270 iuerat,
2264 2206 2475 2275 accepit
2503 2214 2561 2261 et
2607 2204 2771 2261 aliam
2802 2221 2963 2277 quam
2996 2215 3153 2261 antea
3187 2224 3292 2261 non
3328 2209 3495 2263 liabe-

1884 2294 1996 2350 bat.
2019 2294 2169 2351 Illius
2193 2299 2337 2352 enim
2366 2313 2569 2365 mnam,
2587 2297 2680 2368 qui
2711 2314 2821 2354 non
2853 2299 3317 2369 multiplicaverat
3338 2301 3485 2371 quod

1882 2388 2114 2459 accepit,
2150 2388 2305 2458 jubet
2330 2390 2589 2446 Dominus
2634 2388 2863 2457 auferri,
2895 2400 2950 2445 et
2988 2392 3105 2446 dari
3132 2394 3181 2447 ei
3223 2393 3315 2462 qui
3346 2392 3486 2447 alias

1882 2481 2066 2537 liabet.
2095 2482 2313 2552 Tollite,
2346 2486 2542 2556 inquit,
2570 2500 2765 2550 mnam,
2791 2492 2839 2537 et
2866 2484 2986 2539 date
3019 2486 3067 2538 ei
3101 2487 3192 2555 qui
3216 2485 3367 2541 habet
3393 2487 3486 2540 de-

1881 2590 1989 2628 cem
2031 2592 2200 2631 muas.
2218 2577 2396 2649 Atque
2447 2577 2500 2632 in
2547 2576 2693 2632 hunc
2744 2576 2966 2632 modum
3010 2594 3136 2649 qua:
3164 2579 3480 2634 dederimus

1883 2668 2028 2735 Deo,
2061 2669 2219 2725 nobis
2253 2684 2319 2726 ea
2363 2670 2479 2739 ipsa
2507 2670 2757 2724 restituet
2781 2683 2904 2724 cum
2949 2668 3033 2724 liis
3062 2685 3184 2739 qua:
3214 2680 3343 2724 ante
3373 2686 3481 2724 non

1883 2761 2265 2818 liabueramus.
2292 2762 2469 2832 Exigit
2493 2772 2545 2817 et
2574 2761 2814 2831 postulat
2839 2777 2870 2816 a
2899 2762 3056 2815 nobis
3094 2761 3260 2829 Deus,
3296 2772 3354 2816 ut
3384 2762 3480 2817 lia-

1882 2856 2007 2911 beat
2035 2856 2380 2911 occasionem
2411 2854 2673 2921 donandi,
2698 2862 2757 2909 ut
2786 2854 2888 2924 ipsi
2922 2856 3124 2909 tribuat
3164 2854 3255 2925 qui
3285 2868 3478 2923 eroga-

1883 2948 1982 3005 vit.
2011 2947 2185 3020 Ipsius
2215 2948 2361 3003 enim
2393 2948 2569 3017 gratia
2602 2947 2877 3017 duplicata
2909 2955 2994 3000 cst
3036 2961 3182 3013 uina,
3211 2958 3265 3001 et
3285 2946 3480 3017 dignus

1879 3042 2184 3113 quibusque
2208 3041 2332 3113 plus
2355 3042 2545 3097 datum
2587 3050 2858 3111 estquam
2887 3042 3204 3109 sperabant.
3230 3041 3482 3110 Quapro-

1883 3144 2002 3203 pter
2031 3143 2319 3204 surgentes
2353 3147 2580 3188 oremus
2604 3132 2798 3198 Deum,
2827 3141 2890 3186 ut
2916 3131 3065 3201 digni
3085 3132 3257 3185 simus
3282 3130 3481 3186 olierre

214 3223 441 3296 principio
469 3227 541 3282 ad
563 3227 975 3284 similitudinem
998 3227 1097 3287 Dei
1125 3228 1333 3285 conditi
1359 3244 1570 3287 sumus.
1603 3235 1779 3302 Atque
1804 3232 1851 3296 C
1882 3230 1935 3285 ei
1967 3245 2190 3285 munera
2213 3245 2336 3301 qum
2372 3229 2530 3285 nobis
2553 3231 2824 3297 restituat,
2853 3237 2908 3284 et
2955 3244 3053 3298 pro
3081 3229 3317 3283 terrenis
3363 3243 3480 3284 cm-

212 3317 267 3372 ita
294 3319 365 3385 lit,
416 3331 478 3373 ut
526 3337 649 3392 quae
687 3321 922 3377 Cmsaris
948 3331 1099 3388 sunt,
1146 3321 1374 3390 Caesari,
1419 3332 1476 3380 et
1503 3340 1625 3396 qua:
1656 3325 1771 3394 Dei,

209 3412 458 3470 reddamus
489 3415 621 3471 Deo.
656 3415 949 3485 Osteiidite,
981 3415 1176 3488 inquit,
1202 3416 1328 3471 milii
1355 3433 1644 3472 nummum.
1669 3418 1776 3474 Pro

268 3609 289 3639 ι
309 3600 585 3676 Nonnullis
602 3612 738 3676 ipost
763 3601 1029 3676 Dzillmiiio
1056 3602 1207 3658 visus
1252 3610 1336 3659 est
1363 3602 1625 3676 Origenes
1656 3605 1773 3659 exi-

212 3674 392 3728 stimare
434 3674 548 3729 hoc
599 3675 744 3739 loco,
793 3675 1123 3731 Sailducreos
1164 3676 1323 3745 (quos
1365 3674 1601 3741 constat,
1651 3676 1771 3744 ipso

214 3747 484 3818 neutiquam
511 3745 805 3812 ililliteute,
830 3747 980 3818 solos
996 3746 1196 3818 Moysis
1219 3746 1392 3802 libros
1416 3749 1469 3800 in
1490 3763 1769 3803 sacrarum

214 3815 580 3886 Scripturarum
605 3815 1184 3890 censumwadmisis’se)
1216 3818 1496 3888 prophetis
1525 3834 1767 3890 quoque,

212 3898 254 3957 et
275 3889 474 3947 psalmis
500 3891 751 3945 eamdem
780 3889 1035 3945 tribuisse
1060 3892 1472 3954 auctoritatem;
1498 3891 1766 3957 siquidem

213 3955 333 4031 Isaia:
354 3976 467 4031 uir
489 3968 545 4015 et
577 3960 769 4025 psalmi
814 3975 996 4016 cxxvn
1030 3961 1366 4024 testimonia,
1395 3977 1518 4030 qua:
1560 3955 1763 4031 laudat,

215 4029 336 4101 abiis
361 4030 519 4101 tradit
536 4031 901 4101 corporaliter
925 4032 1221 4099 intellecta,
1256 4029 1425 4101 cujus
1444 4029 1766 4099 ignorantia:

215 4100 515 4158 aSalratore
540 4112 893 4160 accusantur.
926 4102 1126 4159 Verum
1172 4104 1274 4160 etsi
1329 4103 1644 4160 dederimus
1693 4105 1768 4159 ita

214 4169 328 4229 hunc
344 4173 604 4246 superiori
649 4181 988 4256 contextum.
1020 4176 1252 4244 haerere,
1305 4185 1381 4242 ut,
1415 4191 1536 4248 quae
1586 4175 1771 4233 laudat

1882 3320 2046 3375 lestia
2074 3320 2353 3392 largiatur,
2378 3323 2434 3378 in
2454 3320 2678 3377 Christo
2706 3319 2861 3385 Jesu.
2890 3322 2978 3375 cui
3001 3329 3088 3376 est
3107 3321 3279 3391 gloria
3302 3328 3357 3376 et
3378 3321 3479 3376 iui-

1879 3418 2090 3491 perium
2122 3417 2176 3471 in
2209 3416 2407 3472 saecula
2435 3416 2788 3473 saeculorum.
2824 3415 3022 3471 Amen.

1874 3604 2160 3674 Origenes.
2193 3604 2474 3676 prophetae
2520 3619 2583 3657 ac
2635 3603 2852 3659 Davidis
2896 3604 3061 3676 verba
3110 3619 3394 3675 perperam
3441 3623 3475 3661 a

1875 3675 2422 3732 Sadduezeisdiceret
2451 3682 2696 3744 accepta,
2746 3692 2850 3730 non
2884 3675 3008 3730 hinc
3038 3686 3219 3731 tamen
3247 3678 3475 3745 colligas

1872 3750 2111 3804 sensisse
2140 3748 2290 3803 illum
2333 3762 2429 3804 eos
2476 3748 2643 3802 libras
2675 3763 2704 3801 a
2747 3746 3063 3803 Saddueaeis
3094 3749 3150 3802 in
3197 3748 3476 3805 Curionem

1873 3819 2275 3888 Scripturarum
2328 3820 2547 3874 relatos.
2606 3817 2788 3873 Potuit
2838 3834 2965 3872 vero
3013 3818 3144 3872 illud
3194 3818 3475 3874 dumtaxat

1879 3891 2279 3945 Dcuteronomii
2332 3905 2511 3946 xxvm
2561 3890 2952 3957 testiinonium,
2983 3890 3129 3960 quod
3181 3888 3367 3961 utique
3417 3900 3474 3945 et

1873 3961 2159 4019 Sadductei
2192 3962 2517 4031 reciperent,
2547 3962 2877 4030 respexisse.

1942 4032 1971 4072 δ
2002 4035 2230 4089 Lectum
2261 4043 2419 4089 antea
2458 4048 2594 4103 quis,
2622 4033 2907 4088 manifesto
2936 4047 3145 4101 errore,
3179 4050 3277 4105 pro
3303 4031 3465 4103 quod,

1871 4112 1964 4177 apt
1987 4105 2132 4175 quia.
