3978 6338
1717 155 1781 211 5.
1821 154 2094 211 Etsm
2133 156 2518 212 ΠΙΗῖΟΠΙΙ

3670 163 3770 221 508

449 261 3749 308 Μ

583 295 620 300 -—
637 295 668 300 --
697 297 716 301 —
741 295 918 302 .———.—.——.—

2297 298 3154 318 Mn
3295 298 3748 308 κκκνῄ..

1069 427 1218 544 8-
1290 424 2024 546 ΕΠΒΕΒῙῙ
2097 429 3178 550 om

1566 649 2136 714 STBIDONESSIS
2177 652 2672 714 PRESBYTER]

1219 827 2480 966 'COMMENTARI
2503 834 3015 967 ORL'M

562 1224 1964 1390 EPISTOLAM
2086 1067 2420 1386 λι)
2551 1227 3680 1398 GALATAS

1768 1493 2078 1576 LIBRI
2152 1493 2485 1578 TRES.

1685 1783 2556 1894 PROLOGUS.

542 2155 900 2230 367368
929 2153 1090 2208 ι’ἓυεί
1142 2151 1434 2208 alimmum
1474 2149 1596 2206 dies
1640 2157 1789 2216 sunt,
1821 2146 1850 2186 δ
1873 2162 1938 2203 ex
1962 2161 2070 2219 quo
2097 2149 2148 2210 Α
2175 2147 2509 2208 auctoritas;
2545 2148 2640 2204 sed
2670 2150 3021 2206 examinabat
3050 2155 3255 2218 omnia,
3287 2165 3344 2209 et
3375 2154 3560 2226 sagaci
3589 2166 3777 2212 mente

476 2250 768 2322 epistolam
811 2246 962 2301 Pauli
991 2245 1058 2298 ad
1113 2244 1488 2300 Philemonem
1545 2242 1962 2313 interpretatus,
2003 2240 2074 2295 ad

473 2345 700 2402 Galatas
733 2339 1198 2406 transcenderam,
1231 2339 1421 2396 multis
1453 2347 1756 2396 retrorsum
1807 2338 1859 2392 in
1891 2336 2075 2392 medio

473 2438 861 2513 praetermissis
890 2454 906 2502 ;
958 2446 1014 2492 et
1043 2449 1173 2491 ecce
1225 2434 1406 2492 subito
1438 2433 1637 2488 litterae
1668 2431 1802 2488 mihi
1832 2433 1899 2486 de
1929 2430 2077 2488 Urbe

473 2535 659 2590 allata:
717 2540 891 2597 sunt,
946 2529 1258 2586 nuntiantes
1283 2537 1340 2588 et
1394 2527 1650 2582 Albinam
1701 2526 2074 2582 venerabilem

473 2643 636 2683 anum
692 2623 1002 2696 praesentiae
1061 2620 1278 2678 Domini
1338 2619 1608 2676 redditam
1644 2665 1658 2688 ,
1719 2628 1774 2674 ct
1830 2626 2075 2676 sanctam

482 2721 799 2779 Marcellam
851 2717 1044 2776 matris
1089 2715 1455 2774 contubernio
1503 2713 1819 2770 destitutam
1847 2754 1860 2778 ,
1905 2713 2077 2783 magis

476 2825 622 2869 nunc
652 2817 916 2875 vestrum,
942 2821 975 2861 o
1005 2805 1170 2861 Paula
1204 2813 1260 2858 et
1294 2803 1670 2869 Eustochium,
1697 2802 1946 2872 ﬂagitare
1990 2818 2078 2857 so-

480 2906 691 2961 latium.
711 2904 778 2957 Et
810 2901 932 2972 quia
956 2899 1060 2954 hoc
1091 2895 1307 2954 interim
1335 2897 1448 2952 fieri
1483 2912 1589 2951 non
1621 2904 1821 2966 potest,
1853 2904 2079 2965 propter

479 2996 706 3069 grandia
741 2993 907 3049 maris
935 2993 988 3047 in
1036 2989 1217 3046 medio
1264 2990 1438 3061 spatia
1488 2999 1651 3059 atque
1680 2997 1966 3055 terrarum,
1995 3003 2078 3044 re-

483 3100 648 3162 pente
680 3089 876 3143 vulnus
902 3089 1225 3157 impressum
1281 3083 1475 3140 saltem
1527 3083 1934 3154 Scripturarum
1965 3083 2080 3140 vel-

482 3186 592 3243 lem
617 3198 813 3240 curare
836 3180 1222 3238 medicamine.
1241 3178 1366 3238 Scio
1387 3177 1640 3250 equidem
1669 3179 1924 3236 ardorem
1937 3179 2077 3250 ejus,

485 3279 601 3334 scio
658 3277 845 3342 fidem,
874 3290 1036 3347 quam
1066 3273 1342 3332 ﬂammam
1376 3287 1594 3344 semper
1621 3272 1818 3330 habeat
1874 3273 1929 3328 in
1986 3287 2078 3342 pe-

481 3383 662 3438 ctore,
694 3383 954 3439 superare
981 3383 1192 3432 sexum,
1224 3365 1472 3423 oblivisci
1505 3365 1762 3432 hominis,
1790 3374 1845 3422 et
1867 3363 2080 3420 divino-

482 3479 604 3522 rum
638 3463 974 3516 voluminum
1008 3472 1267 3532 tympano
1307 3466 1692 3531 concrepante,
1727 3458 1950 3513 rubrum
1980 3456 2081 3511 hu-

2179 2242 2434 2296 universa
2467 2243 2752 2312 pensabat,
2789 2255 2847 2299 ut
2875 2262 2964 2302 me
3012 2248 3275 2304 sentirem
3312 2265 3419 2304 non
3453 2260 3562 2305 tam
3614 2252 3786 2308 disci-

2182 2333 2362 2402 pulam
2419 2335 2644 2400 habere,
2704 2353 2864 2407 quam
2917 2339 3181 2406 judicent.
3213 2341 3398 2413 Itaque
3443 2344 3587 2408 quod
3621 2347 3787 2402 etilli

2179 2427 2392 2481 absenti
2421 2438 2731 2496 pergratum
2773 2428 2910 2490 fore.
2944 2442 3000 2485 et
3035 2433 3189 2486 vobis
3215 2450 3334 2506 qua:
3374 2435 3426 2488 in
3461 2438 3782 2506 prmsentia—

2180 2536 2297 2574 rum
2329 2521 2482 2587 estis,
2510 2521 2642 2576 utile
2667 2521 2945 2590 existimo,
2972 2527 3268 2594 aggrediar
3297 2543 3436 2599 opus
3458 2530 3788 2590 intentatum

2179 2624 2307 2669 ante
2353 2630 2439 2670 me
2485 2615 2685 2684 lingua:
2727 2627 2929 2672 nostra:
2976 2620 3369 2690 scriptoribus,
3421 2634 3477 2680 et
3524 2640 3554 2678 a
3582 2624 3789 2681 Grmcis

2179 2723 2397 2779 quoque
2462 2708 2597 2780 ipsis
2657 2709 2748 2770 vix
2799 2711 3008 2781 paucis,
3073 2723 3133 2769 ut
3173 2715 3252 2770 rei
3284 2716 3538 2785 poscebat
3607 2718 3789 2790 digni-

2185 2811 2266 2856 tas
2309 2845 2323 2868 ,
2394 2813 2738 2872 usurpatum.
2767 2801 2889 2858 Non
2932 2804 3078 2875 quod
3146 2807 3391 2877 ignorem
3449 2805 3642 2865 Caium
3674 2811 3786 2868 Ma-

2182 2895 2346 2968 369
2373 2927 2398 2936 -
2425 2897 2594 2976 37o
2642 2899 2780 2952 rium
2826 2897 3187 2967 Victorinum,
3239 2902 3329 2972 qui
3372 2901 3585 2968 Romte,
3627 2914 3648 2942 ε
3701 2921 3789 2959 me

2185 3005 2375 3058 puero,
2399 2990 2728 3046 rhetoricam
2747 2990 2955 3058 docuit,
2986 2993 3226 3050 edidisse
3249 2993 3692 3052 Commentarios
3727 3000 3778 3053 in

2189 3081 2538 3151 Apostolum;
2554 3083 2650 3138 scd
2666 3084 2812 3156 quod
2825 3096 3124 3156 occupatus
3139 3088 3231 3144 ille
3245 3089 3549 3146 eruditione
3560 3091 3787 3148 saecula-

2185 3175 2323 3230 rium
2343 3176 2670 3242 litterarum,
2696 3175 3012 3250 Scripturas
3026 3180 3252 3236 omnino
3271 3177 3298 3217 ἀ
3322 3191 3540 3238 sanctas
3567 3183 3786 3253 ignora-

2184 3269 2356 3326 verit:
2384 3278 2437 3328 et
2468 3284 2630 3326 nemo
2648 3270 2843 3340 possit,
2863 3273 3114 3342 quamvis
3139 3273 3423 3342 eloquens,
3443 3275 3514 3330 de
3544 3290 3612 3330 eo
3645 3276 3786 3332 bene

2187 3363 2466 3436 disputare
2490 3404 2504 3428 ,
2539 3363 2682 3433 quod
2725 3365 2958 3420 nesciat.
3006 3365 3152 3435 Quid
3182 3376 3204 3404 ε
3242 3367 3425 3438 igitur,
3455 3383 3557 3439 ego
3586 3369 3786 3424 stultus

2187 3467 2277 3511 aut
2309 3457 2674 3524 temerarius,
2705 3458 2797 3528 qui
2823 3457 2875 3512 id
2925 3460 3190 3529 pollicear
3233 3462 3375 3531 quod
3426 3462 3516 3516 ille
3543 3478 3653 3516 non
3685 3479 3780 3534 po-

480 3560 570 3630 jus
615 3555 800 3613 saeculi
851 3555 1078 3625 pelagus
1122 3553 1495 3610 transfretare.
1526 3550 1690 3608 Certe
1733 3565 1857 3607 cum
1889 3550 2078 3614 Rotnze
2109 3553 2156 3612 Β
2183 3552 2321 3608 luit?
2353 3551 2595 3614 Minime.
2625 3551 2769 3620 Quin
2808 3552 2989 3622 potius
3024 3551 3043 3590 τ
3076 3554 3132 3609 in
3163 3570 3253 3621 eo,
3297 3563 3353 3610 ut
3382 3555 3516 3610 milii
3558 3556 3774 3621 videor,

484 3667 686 3718 essem,
720 3664 1010 3719 numquam
1060 3657 1168 3703 tam
1214 3645 1410 3701 festina
1458 3660 1549 3701 me
1604 3644 1757 3711 vidit,
1788 3652 1846 3698 ut
1873 3658 1978 3698 non
2010 3644 2080 3700 de

486 3744 784 3816 Scripturis
828 3740 1027 3813 aliquid
1086 3741 1464 3814 interrogaret.
1508 3737 1692 3810 Neque
1739 3753 1871 3793 vero
1929 3753 2082 3795 more

484 3837 851 3909 Pythagorico
887 3832 1146 3906 quidquid
1199 3831 1609 3903 reSpondetam,
1667 3841 1874 3886 rectum
1924 3840 2080 3901 puta-

481 3931 578 3987 bat
613 3949 625 3986 :
662 3945 760 3984 uec
790 3929 904 3983 sine
934 3929 1144 3983 ratione
1161 3925 1517 3998 praajudicata
1547 3924 1690 3996 apud
1712 3940 1835 3980 eam
1863 3925 2084 3981 valebat

558 4150 580 4175 η
617 4140 789 4194 llosce
814 4138 866 4191 in
915 4136 1204 4206 epistolam
1245 4133 1311 4188 ad
1345 4135 1562 4190 Galatas
1609 4133 2075 4201 Commentarios,

483 4221 542 4266 ut
574 4219 628 4263 ct
676 4216 1072 4274 consequentes
1124 4208 1174 4261 in
1229 4207 1463 4274 reliquas
1510 4217 1619 4262 tres
1666 4207 1734 4259 ad
1790 4206 2074 4275 Ephesios,

485 4283 688 4345 Titum,
747 4298 810 4334 ac
858 4279 1233 4335 Philemonem
1289 4279 1570 4346 exegimus
1627 4279 1692 4332 ad
1747 4279 1908 4332 trium
1941 4294 2074 4334 mss.

485 4353 877 4420 exemplarium
930 4351 1086 4404 fidem
1107 4395 1120 4417 ,
1152 4365 1318 4403 untttn
1352 4349 1651 4403 Palatinum
1683 4364 1910 4404 numero
1941 4366 2080 4420 prte-

489 4433 733 4479 nntatum
786 4422 892 4476 “540
943 4421 1126 4492 probae
1158 4421 1494 4490 antiquitatis
1540 4432 1595 4476 et
1647 4433 1786 4475 noun
1820 4422 2079 4492 :duoque

485 4497 589 4549 alia
639 4491 1108 4557 (.lit-tcrc'tcnsium,
1160 4509 1279 4562 qua:
1331 4492 1518 4547 Reum:
1562 4503 1666 4560 est,
1705 4492 2073 4560 bililiotheCa-,

483 4568 614 4619 olim
649 4565 1011 4619 Nonantulani
1067 4566 1402 4630 monasterii,
1439 4580 1666 4634 quorum
1696 4565 1923 4618 alterum
1974 4564 2076 4619 sub

485 4653 712 4693 numero
736 4644 989 4690 censetur
1019 4636 1106 4698 lii,
1136 4635 1368 4689 alterum
1401 4652 1624 4688 numero
1649 4646 1797 4690 caret
1823 4652 1834 4686 :
1864 4643 2076 4690 utrum-
2103 4635 2106 4638 ’

483 4726 589 4780 que
617 4718 794 4761 autem
829 4705 1210 4780 etttendatione
1240 4721 1304 4780 ac
1343 4714 1609 4761 vetustate
1655 4717 1937 4780 praestans.
1967 4706 2077 4763 Nec

483 4777 826 4846 ilabbauum,
860 4778 950 4847 qui
1006 4777 1330 4850 totitlemﬂde
1389 4794 1542 4833 more
1594 4778 1776 4832 verbis
1809 4779 2074 4850 llierony-

484 4868 630 4906 mutu
661 4846 1208 4920 descripsit,8ttisqtie
1222 4846 1640 4920 Commentariis
1666 4849 1916 4918 intexuit,
1937 4846 2076 4918 prie-

487 4919 1160 4987 tertnisimusisiquidem
1225 4919 1363 4972 haud
1414 4936 1536 4973 raro
1589 4921 1730 4976 inter
1789 4922 2072 4975 innumera

481 4994 679 5065 quibus
719 4967 1144 5065 scatetuieuda,
1180 4990 1460 5045 meliorem
1505 4991 1808 5065 lectionem
1832 5008 1901 5065 ex
1932 4997 2074 5046 auti-
2103 4967 2148 5030 (ἶ

479 5062 783 5136 quissimis,
799 5063 994 5136 quibus
1015 5062 1707 5136 utebatur,eite_mplaribus
1726 5064 1946 5131 profert.
1971 5065 2072 5118 De-

481 5133 648 5207 nique
678 5151 746 5189 ex
775 5135 936 5207 editis
969 5133 1267 5207 rarioribus
1296 5133 2073 5207 libi_i:,_CoI0nieusemeditio-

482 5204 852 5263 neiiiJoannis
881 5204 1130 5278 Gymnici
1181 5220 1324 5259 anno
1357 5204 1485 5260 1551
1516 5221 1623 5260 tton
1657 5207 1854 5261 frustra
1882 5217 2072 5263 contu-

484 5281 665 5334 lituus.

557 5351 582 5388 "
612 5349 815 5416 Nostri,
847 5357 902 5405 et
925 5361 1062 5419 quos
1095 5346 1278 5402 laudat
1316 5348 1563 5403 Martian.
1597 5349 1751 5416 Mss,
1781 5350 1921 5420 quod
1964 5352 2074 5421 epi-

475 5421 687 5486 stolam,
717 5431 820 5477 etc.

552 5506 574 5532 σε
617 5497 788 5549 Antea
822 5503 914 5548 aut
948 5492 1084 5548 falso
1108 5534 1121 5559 ,
1149 5501 1243 5547 aut
1289 5491 1635 5548 incommodo
1665 5507 1831 5548 sensu
1864 5493 2072 5565 legeba-

473 5574 586 5632 tur,
617 5566 704 5636 qui
733 5567 911 5620 Roma:
959 5581 1148 5636 pueros
1179 5565 1494 5619 rhetoricam
1525 5565 1724 5629 docuit,
1770 5566 1852 5618 vel
1881 5611 1896 5632 ,
1931 5575 1988 5620 ut
2016 5565 2071 5622 in

473 5637 686 5707 aliquot
731 5637 893 5692 etiam
924 5652 1054 5692 mss.
1096 5636 1344 5693 invenire
1375 5646 1488 5702 est,
1515 5637 1603 5705 qui
1627 5637 1808 5691 Romw
1841 5653 1918 5689 me
1944 5654 2071 5706 pue-

472 5721 591 5762 rum
620 5707 930 5764 rhetoricam
971 5710 1184 5780 docuit,
1238 5708 1323 5766 vel
1374 5708 1648 5779 denique,
1684 5708 1865 5763 Romae
1910 5724 1990 5763 me
2037 5726 2069 5764 α

2183 3646 2393 3702 cautior
2420 3655 2582 3716 atque
2611 3645 2876 3709 timidior,
2919 3648 3064 3718 quod
3108 3649 3536 3706 imbecillitatem
3577 3652 3776 3707 virium

2186 3756 2429 3796 mearum
2472 3739 2716 3795 sentiens
2737 3784 2750 3807 ,
2781 3740 3033 3810 Origenis
3060 3741 3497 3798 Commentarios
3531 3760 3650 3798 sum
3682 3759 3769 3800 se-

2184 3843 2361 3894 cutus.
2405 3831 2633 3902 Scripsit
2663 3831 2933 3888 enimille
2983 3833 3068 3898 vir
3109 3835 3162 3890 in
3199 3835 3486 3904 epistolam
3525 3833 3681 3890 Pauli
3713 3835 3779 3890 ad

2187 3927 2404 3985 Galatas
2443 3926 2684 3996 quinque
2714 3935 2738 3974 Β
2781 3927 3001 3997 proprie
3043 3927 3350 3996 volumina,
3407 3936 3465 3984 et
3510 3926 3783 3988 decimum

2189 4155 2368 4204 puero,
2397 4151 2501 4194 etc.
2540 4139 2737 4194 Veram
2772 4137 3063 4192 lectionem
3095 4151 3194 4190 nos
3245 4135 3616 4198 restituimus.
3653 4151 3780 4204 sup-

2188 4212 2360 4280 petias
2391 4211 2600 4265 ferente
2633 4224 2742 4262 uno
2785 4207 3141 4262 Cisterciensi
3191 4205 3779 4280 ms._alteroque_Clu-

2189 4277 2450 4348 hiacensi,
2485 4297 2650 4348 quem
2679 4282 2731 4334 iu
2756 4280 3036 4335 Addendis
3056 4280 3171 4348 ipse
3200 4278 3382 4332 laudat
3407 4277 3582 4348 editor
3610 4278 3781 4334 Bene-

2185 4347 2444 4408 dictinus.
2487 4347 2672 4420 Neque
2717 4369 2850 4406 vero
2887 4347 3222 4422 Victorinum
3263 4347 3470 4422 audivit
3515 4349 3782 4422 Hierony-

2191 4441 2310 4479 mus
2338 4467 2352 4488 ,
2400 4441 2575 4494 neque
2607 4423 2841 4479 fortasse
2886 4439 2983 4492 per
3005 4421 3319 4494 infantilem
3353 4420 3528 4494 adhuc
3559 4420 3778 4494 aetatem

2191 4498 2385 4564 potuit.
2439 4490 2608 4562 llujus
2653 4496 2771 4564 ipse
2820 4490 2898 4549 rei
2947 4493 3242 4564 ﬁdeiussor
3289 4494 3342 4564 in
3387 4490 3661 4564 Chronico
3701 4503 3783 4548 est

2182 4561 2249 4622 ad
2280 4584 2478 4623 annum
2510 4561 2616 4622 3:38
2636 4609 2650 4633 ,
2681 4561 2781 4622 ubi
2814 4569 2927 4619 ait:
2973 4561 3268 4617 Victorinus
3294 4561 3497 4628 rhetor,
3527 4573 3574 4615 et
3598 4562 3776 4617 Dona-

2181 4649 2278 4713 tus
2306 4642 2672 4713 grammaticus
2726 4647 3027 4713 praeceptor:
3071 4651 3228 4713 meus
3259 4636 3388 4713 (non
3437 4649 3779 4713 prmceptores

2181 4706 2326 4773 mei,’
2369 4712 2605 4780 plurium
2667 4706 2926 4777 numero)
2985 4706 3774 4780 Romieinsignes__habeutur.

2179 4776 2448 4837 (letarum
2482 4783 2604 4836 vide
2649 4789 2705 4835 et
2749 4776 2944 4833 librum
2975 4779 3044 4833 de
3085 4777 3229 4833 Viris
3274 4776 3610 4844 lllustribus,
3657 4794 3774 4848 cap.

2183 4853 2306 4924 10f.
2340 4866 2396 4908 et
2427 4869 2548 4924 quae
2579 4854 2649 4906 ibi
2675 4861 3022 4924 annotamtts.

2253 4922 2279 4962 ἀ
2325 4919 2522 4980 νοριὲιῐι
2548 4934 2754 4978 sanctas
2784 4923 3065 4977 Palatinus
3097 4935 3202 4975 ms.
3233 4919 3433 4974 nescit.

2255 5007 2278 5034 ε
2321 4998 2759 5065 Conscquentem
2788 4993 2983 5064 viginti
3017 4996 3128 5065 fere
3156 5007 3411 5065 ve_rsuum
3446 4992 3766 5063 pericopen,

2182 5067 2235 5121 in
2277 5069 2360 5123 sui
2412 5063 2820 5122 excusationem
2862 5063 3064 5120 reeitat
3108 5064 3166 5120 S.
3215 5063 3431 5127 Doctor,
3467 5066 3765 5134 ingeritquc

2182 5142 2482 5209 Augustino
2511 5139 2738 5206 epistola
2770 5138 2822 5191 in
2869 5146 3049 5209 nostra
3084 5135 3402 5209 recensione
3435 5136 3573 5209 U2,
3608 5152 3663 5190 n.
3690 5138 3757 5190 4:

2181 5205 2452 5276 Primitm,
2503 5205 2713 5278 inquit,
2772 5207 3086 5279 respondeo,
3148 5205 3384 5260 debuisse
3433 5207 3760 5273 prudentiam

2178 5293 2321 5337 luant
2351 5281 2782 5352 I’rn'fuliuitculte
2807 5279 3563 5352 Comtrientariorummeorttm
3593 5279 3768 5352 memi-

2179 5356 2314 5408 nisse
2343 5348 2562 5408 dicentis
2589 5370 2652 5407 ea:
2674 5367 2898 5423 persona
2943 5368 3054 5405 mea
3079 5367 3096 5406 :
3141 5349 3282 5416 Quid
3307 5349 3493 5420 igitur,
3523 5367 3616 5423 ego
3643 5348 3772 5406 stul-

2179 5436 2278 5488 tus,
2311 5437 2415 5482 οιο.
2834 5478 2840 5484 .

2251 5497 2268 5536 ί
2315 5499 2372 5554 ln
2405 5497 2575 5553 Palat.
2613 5511 2714 5551 ms.
2749 5512 2762 5548 :
2797 5495 2936 5562 Quin
2966 5495 3160 5566 potius,
3193 5505 3249 5549 ut
3277 5494 3406 5548 mihi
3437 5494 3769 5562 t'ideor,cau-

2175 5569 2275 5624 tior
2303 5580 2459 5642 atque
2487 5570 2739 5636 timidior,
2769 5569 2857 5642 qui
2878 5567 3304 5642 imbecillitatem,
3339 5575 3454 5623 etc.

2247 5653 2271 5692 ε
2312 5638 2485 5698 Antea
2513 5649 2653 5708 erat,
2681 5639 2917 5712 prapria,
2962 5638 3141 5693 minus
3165 5649 3333 5694 recte.
3632 5716 3640 5734 .

3629 5740 3639 5780 l
