3978 6338
486 627 807 702 discrepent
831 632 940 707 [Αι.
964 634 1387 712 discreparent].
1416 638 1551 709 Quae
1580 641 1800 713 quidem
1831 656 1887 701 et
1908 663 2073 719 nunc,

487 727 780 784 orantibus
808 730 965 786 vobis
988 774 1002 799 ,
1029 732 1225 789 leviter
1253 751 1363 805 quo
1396 752 1559 792 sensu
1589 739 1703 795 sint
1746 741 1918 807 dieta,
1951 759 2086 800 con-

1734 340 1794 399 S.
1837 343 2105 405 EUSEBII
2144 349 2530 414 illERONYMl

477 867 3752 935 Ἥ

1547 992 2030 1102 LIBER
2100 996 2731 1116 PRIMUS.

557 1292 715 1368 (Cap.
736 1295 1014 1352 L—Vers.
1046 1296 1128 1369 1.)
1157 1298 1321 1372 373
1353 1296 1550 1355 Paulus
1571 1299 1869 1369 apostolus,
1900 1314 2004 1352 non
2026 1299 2090 1350 ab

482 1387 802 1457 hominibus,
832 1407 993 1462 neque
1015 1407 1110 1460 per
1135 1390 1395 1447 hominem
1419 1408 1438 1447 :
1465 1392 1555 1447 sed
1601 1409 1693 1464 per
1719 1390 1902 1446 Iesum
1938 1388 2089 1445 Citri-

478 1490 618 1538 stum
642 1490 693 1538 et
717 1481 886 1539 Deum
918 1483 1125 1539 Patrem
1148 1528 1163 1552 ,
1208 1488 1298 1558 qui
1336 1487 1607 1543 suscitavit
1630 1502 1747 1542 eum
1776 1504 1809 1541 a
1841 1486 2086 1541 mortuis.

484 1574 605 1632 Non
636 1577 896 1648 superbe,
929 1587 988 1633 ut
1008 1579 1230 1650 quidam
1259 1589 1474 1653 putant,
1501 1579 1597 1637 sed
1620 1581 1949 1649 necessarie,
1995 1595 2089 1634 ne-

2197 1311 2321 1355 esse
2348 1312 2403 1358 et
2442 1309 2720 1376 apostolos
2746 1320 2801 1368 et
2828 1315 3144 1387 prophetas.
3177 1319 3333 1377 Unde
3364 1331 3421 1378 et
3465 1338 3567 1379 nos
3597 1338 3775 1395 possu-

2197 1409 2318 1491 mus
2350 1398 2663 1474 intelligere
2690 1407 2958 1465 Joannem
2989 1427 3206 1486 quoque
3234 1414 3533 1487 BaptiSIam
3571 1430 3625 1476 et
3654 1436 3774 1491 pro-
3822 1415 3828 1425 ’

2199 1489 2413 1581 pltetam
2451 1504 2507 1551 et
2561 1502 2869 1569 apostolum
2911 1505 3336 1575 appellandum,
3393 1489 3669 1581 siquidem
3706 1515 3775 1571 ait

2196 1580 2477 1653 Scriptura
2503 1604 2516 1642 :
2550 1587 2678 1645 Fuit
2703 1590 2859 1648 homo
2901 1595 3091 1650 missus
3120 1614 3153 1651 a
3181 1597 3313 1667 Deo,
3344 1601 3429 1653 cui
3468 1580 3653 1658 nomen
3675 1615 3775 1660 erat

485 1684 594 1739 que
615 1668 685 1725 ab
712 1667 1024 1727 hominibus
1045 1717 1059 1741 ,
1091 1688 1266 1744 neque
1298 1689 1395 1744 per
1425 1672 1699 1729 hominem
1726 1716 1741 1741 ,
1768 1688 1828 1729 se
1853 1673 2088 1742 Aposto-
2120 1711 2165 1772 Β
2193 1672 2423 1772 ἶΙῩ-αιςηεε
2444 1676 2710 1772 (ζοαηκι,
2742 1682 2821 1756 6).
2871 1685 2941 1742 Et
2995 1688 3052 1743 in
3106 1689 3353 1761 Epistola
3409 1690 3480 1746 ad
3530 1693 3774 1752 Hebraeos

482 1761 596 1818 lum
642 1779 767 1820 esse
816 1766 1074 1837 proponit
1110 1784 1123 1821 :
1161 1768 1256 1823 sed
1300 1783 1394 1837 per
1444 1769 1630 1825 Iesum
1674 1766 1990 1835 Christum,
2033 1776 2090 1824 et

484 1854 658 1912 Deum
690 1856 930 1929 Patrem,
957 1868 1016 1916 ut
1052 1876 1149 1918 eos
1179 1862 1270 1934 qui
1314 1862 1546 1919 Paulum
1591 1871 1744 1919 extra
1797 1863 2086 1919 duodecim

484 1950 776 2021 apostolos
800 1955 1168 2022 ventilabaut,
1210 1964 1264 2015 et
1300 1957 1484 2014 nescio
1511 1956 1656 2014 unde
1681 1957 1863 2013 subito
1894 1972 2089 2028 proru-

482 2042 633 2114 pisse
653 2083 671 2112 ,
700 2045 784 2101 vel
830 2062 859 2099 a
895 2048 1201 2118 majoribus
1225 2048 1536 2105 ordinatum
1565 2059 1589 2087 ι
1616 2050 1955 2117 astruebant,
1987 2050 2090 2106 hac

483 2136 809 2195 auctoritate
838 2139 1218 2197 confunderet.
1264 2142 1447 2198 Potest
1491 2153 1677 2198 autem
1705 2151 1760 2197 et
1787 2142 2004 2213 oblique
2031 2142 2086 2197 in

484 2227 707 2287 Petrum
729 2241 785 2289 et
828 2238 884 2289 in
933 2244 1167 2292 caatcros
1209 2236 1414 2293 dictum
1451 2237 1656 2310 accipi,
1693 2237 1837 2309 quod
1868 2252 1976 2294 non
2019 2237 2089 2293 ab

484 2325 751 2395 apostolis
777 2327 829 2383 ei
875 2327 946 2383 sit
998 2329 1256 2386 traditum
1309 2331 1664 2402 Evangelium
1699 2350 1713 2386 :
1743 2331 1839 2388 sed
1869 2331 1938 2386 ab
1970 2332 2088 2402 ipso

485 2415 617 2474 Jesu
643 2416 879 2487 Christo,
905 2422 994 2492 qui
1029 2432 1083 2478 et
1112 2422 1234 2477 illos
1262 2425 1535 2493 apostolos
1566 2424 1826 2494 elegerat.
1854 2425 1971 2481 Hoc
1992 2441 2089 2481 au—

488 2518 597 2566 tem
629 2520 801 2568 totum
835 2514 959 2570 ideo
987 2538 995 2578 ς
1020 2525 1340 2586 raeparatur,
1370 2526 1605 2572 utnemo
1634 2517 1736 2573 sibi
1767 2527 1955 2573 contra
1987 2518 2089 2573 Le-

486 2603 573 2675 gis
597 2619 763 2662 onera
792 2621 890 2676 pro
935 2607 1207 2678 Evangelii
1236 2609 1408 2680 gratia
1437 2609 1760 2679 disputanti,
1792 2610 1968 2681 possit
1992 2628 2090 2682 op—

489 2713 697 2767 ponere
729 2697 862 2754 :sed
892 2699 1085 2756 Petrus
1116 2700 1223 2758 hoc
1251 2702 1409 2766 dixit,
1442 2703 1537 2757 sed
1563 2704 1799 2773 aposwli
1831 2703 1932 2759 hoc
1977 2714 2084 2759 sta-

483 2799 742 2858 tuerunt,
806 2792 903 2848 sed
959 2810 1324 2863 praecessores
1377 2796 1449 2850 tui
1501 2796 1650 2851 aliud
1704 2796 2084 2853 decreverunt.

487 2883 643 2952 Quod
684 2886 902 2956 quidem
952 2890 1002 2943 in
1056 2890 1441 2960 sequentibus,
1478 2906 1625 2945 nunc
1673 2891 1829 2960 quasi
1871 2892 2088 2948 occulto

489 2995 748 3036 sermone
792 2982 1098 3052 [includens
1121 3028 1135 3053 ,
1177 2983 1519 3041 manifestius
1562 2985 1721 3053 facit;
1752 2985 1880 3042 dum
1909 2988 1978 3041 ab
2008 2988 2087 3043 eis

486 3074 582 3143 qui
604 3074 857 3129 videntur
879 3090 1001 3130 csse
1029 3075 1259 3146 aliquid,
1285 3077 1417 3132 nihil
1448 3078 1501 3133 in
1524 3093 1583 3134 se
1612 3078 1871 3134 cnllatum
1896 3079 2083 3151 refert,

489 3175 545 3222 et
574 3166 679 3237 ipsi
710 3168 874 3224 l’ctro
902 3169 954 3223 in
979 3168 1176 3225 faciem
1210 3171 1480 3228 restitisse
1502 3189 1562 3229 se
1586 3174 1781 3230 scribit
1801 3215 1818 3243 ,
1848 3175 1998 3231 nulla
2026 3191 2087 3232 se

488 3259 678 3316 dicens
706 3261 1040 3319 necessitate
1069 3264 1435 3336 compulsum,
1466 3274 1527 3321 ut
1551 3267 1827 3339 hypocrisi
1865 3269 2089 3326 cederet

487 3354 826 3411 Judteorum.
853 3355 1008 3424 Quod
1031 3358 1077 3413 si
1106 3360 1462 3415 temerarium
1492 3361 1819 3432 quibusdam
1852 3362 2084 3433 videtur,

490 3462 618 3503 eum
639 3456 830 3503 contra
854 3450 1429 3522 apostolos,qnamvis
1442 3455 1680 3522 occulte,
1704 3456 1944 3511 locutum
1964 3458 2085 3527 ;qui

487 3538 895 3611 Jerosolymam
943 3543 1150 3599 idcirco
1195 3547 1508 3615 perrexerit
1553 3545 1663 3620 [ΑΙ.
1709 3548 2081 3622 perrexerat],

487 3638 550 3686 ut
570 3646 697 3685 cum
723 3632 803 3687 eis
829 3632 1111 3690 conferret
1132 3635 1509 3707 Evangelium,
1530 3654 1598 3692 ne
1620 3638 1760 3695 forte
1781 3640 1834 3694 in
1856 3655 2085 3697 vacuum

488 3733 761 3793 curreret,
792 3736 885 3780 aut
912 3729 1267 3794 cucurrisset,
1290 3729 1383 3783 illo
1409 3729 1825 3800 intelligentiam
1856 3735 2087 3792 transfe-

487 3828 675 3871 ramus
721 3832 736 3870 :
790 3815 975 3888 Usque
1028 3819 1187 3873 hodie
1235 3817 1262 3857 ιι
1311 3835 1342 3875 a
1394 3822 1721 3892 patriarchis
1771 3825 2082 3881 .ludmorum

489 3907 768 3977 apostolos
798 3909 976 3976 mitti,
1009 3927 1041 3966 a
1081 3912 1280 3983 quibus
1312 3913 1477 3968 etiam
1523 3924 1652 3971 tunc
1692 3931 1815 3971 reor
1864 3918 2086 3974 Galatas

494 4000 827 4071 depravatos
876 4004 1077 4076 Legem
1132 4008 1428 4062 observare
1474 4009 1742 4079 cmpisse,
1802 4010 1891 4065 vel
1939 4020 2086 4068 certe

488 4095 627 4150 alios
657 4096 723 4151 de
753 4096 958 4155 Judauis
998 4098 1354 4156 credentibus
1384 4099 1437 4155 in
1470 4100 1748 4158 Christum
1778 4106 2086 4172 perrexisse

492 4176 762 4245 enim
781 4232 794 4255 ,
828 4190 922 4263 qui
961 4201 1278 4247 assererem
1304 4191 1526 4247 Petrum
1554 4209 1772 4264 quoque
1801 4197 2084 4266 apostolo-

490 4294 613 4335 rum
656 4266 979 4354 principem,
1009 4294 1065 4340 c‘.
1089 4283 1352 4354 Iacobum
1387 4283 1614 4342 fratrem
1651 4287 1897 4358 Domini,
1927 4289 2086 4360 Legis

493 4376 852 4432 caeremonias
881 4380 1181 4435 custodire.
1226 4381 1307 4438 Ad
1339 4382 1745 4441 distinctionem
1776 4387 1958 4456 itaque
1985 4404 2083 4443 eo-

2194 1764 2385 1836 (IIebr.
2427 1769 2510 1840 tu)
2552 1783 2842 1845 propterea
2901 1777 3128 1834 Paulum
3176 1783 3336 1838 solita
3393 1788 3776 1843 consuetudine

2194 1872 2294 1912 nec
2340 1874 2539 1917 nomen
2597 1878 2793 1934 suum,
2828 1883 2931 1923 nec
2964 1872 3201 1939 apostoli
3224 1874 3555 1931 vocabulum
3584 1893 3777 1950 praepo-

2192 1951 2406 2021 suisse,
2450 1954 2575 2024 quia
2622 1956 2692 2012 de
2728 1956 2951 2016 Christo
3001 1974 3121 2019 erat
3163 1964 3408 2022 dicturus
3455 1985 3470 2022 :
3527 1968 3777 2026 Habentes

2192 2061 2317 2117 ergo
2339 2046 2630 2121 principem
2657 2055 3004 2124 sacerdotum,
3049 2065 3102 2111 et
3130 2057 3426 2130 apostolum
3453 2064 3776 2131 confessionis

2190 2145 2382 2193 nostrte
2404 2137 2617 2209 Iesum;
2647 2160 2745 2200 nec
2774 2145 2946 2203 fuisse
2984 2163 3309 2221 congruum,
3337 2163 3399 2209 ut
3419 2154 3514 2211 ubi
3544 2154 3779 2217 Christus

2190 2230 2476 2301 apostolus
2501 2232 2767 2291 dicendus
2793 2248 2943 2308 erat,
2976 2240 3048 2296 ibi
3077 2244 3242 2299 etiam
3274 2243 3473 2302 Paulus
3514 2250 3779 2313 apostolus

2191 2334 2510 2393 poneretur.
2537 2329 2781 2395 Quatuor
2799 2342 2984 2391 autem
3013 2350 3215 2406 genera
3245 2340 3621 2410 apostolorum
3642 2352 3772 2400 sunt.

2191 2419 2405 2490 Unum,
2436 2424 2582 2495 quod
2620 2441 2795 2499 neque
2846 2429 2917 2485 ab
2964 2431 3280 2490 hominibus
3326 2446 3450 2504 est,
3480 2453 3660 2507 neque
3689 2454 3776 2509 per

2192 2514 2501 2584 hominem,
2558 2518 2656 2574 sed
2695 2535 2793 2591 per
2829 2521 3015 2579 Jesum
3047 2525 3354 2595 Christum,
3378 2537 3436 2584 et
3473 2530 3641 2587 Deum
3684 2532 3777 2588 Pa-

2193 2615 2367 2678 trem;
2400 2611 2571 2681 aliud,
2602 2614 2747 2685 quod
2778 2633 2807 2669 a
2840 2617 2953 2674 Deo
2974 2621 3195 2690 quidem
3217 2631 3332 2691 est;
3358 2624 3456 2681 sed
3484 2641 3584 2695 per
3606 2626 3777 2684 homi-

2192 2718 2349 2771 nem;
2384 2706 2601 2764 tertium
2626 2753 2640 2778 ,
2671 2712 2816 2782 quod
2862 2713 2932 2769 ab
2957 2713 3215 2786 homine,
3248 2736 3357 2776 non
3387 2736 3416 2776 a
3449 2722 3598 2790 Deo;
3628 2738 3778 2795 quar-

2193 2806 2327 2865 tum,
2359 2802 2503 2871 quod
2534 2819 2711 2874 neque
2734 2820 2766 2860 a
2795 2806 2933 2872 Deo,
2958 2825 3134 2880 neque
3158 2827 3255 2881 per
3283 2813 3592 2882 hominem,
3619 2830 3778 2887 neque

2189 2889 2259 2945 ab
2292 2891 2538 2960 homine,
2572 2896 2671 2951 sed
2699 2912 2732 2952 a
2759 2901 3072 2971 semetipso.
3126 2902 3205 2958 De
3250 2904 3428 2974 primo
3464 2923 3669 2979 genere
3691 2924 3780 2980 po-

2194 2991 2299 3039 test
2324 2999 2449 3040 esse
2476 2984 2665 3053 lsaias,
2693 2991 2991 3064 caeterique
3014 2994 3313 3066 praphette,
3345 3007 3403 3053 ct
3429 2998 3553 3070 ipse
3577 3009 3757 3072 aposto

2115 3105 2162 3171 Ο
2193 3075 2277 3132 lus
2306 3076 2528 3145 Paulus,
2561 3082 2652 3152 qui
2686 3098 2863 3155 neque
2895 3086 2965 3141 ab
2994 3086 3328 3161 hominibus,
3362 3106 3546 3161 neque
3574 3106 3669 3163 per
3693 3092 3779 3149 ho-

2194 3172 2427 3242 minem,
2469 3173 2565 3229 scd
2604 3190 2636 3229 a
2676 3175 2788 3232 Deo
2816 3177 2978 3234 Patre
3006 3180 3304 3240 etChristo
3334 3185 3540 3243 missus
3576 3198 3676 3243 est.
3707 3186 3777 3242 Du

2192 3266 2467 3337 secundo,
2497 3267 2658 3324 Jesus
2686 3269 2832 3326 filius
2864 3270 3045 3342 Nave,
3076 3276 3167 3344 qui
3211 3292 3244 3332 a
3289 3277 3404 3335 Deo
3447 3279 3666 3351 quidem
3699 3287 3778 3337 est

2188 3359 2468 3426 apostolus
2501 3363 2872 3430 constitutus,
2901 3367 3000 3421 sed
3049 3383 3144 3437 per
3181 3370 3497 3439 hominem,
3541 3375 3771 3447 Moysen.

2188 3449 2432 3507 Tertium
2463 3469 2635 3525 genus
2664 3465 2785 3525 est,
2825 3473 2949 3513 cum
2994 3458 3275 3516 hominum
3319 3465 3478 3537 375
3521 3466 3703 3522 favore
3726 3474 3777 3522 et

2188 3542 2369 3598 studio
2399 3544 2596 3616 aliquis
2626 3547 2927 3605 ordinatur.
2962 3549 3035 3608 Ut
3076 3568 3218 3611 nunc
3246 3556 3492 3613 videmus
3520 3559 3776 3632 plurimos

2188 3651 2297 3692 non
2321 3636 2417 3693 Dei
2440 3639 2668 3710 judicio,
2699 3643 2799 3699 sed
2827 3644 3115 3715 redempto
3138 3647 3325 3706 favore
3355 3651 3501 3722 vulgi
3527 3654 3580 3709 in
3611 3669 3776 3710 sacer-

2188 3729 2391 3785 dotium
2424 3734 2727 3806 subrogari.
2757 3738 3027 3805 Quartum
3053 3748 3140 3795 est
3181 3743 3773 3816 pseudoprophetarum

2187 3830 2245 3878 et
2272 3824 2855 3897 pseudoapostolorum
2875 3872 2890 3897 ,
2918 3831 2988 3887 de
3012 3832 3210 3903 quibus
3234 3836 3521 3904 apostolus
3551 3853 3565 3891 :
3590 3835 3772 3894 Istius-

2186 3917 2361 3984 modi,
2424 3918 2632 3991 inquit,
2685 3925 3147 3995 pseudoapostoli,
3196 3930 3424 4002 aperarii
3473 3932 3773 4005 iniquitatis,

2188 4012 2620 4084 transﬁgurantes
2659 4035 2713 4073 se
2749 4020 2800 4073 in
2845 4023 3106 4093 apostolos
3138 4021 3362 4090 Christi,
3398 4027 3489 4097 qui
3536 4027 3709 4083 dicunt
3742 4040 3761 4081 :

2191 4104 2320 4161 Ηωσ
2350 4106 2477 4161 dicit
2503 4107 2757 4166 Dominus
2780 4128 2800 4166 :
2821 4122 2869 4166 et
2893 4112 3147 4170 Dominus
3169 4132 3275 4170 non
3297 4117 3437 4172 misit
3464 4135 3554 4174 eos
3576 4118 3769 4194 (IICor.

2186 4216 2244 4268 χ,
2277 4198 2387 4271 15).
2429 4200 2626 4265 Verum
2658 4219 2768 4260 non
2811 4206 2936 4262 talis
2972 4209 3256 4278 apostolus
3296 4208 3538 4279 Paulus,
3567 4212 3659 4284 qui
3684 4227 3772 4268 nc-

2187 4307 2294 4363 que
2324 4293 2396 4349 ab
2428 4294 2739 4352 hominibus
2760 4338 2776 4363 ,
2819 4314 2998 4371 neque
3024 4315 3124 4372 per
3160 4301 3435 4358 hominem
3452 4346 3468 4370 ,
3492 4304 3593 4362 sed
3618 4320 3648 4360 a
3674 4304 3773 4361 Deo

2188 4382 2354 4440 Patre
2384 4402 2481 4456 per
2506 4387 2699 4443 lesum‘
2730 4391 3004 4445 Christum
3041 4394 3245 4448 missus
3276 4403 3383 4450 est.
3415 4395 3500 4452 Ex
3537 4413 3645 4470 quo
3679 4413 3770 4468 ap-

489 4480 612 4523 rum
643 4467 741 4537 qui
768 4467 1057 4526 mittuntur
1090 4472 1159 4527 ab
1201 4474 1533 4545 hominibus,
1569 4485 1625 4532 et
1654 4478 1771 4546 sui,
1797 4477 1961 4551 374
1993 4479 2085 4550 qui
2111 4494 2167 4555 Β
2193 4481 2469 4549 probatur,
2499 4482 2730 4541 Ebionis
2757 4494 2814 4540 et
2833 4484 3055 4543 Photini
3084 4487 3251 4544 etiam
3282 4489 3408 4545 hinc
3437 4467 3663 4549 haeresis
3688 4467 3772 4547 re-

489 4562 564 4619 sit
585 4564 783 4621 missus
806 4581 835 4620 a
862 4566 1106 4636 Christo,
1139 4572 1244 4628 tale
1271 4574 1502 4644 sumpsit
1528 4574 1810 4630 exordium
1842 4591 1857 4629 :
1883 4572 2084 4629 Paulus

485 4657 788 4732 apostolus,
836 4677 942 4715 nou
986 4663 1051 4718 ab
1094 4664 1418 4731 hominibus,
1466 4683 1630 4736 neque
1669 4683 1759 4740 per
1803 4666 2081 4722 hominem.

486 4749 785 4821 Apostolus
815 4764 1025 4822 autem,
1060 4757 1164 4813 hoc
1192 4767 1293 4823 est,
1331 4761 1543 4826 missus,
1576 4760 1927 4816 Hebraeorum
1959 4775 2085 4832 pro-

486 4845 609 4915 prie
636 4846 963 4902 vocabulum
993 4857 1109 4914 est,
1138 4850 1279 4919 quod
1314 4850 1459 4906 Silus
1504 4849 1615 4924 [AL
1638 4851 1832 4926 Silai],
1865 4869 2082 4924 quoque

488 4946 682 5007 sonat,
708 4940 798 4995 cui
826 4955 858 4995 a
891 4940 1157 4997 mittendo
1186 4943 1352 5001 missi.
1393 4958 1588 4999 nomen
1628 4944 1942 5017 impositum
1974 4956 2078 5011 est.

484 5030 655 5087 Aiunt
683 5031 898 5088 Hebraei
924 5033 1065 5089 inter
1094 5034 1245 5104 ipsos
1272 5051 1489 5106 quoque
1518 5037 1812 5108 prophetas
1833 5081 1847 5106 ,
1871 5048 1928 5096 et
1953 5054 2081 5095 san-

481 5135 602 5183 ctos
640 5127 789 5183 viros
837 5143 960 5184 esse
1009 5129 1271 5200 quosdam
1294 5170 1307 5191 ,
1333 5132 1421 5201 qui
1462 5140 1517 5187 et
1556 5132 1837 5202 propheta:
1864 5145 1917 5190 et
1945 5151 2078 5205 apo-

479 5220 607 5274 stoli
633 5219 777 5286 sint,
808 5220 947 5275 alios
969 5236 1099 5275 vero
1125 5222 1217 5291 qui
1246 5233 1454 5277 tantum
1494 5224 1798 5293 praphetrc.
1834 5226 2080 5297 Denique

480 5311 729 5385 Moysen,
752 5314 839 5368 cui
865 5313 1066 5369 dicitur
1089 5335 1102 5371 :
1133 5316 1196 5371 ls't
1227 5335 1319 5390 ego
1346 5318 1544 5371 mittam
1572 5328 1620 5372 te
1645 5320 1714 5372 ad
1746 5319 2079 5377 Pharaonem

480 5406 680 5480 (Exod.
734 5422 815 5473 ιιι,
875 5410 975 5479 10,
1026 5411 1153 5483 ll);
1188 5425 1241 5467 et
1272 5412 1390 5479 ipse
1427 5415 1759 5481 reSpondeat
1798 5431 1812 5467 :
1856 5414 2081 5472 Provide

474 5500 638 5557 alium
664 5520 818 5575 quem
867 5506 1043 5560 mittas
1075 5522 1094 5561 :
1123 5506 1192 5562 Et
1218 5504 1437 5573 Isaiam,
1487 5508 1571 5563 cui
1607 5508 1847 5579 loquitur
1892 5513 2031 5565 Deus
2064 5530 2077 5565 :

478 5591 642 5660 Quem
653 5595 854 5653 mittam
868 5609 916 5652 et
934 5600 1049 5669 quis
1067 5599 1157 5653 ibit
1171 5598 1240 5652 ad
1263 5599 1517 5672 pupulum
1538 5600 1762 5673 istum(l
1767 5602 1868 5657 sai.
1894 5619 1970 5671 v1,
1988 5592 2079 5672 8)?

545 5741 592 5810 ζ
610 5733 869 5810 verbum,
903 5739 1227 5810 astruebant,
1267 5750 1322 5795 et
1351 5739 1511 5809 paulo
1542 5739 1794 5809 inferius,
1809 5757 1862 5797 se
1892 5742 2077 5797 scribit

476 5804 530 5862 in
557 5803 796 5862 Palatio.
824 5808 951 5863 cod.
977 5803 1391 5869 desiderantur.

551 5874 578 5921 ι’
619 5876 695 5936 De
722 5880 1029 5936 Judaeorum
1072 5898 1168 5953 per
1200 5884 1316 5941 haec
1348 5895 1591 5957 tempora
1617 5885 1958 5957 patriai-citis,
1994 5897 2074 5942 at-

2190 4575 2496 4645 tuudenda,
2551 4578 2695 4649 quod
2746 4579 3013 4636 Dominus
3044 4590 3231 4637 noster
3279 4581 3442 4639 Iesus
3493 4582 3770 4650 Christus.

2189 4667 2335 4724 Deus
2358 4670 2430 4724 sit
2459 4687 2474 4722 :
2498 4670 2626 4726 dum
2649 4672 2946 4744 Apostolus
2966 4674 3091 4745 quia
3117 4688 3146 4728 a
3175 4673 3403 4732 Christo
3417 4675 3486 4732 ad
3517 4676 3770 4748 pradica-

2190 4761 2394 4816 tionem
2422 4762 2699 4832 Evangelii
2726 4765 2929 4821 missus
2967 4774 3084 4835 est,
3122 4774 3285 4838 negat
3311 4781 3374 4823 se
3404 4768 3630 4824 missum
3658 4781 3774 4824 esse

2185 4856 2257 4912 ab
2286 4855 2531 4912 homine.
2577 4857 2899 4928 Subrepuut
2952 4859 3055 4915 hoc
3096 4858 3216 4916 loco
3265 4869 3481 4916 creterra
3511 4861 3769 4927 hereses,

2185 4965 2306 5022 qua:
2339 4948 2635 5020 putativam
2680 4950 2887 5007 Christi
2914 4965 3135 5007 carnem
3173 4951 3567 5021 vendicantes,
3612 4952 3768 5008 Deum

2186 5043 2339 5098 aiunt
2363 5043 2645 5099 Christum
2669 5057 2813 5109 esse,
2846 5059 2953 5099 non
2984 5042 3286 5100 hominem.
3313 5044 3534 5101 Necnon
3560 5052 3618 5101 et
3643 5058 3767 5100 nova

2187 5135 2445 5203 haeresis,
2487 5152 2607 5208 quas
2641 5136 2987 5192 dimidiatam
3018 5135 3222 5193 Christi
3265 5138 3460 5194 asserit
3496 5137 3770 5208 dispensa-

2184 5230 2409 5285 tionem.
2427 5230 2600 5300 Atqne
2622 5230 2694 5285 ita
2719 5229 2980 5286 Ecclesia:
3010 5229 3144 5287 fides
3176 5232 3315 5286 inter
3342 5240 3492 5285 tanta
3520 5230 3766 5287 falsorum

2183 5323 2497 5393 dogmatum
2531 5323 2813 5394 naufragia
2839 5324 3155 5391 constituta,
3180 5324 3231 5379 si
3251 5323 3529 5380 Christum
3548 5325 3767 5382 fateatur

2184 5415 2294 5491 [AL
2327 5416 2614 5489 fateretur]
2642 5416 2940 5486 hominem,
2971 5418 3145 5475 Ebion
3177 5418 3551 5492 Photinusque
3577 5422 3763 5476 subre-

2186 5521 2321 5583 punt
2347 5529 2360 5565 :
2385 5512 2431 5567 si
2464 5511 2633 5567 Deum
2661 5526 2785 5567 esse
2805 5511 3169 5580 contenderit,
3188 5511 3541 5580 Manichacus,
3556 5524 3611 5568 et
3637 5511 3767 5567 Mar-

2181 5606 2328 5673 cion,
2346 5606 2548 5662 novelli
2570 5605 2842 5679 dogmatis
2859 5616 2882 5646 ο
2898 5616 3089 5663 auctor
3103 5607 3394 5663 ebulliuut.
3411 5608 3469 5664 lu
3486 5623 3732 5665 commun

2181 5760 2287 5811 que
2314 5743 2576 5813 apostolis
2602 5744 2909 5802 luculenter
2933 5746 2994 5802 P.
3027 5746 3355 5804 Bacchinius
3384 5747 3606 5804 disserit
3630 5745 3759 5801 libro

2178 5815 2247 5876 de
2275 5816 2647 5901 Egclesiastic.
2672 5817 2960 5901 Metropol.
2977 5891 2991 5901 '
3074 5860 3181 5901 χρη,

2252 5899 2275 5927 ε
2319 5889 2433 5943 Duo
2466 5904 2598 5942 mss.
2629 5889 2831 5945 habent
2852 5891 3084 5960 plurium
3115 5889 3363 5955 fibulam,
3398 5902 3646 5951 auctores.
