3978 6338
224 371 315 436 515

707 373 1362 432 COMMENTARIORUM
1401 373 1466 431 IN
1509 373 1896 433 EPISTULAM
1935 379 2028 436 AD
2067 378 2392 438 CALATAS
2426 378 2556 438 LIB.
2601 379 2643 438 l.
2684 380 2840 438 CAP.
2880 379 2923 436 1.

3357 377 3458 438 3η

226 495 378 566 itaque
398 491 618 553 audiant,
646 490 922 546 Christum
947 501 1000 545 et
1031 490 1205 544 Deum
1235 503 1358 545 esse
1385 499 1439 543 et
1463 487 1762 542 hominem.
1797 491 1845 549 Α
1872 493 2065 545 sarcula
2091 491 2424 547 saeculorum.
2453 496 2631 548 Amen.
2675 493 2862 564 Neque
2901 491 3072 549 Filius
3102 506 3161 548 se
3186 492 3335 548 dedit
3368 507 3469 562 pro

223 585 322 641 Non
367 585 492 654 quod
540 585 680 638 alius
733 585 876 638 Deus
924 584 1024 649 sit,
1055 594 1110 638 et
1139 584 1277 637 alius
1311 584 1474 637 homo
1502 599 1515 636 :
1549 583 1644 636 sed
1673 582 1763 652 qui

221 678 345 734 Deus
379 693 575 747 semper
613 686 762 742 erat,
809 678 967 732 homo
999 679 1068 731 ob
1108 690 1352 731 nostram
1383 679 1614 732 salutem
1644 692 1764 734 esse

221 773 438 842 dignatus
458 779 550 826 est.
585 770 882 825 Sciendum
912 787 1124 841 quoque
1147 772 1199 825 in
1234 771 1526 825 Marcionis
1561 779 1584 806 τι
1617 772 1765 840 Apo-

219 865 344 920 stolo
375 879 470 920 non
498 879 621 919 esse
661 865 953 932 seriptum,
979 875 1025 916 et
1059 881 1147 931 per
1182 864 1346 917 Deum
1378 863 1590 916 Patrem
1612 905 1626 926 ,
1665 879 1760 916 vo-

219 957 355 1012 lentis
380 971 640 1024 exponere
667 956 944 1011 Christum
979 973 1083 1009 non
1119 974 1144 1006 τι
1182 957 1294 1010 Βιιο
1320 957 1509 1023 Patre,
1540 956 1633 1010 sed
1671 971 1765 1025 per

214 1049 520 1119 semetipsum
541 1049 884 1118 suscitatum,
905 1061 960 1104 nt
985 1059 1069 1105 est
1097 1051 1225 1104 illud
1255 1071 1266 1104 :
1295 1050 1490 1105 Solvite
1516 1050 1764 1117 templum

211 1142 312 1205 hoc,
349 1149 393 1195 et
415 1158 500 1212 ego
544 1142 597 1196 in
643 1143 820 1196 triduo
855 1143 1118 1197 suscitabo
1165 1143 1298 1198 illud
1329 1141 1508 1213 (Joan.
1545 1159 1612 1211 tt,
1648 1141 1761 1214 19).

212 1235 402 1291 Necnon
428 1244 476 1291 et
495 1235 619 1290 alibi
649 1254 660 1289 :
691 1236 859 1290 Nemo
886 1236 1022 1291 tollit
1042 1238 1271 1293 animant
1296 1255 1456 1291 nteant
1485 1255 1515 1291 a
1544 1255 1653 1302 me;
1675 1237 1765 1292 sed

209 1344 288 1399 ego
306 1344 426 1398 pono
443 1344 552 1382 eam
574 1347 604 1381 α
635 1330 848 1401 meipso.
880 1329 1196 1386 Potestatem
1221 1332 1380 1385 habeo
1403 1332 1629 1401 ponendi
1649 1348 1766 1386 eam

209 1430 250 1476 et
272 1438 454 1476 rursum
475 1430 782 1493 potestatem
826 1422 990 1477 habeo
1025 1425 1264 1478 sumendi
1301 1423 1444 1477 illam
1471 1422 1658 1492 (Ibid.,
1694 1439 1761 1490 Χ,

209 1515 304 1586 t8).

265 1607 436 1681 (Vers.
484 1608 678 1681 2.)Et
728 1613 820 1681 qui
881 1628 1080 1665 mecum
1133 1621 1254 1666 sunt
1319 1629 1491 1668 omnes
1543 1613 1764 1684 fratres,

208 1700 420 1756 Ecclesiis
455 1700 574 1775 [ΑΙ.
633 1703 910 1775 Ecclesiae]
947 1703 1192 1759 Galatiae.
1250 1705 1308 1761 In
1365 1705 1488 1759 aliis
1547 1704 1766 1774 Episto-

206 1796 291 1860 lis,
332 1795 653 1862 Sosdienes,
709 1806 766 1853 et
821 1796 1111 1864 Silvanus,
1155 1798 1424 1853 interdum
1475 1808 1530 1853 et
1580 1797 1768 1854 Timo-

206 1888 353 1945 matus
389 1889 436 1944 in
475 1891 709 1946 exordio
757 1901 1154 1962 prmponuntur

202 1984 304 2052 quia
359 1985 661 2039 necessaria
713 1996 832 2040 erat
869 1986 1168 2042 auctoritas
1215 1986 1604 2057 plurimorum,
1648 2003 1765 2040 mtt-

205 2075 327 2128 nium
357 2075 576 2130 fratrum
632 2092 831 2133 nomen
889 2081 1211 2134 assumitur.
1264 2081 1362 2148 Qni
1423 2090 1476 2134 et
1518 2081 1614 2150 ipsi
1650 2081 1762 2135 for»

201 2174 320 2225 sitan
369 2187 430 2226 es
478 2173 902 2230 circumcisione
950 2185 1146 2245 erant,
1198 2185 1254 2230 et
1309 2190 1338 2228 a
1383 2176 1594 2230 Calatis
1651 2191 1758 2230 non

199 2263 335 2336 376
373 2266 709 2333 contemptui
763 2267 1128 2322 ducebantur.
1198 2268 1498 2323 Plurimum
1561 2269 1760 2339 quippe

198 2356 305 2412 facit
344 2357 406 2414 ad
453 2359 710 2429 potiulum
758 2360 1183 2432 corrigendum,
1243 2363 1536 2416 multormn
1569 2364 1620 2417 in
1654 2379 1758 2418 una

200 2464 247 2502 re
266 2453 514 2505 sententia
557 2459 724 2521 atque
757 2467 1086 2508 consensus.
1133 2453 1288 2522 Quod
1315 2465 1495 2508 autem
1524 2455 1620 2520 ait,
1657 2455 1760 2509 Ec-

196 2544 338 2597 clesiis
365 2543 605 2612 Galatae;
633 2557 688 2601 et
713 2546 816 2602 hoc
846 2547 1144 2602 notandum
1167 2549 1290 2618 quia
1327 2549 1412 2603 ltic
1443 2560 1650 2604 tantum
1674 2566 1760 2621 ge-

195 2637 423 2691 neraliter
463 2654 568 2692 non
615 2637 685 2694 ad
718 2655 877 2693 unam
919 2640 1221 2695 Ecclesium
1253 2642 1417 2695 unius
1444 2643 1617 2710 urbis,
1660 2643 1754 2699 sed

191 2727 244 2780 ad
281 2730 435 2784 totius
481 2731 780 2799 provincia:
820 2733 1025 2787 scribat
1055 2732 1361 2800 Ecclesias,
1393 2743 1450 2788 et
1480 2735 1756 2792 Ecclesias

191 2828 358 2886 vocet,
405 2837 540 2892 quas
592 2832 781 2891 postea
818 2838 1006 2878 errore
1036 2825 1598 2895 arguatdepravatas.
1669 2828 1750 2882 Ex

186 2926 274 2980 quo
315 2914 640 2969 noscendum
674 2915 964 2984 dupliciter
1005 2915 1306 2971 Ecclesiani
1347 2933 1507 2986 p0sse
1531 2919 1664 2982 dici,
1695 2927 1754 2974 et

187 3019 284 3056 eam
325 3021 440 3076 qua:
473 3023 580 3060 non
615 3007 813 3061 habeat
842 3008 1113 3062 maculam
1145 3020 1235 3062 aut
1270 3026 1457 3079 rugam
1486 3055 1500 3079 ,
1540 3023 1594 3064 et
1626 3028 1753 3067 vere

186 3112 354 3167 corpus
402 3101 602 3156 Christi
651 3101 742 3166 sit,
787 3114 841 3157 et
887 3119 1008 3158 eam
1050 3118 1174 3173 quae
1207 3107 1258 3157 in
1291 3107 1494 3160 Christi
1533 3109 1752 3162 nomine

187 3191 362 3260 alisque
407 3193 582 3263 plenis
631 3195 1001 3266 perfectisque
1047 3197 1337 3252 virtutibus
1385 3209 1753 3270 congregetur

187 3283 369 3355 (Ep/tes.
403 3288 480 3357 v).
543 3289 826 3355 Quomodo
852 3291 1128 3358 Sapientes
1158 3291 1406 3345 bifariam
1437 3307 1751 3362 nuncupan-
1778 3271 1825 3336 Ο

189 3389 273 3446 tur,
316 3389 416 3436 tam
465 3381 516 3437 lii
567 3383 660 3452 qui
707 3394 832 3439 sunt
881 3383 1058 3453 plena:
1106 3384 1465 3456 perfectaeque
1508 3388 1748 3456 virtutis,

186 3485 320 3539 quam
369 3474 443 3528 illi
491 3475 581 3537 qui
614 3474 912 3542 incipiunt,
969 3487 1024 3530 et
1056 3478 1106 3529 in
1134 3476 1381 3546 profectu
1410 3479 1570 3546 positi
1599 3489 1745 3534 sunt.

188 3562 248 3618 De
283 3567 530 3633 perlemis
557 3567 796 3622 dicitur:
849 3567 1058 3622 Mittam
1089 3569 1142 3621 in
1181 3585 1266 3622 eos
1292 3573 1550 3641 sapientes
1592 3570 1748 3642 (Luc.

191 3673 252 3722 ιι,
277 3659 382 3731 43).
421 3661 500 3717 De
533 3662 919 3732 insipientibus
947 3682 960 3718 :
1013 3663 1186 3734 Argue
1212 3664 1532 3732 sapientem,
1557 3675 1603 3719 et
1628 3665 1753 3720 dili-

188 3763 252 3825 get
276 3765 318 3810 te
359 3758 545 3829 (Prov.
570 3775 684 3823 vm,
721 3758 800 3829 9).
859 3760 961 3826 Qui
1006 3762 1151 3813 enim
1197 3760 1372 3829 plena:
1400 3775 1750 3815 consumma-

191 3855 336 3917 taaque
379 3852 600 3906 virtutis
641 3860 745 3920 est,
793 3853 1142 3924 correptione
1169 3870 1278 3909 oon
1310 3855 1532 3925 indiget.
1591 3855 1751 3911 Juxta

190 3938 308 3996 hunc
349 3958 566 3998 sensum
615 3943 684 3999 de
728 3945 944 4000 caneris
987 3961 1205 4016 quoque
1235 3946 1752 4002 virtutibusintelli-

188 4036 389 4104 gendum
417 4055 432 4091 :
483 4037 631 4107 quod
677 4038 890 4093 scilicet
919 4038 1082 4094 fortis
1109 4053 1162 4094 et
1190 4041 1450 4108 prudens,
1486 4042 1625 4111 pius,
1661 4058 1754 4097 ca-

189 4138 285 4182 uus
306 4171 320 4195 ,
345 4130 522 4200 justus
549 4173 564 4198 ,
597 4141 652 4186 et
682 4143 992 4202 temperans
1016 4175 1031 4200 ,
1065 4133 1336 4190 interdum
1361 4136 1545 4206 plene,
1582 4137 1754 4193 inter-

189 4219 292 4277 dum
313 4225 532 4282 abusive
559 4228 923 4297 accipiantur.

246 4317 408 4389 (νει-ε.
442 4321 523 4392 5.)
550 4321 736 4376 Gratia
762 4323 903 4377 vobis
926 4364 942 4390 ,
976 4333 1022 4377 et
1042 4342 1148 4396 prta:
1169 4343 1198 4378 a
1230 4325 1337 4381 Deo
1361 4326 1542 4397 Patre,
1567 4337 1613 4384 et
1639 4329 1752 4384 Do-

191 4413 305 4464 ntan
325 4423 494 4468 nostro
516 4415 643 4469 Jesu
668 4415 896 4471 Christo.
962 4417 1080 4473 Non
1107 4427 1165 4472 ut
1195 4420 1248 4475 in
1296 4422 1508 4476 creteris
1541 4423 1757 4493 Epism-

192 4504 264 4571 lis,
291 4507 371 4564 Dei
402 4510 577 4566 Patris
608 4521 662 4565 et
693 4511 909 4567 Domini
937 4513 1110 4568 nostri
1131 4515 1256 4569 .lesu
1285 4515 1487 4571 Christi
1517 4518 1751 4588 gratiam

193 4601 350 4668 punit,
383 4614 438 4658 et
466 4620 654 4674 pacem
681 4650 694 4674 ,
753 4622 851 4675 per
879 4623 1014 4676 quas
1038 4607 1248 4678 absque
1277 4625 1503 4679 operum
1529 4611 1748 4681 merito,

191 4704 237 4747 et
273 4708 481 4766 peccata
526 4700 683 4753 nobis
720 4714 982 4756 concessa
1017 4710 1146 4756 sunt
1170 4703 1416 4771 pristina,
1453 4713 1506 4760 et
1534 4720 1634 4774 pax
1671 4707 1753 4759 in-

191 4784 314 4842 dulta
340 4803 461 4861 post
482 4793 699 4848 veniam
728 4811 741 4846 :
791 4794 885 4848 sed
932 4795 1224 4864 prudenter
1244 4797 1356 4866 jam
1388 4815 1606 4853 causam
1640 4805 1754 4870 agit

193 4881 450 4940 adtersnm
477 4902 572 4942 eos
601 4888 692 4958 qui
737 4886 950 4942 fuerant
990 4905 1019 4942 a
1051 4889 1195 4958 Lege
1236 4893 1496 4959 praeventi
1523 4937 1538 4960 ,
1570 4905 1624 4949 et
1659 4911 1756 4964 pu-

195 4975 351 5032 tabant
380 4995 442 5034 se
465 4996 625 5048 posse
647 4996 712 5034 ex
746 4982 1005 5050 operibus
1028 4982 1342 5050 jnstilicari,
1373 4994 1431 5038 ut
1455 4987 1664 5040 scirent
1693 5003 1756 5042 se

193 5072 341 5126 salvos
353 5076 538 5143 gratia,
554 5077 608 5130 in
626 5092 693 5131 eo
707 5092 1059 5145 perseverare
1074 5077 1272 5134 debere
1287 5082 1428 5150 quod
1445 5093 1748 5149 rmperant.

253 5166 519 5239 (γωδ-λι.)
576 5171 675 5237 Qui
704 5171 843 5224 dedit
884 5175 1213 5246 semetipsum
1254 5192 1348 5246 pro
1399 5179 1621 5247 peccatis
1659 5197 1755 5232 no-

195 5261 324 5324 stris,
354 5271 407 5314 at
435 5265 653 5333 eriperet
681 5282 772 5318 nos
799 5265 863 5319 de
896 5267 1134 5334 pra'senti
1159 5266 1356 5320 swcnlo
1380 5271 1540 5331 malo,
1565 5286 1753 5324 secun—

197 5350 300 5408 dum
324 5357 632 5411 voluntatem
665 5357 763 5412 Dei
793 5370 838 5411 et
868 5357 1041 5412 Patris
1068 5362 1250 5426 nostri,
1287 5362 1370 5414 cui
1401 5373 1475 5414 est
1501 5365 1669 5434 gloria
1701 5367 1753 5421 in.

229 5491 362 5570 fin
380 5493 494 5546 aliis
514 5493 698 5570 libris,
719 5494 1050 5570 Apostolico,
1073 5495 1132 5570 Et
1163 5511 1317 5570 vero.
1352 5498 1567 5551 caueris
1593 5514 1750 5567 repu-

197 5559 333 5616 diutis
372 5566 614 5620 omnibus
666 5559 962 5634 Scriptura:
997 5566 1179 5631 libris,
1218 5568 1353 5620 duos
1403 5579 1608 5622 tantum
1641 5559 1752 5624 suis

199 5637 639 5713 c-itnrnendaverat
670 5638 905 5713 MarciOn
925 5681 949 5713 ,7
984 5655 1212 5708 quorum
1242 5640 1381 5713 alter
1412 5639 1750 5713 Evangelium

202 5705 486 5783 Q'alLuga,
534 5710 672 5783 alter
717 5705 1074 5783 Apostolictts,
1121 5713 1236 5763 sive
1281 5705 1597 5775 Apostolus,
1643 5730 1750 5783 quo

203 5772 363 5858 decem
401 5779 540 5833 PJtlli
577 5781 835 5858 Epislnlm
877 5781 1099 5858 vmisﬂ
1127 5797 1187 5858 se
1219 5783 1395 5854 inlerp
1419 5772 1750 5839 ellzilionilius

205 5845 482 5921 dilorutata!
552 5845 1000 5905 continebanth
1041 5853 1320 5906 Videndns
1365 5845 1748 5910 "l‘ertnllianus

208 5913 289 5970 lib.
316 5918 362 5985 l,
390 5935 566 5980 contra
593 5926 735 5979 hunc
768 5923 1204 5992 bxtesiareliam,
1237 5940 1362 5997 cap.
1394 5928 1440 5994 l,
1465 5938 1519 5982 et
1551 5930 1643 5983 lib.
1670 5943 1745 5993 IV,

1872 588 2110 652 peccatis
2138 589 2340 642 nostris
2364 589 2570 658 absque
2602 590 2884 643 Voluntate
2915 587 3124 651 Patris,
3159 602 3336 658 neque
3369 587 3468 640 Pa-

1870 685 1950 732 ter
1978 681 2197 734 tradidit
2237 679 2432 735 Filium
2479 681 2597 735 sine
2629 679 2747 735 Filii
2782 682 3092 744 voluntate;
3122 680 3215 734 sed
3243 680 3357 734 lure
3388 685 3472 733 est

1869 774 2124 828 voluntas
2154 775 2307 840 Filii,
2339 775 2675 830 voluntatem
2705 775 2882 830 Patris
2913 774 3139 844 implere
3172 784 3230 829 ut
3251 774 3366 844 ipse
3395 775 3470 828 lo-

1868 871 2048 939 quitur
2078 870 2129 924 in
2161 871 2398 940 psalmo:
2451 869 2519 926 Ut
2540 872 2763 942 facerem
2787 871 3101 924 voluntatem
3127 878 3292 933 tuam,
3324 866 3468 922 Deus

1867 980 2031 1029 meus,
2057 963 2195 1018 volui
2218 963 2393 1036 (Psal.
2418 980 2610 1028 xxux,
2629 962 2708 1034 9).
2739 964 2968 1020 Deditse
2990 972 3166 1018 autem
3189 961 3378 1027 Filius,
3413 968 3469 1015 ut

1866 1054 2189 1124 injustitiam
2232 1071 2352 1125 qua:
2381 1064 2500 1110 erat
2541 1055 2595 1108 in
2628 1053 2815 1119 nobis,
2840 1054 3045 1124 justitia
3084 1053 3200 1124 ipse
3243 1052 3470 1106 subver-

1871 1157 2025 1202 teret.
2056 1146 2216 1218 377
2244 1146 2495 1202 Tradidit
2541 1161 2600 1201 se
2639 1146 2907 1216 sapientia
2934 1186 2950 1212 ,
3007 1154 3066 1200 ut
3096 1145 3464 1215 insipientiam

1868 1248 2222 1311 expugnaret.
2244 1238 2519 1296 Sanctitas
2542 1249 2596 1294 et
2621 1238 2881 1293 fortitudo
2907 1253 2966 1294 se
2993 1238 3209 1306 obtulit,
3233 1249 3286 1292 ut
3309 1252 3468 1309 spur-

1868 1333 2076 1399 citiam,
2107 1331 2134 1370 b
2160 1334 2647 1402 infirmitatemque
2680 1332 2907 1388 deleret.
2937 1330 3115 1403 Atque
3140 1332 3208 1386 ita
3241 1346 3344 1386 non
3376 1346 3468 1386 so-

1868 1429 1978 1484 lum
2006 1429 2056 1482 in
2081 1427 2263 1483 futuro
2288 1428 2491 1484 saeculo
2515 1429 2670 1498 juxta
2697 1429 3019 1498 promissam
3037 1442 3188 1497 spem
3211 1442 3317 1497 qua
3338 1441 3464 1482 cre-

1867 1526 2071 1588 dimus,
2104 1523 2200 1578 sed
2228 1525 2391 1580 etiam
2421 1523 2508 1578 hic
2550 1523 2617 1578 de
2645 1521 2901 1594 prteseuti
2921 1520 3122 1575 smeulo
3145 1534 3245 1574 nos
3266 1519 3468 1574 libera-

1869 1618 1981 1674 vit:
2012 1617 2144 1672 dum
2173 1618 2504 1672 commortui
2535 1614 2779 1682 Christo,
2817 1608 3275 1684 transfiguramur
3298 1615 3350 1667 in
3372 1625 3471 1668 no-

1871 1715 2091 1770 vitatem
2124 1726 2344 1778 sensus,
2373 1723 2428 1767 et
2455 1728 2562 1765 non
2585 1725 2778 1766 sumus
2805 1709 2873 1764 de
2903 1709 3007 1763 hoc
3036 1706 3272 1772 mundo,
3303 1721 3334 1760 a
3359 1719 3466 1776 quo

1870 1808 2064 1864 merito
2091 1822 2190 1862 nec
2215 1821 2486 1861 amamur.
2508 1805 2786 1872 Quzeritur
2813 1802 3085 1875 quomodo
3109 1815 3346 1871 presens
3363 1814 3467 1855 sa:-

1202 1910 1214 1945 ε
1262 1893 1315 1947 in
1368 1893 1468 1946 hac
1517 1901 1760 1960 ῑθηιυηιν
1795 1885 2048 1959 Bculum
2098 1902 2298 1956 malum
2347 1901 2553 1956 dictum
2595 1900 2687 1954 sit.
2728 1901 2923 1954 Solent
2962 1897 3167 1967 quippe
3221 1893 3466 1951 hairetici

1871 1999 1999 2052 hinc
2023 2011 2224 2067 capere
2255 1994 2598 2058 occasiones,
2629 1993 2876 2048 utalinm
2909 1990 3044 2045 locis
3079 2000 3134 2044 et
3167 1988 3328 2043 futuri
3357 2001 3462 2043 ste-

1866 2091 2000 2157 culi,
2032 2090 2197 2144 alium
2233 2089 2582 2144 tenebrarum
2601 2097 2658 2142 et
2682 2086 2970 2156 praesentis
2997 2091 3244 2138 asserunt
3269 2080 3463 2138 condi-

1867 2191 2064 2237 torem.
2094 2181 2203 2237 Nos
2232 2188 2413 2234 atttem
2435 2178 2688 2243 dicimus,
2717 2194 2823 2231 non
2852 2187 2958 2230 tam
2984 2174 3460 2243 szernlumipsum,

1865 2276 2004 2348 quod
2035 2276 2125 2332 die
2148 2292 2209 2330 ac
2236 2285 2420 2335 nocte.
2455 2274 2611 2327 annis
2629 2272 2802 2327 currit
2830 2281 2886 2327 et
2927 2269 3237 2334 mensibus,
3268 2266 3461 2339 appel-

1863 2371 1960 2427 lari
1986 2371 2206 2436 malmn,
2237 2385 2396 2435 quam
2426 2369 2732 2442 ὁμωνύμως.
2756 2382 2820 2422 ea
2849 2383 2970 2437 quae
2997 2367 3050 2420 in
3075 2363 3277 2419 sarculo
3301 2362 3461 2418 fiant:

1862 2463 2136 2534 quomodo
2182 2462 2436 2518 sullicere
2473 2461 2672 2515 dicitur
2707 2460 2814 2514 diei
2841 2459 3048 2513 malitia
3093 2472 3188 2511 sua
3220 2454 3457 2529 (Matth.

1865 2573 1917 2612 νι
1942 2555 1960 2627 )
1986 2575 1998 2611 :
2025 2567 2080 2611 et
2109 2556 2227 2612 dies
2257 2555 2428 2611 Jacob
2457 2554 2655 2610 modici
2685 2570 2810 2608 esse
2842 2555 3156 2608 srribuntur
3186 2561 3240 2607 et
3289 2551 3465 2619 pessi-

1861 2653 1932 2708 mi
1979 2651 2198 2723 (Genes.
2233 2652 2435 2720 xu'tt).
2468 2649 2585 2705 Non
2633 2665 2740 2720 quo
2771 2649 3008 2719 spatium
3055 2645 3355 2717 temporis,
3405 2646 3459 2700 in

1859 2763 1966 2817 quo
1999 2747 2127 2801 vixit
2151 2746 2344 2810 Jacob,
2383 2746 2582 2800 malum
2614 2743 2799 2808 luerit,
2829 2742 2923 2798 sed
2952 2757 3061 2812 quo
3091 2756 3152 2796 ea
3183 2756 3302 2808 qua:
3330 2754 3453 2794 sus-

1860 2841 2039 2907 tinuit,
2075 2858 2168 2909 per
2199 2839 2345 2894 varia
2377 2855 2502 2894 eum
2531 2837 2880 2894 exercuerim
2907 2844 3261 2891 tentamenta.
3292 2831 3461 2889 Deni-

1856 2952 1964 3004 que
2009 2951 2074 2989 eo
2105 2946 2348 3004 tempore
2375 2949 2484 3004 quo
2514 2934 2605 2988 ille
2635 2947 2733 3002 pro
2770 2930 3093 3001 coniugibus
3134 2927 3454 2997 serviebat,

1856 3037 1912 3080 ut
1943 3027 2127 3082 multis
2149 3026 2572 3081 conﬂictabatur
2600 3024 2868 3095 angustiis
2891 3020 3056 3094 (Gen.
3083 3037 3204 3076 ut:
3226 3019 3280 3092 ),
3311 3019 3458 3078 Esau

1856 3121 1910 3175 in
1945 3123 2130 3190 requie
2156 3128 2292 3186 erat,
2318 3131 2483 3188 atque
2515 3120 2588 3173 ita
2615 3117 2756 3174 idem
2779 3117 3047 3186 temporis
3075 3116 3336 3184 spatium,
3359 3113 3455 3170 alii

1858 3213 2078 3277 bonum,
2114 3213 2202 3266 alii
2230 3213 2428 3266 malum
2456 3210 2583 3278 fuit;
2620 3225 2719 3265 nec
2741 3209 3004 3279 scriptum
3023 3217 3170 3263 esset
3192 3207 3245 3262 in
3269 3207 3459 3262 Eccle-

1856 3306 2023 3360 siaste
2058 3323 2068 3358 :
2108 3305 2189 3358 Ne
2210 3305 2406 3358 dixeris
2434 3305 2556 3372 quia
2584 3303 2696 3359 dies
2715 3303 2816 3356 mei
2842 3302 3040 3371 priores
3067 3299 3193 3373 [AL
3215 3297 3454 3372 pejores]

1854 3409 1999 3454 erant
2024 3401 2139 3454 boni
2170 3416 2326 3472 super
2355 3400 2480 3453 istos
2505 3399 2522 3469 (
2550 3397 2750 3451 Eccles.
2781 3411 2876 3462 vn,
2912 3397 2973 3450 11
3000 3397 3019 3463 )
3043 3436 3056 3459 ,
3096 3394 3199 3448 ιιίδί
3231 3393 3298 3447 ad
3333 3393 3449 3447 dis-

1855 3495 2060 3547 crimen
2137 3495 2422 3546 malorum.
2509 3489 2662 3546 Unde
2726 3489 2968 3544 Joannes
3041 3487 3118 3542 ait
3164 3502 3179 3542 :
3223 3484 3455 3542 Mundus

1855 3587 2019 3641 omnis
2043 3587 2093 3638 in
2109 3584 2336 3654 maligno
2360 3584 2560 3656 positus
2582 3591 2656 3637 est
2677 3582 2693 3650 (
2723 3579 2913 3636 lloan.
2933 3594 2986 3642 ν,
3015 3577 3082 3634 19
3104 3577 3144 3648 ).
3171 3576 3286 3633 Non
3310 3576 3459 3648 quod

1809 3709 1828 3727 .
1859 3678 2090 3733 mundus
2136 3681 2251 3745 ipse
2298 3675 2369 3730 sit
2409 3676 2615 3740 malus,
2667 3673 2763 3728 sed
2796 3671 2938 3742 quod
2973 3669 3118 3724 mala
3165 3667 3458 3724 inmundo

1857 3776 1984 3828 liaut
2007 3772 2421 3834 abhominibus,
2457 3768 2838 3824 Mandacemus
2870 3775 2917 3820 et
2940 3766 3197 3826 bibamus,
3220 3764 3456 3819 dicenti-

1857 3867 1954 3921 lius
1976 3907 1991 3930 ,
2040 3883 2155 3919 cras
2196 3865 2334 3920 enim
2377 3865 2662 3917 moriemur
2703 3860 2879 3930 (lsai.
2913 3874 3044 3925 χχιι,
3085 3857 3151 3910 17
3177 3855 3216 3925 ).
3246 3857 3310 3911 Et
3338 3857 3457 3925 ipse

1857 3958 2150 4027 Apostolus
2180 3971 2194 4009 :
2226 3956 2392 4027 378
2420 3954 2770 4018 liedimentes,
2805 3952 3016 4020 inquit,
3053 3958 3254 4017 tempus
3282 3962 3300 3999 :
3331 3946 3458 4015 quia

1855 4054 1962 4106 (lies
1986 4052 2108 4104 mali
2134 4061 2257 4103 sunt
2289 4048 2529 4122 (Ephes.
2561 4064 2614 4113 v,
2647 4047 2713 4103 16
2732 4046 2780 4120 ).
2808 4045 3145 4099 Infantantur
3173 4048 3230 4096 et
3250 4041 3453 4112 saltus,

1854 4160 1974 4200 cum
2012 4143 2311 4197 latrociniis
2342 4143 2481 4210 pleni
2513 4149 2675 4208 sunt,
2712 4155 2821 4193 non
2850 4153 2960 4207 quo
3003 4146 3149 4191 terra
3177 4143 3370 4205 peccet
3397 4141 3456 4190 et

1855 4240 2036 4302 silvm,
2093 4236 2188 4290 sed
2237 4251 2344 4304 quo
2413 4233 2692 4288 infamiam
2744 4229 3021 4285 homicidii
3065 4228 3183 4284 loca
3235 4241 3456 4298 quoque

1860 4335 2143 4389 traxerint.
2191 4333 2531 4388 Detestamur
2593 4340 2649 4388 et
2693 4330 2930 4401 gladium
2960 4370 2975 4396 ,
3021 4344 3131 4400 quo
3182 4327 3455 4384 humanus

1857 4429 2058 4484 effusus
2084 4437 2167 4482 est
2196 4443 2359 4482 cruor
2379 4468 2392 4488 .
2424 4434 2479 4480 et.
2507 4425 2732 4482 calicem
2775 4426 2828 4480 in
2859 4439 2969 4496 quo
2995 4438 3270 4479 venenum
3304 4435 3446 4478 tem-

1860 4529 2102 4591 peratum
2127 4531 2230 4582 est,
2263 4533 2368 4572 non
2393 4517 2584 4587 gladii,
2607 4517 2900 4583 calieisque
2919 4525 3174 4585 peccato;
3194 4512 3290 4568 sed
3311 4509 3456 4583 quod

1860 4614 2042 4668 odium
2087 4622 2400 4668 mereantur
2439 4609 2514 4664 illi
2545 4611 2636 4678 qui
2686 4608 2769 4662 his
2800 4609 2942 4663 male
2984 4606 3068 4662 usi
3097 4613 3245 4662 sunt.
3295 4604 3374 4660 lla
3403 4611 3461 4659 et

1858 4707 2148 4769 sa'enlum,
2192 4704 2332 4774 quod
2391 4714 2475 4758 est
2520 4703 2754 4773 spatium
2812 4710 3151 4770 temporum,
3207 4713 3312 4754 non
3359 4713 3462 4769 per

1859 4804 2233 4870 statuetipsnm,
2259 4810 2350 4853 aut
2380 4799 2605 4865 bonum,
2631 4805 2724 4852 aut
2749 4796 2949 4851 malum
2981 4801 3088 4862 est,
3117 4794 3215 4850 sed
3241 4809 3337 4863 per
3359 4807 3459 4848 eos

1860 4897 1950 4965 qui
1984 4895 2034 4948 in
2066 4893 2162 4948 illo
2193 4904 2314 4946 sunt
2341 4933 2354 4956 ,
2390 4901 2480 4946 aut
2505 4893 2706 4947 bonum
2752 4889 3062 4959 appellatur
3091 4896 3183 4942 aut
3231 4887 3461 4943 malum.

1861 4993 2200 5058 Quapropter
2250 4987 2522 5042 Valentini
2567 4986 2937 5042 deliramenta
2988 4992 3042 5040 et
3084 4982 3279 5039 fabulae
3319 4996 3457 5037 con-

1863 5083 2162 5138 temnendi:
2216 5092 2372 5147 sunt,
2408 5081 2498 5152 qui
2550 5081 2768 5151 triginta
2811 5083 3000 5140 αἰῶνας
3033 5089 3053 5116 ο
3086 5092 3251 5143 suos,
3295 5091 3360 5130 ex
3390 5089 3458 5130 eo

1857 5178 2000 5249 quod
2033 5178 2083 5230 itt
2112 5175 2410 5245 Scripturis
2434 5175 2633 5230 swcula
2668 5176 2948 5245 legantur,
2989 5172 3228 5236 affinxit,
3266 5166 3456 5223 dicens

1860 5288 1953 5326 eos
1984 5285 2106 5325 esse
2137 5269 2392 5323 animalia
2421 5309 2435 5332 ,
2480 5276 2538 5322 et
2585 5284 2682 5338 per
2712 5266 3019 5339 quadradas
3058 5262 3412 5334 etogdoadas
3436 5304 3453 5329 ,

1857 5362 2091 5420 decadas
2121 5375 2342 5432 quoque
2373 5369 2428 5416 et
2450 5359 2798 5416 duodecadas
2819 5402 2834 5428 ,
2886 5369 2965 5414 tot
2993 5356 3234 5414 edidisse
3261 5367 3458 5409 nume-

1863 5513 1983 5558 Cap.
2013 5496 2065 5563 4,
2096 5510 2196 5548 nec
2228 5509 2332 5548 non
2358 5493 2416 5548 S.
2453 5492 2806 5564 Epiphanius,
2837 5490 3029 5546 haeresi
3055 5490 3148 5546 42.

1934 5569 1958 5606 δ
1986 5558 2299 5621 Amavimus
2329 5566 2455 5619 hinc
2486 5558 2747 5630 verbum,
2779 5563 3073 5628 inscitiam,
3117 5558 3263 5631 quod
3289 5571 3449 5612 vaca-

1864 5640 1952 5693 Ital
1973 5682 1987 5697 .
2044 5650 2094 5688 et
2126 5640 2296 5691 nostri
2332 5651 2461 5690 mss.
2489 5639 2712 5706 ipseque
2736 5629 2874 5688 olim
2907 5629 3201 5706 Rabbanus
3232 5629 3451 5698 ignora-

1863 5722 2005 5764 inut.
2044 5710 2160 5763 Mm:
2212 5725 2349 5762 unus
2380 5705 2642 5774 Palatin.,
2678 5708 2835 5776 juxta
2875 5705 3169 5776 promissa,
3212 5718 3460 5772 spesque,

1858 5801 1988 5854 quas
2014 5782 2293 5836 credimus.

1935 5866 1955 5893 ο
1991 5855 2108 5907 Duo
2146 5871 2276 5906 mss.
2336 5851 2548 5923 triginta
2585 5864 2763 5903 (conas
2809 5865 2903 5901 suo
2959 5865 3111 5903 sensu
3142 5891 3154 5912 ,

1860 5926 2172 5995 Scriptnris,
2197 5934 2307 5979 etc.

3213 5843 3352 5920 quod
3404 5845 3458 5899 in
