3978 6338
477 236 589 300 515

1742 225 1801 283 S.
1842 224 2114 283 EUSEBII
2149 225 2533 283 HIERONYMI

3660 236 3758 297 3l6

477 359 569 423 πρε
596 342 946 414 saeculorum,
979 351 1115 418 quot
1138 343 1333 405 Eneia
1361 351 1388 383 ι
1413 340 1560 403 fetus
1580 342 1816 415 scropba
1848 356 2074 414 genera-
2100 345 2157 409 Α
2179 352 2267 399 cat
2284 385 2299 410 ,
2333 343 2426 400 ubi
2453 359 2584 400 vero
2611 344 2731 402 sine
2760 361 2861 403 \‘AV
2884 347 3144 419 scribitur
3168 358 3189 389 ο
3212 363 3414 407 annum
3442 351 3764 424 quinquage-

474 440 572 497 vit.
603 439 968 511 Quaerendum
996 455 1214 517 quoque
1237 438 1368 513 quid
1398 440 1474 499 sit
1494 440 1639 497 inter
1665 438 1931 499 saeculum
1950 481 1966 507 ,
2019 447 2078 497 et

478 536 737 601 saeculum
766 536 976 611 saeculi,
1006 536 1131 599 sive
1157 536 1361 599 Saecula
1391 534 1741 603 saeculorum,
1771 543 1825 595 et
1857 534 1950 597 ubi
1981 548 2080 607 pro

477 628 633 691 brevi
666 629 929 701 temporis
955 629 1171 703 spatio,
1205 628 1295 689 ubi
1325 643 1424 700 pro
1460 628 1772 695 aeternitate
1794 638 2076 701 ponatur:

479 720 606 795 quia
630 721 683 797 in
717 720 948 787 Hebraeo
975 721 1258 791 saeculum,
1291 721 1344 793 id
1368 731 1472 792 est,
1495 719 1525 769 δ
1551 736 1695 793 ostii
1731 704 1961 794 (εὖνιν),
1987 720 2080 777 ubi

479 829 587 871 vav
613 814 852 889 litteram
884 814 1112 889 positam
1141 815 1431 883 habuerit,
1463 815 1822 889 aeternitatem
1868 814 2079 887 signiﬁ-

557 956 584 986 ⁸
611 948 668 1004 in
695 947 819 1021 aliis
848 948 1026 1021 libris,
1056 959 1180 1021 quot
1201 950 1259 1003 in
1285 947 1484 1012 Λῧιιεα,
1513 950 1627 1016 vel,
1650 950 1702 1003 in
1731 945 1961 1003 zEneide
2001 950 2082 1019 fe.

485 1028 591 1091 tua,
625 1029 733 1077 etc.
762 1019 1117 1091 Notissimuin
1161 1036 1329 1091 porro
1358 1022 1500 1090 apud
1532 1021 1850 1091 Virgilium,
1894 1021 1989 1075 lib.
2020 1037 2078 1076 ιιι

486 1090 755 1149 Ᾱίιιθίιιυε
787 1091 975 1151 Heleni
1000 1090 1312 1161 vaticinium
1344 1111 1357 1148 :

557 1162 799 1241 Eit‘toreis
822 1164 1004 1241 ingens
1032 1166 1238 1241 inperita
1270 1165 1363 1241 sub
1393 1163 1599 1241 ilicibus
1628 1181 1716 1241 διεδ

561 1232 803 1309 Triginta
823 1232 1053 1309 ca'pituin
1075 1237 1209 1298 [etus
1232 1235 1387 1291 enixa
1407 1237 1605 1309 jacebit
1627 1278 1641 1298 ,

563 1305 697 1363 Alba
724 1306 837 1362 solo
877 1305 1160 1371 recubans,
1206 1309 1313 1362 albi
1353 1305 1548 1363 circum
1591 1310 1748 1365 ubera
1778 1313 1917 1378 nati,
1970 1321 2078 1368 etc.

488 1394 626 1453 quas
652 1394 842 1439 versus
865 1379 1032 1441 etiam
1060 1380 1162 1443 sub
1189 1381 1371 1441 octavi
1400 1381 1526 1443 libri
1557 1382 1773 1443 initium
1807 1385 2037 1454 replicat
2063 1427 2079 1451 ,

564 1470 591 1510 ι)
623 1472 831 1550 vitiose
852 1473 1151 1546 scripserat
1178 1473 1529 1537 Martiarum:
1554 1458 1718 1543 n51»,
1737 1492 1859 1537 cum
1883 1477 2081 1550 Aleplt,

493 1580 594 1637 pro
620 1549 779 1633 D‘m.

570 1647 592 1675 ε
624 1638 1043 1717 Arguuntbunc
1068 1640 1523 1717 commentarium
1558 1640 1879 1717 illieronymi
1911 1643 2087 1717 scrip-

492 1716 643 1764 tores
700 1708 947 1785 nuperi,
983 1708 1287 1785 prmsertitn
1335 1711 1569 1785 imperiti
1616 1708 1800 1770 clerici
1828 1757 1843 1779 ,
1890 1708 2085 1785 quibus

498 1783 839 1855 respondero
874 1784 1190 1853 compulsus
1230 1799 1351 1839 sum
1383 1782 1438 1840 in
1487 1785 1872 1855 prolegomeuo
1909 1782 2083 1843 tertio

494 1852 630 1929 tomi
650 1852 691 1909 ll
712 1854 973 1929 editionis
1001 1852 1225 1911 nosme.
1259 1852 1747 1919 Videsis'nostram
1769 1859 1843 1917 ibi
1859 1872 2092 1929 respon-

499 1923 737 1991 sionem.
764 1927 943 1985 ΜΑιιτ.

568 1992 603 2069 ἀγ
627 1997 939 2069 Hieronymi
968 1998 1283 2054 observatio
1306 1999 1495 2055 istliaec
1514 1999 1581 2056 de
1602 2002 1751 2056 varia
1776 2001 1928 2057 vocis
1954 2002 2092 2067 alam

500 2068 800 2142 scriptione
819 2068 841 2134 ,
862 2079 1027 2140 atque
1050 2071 1190 2126 adeo
1226 2070 1538 2142 signiﬁcatu
1565 2073 1749 2128 tristes
1775 2075 2091 2128 criticorum

502 2139 705 2214 ferulas
740 2157 848 2199 non
877 2139 1088 2213 ell'ugit,
1139 2152 1194 2198 et
1240 2139 1562 2213 cumprimis
1589 2144 1816 2200 Joannis
1853 2145 2089 2214 Clerici,

501 2211 595 2284 qui
623 2211 1297 2287 latnosquuEestionum
1317 2211 1865 2287 llt'eronymianarum
1887 2211 2087 2275 librum

504 2284 1030 2354 conscribendilhinc
1049 2301 1234 2341 ansam
1253 2287 1500 2355 arripuit.
1520 2284 1875 2351 Conclamant
1901 2289 2092 2344 lalsam

504 2369 628 2411 esse
657 2372 782 2412 cum
809 2357 927 2428 ipso
957 2358 1369 2414 Deuteronomii
1392 2359 1666 2428 exemplo,
1693 2359 1839 2431 quod
1865 2358 2051 2415 laudat
2077 2405 2090 2429 ,

503 2448 596 2521 ubi
625 2432 766 2516 ubi}:
792 2451 954 2521 plene
976 2452 1257 2519 scribitur,
1298 2467 1420 2508 cum
1449 2468 1517 2509 ex
1541 2453 1767 2509 aliorum
1795 2455 2094 2511 collatione

506 2520 929 2596 locorum,nou
958 2538 1090 2580 sane
1114 2530 1321 2596 exiguo
1357 2540 1617 2592 numero,
1665 2526 1716 2580 iu
1754 2527 1950 2593 quibus
1991 2542 2093 2583 vox

504 2593 597 2655 illa
632 2595 790 2663 plene
818 2598 1056 2665 occurrit
1080 2638 1095 2661 ,
1138 2593 1252 2653 sive
1272 2613 1396 2657 cum
1424 2614 1546 2662 t‘au,
1580 2613 1680 2653 nec
1712 2607 1894 2655 tamen
1927 2599 1998 2655 ibi
2028 2599 2096 2655 de

509 2667 815 2737 aeternitate
858 2668 1077 2737 proprie
1106 2668 1250 2725 dicta
1290 2683 1475 2729 sermo
1500 2678 1589 2724 est
1620 2687 1634 2722 :
1663 2670 1868 2725 deinde
1899 2670 2099 2724 Ralibi-

511 2736 648 2814 nica:
668 2736 985 2814 subtilitatis
1007 2742 1279 2807 incusant,
1303 2740 1639 2814 incuriazque
1661 2741 1714 2795 iu
1742 2741 2092 2814 Hieronymo,

509 2807 605 2877 qui
630 2823 663 2863 a
689 2810 879 2867 Judzeo
907 2820 1243 2883 prazceptore
1271 2813 1375 2867 sibi
1405 2807 1584 2867 fucum
1616 2812 1731 2869 ﬁeri
1764 2812 1832 2867 sit
1863 2807 2052 2880 passus
2077 2807 2092 2877 ζ

512 2894 614 2954 nec
643 2895 856 2949 sacrum
886 2885 1133 2951 codicem
1164 2885 1279 2945 suis
1310 2883 1430 2951 ipse
1452 2884 1628 2945 oculis
1660 2885 1957 2954 usurparit.
1986 2884 2097 2942 Nec

510 2950 862 3037 ignoramus,
897 2950 1114 3037 quid_in
1146 2956 1318 3037 sancti
1342 2955 1515 3011 Patris
1543 2950 1912 3037 defensionem
1938 2972 2098 3024 repo—

513 3024 677 3079 sltum
726 3024 988 3099 hact'eu‘us
1022 3024 1238 3101 fuerit;
1269 3043 1378 3101 non
1427 3042 1547 3101 eam
1596 3029 1768 3101 videri
1807 3028 1926 3095 ejus
1973 3043 2095 3083 esse

513 3108 751 3170 mentem
772 3138 788 3162 ,
820 3108 877 3170 ut
906 3102 1158 3154 omnibus
1205 3099 1500 3170 Scriptura:
1527 3099 1662 3156 locis
1689 3143 1704 3167 ,
1739 3101 1933 3170 quibus
1983 3116 2093 3155 Vox

513 3165 609 3224 illa
639 3168 757 3225 sive
787 3169 969 3239 plene.
1002 3181 1061 3225 ut
1087 3165 1456 3239 menon-sive
1485 3187 1594 3228 non
1630 3165 1789 3239 plene
1820 3172 2094 3235 descripta
2120 3172 2166 3236 C

517 3242 793 3314 occurrit,
843 3243 1128 3314 distinctio
1166 3244 1253 3299 illa
1280 3243 1415 3309 varii
1448 3244 1786 3314 signiﬁcatus
1831 3244 1901 3298 sit
1942 3244 2097 3298 adbi-

517 3302 714 3379 benda,
746 3302 841 3367 sed
869 3302 1264 3372 duobus'liisce
1302 3302 1619 3381 dumtaiiat,
1654 3314 1826 3370 Exodi
1868 3315 2096 3381 scilicet,

511 3396 576 3436 ac
599 3383 1024 3454 Deuteronomii,
1040 3401 1177 3458 quos
1197 3387 1251 3441 in
1274 3386 1584 3456 exemplum
1612 3386 1853 3441 adducit.
1875 3386 1945 3441 Et
1967 3402 2099 3442 sane

515 3476 718 3546 prioris
756 3478 1018 3549 propositi
1051 3479 1150 3535 loci
1180 3462 1297 3546 35y
1321 3479 1531 3548 absque
1561 3496 1660 3533 vau
1707 3480 1969 3549 scriptum
2000 3478 2099 3535 lio-

517 3549 739 3617 tliettum
770 3560 1012 3621 superat
1036 3550 1089 3606 in
1132 3551 1412 3606 Hebraicis
1436 3550 1606 3621 libris
1634 3569 1647 3605 :
1677 3551 1905 3606 alterius
1936 3567 2099 3616 vero,

516 3622 737 3694 tametsi
767 3620 926 3692 plene
951 3638 1097 3685 nunc
1121 3622 1399 3694 scribitur,
1430 3620 1485 3689 in
1505 3639 1571 3681 eo
1593 3638 1701 3693 quo
1740 3622 2102 3694 Hieronymus

517 3693 814 3769 exemplari
838 3696 1111 3769 utebatur,
1144 3712 1241 3769 van
1275 3692 1546 3769 deiecisse
1577 3692 1674 3764 par
1702 3692 2002 3769 sitopiuari
2032 3710 2103 3769 ex

516 3762 805 3833 ipsiusmet
835 3762 1169 3822 testimonio.
1205 3762 1395 3821 Ausim
1449 3762 1589 3819 vero
1612 3779 1715 3835 ego
1754 3762 2103 3821 conﬁdentis-

515 3836 658 3899 sime
680 3839 1032 3908 pronuntiare
1062 3838 1121 3895 S.
1152 3837 1329 3893 Patris
1359 3845 1597 3905 mentem
1616 3881 1630 3906 ,
1671 3837 1897 3905 ipsaque
1936 3837 2102 3892 verba

518 3921 803 3978 perspecta
826 3909 1084 3973 habuisse
1108 3910 1368 3969 hactenus
1395 3908 1664 3969 nemiuem
1686 3949 1702 3975 ,
1735 3909 1877 3978 quod
1906 3908 2102 3964 mirum

518 3980 692 4053 magis
719 3980 790 4035 sit
822 3992 943 4049 post
965 3991 1249 4053 tantopere
1276 3991 1526 4051 vexatum
1551 3996 1580 4034 a
1611 3982 1897 4053 doctorum
1925 3980 2101 4035 Immi-

519 4044 649 4105 ιῐιιίᾖ
674 4044 905 4122 ingeniis
931 4044 1133 4107 locum:
1154 4044 1357 4122 Ncmpe
1379 4054 1449 4107 ita
1466 4044 1750 4122 accipiunt
1776 4052 1887 4121 pari
1911 4066 2105 4106 omnes

518 4130 792 4178 conscnSu
813 4164 828 4189 ,
874 4137 933 4178 ιιι
964 4135 1251 4192 utrumque
1296 4124 1605 4191 exemplum
1637 4122 1812 4179 eidem
1847 4124 2105 4179 inserviat

519 4195 802 4264 proposito
822 4235 838 4260 ,
869 4197 1050 4253 brevis
1078 4195 1332 4254 videlicet
1364 4198 1629 4263 temporis
1654 4211 1751 4264 per
1778 4212 1876 4250 van
1925 4195 2106 4251 deice.

520 4274 633 4335 tum
669 4268 811 4331 eain
844 4283 978 4335 voce
1002 4269 1440 4333 demonstrandi,
1466 4267 1777 4335 factumque
1799 4266 1943 4331 inde,
1980 4281 2103 4322 cum

521 4328 615 4390 ille
647 4328 952 4411 oppositum
988 4340 1146 4411 plane
1176 4328 1389 4403 doceat,
1422 4328 1483 4411 ut
1513 4340 1649 4393 falso
1679 4328 1743 4392 ac
1772 4328 1980 4411 temere
2013 4337 2103 4411 alii

521 4409 860 4480 accusarint,
906 4417 963 4464 et
1003 4410 1094 4480 qui
1136 4411 1272 4464 tueri
1317 4408 1495 4464 conati
1541 4418 1705 4475 sunt,
1757 4408 2104 4480 supposititio

520 4480 697 4536 errori
729 4479 980 4537 miseram
1010 4479 1387 4550 exceptionem
1411 4480 1752 4536 adhiberent.
1786 4479 2104 4535 Volteium-

2180 438 2399 505 simum,
2426 454 2590 511 quem
2617 440 2693 497 illi
2712 439 3005 498 Jubilmum
3031 453 3256 500 vocant.
3280 444 3362 501 0b
3390 445 3531 502 hanc
3550 460 3762 502 causam

2182 543 2236 591 et
2264 532 2357 590 ille
2384 532 2648 593 Hebraeus
2666 535 2757 607 qui
2783 546 3007 609 propter
3034 551 3262 593 uxorem
3283 547 3340 595 et
3361 537 3564 596 liberos
3584 553 3765 595 amans

2183 625 2473 683 Dominum
2502 644 2659 685 suum
2690 644 2826 685 auro
2855 639 3116 701 pertunsa
3152 632 3381 688 servitio
3416 631 3729 703 subiugatur
3750 674 3765 700 ,

2179 718 2387 774 servire
2426 718 2650 789 iubetur
2684 722 2738 776 in
2767 722 3027 780 saeculum
3061 721 3283 794 (Exod.
3306 740 3395 780 xxi
3418 724 3474 792 ),
3522 723 3625 779 hoc
3650 733 3767 792 est,

2184 828 2358 884 usque
2385 811 2451 869 ad
2498 830 2697 870 annum
2723 815 3256 888 quinquagesimum.
3290 814 3318 853 ά
3346 817 3410 872 Et
3444 817 3694 873 Moabita
3717 826 3770 873 et

2182 947 2237 1003 in
2246 948 2463 1074 ‘populo
2486 949 2582 1005 Dei
2614 950 2808 1006 ofﬁciis
2829 952 2883 1006 in
2916 962 3181 1008 aeternum
3214 970 3349 1023 gens
3383 954 3485 1011 fuit
3508 972 3523 1020 ;
3547 971 3650 1019 nec
3666 955 3769 1010 alio

2183 1035 2240 1073 re
2270 1024 2377 1074 erri
2419 1038 2584 1074 uuam
2626 1022 2697 1074 ad
2744 1024 3007 1074 temnoris
3038 1027 3432 1074 nerennimtmn
3465 1028 3769 1074 signiﬁcari.

2183 1022 2392 1097 rel‘erri
2419 1038 2584 1090 quam
2626 1022 2697 1076 ad
2744 1024 3007 1097 temporis
3038 1022 3432 1093 perennitatem
3465 1028 3769 1097 signiﬁcan-

2182 1090 2306 1166 dam
2340 1092 2555 1166 illorum
2601 1090 2909 1166 exemplum
2938 1090 3134 1166 potuit.
3167 1098 3358 1153 Statim
3407 1090 3769 1166 ipsa'incurrit

2181 1162 2236 1218 iu
2269 1165 2480 1229 oculos,
2509 1181 2669 1234 quam
2701 1162 2818 1223 fere
2846 1168 2914 1223 de
2937 1162 3107 1225 verbo
3139 1169 3402 1225 laudntS.
3422 1162 3604 1239 Pater,
3636 1172 3771 1231 sacri

2184 1244 2367 1289 textus
2411 1240 2680 1291 sententia
2714 1257 2727 1292 :
2762 1240 3081 1294 Ammonites
3111 1252 3159 1294 et
3203 1240 3459 1296 Moabites
3488 1242 3641 1295 etiam
3669 1254 3775 1305 post

2186 1307 2437 1379 decimam
2479 1310 2865 1379 generationem
2917 1328 3018 1366 non
3070 1312 3339 1366 intrabunt
3390 1317 3442 1366 in
3493 1312 3777 1367 Ecclesium

2190 1378 2403 1433 Domini
2443 1378 2497 1433 in
2527 1390 2799 1436 internum.
2840 1382 2904 1437 Et
2940 1402 2952 1437 :
2988 1382 3113 1437 Non
3146 1384 3309 1453 facies
3334 1385 3406 1438 eis
3439 1400 3657 1453 pacem,
3690 1400 3776 1439 nec

2187 1453 2499 1527 qua:ras__eis
2529 1453 2662 1505 bona
2697 1455 2895 1508 cunctis
2934 1454 3115 1510 diebus
3151 1456 3268 1509 vitm
3291 1464 3395 1509 tua:
3422 1456 3477 1510 in
3505 1457 3777 1527 sempiter-

2190 1538 2335 1597 num.
2360 1521 2579 1597 Clamat
2618 1533 2676 1579 et
2721 1527 2831 1594 ipsa
2859 1569 2875 1592 ,
2928 1542 3088 1596 quam
3140 1534 3257 1580 toto
3293 1537 3447 1597 urget
3481 1521 3776 1592 contextu,

2189 1594 2403 1661 phrasis
2432 1594 2684 1668 llebraici
2710 1594 2999 1667 archetipi.
3018 1607 3073 1652 et
3097 1597 3347 1667 scriptio,
3364 1594 3438 1653 ad
3464 1613 3630 1668 quam
3655 1613 3775 1668 pro-

2188 1677 2367 1732 vocat,
2399 1666 2554 1735 plena
2587 1669 2756 1723 semel
2782 1666 2945 1740 atque
2973 1670 3170 1725 iterum
3216 1666 3278 1724 in
3308 1666 3565 1724 omnibus
3607 1666 3776 1737 libris,

2114 1783 2163 1843 Β
2189 1742 2437 1823 ΒΞῚὩἭ
2454 1800 2468 1825 ,
2493 1768 2549 1815 et
2576 1744 2749 1826 5m???
2768 1746 3012 1851 νην-’τυ
3035 1771 3093 1816 ιιι
3120 1772 3486 1817 commentum
3520 1762 3595 1816 sit
3629 1761 3781 1832 plane

2194 1852 2425 1913 inutile.
2469 1852 2725 1923 nullaque
2769 1856 2956 1909 nixum
3003 1854 3385 1923 probabilitate
3423 1854 3777 1921 existimare,

2194 1924 2337 1996 quod
2367 1925 2421 1979 in
2453 1939 2523 1996 eo
2547 1941 2641 1996 van
2672 1925 2956 1989 deﬁceret.
3004 1941 3112 1996 quo
3142 1926 3200 1983 S.
3238 1928 3436 1981 Doctor
3477 1925 3782 1995 exemplari

2195 1995 2466 2068 utebatur.
2498 1995 2636 2064 Quid
2676 1997 2817 2066 quod
2849 1995 3293 2061 ipsani’videutur
3321 1998 3625 2068 Scriptura:
3662 2013 3784 2056 sen-

2194 2067 2423 2140 tentiam
2482 2082 2811 2137 exaggerare
2852 2069 3258 2140 Hieronymus?
3304 2067 3467 2125 Certe
3524 2069 3672 2137 quod
3714 2071 3785 2125 ait

2195 2139 2396 2212 Moses,
2427 2155 2593 2210 neque
2619 2150 2733 2212 post
2759 2140 3032 2205 decimam,
3063 2139 3179 2210 ille,
3214 2158 3376 2212 usque
3394 2141 3463 2195 ad
3482 2142 3721 2208 quintam
3739 2152 3786 2212 et

2195 2210 2445 2283 decimam
2471 2210 2851 2282 generationem
2905 2215 3201 2279 protendit.
3246 2210 3435 2283 Neque
3472 2228 3605 2268 vero
3643 2211 3784 2282 quod

2196 2280 2301 2337 lioc
2329 2280 2499 2356 utitur
2537 2283 2819 2356 adverbio,
2868 2301 3028 2353 usque
3078 2286 3170 2356 ad,
3215 2280 3460 2356 sequitur
3511 2294 3570 2356 ut
3602 2280 3785 2354 postea

2198 2367 2294 2408 eos
2322 2354 2689 2426 admittendos
2721 2356 2950 2425 populos
2982 2355 3202 2426 putarit,
3231 2353 3325 2408 sed
3354 2356 3509 2424 juxta
3537 2353 3785 2425 Scriptu-

2194 2440 2377 2479 rarum
2396 2424 2616 2497 idioma,
2643 2426 2787 2495 quod
2809 2435 2864 2481 et
2885 2424 3176 2497 numquam
3203 2427 3381 2491 ﬁeret,
3401 2435 3447 2480 et
3469 2424 3787 2497 factum’non

2195 2497 2262 2551 sit
2291 2496 2538 2553 ostendit.
2564 2498 2716 2554 Adde
2731 2496 3201 2571 quodiquindeciin
3224 2496 3639 2567 generationes,
3662 2514 3791 2571 qua-

2196 2583 2317 2623 rum
2354 2583 2413 2623 se
2448 2569 2782 2639 unaqmcque
2823 2570 2889 2626 ad
2941 2571 3294 2639 Septuaginta
3340 2585 3518 2640 eoque
3557 2569 3790 2639 amplius

2197 2652 2371 2693 annos
2391 2655 2456 2694 ex
2479 2641 2883 2709 Scripturarum
2910 2642 3328 2706 coosuetudine,
3363 2642 3648 2711 ipsiusque
3671 2657 3792 2710 sup-

2198 2711 2480 2785 putatione
2508 2712 2822 2785 Hicronymi
2849 2713 2902 2767 in
2932 2728 3053 2781 cap.
3077 2729 3227 2768 xxvr.
3262 2711 3566 2767 Ezechielis
3584 2723 3789 2785 exten-

2197 2781 2297 2851 dit,-
2342 2782 2597 2839 millenos
2636 2781 2737 2837 una
2778 2785 2942 2839 simul
2973 2799 3146 2839 annos
3176 2792 3531 2854 exsuperant.
3572 2784 3643 2840 Et
3681 2783 3790 2853 qui,

2198 2869 2352 2923 rogo,
2397 2854 2499 2911 boc
2528 2857 2702 2925 potuit
2740 2872 2841 2927 pro
2880 2857 3029 2910 brevi
3079 2855 3268 2915 haberi
3320 2855 3589 2927 temporis
3635 2857 3794 2927 inter:

2199 2927 2371 2989 vallo,
2422 2942 2523 2998 nec
2554 2943 2653 2998 pro
2687 2925 2832 2982 brevi
2882 2928 3053 2990 ἁπλῶς
3090 2934 3337 2993 tantum,
3377 2925 3474 2982 sed
3509 2926 3705 2983 habito
3731 2925 3795 2981 ad

2197 2997 2587 3068 quinquaginta
2620 3015 2794 3054 annos
2826 3009 3099 3067 respectu,
3136 3009 3195 3052 ιιι
3222 2999 3400 3053 simile
3429 3007 3485 3054 et
3512 2999 3791 3068 geminum

2197 3070 2413 3125 Jubiltni
2448 3072 2624 3142 spatio
2656 3072 2761 3125 sit?
2792 3071 3044 3126 Profecto
3068 3086 3172 3140 qua
3198 3070 3415 3126 tandem
3445 3085 3510 3125 ex
3534 3080 3695 3139 parte
3716 3069 3794 3124 Io-

2198 3155 2322 3197 cum
2354 3142 2516 3199 istum
2563 3143 2864 3213 cxpendas,
2906 3143 3091 3197 mirari
3132 3158 3237 3197 non
3263 3142 3508 3205 desinas,
3556 3143 3798 3210 potuiSso

2202 3224 2637 3285 prmcouceptatn
2673 3214 2951 3270 hemiuum
2983 3214 3300 3285 opinionem
3330 3213 3593 3285 adplane
3620 3228 3796 3283 Oppo-

2201 3284 2361 3338 situm
2398 3284 2510 3351 illi,
2540 3301 2703 3355 quem
2738 3284 3033 3340 verissime
3060 3292 3255 3340 auctor
3288 3284 3634 3356 praeferebat,
3680 3300 3801 3340 scu-

2201 3370 2319 3410 sum
2350 3356 2698 3426 detorquere.

2277 3427 2483 3498 Ecquid
2526 3443 2658 3485 vero
2699 3430 2806 3485 erit
2850 3429 3032 3499 pretii.
3077 3428 3124 3483 si
3172 3428 3376 3484 erroris
3422 3442 3620 3484 causas
3662 3427 3804 3484 indi-

2202 3514 2421 3573 cavero,
2465 3516 2795 3573 seusumque
2828 3503 2885 3556 ὃ.
2936 3500 3113 3573 Patris
3148 3500 3218 3554 ab
3251 3500 3478 3573 immani
3503 3514 3612 3570 qua
3650 3499 3805 3555 labo-

2168 3620 2173 3623 _
2204 3581 2291 3643 rat
2318 3571 2569 3627 luxatura
2603 3570 2930 3627 restituam?
2989 3570 3056 3627 Ut
3082 3571 3412 3643 brevissime
3448 3571 3651 3637 dicam,
3684 3586 3803 3643 qu:e

2204 3641 2330 3695 huic
2356 3644 2510 3698 alteri
2540 3646 2795 3713 exemplo
2826 3643 3179 3710 subiungitur
3206 3642 3451 3699 clausula
3473 3658 3493 3698 :
3523 3643 3667 3710 Quia
3695 3641 3802 3697 om-

2204 3715 2285 3769 nis
2312 3714 2445 3769 dura
2469 3716 2700 3770 conditio
2723 3714 2939 3771 Jubilwi
2962 3713 3259 3770 solvebatur
3285 3718 3533 3781 adventu,
3555 3714 3707 3785 quod
3738 3714 3807 3771 ad

2204 3784 2323 3868 ejus
2354 3802 2460 3842 una
2484 3788 2871 3868 serisserisum
2901 3785 3100 3845 referri
3128 3787 3406 3868 videretur
3430 3828 3447 3852 ,
3489 3784 3630 3868 tota”
3648 3802 3806 3843 erro-

2202 3857 2537 3931 ris_oceasio
2580 3857 2701 3913 fuit.
2756 3859 2948 3931 Peccat
2993 3873 3129 3931 vero
3171 3857 3455 3916 manifesta
3502 3857 3807 3931 scribarum

2206 3928 2552 3998 trajectione,
2585 3928 2961 4000 movendaque
2993 3929 3114 3983 loco
3143 3940 3249 3996 est,
3282 3939 3335 3985 et
3367 3928 3531 3999 priori
3571 3928 3806 3985 subnecé

2207 4001 2373 4072 tenda
2411 4004 2665 4072 exemplo
2705 4011 2831 4057 ante
2877 4011 2989 4055 tres
3038 4000 3155 4056 fere
3208 4016 3401 4057 versus
3446 4010 3569 4071 post
3613 4001 3809 4072 verba,

2206 4070 2303 4155 ζιος
2333 4081 2411 4128 est
2451 4070 2611 4155 usque
2646 4075 2715 4155 ad
2765 4070 3498 4155 quttuorquinquagesimum.
3544 4071 3810 4155 Equidem

2209 4144 2436 4214 hujusce
2458 4144 2822 4201 reStitutionis
2856 4144 3207 4212 ﬁdeiussores
3232 4144 3395 4199 manu
3422 4144 3632 4201 exarati
3655 4144 3809 4208 libri,

2207 4226 2301 4269 aut
2344 4217 2546 4287 vulgati
2590 4217 2726 4270 nulli
2775 4225 3105 4287 suppetunt,
3141 4215 3207 4270 iis
3240 4226 3423 4269 tamen
3470 4214 3813 4285 argumentis

2209 4295 2415 4342 certam
2467 4289 2815 4352 evincemus,
2869 4297 2930 4345 ut
2979 4286 3113 4340 nihil
3162 4288 3233 4339 sit
3281 4288 3434 4341 dubii
3506 4289 3811 4358 reliquum,

2209 4373 2380 4430 eaque
2422 4375 2531 4414 una
2563 4360 2695 4415 nulli
2735 4360 2973 4431 amplius
3002 4358 3293 4413 calumniae
3332 4358 3817 4431 llieruuymitex-

2211 4429 2305 4484 tus
2328 4431 2593 4485 obnoxius
2620 4433 2710 4497 sit,
2739 4432 2883 4486 nulla
2919 4429 3282 4498 imposterum
3313 4429 3639 4485 defensione
3670 4429 3814 4484 indi-

2210 4511 2357 4569 geat.
2414 4502 2510 4556 Est
2554 4512 2736 4556 autent
2783 4512 2838 4556 et
2885 4501 2933 4555 id
2987 4516 3159 4570 genus
3214 4500 3302 4553 hic
3353 4501 3455 4554 loci
3504 4500 3812 4557 scribarum

518 4564 670 4633 itero.
695 4550 1060 4634 Hieronymus
1093 4554 1264 4635 hocce
1294 4555 1468 4643 altore
1502 4552 1905 4643 Deuteronomii
1954 4556 2096 4643 ιυδιις

2209 4550 2415 4641 lapsus,
2453 4575 2595 4643 quod
2641 4574 2693 4630 in
2739 4550 3303 4643 antiquisoeodicibus
3354 4574 3554 4638 passim
3609 4588 3817 4628 usuve-

520 4619 708 4699 rnonio
743 4619 995 4705 perpetui
1030 4626 1289 4695 temporis
1318 4624 1575 4695 przeferre
1605 4624 1934 4693 exemplum,
1960 4624 2103 4694 quod
2137 4619 2179 4643 ”’

519 4696 691 4789 plena
710 4696 1001 4782 D'mt'voce
1026 4718 1340 4784 denotetur,
1366 4718 1619 4789 quodque
1640 4717 1807 4785 priori
1834 4716 1910 4771 illi
1932 4715 2110 4789 Exodi

524 4787 596 4843 ex
630 4787 861 4844 adverso
893 4790 1241 4858 restiondeat,
1265 4792 1355 4844 ubi
1388 4787 1483 4859 per
1506 4787 1603 4843 run
1635 4789 1909 4844 defectum
1944 4788 2111 4842 breve

520 4860 782 4933 spatium,
807 4863 922 4917 sive
950 4862 1431 4933 quinquagesimus
1461 4877 1638 4916 annus
1660 4860 1996 4933 designatur.
2050 4859 2106 4933 id

520 4940 581 4993 ut
603 4930 923 5003 planissime
941 4930 1177 5001 Constet,
1197 4930 1411 4991 tantum
1439 4934 1837 5000 animadverte,
1862 4932 1970 4986 duo
2000 4932 2106 4985 sibi

523 5002 870 5077 [imposuisse
912 5005 969 5063 S.
1004 5006 1293 5061 Ductorem
1325 5004 1408 5077 de,
1444 5005 1582 5077 aiant
1623 5018 1760 5077 voce
1799 5019 1864 5058 ac
1899 5004 2106 5077 signiti-

522 5082 644 5130 catu
708 5090 774 5147 ex
828 5076 1232 5147 Scripturarum
1293 5075 1617 5131 testimoniis
1685 5075 2107 5129 demonstranda

521 5146 803 5215 conceptis
837 5150 1053 5211 verbis.
1097 5148 1329 5203 altermu
1360 5164 1375 5203 :
1413 5146 1513 5203 Ubi
1550 5164 1647 5217 pro
1682 5147 1818 5201 brevi
1865 5147 2109 5214 temporis

518 5219 713 5289 spatio,
759 5219 992 5277 alterum
1024 5237 1041 5277 :
1076 5219 1175 5276 Ubi
1216 5236 1309 5285 pro
1350 5221 1636 5275 aiternitate
1666 5226 1908 5286 ponatur.
1940 5217 2110 5287 Igitur

520 5306 647 5346 cum
668 5290 825 5363 prius
856 5293 1166 5363 exemplum
1200 5290 1415 5361 brevis,
1468 5292 1582 5346 sive
1611 5291 2112 5363 detinui-temporis

522 5362 695 5418 Exodi
737 5360 1046 5418 testimonio
1093 5364 1445 5431 mOtiSlt'ut'il,
1500 5364 1770 5432 posterius
1824 5360 1991 5416 hocce
2040 5376 2105 5415 ex

521 5435 947 5497 Deuteronomio
979 5436 1241 5509 petitum,
1292 5434 1435 5507 quod
1465 5445 1682 5509 (eterna:
1710 5432 2010 5509 durationis
2039 5434 2111 5509 sit

520 5512 671 5573 nota,
699 5513 754 5560 et
780 5503 1186 5573 revera'sentit,
1224 5517 1277 5563 et
1310 5503 1385 5563 ἐκ
1427 5507 1689 5561 orationis
1718 5505 1833 5575 ipsa
1861 5504 2005 5559 serie
2033 5503 2109 5559 ad

518 5578 786 5650 propositi
814 5579 898 5634 sui
929 5590 1136 5648 partem
1162 5582 1391 5637 alteram
1415 5578 1769 5650 explendam,
1804 5576 2112 5650 dicet-ene-

522 5648 679 5735 cesse
703 5648 908 5706 habuit.
934 5651 1088 5735 Quod
1110 5668 1242 5735 vero
1272 5653 1345 5706 ita
1368 5653 1636 5715 sentiens,
1652 5649 1936 5735 verissime
1958 5648 2109 5730 dixe-

521 5719 631 5796 rit,
686 5735 785 5796 nee
842 5719 1046 5796 sentire
1089 5724 1258 5796 aliter
1313 5732 1525 5796 pOaSBl,
1589 5738 1685 5796 res
1715 5722 1920 5796 clamat
1950 5719 2105 5796 ipsa.

520 5790 982 5864 Ammonitarum,
1001 5790 1475 5867 Moabitaruinque
1512 5793 1786 5865 prohibita
1814 5808 1846 5848 a
1874 5790 2109 5864 publicis

2220 4648 2322 4716 nit,
2365 4645 2494 4705 dum
2540 4647 2622 4713 vel
2671 4646 2742 4701 ab
2793 4656 3036 4710 auctore,
3093 4654 3149 4697 ut
3196 4644 3558 4716 Hieronymus
3600 4645 3702 4709 ait,
3759 4646 3815 4699 in

2218 4714 2382 4770 latere
2422 4717 2712 4785 descripta,
2754 4718 2837 4771 vel
2878 4716 2945 4771 ab
2983 4714 3413 4772 amanuensibus
3442 4720 3815 4787 praetermissa

2219 4789 2383 4843 verba
2431 4797 2593 4857 atque
2638 4791 2704 4842 ad
2749 4787 2869 4842 libri
2914 4802 3067 4841 oratu
3113 4797 3408 4853 annotata,
3457 4788 3811 4859 postmodum

2217 4860 2358 4915 alius
2400 4860 2454 4914 in
2500 4867 2708 4915 textum
2761 4860 3013 4913 illaturus
3047 4859 3362 4928 imprudens
3407 4874 3514 4913 non
3559 4873 3659 4913 suo
3689 4859 3813 4914 loco

2214 4932 2416 5002 posuit.
2465 4930 2667 4988 Verum
2720 4930 2840 4986 haec
2891 4930 3051 4984 facile
3098 4930 3438 4985 evidentiora
3488 4942 3814 5001 argumenta

2214 5011 2364 5058 sunt.
2396 5002 2581 5059 Primo
2627 5002 2694 5058 ad
2724 5003 2984 5059 Moabitas
3014 5010 3179 5069 atque
3208 5002 3573 5065 Ammonitas.
3616 5003 3714 5073 qui
3745 5018 3817 5061 ex

2214 5074 2403 5131 Judtea
2439 5084 2602 5146 gente
2628 5091 2737 5130 non
2762 5082 2938 5142 erant,
2978 5074 3128 5127 nullo
3158 5074 3319 5128 modo
3346 5074 3616 5129 .lubilatus
3646 5074 3823 5145 perti-

2216 5147 2419 5211 nebat,
2469 5161 2571 5201 nec
2620 5146 2943 5216 pertinuisse
2988 5160 3238 5211 umquam
3286 5148 3500 5213 potuit:
3544 5147 3823 5217 stulteque

2215 5218 2357 5273 adeo
2388 5217 2646 5288 pericope
2687 5219 2778 5273 illa
2811 5217 2877 5271 ad
2921 5217 3149 5285 populos
3178 5217 3480 5282 reieratur,
3520 5217 3614 5285 qui
3648 5219 3719 5273 ab
3756 5220 3824 5273 iis

2216 5290 2461 5345 moribus
2501 5290 2869 5346 abhorrebant
2901 5290 3136 5342 immane
3165 5301 3451 5357 quantum.
3494 5289 3823 5345 Econtrario

2216 5360 2537 5426 Hebraeum,
2561 5370 2617 5416 et
2641 5361 2858 5431 proprie
2892 5362 3283 5414 manumissum
3312 5369 3540 5429 spectat,
3571 5362 3667 5431 qui
3697 5378 3823 5417 eer—

2218 5441 2272 5488 to
2324 5433 2556 5489 consilio
2606 5432 2914 5490 libertatem
2968 5447 3119 5485 suam
3163 5432 3483 5501 abjudienns
3521 5431 3595 5488 ob
3634 5431 3825 5489 uxoris

2218 5503 2568 5574 ﬁliorumque
2609 5520 2850 5561 amorem
2878 5546 2892 5569 ,
2941 5513 2997 5556 ιιι
3046 5503 3213 5557 habes
3252 5505 3422 5560 Ext‘di
3473 5519 3605 5569 χιι,
3646 5506 3713 5569 5,
3752 5504 3821 5572 6,

2216 5591 2351 5632 aure
2384 5576 2656 5645 perforata
2686 5577 2895 5635 servire
2933 5574 3155 5643 jttbetttr
3182 5576 3238 5629 in
3269 5578 3549 5640 swculum,
3576 5578 3683 5632 hoc
3710 5585 3822 5642 est,

2217 5649 2284 5703 ad
2311 5647 2601 5707 .lnbilazum
2633 5664 2826 5719 usque,
2859 5645 3186 5719 siveprope
3216 5648 3380 5703 fuerit
3410 5650 3455 5703 is
3475 5663 3673 5712 annus,
3706 5649 3824 5703 sive

2217 5721 2450 5774 multum
2491 5717 2747 5778 abfuerit.
2789 5718 3046 5775 Secundo
3073 5717 3333 5773 Jubilmus
3372 5719 3824 5790 quinquagesimo

2217 5805 2438 5863 quoque
2462 5805 2606 5847 anno
2637 5790 2977 5858 recurrebat,
3009 5800 3427 5863 Opportuneque
3459 5790 3673 5848 Hebraei
3704 5806 3825 5846 ser-
