3978 6338
228 228 318 289 317
697 217 1347 279 COMMENTARIORUM
1387 218 1455 276 ΙΝ
1492 218 1888 311 EPISTULA)!
1927 221 2020 277 AD
2060 218 2392 280 GALATAS
2429 218 2573 277 LIB.
2616 220 2657 279 Ι.
2697 221 2854 278 CAP.
2896 220 2942 277 l.
3385 225 3494 311 ξιξ

226 336 708 413 Ammonitae(Deut
736 335 1049 412 sxm),non
1070 336 1448 409 ingrediuntur
1466 335 1773 394 Ecclesiam
1798 337 1851 402 Α
1879 335 2078 403 rhzeus,
2136 351 2303 409 quem
2356 334 2677 408 disperdidit
2730 335 2996 392 Dominus
3026 351 3057 393 a
3084 335 3226 417 facie
3258 337 3492 417 ﬁliorum

225 438 368 511 379
386 434 616 502 Domini,
644 447 819 504 usque
850 430 916 487 ad
944 432 1190 503 quintam
1220 439 1277 486 et
1315 431 1581 487 decimam
1611 445 1781 502 gene-
1884 428 2064 487 fsrael.
2099 429 2207 487 Sed
2233 445 2356 487 cum
2387 430 2459 486 sit
2489 437 2718 500 utraque
2752 429 3056 499 translatio,
3088 414 3199 488 villa
3244 414 3340 489 Dei
3387 414 3495 502 est,

224 531 496 594 rationem,
531 535 588 582 et
617 542 793 597 usque
824 525 877 581 in
913 526 1171 581 s:eculum
1206 542 1219 579 :
1252 524 1386 593 Quia
1432 523 1612 579 omnis
1642 524 1779 580 dura
1883 522 2000 579 hare
2026 522 2255 578 diaboli.
2289 521 2392 604 Qui
2424 522 2754 579 transfertur
2797 538 2827 579 a
2877 521 3008 592 Deo,
3060 538 3169 580 non
3216 514 3494 604 invenitur

222 620 436 678 conditio
457 618 674 677 Jubilmi
710 618 1031 675 solvebatur
1054 617 1310 674 adventu.
1341 616 1573 686 Quidam
1594 616 1783 673 dicunt
1882 617 1952 672 ab
1984 615 2219 673 inimicis
2244 602 2394 673 suis:
2429 632 2530 673 nec
2558 617 2609 674 ei
2642 626 2821 688 potest
2848 617 3144 674 insidiator
3194 602 3486 692 obrepere.

222 717 443 773 eumdem
469 729 589 771 esse
621 728 843 770 sensum
874 712 927 768 in
955 712 1178 769 saeculis
1206 713 1530 769 saeculorum
1556 752 1572 778 ,
1619 726 1780 783 quem
1883 710 2000 767 Hoc
2026 710 2225 783 quippe
2248 711 2556 782 significare
2578 711 2809 793 testimo,
2862 691 2929 767 et.
2960 730 3064 791 non
3110 702 3492 793 inveniebatur.

219 811 267 867 in
290 807 476 864 sanctis
512 816 846 873 sanctorum,
875 804 932 861 iu
952 804 1112 861 caelis
1133 804 1423 871 ccelorum,
1445 803 1499 859 in
1523 802 1782 875 operibus
1884 806 1984 875 Qui
2032 821 2166 863 vero
2214 805 2550 863 transfertur
2590 822 2621 862 a
2666 786 2909 885 diabolo,
2941 808 2996 891 in
3030 786 3135 865 hoc
3164 786 3500 891 transfertur

218 917 417 971 Operam
440 943 454 968 ,
508 902 563 956 in
602 899 845 956 Canticis
872 899 1254 957 canticorum:
1298 908 1353 955 et
1386 913 1548 971 quam
1582 898 1785 953 habent

216 994 545 1051 dilierentiam
562 993 690 1050 coeli
712 992 780 1048 ad
796 1007 912 1059 eos,
936 1008 1168 1064 quorum
1190 991 1314 1050 cali
1335 1000 1488 1073 sunt,
1499 999 1556 1047 et
1572 1002 1780 1058 sancta,

214 1104 320 1161 qua:
359 1096 666 1143 sanctorum
711 1076 1122 1156 comparatione
1181 1094 1308 1140 sunt
1365 1084 1639 1140 sanctiora
1666 1126 1682 1148 ,
1730 1091 1786 1138 et

212 1196 379 1252 opera,
406 1194 526 1252 qua:
551 1195 780 1251 operum
806 1177 1128 1249 praefatione
1149 1177 1377 1234 meliora
1396 1186 1545 1245 sunt,
1569 1184 1625 1232 et
1644 1175 1787 1232 Can-

215 1278 336 1341 tica,
377 1289 494 1345 quae
524 1274 666 1329 inter
697 1273 922 1328 Cantica
951 1272 1205 1327 universa
1234 1270 1557 1342 praecellunt
1590 1288 1605 1325 :
1639 1284 1786 1325 eam-

211 1362 318 1426 dam
346 1369 541 1426 habere
569 1378 624 1425 et
652 1368 915 1426 sacculum
942 1410 957 1436 ,
988 1383 1109 1438 qua:
1138 1368 1470 1422 saeculorum
1494 1364 1787 1421 collatione

211 1472 317 1519 sunt
338 1464 557 1520 saecula.
582 1463 837 1518 Praesens
864 1448 1051 1533 itaque
1074 1459 1332 1516 sarculum
1356 1458 1429 1514 ita
1452 1459 1783 1524 edisserunt,

209 1566 263 1613 ut
289 1555 461 1612 dicant
496 1571 567 1613 es
600 1571 668 1611 eo
711 1566 961 1625 tempore
1009 1553 1140 1609 illud
1174 1567 1297 1609 esse
1344 1552 1745 1608 numerandum
1767 1593 1786 1621 ,

210 1664 266 1705 es
286 1664 384 1721 quo
402 1648 601 1705 omium
620 1657 677 1704 et
705 1655 849 1703 terra
873 1655 1000 1701 sunt
1023 1645 1263 1713 condita,
1288 1655 1340 1701 et
1362 1659 1588 1701 currere
1616 1658 1786 1714 usque

1885 899 2026 972 quod
2057 899 2273 957 videtur
2300 914 2445 968 esse,
2479 900 2576 956 sed
2622 915 2734 956 non
2780 910 2884 957 est.
2936 900 3226 973 Sapientes
3272 920 3494 978 quoque

1885 991 2069 1048 saeculi
2090 1008 2187 1050 eos
2207 992 2302 1064 qni
2321 993 2391 1050 de
2413 993 2671 1066 dogmate
2696 986 3103 1058 transferuniur
3129 984 3196 1050 ad
3220 994 3249 1035 δ
3272 984 3491 1070 dogma,

1885 1084 2162 1142 translatos
2188 1096 2407 1155 vocant,
2441 1076 2827 1158 utDionysins
2854 1087 2943 1142 ille
2979 1087 3175 1161 (cujus
3211 1088 3317 1145 fuit
3354 1082 3495 1148 'ante

1886 1180 2184 1246 sententia,
2224 1178 2473 1235 dolorem
2518 1194 2628 1234 non
2655 1194 2779 1234 esse
2806 1180 3007 1235 malum
3036 1198 3050 1235 :
3086 1192 3370 1253 postquam
3397 1198 3496 1257 op-

1890 1287 2108 1340 pressus
2132 1271 2535 1329 calamitatibus
2565 1280 2620 1328 et
2647 1270 2836 1327 dolore
2864 1273 3158 1347 cruciatus,
3189 1275 3358 1353 coepit
3411 1275 3496 1332 af-

1889 1365 2103 1421 firmare
2140 1365 2286 1436 quod
2322 1365 2483 1420 dolor
2525 1376 2671 1420 esset
2715 1380 2987 1421 summum
3028 1368 3277 1423 omnium
3319 1368 3496 1425 malo-

1888 1461 2048 1531 rum)
2078 1462 2146 1516 ab
2174 1460 2261 1517 his
2287 1460 2591 1529 appellatus
2617 1469 2700 1516 est
2731 1459 3120 1541 Transpositus,
3148 1463 3264 1519 sive
3296 1462 3491 1541 Trans:-

1889 1553 2045 1620 latus,
2092 1554 2236 1624 quod
2282 1553 2493 1609 scilicet
2535 1568 2566 1608 a
2618 1536 2788 1625 priori
2842 1554 3070 1610 decreto
3114 1536 3400 1624 recedens,
3434 1536 3492 1612 in

1888 1646 2220 1702 contrarium
2267 1645 2570 1702 recidisset.
2620 1644 2845 1702 Miratur
2884 1647 3068 1717 itaque
3094 1646 3337 1703 Paulus:
3373 1648 3489 1719 pri-

208 1740 265 1795 ad
289 1740 817 1796 consummationem
850 1735 1059 1805 mundi,
1092 1751 1203 1807 quo
1232 1735 1485 1791 Christus
1509 1734 1784 1805 judicatu-
1811 1740 1857 1801 ιι
1890 1754 2034 1793 mttm
2064 1738 2209 1808 quod
2236 1737 2485 1794 translati
2512 1746 2636 1794 sunt
2664 1739 2733 1795 ab
2780 1738 3062 1810 Evangelii
3113 1739 3396 1809 libertate,
3440 1742 3494 1798 in

209 1847 292 1887 rus
321 1840 403 1889 est
443 1832 653 1888 omnia.
685 1831 975 1888 Revocant
1003 1843 1219 1901 quoque
1246 1829 1392 1884 ultra
1413 1870 1426 1894 ,
1456 1836 1513 1884 et
1542 1829 1593 1883 in
1618 1827 1784 1900 380

210 1925 367 1997 priora
398 1932 733 1997 promovent
772 1921 1030 1995 gradum,
1065 1922 1135 1977 tle
1176 1921 1467 1993 pneteritis
1494 1930 1550 1977 et
1589 1918 1784 1976 futuris

208 2019 398 2076 suculis
416 2019 785 2091 disputantes,
813 2017 953 2072 bona
978 2032 1045 2073 an
1074 2016 1215 2072 mala
1240 2016 1466 2082 fuerint,
1483 2030 1578 2071 seu
1602 2014 1783 2071 futura

207 2112 300 2169 sint
324 2132 338 2168 :
359 2122 411 2169 et
437 2114 491 2168 in
528 2122 641 2168 tam
664 2109 967 2183 profundas
998 2109 1245 2165 incidunt
1268 2108 1617 2179 qumstioncs,
1640 2117 1698 2162 ut
1724 2107 1788 2162 li-

206 2209 319 2263 bros
358 2222 582 2279 quoque
613 2214 670 2263 et
698 2204 911 2261 infinita
935 2204 1210 2260 volumina
1240 2218 1407 2273 super
1437 2203 1536 2257 hac
1574 2200 1784 2257 disser-

207 2302 338 2356 tione
376 2298 755 2357 condiderint.
817 2296 977 2364 Quod
1034 2306 1215 2351 autem
1277 2294 1538 2365 prologus
1602 2293 1782 2360 Pauli,

206 2410 331 2452 Αιιειι
353 2437 370 2464 ,
417 2394 657 2450 Hebrteo
682 2406 940 2448 sermone
981 2388 1376 2445 concluditur:
1409 2402 1552 2443 usu
1575 2386 1782 2476 (ςγδι),

209 2487 540 2557 Septuaginta
595 2484 1039 2551 transtulerunt,
1088 2484 1308 2556 γένοιτο,
1373 2481 1427 2535 id
1481 2490 1600 2549 est,
1650 2479 1787 2548 ﬁat:

205 2579 377 2649 Aquila
402 2580 824 2652 πεπιστευμένος,
855 2591 996 2644 vere,
1021 2574 1140 2631 sive
1165 2573 1414 2646 ﬁdeliter.
1445 2572 1600 2642 Quod
1622 2572 1785 2628 etiam

204 2672 250 2729 in
279 2672 575 2746 Evangelio
602 2688 634 2729 a
659 2672 951 2729 Salvatore
978 2684 1196 2741 semper
1217 2668 1539 2736 assumitur,
1567 2682 1663 2722 sua
1693 2681 1789 2738 per

206 2782 330 2823 ausu
349 2768 511 2824 verba
544 2768 827 2822 firmante.

265 2860 448 2933 (Vers.
476 2861 580 2932 6.)
637 2859 807 2915 Miror
830 2903 845 2927 ,
883 2859 1023 2931 quod
1052 2868 1078 2899 α
1119 2866 1227 2911 tum
1275 2857 1378 2911 rita
1437 2855 1789 2929 trauferimiui

205 2953 259 3007 ab
317 2953 373 3009 eo
419 2954 510 3025 qui
548 2970 642 3007 vos
682 2953 885 3007 vocavit
926 2953 980 3005 in
1029 2951 1251 3022 gratiam
1295 2948 1489 3003 Christi
1523 2946 1652 3002 Iesu
1678 2988 1692 3013 ,
1733 2948 1789 3001 in

205 3045 333 3101 aliud
377 3046 726 3117 Evangelium
766 3044 904 3115 quod
934 3060 1034 3098 non
1073 3052 1150 3097 est
1198 3041 1378 3107 aliud,
1430 3041 1529 3095 nisi
1569 3042 1615 3094 si
1666 3048 1787 3094 sunt

1888 1830 2141 1902 legalium
2167 1845 2394 1903 Operum
2426 1832 2775 1888 servitutem.
2808 1832 3017 1890 Deinde
3044 1833 3190 1905 quod
3223 1842 3334 1890 tam
3382 1837 3496 1891 cito

1887 1924 2132 1980 translati
2165 1926 2324 1996 :‘quia
2363 1940 2475 1980 non
2504 1925 2752 1996 ejusdem
2784 1936 2972 1982 reatus
3001 1937 3085 1983 est
3111 1928 3398 1985 transferri
3428 1929 3498 1986 ab

1886 2017 2066 2089 aliquo
2098 2028 2121 2057 ο
2145 2016 2456 2087 difficulter,
2487 2026 2544 2075 et
2572 2020 2682 2074 cito
2707 2019 3034 2088 transferri;
3066 2032 3126 2077 ut
3146 2020 3200 2076 ln
3230 2021 3496 2096 Martyrio

1886 2126 1992 2166 non
2025 2112 2214 2169 eadem
2246 2128 2405 2184 pmna
2437 2113 2721 2185 plectitur,
2743 2114 2839 2186 qui
2865 2115 3075 2187 absque
3098 2117 3489 2189 colluctatione

1887 2216 1942 2263 et
1971 2209 2258 2264 tormentis
2296 2208 2477 2263 statim
2516 2209 2767 2280 prosiluit
2813 2209 2878 2265 ad
2922 2211 3251 2282 negandum,
3300 2222 3356 2268 et
3397 2211 3494 2269 ille

1888 2303 1979 2375 qui
2020 2303 2163 2360 inter
2207 2304 2508 2373 equuleus,
2557 2303 2840 2374 fidiculas,
2898 2305 3156 2376 ignesque
3187 2306 3491 2374 distortus,

1888 2397 2197 2468 compulsus
2217 2406 2305 2453 est
2334 2396 2477 2468 quod
2500 2395 2781 2462 credebat,
2814 2412 3033 2471 negare.
3067 2398 3283 2454 Recens
3310 2386 3489 2453 adhuc

1889 2499 2003 2546 erat
2048 2489 2324 2560 Evangelii
2377 2489 2713 2560 prmdicatio,
2761 2507 2870 2545 non
2920 2491 3127 2560 grande
3177 2500 3389 2561 tempus
3436 2474 3489 2571 in

1892 2583 2091 2651 medio,
2120 2598 2228 2653 quo
2257 2583 2476 2638 Galatas
2505 2583 2792 2653 Apostolus
2824 2583 2892 2637 ab
2921 2582 3085 2639 idolis
3113 2584 3178 2639 ad
3208 2570 3487 2639 Chi-istum

1891 2676 2232 2733 traduxerat.
2258 2675 2487 2731 Miratur
2518 2676 2699 2746 itaque
2728 2675 3005 2747 quomodo
3032 2684 3143 2731 tam
3174 2678 3283 2731 cito
3310 2693 3492 2732 neces-

1890 2768 2060 2824 serint
2088 2770 2156 2823 ab
2185 2783 2274 2833 eo,
2302 2767 2369 2822 ad
2399 2766 2557 2837 cujus
2603 2781 2800 2823 nomen
2847 2766 3050 2821 dudum
3102 2766 3226 2822 facti
3274 2767 3491 2823 fuerant

1892 2860 2208 2917 Christiani.
2258 2858 2431 2916 liabet
2473 2868 2653 2915 autem
2700 2868 2756 2914 et
2803 2860 2959 2915 locus
3009 2859 3128 2931 ipse
3175 2862 3492 2938 ὑπέρϐατον,

1891 2957 2033 3030 quod
2067 2958 2138 3012 ita
2170 2972 2270 3013 suo
2300 2956 2495 3011 ordine
2519 2954 2621 3025 legi
2648 2962 2844 3025 potest.
2878 2954 3045 3010 Miror
3067 2953 3214 3025 quod
3243 2963 3349 3009 tam
3379 2952 3489 3026 Ml.

1892 3050 2038 3103 addit
2066 3047 2166 3122 sic]
2186 3048 2307 3103 trito
2338 3046 2734 3103 transferimini
2763 3062 2792 3100 a
2825 3046 3046 3103 Christo
3074 3047 3228 3114 Jesu,
3279 3048 3368 3118 qui
3401 3062 3497 3101 vus

203 3139 345 3212 aliqui
379 3143 466 3210 qui
502 3155 599 3194 ῑόε
626 3137 939 3193 “Hiarba?”
962 3178 975 3203 ι
998 3145 1048 3191 εἰ
1088 3135 1264 3189 vti/um
1292 3142 1588 3188 εοηυϐνιετϐ
1617 3132 1786 3211 Ευιζη-
1815 3139 1860 3202 C
1892 3142 2106 3197 vocavit
2138 3141 2190 3196 in
2223 3141 2477 3211 gratiam,
2507 3140 2727 3196 dicens:
2759 3138 2884 3194 Non
2913 3141 3031 3194 veni
3075 3129 3263 3195 vocare
3294 3143 3491 3214 justas,

204 3232 373 3303 getiam
435 3232 662 3289 Christi.
733 3230 974 3287 Verbum
1046 3228 1419 3284 translationis
1470 3229 1526 3283 in
1585 3227 1783 3283 Genesi

205 3327 414 3395 primum
460 3321 953 3397 legimus(Genes.
979 3324 1047 3393 ν)
1080 3364 1094 3388 ,
1145 3322 1233 3377 ubi
1280 3320 1461 3375 Enoclt
1504 3321 1785 3393 transtulit

204 3418 343 3485 Deus,
383 3430 432 3475 et
472 3436 584 3475 non
622 3419 1003 3475 inveniebatur.
1054 3417 1122 3472 Et
1152 3418 1205 3471 in
1237 3417 1547 3489 Regnorum
1597 3424 1787 3487 postea

203 3514 339 3571 libris
369 3517 471 3588 (lll
503 3515 646 3588 Reg.
687 3514 862 3587 χιιι),
909 3513 1129 3585 quando
1175 3512 1364 3570 Achab
1412 3528 1443 3568 a
1494 3513 1643 3569 cultu
1690 3514 1787 3570 Dei

202 3607 340 3683 381
364 3609 428 3665 ad
460 3609 739 3664 idolorum
770 3607 1179 3663 venerationem
1206 3607 1486 3662 transtulit
1514 3621 1649 3663 uxor
1691 3621 1787 3662 sua

201 3698 412 3768 Jezabel,
462 3712 525 3758 ttt
577 3701 780 3756 faceret
820 3700 972 3770 juxta
1019 3701 1198 3754 omnia
1246 3715 1367 3771 quae
1415 3699 1547 3755 fecit
1590 3699 1787 3755 Amor-

201 3908 245 3962 si
273 3908 453 3981 duram
496 3910 876 3967 conditionem
911 3926 1012 3968 suo
1039 3912 1238 3968 dicitur
1267 3911 1503 3968 adventu
1534 3912 1776 3979 solvere,

202 3995 409 4048 quorum
435 3992 494 4037 ut
524 3983 849 4052 longissima
881 3984 1111 4040 servitus
1138 3984 1650 4055 quinquagesimum
1681 4000 1780 4038 an-

201 4067 312 4109 num
359 4063 641 4127 superare
679 4071 746 4111 es
776 4055 922 4127 Lege
962 4071 1070 4112 non
1113 4065 1370 4126 poterat:
1418 4056 1777 4111 Moabitarnm

202 4137 321 4191 vero
367 4136 531 4195 atque
580 4126 1014 4183 Antmonitarum
1067 4139 1186 4183 erat
1232 4138 1287 4185 et
1338 4138 1463 4197 post
1507 4127 1777 4183 decimam

200 4197 599 4319 generationem
658 4208 716 4252 et
771 4200 1159 4269 sempiternum
1221 4200 1527 4269 repudium.
1590 4198 1776 4253 Tertio

233 4281 395 4319 emam
417 4312 432 4319 -
464 4284 581 4319 ιιιιο
606 4269 825 4319 tandem
868 4271 1029 4319 modo
1070 4270 1542 4319 Hieronvmianam
1573 4269 1776 4319 disser-

233 4281 395 4343 entem
417 4312 432 4335 ,
464 4284 581 4343 quo
606 4269 825 4343 tandem
868 4271 1029 4325 modo
1070 4270 1542 4343 Hieronymianam
1573 4269 1778 4343 disser-

202 4337 385 4418 tionem
396 4339 893 4418 accipias(e_tiatnsi
914 4343 1247 4418 reclamante
1265 4337 1568 4418 Scriptura,
1590 4341 1778 4410 reique

201 4411 447 4484 veritate,
497 4411 962 4484 velis'detinitum
1007 4416 1109 4470 hoc
1134 4429 1349 4484 quoque
1389 4411 1563 4469 altero
1595 4428 1780 4468 exem-

235 4479 281 4534 lo
306 4486 537 4559 spatium
565 4483 730 4538 indici
749 4479 1180 4559 ,_longissimtttn
1211 4479 1388 4540 tamen
1430 4484 1647 4559 fatearis-
1674 4527 1687 4550 ,
1723 4493 1779 4538 et

237 4495 281 4534 to
306 4495 537 4559 spatium
565 4495 765 4546 lfltllCl,
804 4495 1180 4555 longtSSimuttt
1211 4495 1388 4540 tamen
1430 4495 1647 4537 lateam
1674 4527 1687 4550 ,
1723 4495 1777 4538 ct

202 4495 327 4623 gliod
349 4557 577 4609 omnino
606 4571 731 4611 cum
759 4555 996 4611 Jubilaao
1037 4568 1271 4626 nequeat
1301 4557 1601 4625 componi),
1650 4571 1777 4624 pro-

1894 3236 1984 3290 sed
2014 3244 2304 3306 peccatores
2332 3234 2396 3289 ad
2430 3234 2803 3305 pcenitentiam
2834 3232 3034 3302 (Marc.
3072 3250 3129 3299 ιι.
3164 3232 3275 3307 17).
3306 3233 3492 3291 Gratia

1891 3329 2089 3401 quippe
2120 3330 2255 3383 salvi
2284 3328 2410 3383 facti
2438 3344 2647 3393 sumus,
2678 3337 2733 3383 et
2764 3342 2871 3383 non
2901 3342 3000 3398 per
3032 3327 3206 3398 legem
3249 3325 3492 3400 (Ep/tes.

1892 3437 1953 3489 ιι,
1983 3420 2062 3492 8).
2094 3420 2366 3476 Translati
2394 3430 2597 3486 autem,
2630 3419 2825 3491 inquit,
2853 3420 2989 3475 estis
3018 3418 3077 3475 in
3125 3419 3270 3475 aliud
3319 3402 3494 3475 Evan-

1893 3514 2117 3584 gelium,
2140 3513 2283 3584 quod
2310 3529 2416 3568 non
2445 3525 2530 3568 εει
2558 3512 2706 3568 aliud
2733 3531 2744 3568 :
2778 3512 2906 3584 quia
2934 3528 3098 3569 omne
3126 3512 3269 3585 quod
3300 3513 3493 3570 falsum

1893 3614 1999 3672 est,
2029 3622 2137 3661 non
2168 3605 2438 3673 subsistit,
2469 3616 2525 3661 et
2557 3605 2702 3675 quod
2737 3606 2957 3661 veritati
3002 3605 3339 3661 contrarium
3388 3613 3497 3673 est,

1894 3700 2056 3772 382
2083 3713 2188 3754 non
2214 3708 2317 3766 est,
2352 3708 2410 3753 ut
2439 3697 2607 3753 illud:
2635 3697 2719 3754 Ne
2741 3700 2941 3766 tradas,
2969 3697 3212 3768 Domine,
3239 3706 3499 3771 sceptrum

1883 3914 2119 3965 cunulcm
2146 3927 2257 3965 esse
2287 3925 2524 3977 sensum,
2555 3918 2661 3964 etc.
2691 3908 2907 3964 Manum
2944 3908 3014 3961 ab
3059 3907 3175 3979 ipso
3204 3906 3491 3979 refigendo

1887 3992 2035 4037 textu
2087 3984 2455 4036 ahstinuimus
2486 3976 2515 4047 ,ί
2555 3980 2696 4051 quod
2752 3980 2897 4034 nulla
2934 3988 3028 4035 aut
3074 3976 3281 4051 Veteris
3316 3976 3492 4047 libri,

1882 4065 1975 4111 aut
2009 4053 2135 4109 boni
2158 4054 2454 4118 Scriptoris
2482 4050 2779 4107 auctoritas
2801 4051 3062 4121 suifragio
3090 4052 3182 4105 sit.
3215 4050 3488 4107 Caeterum

1884 4127 2135 4189 restituta
2169 4125 2235 4195 uti
2269 4125 2424 4197 hunc,
2447 4124 2668 4197 ιιὶοάυιὶι
2713 4125 2966 4197 Ιεοῑίυηβν
2991 4122 3057 4197 δ’
3092 4137 3325 4197 (ιιιοίιιιρς
3350 4121 3491 4197 90⁸⁸

1884 4206 1969 4251 tur
2011 4200 2082 4265 ab
2133 4192 2280 4267 muni
2312 4212 2537 4262 prorsus
2578 4192 2847 4267 calumnia
2878 4192 3206 4267 vindicatur.
3240 4192 3497 4267 Nihilque

1875 4268 1987 4336 jam
2036 4264 2270 4322 interest
2315 4264 2603 4337 quaerere,
2634 4264 2700 4321 ἐἰ
2740 4265 2929 4321 eadem
2974 4266 3045 4319 sit
3074 4276 3129 4321 et
3179 4265 3231 4320 in
3267 4264 3492 4335 reliquis

1882 4342 2181 4409 Scriptura:
2224 4339 2475 4393 omnibus
2510 4339 2647 4393 locis
2683 4338 2867 4406 regula
2901 4339 2953 4392 in
2984 4337 3175 4406 plene,
3211 4347 3306 4391 ant
3334 4351 3496 4393 secus

1885 4428 1980 4476 pro
2010 4410 2164 4467 Vario
2207 4411 2515 4482 significatu
2545 4411 2683 4465 alam
2705 4451 2720 4476 ,
2756 4425 2896 4482 voce
2922 4409 3331 4482 describenda,
3370 4425 3493 4467 cum

1882 4482 1985 4537 hoc
2012 4484 2146 4539 satis
2176 4480 2395 4536 abunde
2436 4482 2546 4549 sit,
2582 4480 2875 4550 proposita:
2903 4480 3213 4537 defensioni
3239 4522 3255 4545 ,
3287 4482 3332 4547 si
3366 4496 3489 4552 qua;

1882 4558 1989 4607 duo
2019 4556 2267 4625 exempla
2306 4557 2359 4609 in
2417 4569 2531 4607 rem
2570 4569 2722 4607 snam
2762 4554 3126 4625 Hieronymus
3160 4552 3383 4625 laudat,
3414 4553 3487 4606 ita

204 4626 416 4691 positum
444 4634 631 4709 tamen
658 4627 976 4709 omnehzrc
1014 4622 1329 4709 desirujt‘in
1364 4622 1471 4682 fine
1507 4622 1773 4709 clausula,
1803 4643 1857 4703 Β
1884 4622 2202 4709 verissime,
2240 4625 2701 4709 quemadmodum
2740 4624 2834 4681 ille
2859 4622 3162 4688 constituit,
3193 4639 3253 4680 se
3285 4622 3487 4679 habere

202 4707 255 4771 ξς
288 4712 511 4771 ειιιιιιιιιε
559 4699 682 4768 ipso
726 4700 869 4769 cogit
914 4714 1154 4770 pugnare
1199 4699 1587 4771 Hieronynmm
1616 4740 1628 4759 ,
1680 4702 1771 4768 qui

203 4764 478 4841 Moabitas,
517 4764 686 4839 atque
732 4764 1075 4826 Ammtiniias
1118 4788 1291 4840 usque
1335 4764 1775 4841 all—quintam'ct

200 4838 447 4896 decimam
496 4841 910 4911 generationem
944 4843 1012 4897 ab
1043 4838 1283 4901 Ecclesia
1333 4844 1422 4897 llei
1457 4838 1765 4911 prohiberi,

203 4921 383 4985 εοςιιιιε
428 4912 664 4985 singulis
697 4915 1088 4985 quinquaginta
1117 4915 1273 4969 annis
1300 4914 1509 4969 admitti
1548 4913 1766 4968 dixerit.

201 4974 321 5035 Puta
351 4974 634 5054 intelligis,
668 4974 777 5040 non
803 4974 971 5041 hri-ca
1003 4987 1059 5042 S.
1094 4985 1330 5041 Doctore
1358 4984 1526 5041 scribi
1560 4986 1768 5054 potuis-

200 5055 437 5132 setquiu
485 5055 658 5132 fuisse
692 5057 917 5112 omnino
950 5057 1021 5132 ab
1048 5058 1308 5132 coverbu
1338 5058 1429 5132 illa
1461 5056 1647 5132 priot'i,
1680 5056 1769 5113 cui

203 5128 384 5198 ομιιωε
421 5128 727 5196 quadram,
760 5130 1014 5198 exemplo
1048 5130 1355 5196 subiuncta.
1404 5128 1547 5198 Lege
1584 5128 1767 5197 itaque

203 5194 349 5251 sudes
380 5194 451 5252 ει
480 5212 607 5253 meo
647 5200 896 5269 periculo
928 5194 1003 5254 ad
1052 5194 1195 5255 hunc
1240 5200 1458 5255 inodum
1484 5194 1774 5267 'intcgr'um

205 5272 433 5344 textum:
486 5269 566 5323 Ob
606 5270 741 5344 hanc
780 5287 992 5326 causam
1031 5284 1077 5325 et
1108 5271 1198 5326 ille
1225 5269 1509 5336 Hebraeus,
1540 5272 1629 5339 qui
1656 5286 1778 5339 pro-

205 5348 301 5406 pter
335 5342 551 5395 uxorem
576 5351 623 5394 et
658 5342 843 5397 liberos
864 5384 878 5407 ,
908 5359 1091 5397 amans
1136 5343 1405 5396 dontimtm
1433 5359 1617 5404 suum,
1651 5357 1779 5395 aure

206 5420 468 5487 pertuum,
494 5414 702 5467 servitio
747 5414 1085 5487 subjugatur,
1129 5416 1319 5469 servire
1344 5412 1552 5483 jubetur
1588 5414 1648 5487 in
1675 5429 1779 5467 sw-

204 5481 362 5559 culvtn
381 5524 395 5543 ,
446 5482 549 5559 liae
574 5495 683 5559 est,
717 5481 995 5559 usquead
1023 5481 1215 5559 aurium
1261 5481 1737 5559 quinquagesimum
1760 5497 1781 5538 :

267 5555 312 5605 ia
346 5555 512 5610 omnis
550 5555 682 5609 dura
708 5555 935 5612 conditio
963 5555 1177 5612 Jubilwi
1203 5555 1501 5613 solvebatur
1528 5557 1773 5611 adventu.

238 5622 268 5700 ξι
313 5622 578 5702 ΜίζαιιὶιςεΔ
610 5636 659 5682 et
703 5628 1012 5702 Ammonius
1054 5646 1158 5702 non
1204 5629 1566 5702 ingrediuntur
1597 5627 1777 5682 Eccle-

208 5694 323 5774 sium
366 5694 609 5766 Domini,
658 5699 937 5774 usquead
981 5701 1211 5774 quintam
1255 5694 1303 5774 ἓζ
1332 5700 1778 5774 άβςὶηιαηέθεηε·

209 5770 444 5823 rationem
466 5809 486 5835 ,
540 5779 590 5824 et
637 5787 799 5842 ιιειιιιε
843 5772 901 5829 in
948 5772 1218 5829 secutum.
1273 5770 1500 5839 Quidam
1553 5770 1732 5827 dicunt
1758 5810 1776 5840 ,

1882 4700 2467 4753 detnnnslt‘averimns.

1953 4779 1978 4806 τι
2011 4772 2123 4823 Duo
2154 4785 2281 4822 mss.
2317 4778 2555 4823 etvetus
2581 4767 2770 4834 editio,
2801 4767 2939 4835 quod
2969 4769 3043 4823 sic
3067 4778 3171 4822 tam
3200 4767 3324 4835 cito,
3349 4776 3483 4835 etc.,

1880 4841 1966 4895 hic
1997 4851 2157 4910 atque
2190 4840 2347 4903 infra,
2377 4841 2466 4894 ubi
2503 4839 2653 4895 locus
2683 4841 2787 4895 iste
2818 4841 3080 4896 recurrit.

1954 4912 1979 4951 ὶ»
2012 4920 2182 4965 Antea
2229 4922 2364 4973 erat,
2416 4911 2484 4964 ad
2529 4911 2799 4982 dogmata,
2854 4913 3032 4966 minus
3081 4922 3251 4968 recte.
3307 4910 3486 4969 (ἔτιεεί

1874 4986 2300 5057 Μετατιθεμένιυς
2324 4996 2516 5057 vocant
2551 4989 2639 5053 qui
2672 4984 3270 5057 prioremsententiam
3302 4993 3484 5057 retraf

1877 5067 2061 5110 ctant:
2097 5054 2320 5122 ipseque
2350 5056 2659 5125 Dionysius,
2691 5071 2853 5125 quem
2886 5055 3109 5110 Hieron.
3143 5055 3302 5115 ridet,
3332 5054 3477 5123 quod

1878 5129 2114 5194 primum
2161 5127 2394 5183 Zenonis
2442 5126 2625 5181 Cittiei
2675 5128 2912 5191 auditor,
2960 5142 2989 5180 a
3045 5126 3247 5182 Stoicis
3293 5132 3481 5193 postea

1878 5198 2136 5255 defecerit
2177 5199 2241 5253 ad
2286 5198 2638 5270 Cyrenaicos,
2669 5197 3481 5270 MeraOéprvoe,_Metatltemenus

1879 5280 2245 5339 cognomento
2266 5265 2458 5325 audiit.
2484 5269 2627 5325 Vide
2649 5265 2996 5333 Athenmnm,
3024 5268 3118 5323 lib.
3147 5284 3198 5333 ις,
3227 5268 3316 5321 ubi
3339 5265 3485 5322 haud

1880 5341 2020 5397 bene
2064 5343 2400 5415 Μεταθέμενον
2442 5342 2721 5415 interpres
2770 5340 2984 5415 reddit,
3036 5339 3484 5415 transpositam»,

1880 5410 2336 5483 pro‘translatum,
2362 5422 2422 5468 ut
2442 5413 2805 5484 Hieronymus
2831 5412 3022 5484 vertit,
3054 5410 3481 5465 sive'mutatum.

1883 5481 2048 5540 Multa
2079 5485 2146 5540 de
2179 5486 2283 5540 hoc
2314 5481 2841 5554 pliilosopho'tradit
2872 5483 3151 5538 Laertius.

1958 5567 1981 5595 ο
2010 5556 2182 5611 Penes
2217 5551 2564 5619 llahbanum,
2596 5564 2645 5609 et
2671 5555 2968 5626 difﬁcultate
2992 5553 3286 5626 transferri,
3307 5551 3494 5626 minus

1884 5628 2047 5755 certe,
2078 5628 2238 5685 siculi
2266 5638 2320 5683 et
2349 5628 2509 5698 paulo
2540 5635 2680 5697 post,
2716 5624 2804 5681 ubi
2835 5625 3059 5694 faculas,
3110 5624 3205 5697 pro
3242 5624 3487 5694 ﬁdiculas

1908 5710 2037 5755 catt.
3118 5704 3123 5712 ‘

1908 5704 2037 5771 egit.
3118 5704 3123 5712 ‘
