3978 6338
442 268 549 333 319

1688 274 1749 333 S.
1788 271 2066 334 EUSEBll
2101 270 2495 334 HIERONYMI

3646 271 3755 341 320

439 394 587 444 tuum
631 389 715 446 his
757 390 847 463 qui
889 406 996 446 non
1033 387 1198 463 sunt(
1218 388 1423 446 Esther.
1450 406 1565 458 xxv,
1594 390 1708 463 12).
1743 391 1809 447 Et
1838 407 1898 445 ea
1932 406 2053 462 quae
2078 388 2133 452 Α
2158 391 2299 460 quod
2330 393 2535 449 scilicet
2567 392 2778 464 possint
2806 400 2863 450 ct
2898 393 3131 465 apostoli
3175 402 3233 451 et
3270 393 3451 469 angeli
3470 394 3540 451 ad
3568 395 3755 467 pejora

442 497 553 537 non
581 493 764 550 erant,
795 482 1012 539 vocavit
1039 483 1204 546 Deus,
1232 491 1292 538 ut
1317 491 1344 521 ι
1371 483 1576 539 faceret
1603 498 1728 539 esse
1757 484 1902 555 quod
1937 499 2045 538 non

439 584 580 631 erat.
612 577 671 635 Si
700 587 881 634 autem
910 576 1014 633 hoc
1039 577 1109 632 de
1137 577 1221 633 his
1249 578 1339 647 qui
1368 577 1422 632 in
1452 576 1706 634 eumdem
1751 579 2048 633 credebant

2150 487 2434 555 converti,
2498 487 2631 543 illud
2693 496 3015 559 opponunt,
3066 489 3211 561 quod
3279 498 3337 547 et
3384 491 3506 561 ipse
3554 489 3753 546 Paulus

2151 579 2335 635 scierit
2357 594 2517 650 posse
2534 595 2595 637 se
2618 581 2751 646 labi,
2773 581 2821 637 si
2852 583 3075 652 segnius
3101 592 3315 654 ageret,
3341 582 3577 640 dicens:
3614 583 3753 640 Sub.

440 669 635 738 Deum,
667 682 724 727 et
742 671 963 729 easdem
985 671 1297 743 Scripturas
1318 670 1617 739 habebant,
1645 672 1875 741 dicitur,
1900 675 2046 746 quod
2141 670 2273 743 jicio
2316 682 2489 727 autem
2534 690 2722 747 corpus
2752 690 2942 739 meum,
2969 684 3017 729 et
3047 676 3101 730 in
3129 677 3421 731 servitum
3456 676 3662 750 redigo,
3691 693 3756 735 ne

440 763 690 819 translati
722 764 832 819 sint
872 763 929 821 in
973 764 1122 819 aliud
1174 764 1569 836 Evangelium,
1615 766 1760 839 quod
1804 782 1916 823 non
1964 775 2051 824 est

445 857 813 929 Evangelium,
844 856 971 925 quid
1000 856 1068 912 de
1096 857 1372 913 Marcione
1400 867 1456 914 et
1484 860 1704 915 caeteris
1736 860 2009 917 haereticis
2029 902 2046 929 ,

443 954 533 1023 qui
568 950 918 1008 Conditorem
950 960 1238 1020 respuunt,
1266 961 1322 1008 et
1350 952 1577 1008 alterius
1622 953 1724 1010 Dei
1770 951 2048 1011 Christum

443 1046 726 1112 simulant,
757 1045 1030 1101 aestimare
1068 1045 1368 1102 debemus?
1413 1045 1516 1115 Qui
1564 1062 1675 1102 non
1724 1047 2050 1117 interpreta-

442 1137 591 1192 tione
630 1137 765 1207 legis
792 1134 821 1175 ι)
853 1148 908 1193 et
932 1137 1157 1203 litterm,
1199 1137 1286 1193 vel
1316 1152 1497 1209 pugna
1525 1138 1706 1193 carnis
1733 1147 1784 1193 et
1827 1139 2051 1209 spiritus

450 1230 705 1286 labuntur
738 1238 792 1286 et
838 1239 1142 1295 corruunt,
1191 1229 1288 1285 sed
1339 1230 1408 1285 de
1456 1238 1573 1285 toto
1623 1230 1889 1286 Ecclesiae
1927 1230 2051 1301 jure

447 1323 785 1381 discordant.
816 1324 1051 1381 Pulchre
1075 1334 1257 1379 autem
1288 1326 1397 1380 ait:
1434 1323 1553 1380 Nisi
1600 1333 1719 1380 sunt
1758 1326 1921 1397 aliqui
1963 1326 2052 1397 qui

446 1434 534 1473 vos
555 1417 881 1484 conturbent,
904 1429 953 1472 et
972 1418 1151 1472 volunt
1170 1428 1462 1474 convertere
1478 1417 1819 1491 Evangetium
1838 1416 2048 1474 Christi.

450 1511 672 1577 Volunt,
700 1512 895 1582 inquit,
928 1510 1281 1581 Evangelium
1309 1510 1512 1568 Christi
1544 1523 1775 1581 mutare,
1810 1527 2049 1567 conver~

450 1611 590 1672 tere,
623 1605 875 1660 turbare:
907 1605 1002 1660 sed
1039 1621 1146 1660 non
1197 1604 1405 1661 valent.
1455 1605 1591 1673 Quia
1635 1605 1798 1676 hujus
1844 1614 2052 1660 ttatnrre

450 1706 569 1762 est,
611 1706 671 1752 ttt
717 1712 825 1752 non
873 1697 1046 1767 possit
1095 1698 1240 1754 aliud
1286 1714 1433 1767 esse,
1464 1714 1627 1771 quam
1663 1710 1686 1740 ο
1716 1716 1911 1755 verum
1944 1709 2051 1756 est.

451 1789 644 1848 Omnis
673 1792 763 1863 qui
799 1792 1148 1864 Evangelinm
1176 1794 1284 1849 alio
1317 1796 1707 1863 interpretatur
1752 1795 1948 1867 spiritu
1996 1804 2055 1851 et

454 1892 636 1939 mente
664 1901 824 1955 quam
869 1885 1135 1956 scriptum
1164 1894 1269 1952 est,
1291 1886 1579 1943 credentes
1610 1889 1813 1955 turbat,
1844 1898 1898 1943 et
1926 1902 2058 1943 con-

455 1978 622 2033 vertit
643 1978 1000 2050 Evangelium
1028 1978 1256 2047 Christi,
1288 1992 1347 2037 ut
1374 1981 1427 2038 id
1456 1982 1600 2053 quod
1648 1983 1701 2037 in
1753 1981 1891 2037 faeie
1936 1989 2054 2048 est,

456 2082 579 2143 post
606 2080 816 2144 tergunt
846 2073 1033 2140 faciat,
1065 2083 1123 2131 et
1150 2090 1213 2131 ea
1235 2091 1358 2146 quas
1381 2086 1499 2145 post
1524 2086 1735 2146 tergunt
1760 2085 1910 2142 sunt,
1937 2092 2060 2132 ver-

453 2172 533 2223 tat
562 2166 614 2220 in
647 2165 865 2222 faciem.
901 2167 959 2225 Si
989 2171 1111 2239 quis
1140 2177 1345 2223 tantum
1383 2169 1620 2224 litteram
1651 2170 1927 2239 sequitur,
1963 2184 2060 2238 po-

449 2258 684 2313 steriora
719 2260 870 2327 ponit
893 2259 947 2314 in
978 2259 1194 2315 faciem.
1243 2260 1302 2316 Si
1349 2262 1469 2330 quis
1518 2261 1831 2318 Judazornm
1880 2262 2049 2316 inter-

450 2351 845 2421 pretationibus
876 2352 1207 2421 acquiescit.
1243 2362 1365 2423 post
1394 2361 1605 2424 tergum
1634 2355 1799 2409 mittit
1827 2370 1890 2409 ea
1935 2370 2056 2424 qua:

449 2456 519 2498 ex
564 2450 753 2498 natura
802 2459 899 2499 sua
932 2444 986 2499 in
1025 2444 1219 2501 fat-ient
1249 2446 1544 2501 consuitttta
1573 2456 1720 2502 sunt.
1752 2445 1972 2502 Net-non
2003 2457 2060 2502 et

456 2534 588 2590 illud
631 2551 909 2608 congrue,
959 2538 1103 2609 quod
1155 2538 1530 2594 translationis
1576 2540 1803 2595 verbum
1852 2540 2059 2597 Galatis

450 2640 760 2700 cooptatum
811 2642 894 2687 est
920 2647 936 2687 :
964 2629 991 2669 ά
1022 2630 1236 2688 Galatia
1263 2634 1409 2689 enim
1435 2634 1837 2688 translationem
1868 2634 1921 2690 itt
1958 2650 2056 2689 n0-

453 2733 570 2780 stra
599 2725 780 2796 lingua
809 2735 988 2782 sonat.

522 2821 723 2892 (Vers.
756 2824 838 2895 8.)
868 2823 976 2881 Sed
1006 2824 1120 2878 licet
1145 2840 1262 2887 nos,
1290 2832 1381 2879 aut
1410 2824 1627 2892 angelus
1657 2826 1720 2879 de
1741 2825 1869 2881 creto
1896 2841 2055 2880 evan-

454 2916 635 2989 gelizct
664 2915 826 2983 vobis,
852 2924 1039 2989 praeter
1065 2934 1219 2985 quam
1244 2917 1384 2985 quod
1407 2918 1869 2989 evartgelizavimus
1894 2918 2056 2982 vobis,

453 3011 733 3067 anathema
761 3011 847 3064 sit.
881 3011 1030 3066 Sicut
1055 3010 1410 3078 prwdiatimus,
1445 3021 1490 3065 et
1513 3029 1648 3065 nunc
1681 3012 1869 3066 iterum
1899 3013 2015 3065 dico
2039 3027 2059 3067 :

456 3105 501 3159 si
529 3104 643 3175 quis
671 3104 812 3158 vobis
842 3105 1265 3177 evangelizuverit
1295 3115 1480 3174 prazter
1505 3105 1559 3159 id
1582 3106 1722 3177 quod
1767 3107 2056 3173 accepistis,

2150 763 2271 818 aliis
2290 764 2602 835 praedicans,
2629 766 2740 838 ipse
2761 766 3010 840 reprobus
3029 768 3268 823 inveniar
3290 767 3348 843 (l
3377 769 3498 825 Cor.
3527 785 3606 837 rx,
3636 769 3752 842 27).

2152 857 2393 927 Angelos
2414 874 2629 931 quoque
2658 873 2780 916 esse
2806 860 3122 927 mutabiles,
3148 860 3242 932 qui
3270 877 3380 917 non
3408 863 3756 919 servaverint

2152 950 2511 1022 principatum
2536 968 2722 1020 suum;
2754 952 2852 1009 sed
2876 953 3250 1025 relinquentes
3275 956 3556 1027 propriunt
3580 955 3762 1013 domi-

2151 1046 2360 1114 cilium,
2388 1046 2441 1103 in
2467 1046 2680 1118 judicio
2723 1046 2902 1119 magni
2946 1047 3057 1105 diei
3105 1048 3339 1106 vinculis
3386 1050 3612 1106 aeternis
3655 1051 3761 1108 sub

2151 1141 2380 1213 caligine
2408 1150 2757 1199 reservantur
2782 1141 2991 1215 (ludar,
3025 1143 3126 1212 vt).
3150 1143 3264 1214 [Dei
3305 1143 3479 1200 solius
3504 1153 3760 1200 naturam

2153 1249 2275 1291 csse
2318 1235 2736 1307 immutabilem,
2766 1237 2836 1292 de
2862 1253 2969 1308 quo
2995 1237 3292 1294 scribitur:
3321 1237 3404 1293 Tu
3425 1255 3543 1293 vero
3566 1239 3678 1312 ipse
3705 1254 3758 1294 es

2154 1325 2284 1396 (Ps.
2315 1343 2389 1397 Cl,
2416 1328 2536 1399 28).
2572 1330 2639 1383 Et
2668 1329 2783 1397 ipse
2812 1328 2880 1385 de
2907 1344 2968 1384 se
2992 1346 3005 1381 :
3038 1328 3149 1400 Ego
3181 1327 3322 1385 Deus
3342 1339 3527 1396 vester,
3555 1340 3607 1385 et
3654 1346 3764 1385 non

2156 1428 2329 1475 mutor
2372 1418 2635 1494 (Malach.
2691 1436 2772 1484 ιιι,
2822 1420 2902 1489 6).
2956 1419 3239 1476 Cecidisse
3289 1419 3618 1486 luciferum,
3668 1422 3766 1492 qui

2157 1527 2315 1568 mane
2343 1513 2657 1579 oriebatur;
2691 1521 2748 1568 et
2775 1528 2902 1569 eum
2933 1512 3027 1584 qui
3055 1511 3305 1569 mittebat
3336 1510 3356 1550 ί
3385 1511 3661 1584 quondam
3693 1511 3767 1568 ad

2156 1621 2349 1662 omnes
2372 1618 2585 1678 gentes.
2621 1608 2673 1662 in
2705 1616 2848 1663 terra
2878 1622 3004 1663 esse
3034 1606 3352 1661 contritum.
3384 1606 3679 1678 Eleganter
3708 1605 3765 1662 in

2159 1701 2261 1757 hoc
2281 1703 2401 1757 loco
2424 1703 2504 1756 vir
2524 1701 2882 1759 doctissimus
2901 1701 3291 1769 Tertullianus,
3315 1700 3579 1758 adversus
3599 1700 3769 1772 Apel—

2088 1786 2128 1846 Β
2161 1796 2291 1862 lem,
2322 1803 2377 1851 et
2403 1796 2525 1864 ejus
2560 1794 2828 1867 virginem
2874 1795 3281 1861 Philumenem,
3324 1811 3484 1865 quam
3533 1794 3771 1865 angelus

2157 1889 2376 1959 quidam
2407 1889 2662 1945 diabolici
2691 1889 2916 1958 spiritus
2956 1896 3015 1944 et
3058 1904 3353 1958 pervorsus
3399 1888 3767 1960 impleverat,

2162 1983 2306 2039 hunc
2325 1998 2448 2039 esse
2464 1983 2656 2040 scribit
2677 1983 2954 2051 angelum,
2979 1982 3064 2037 cui
3090 1981 3262 2037 multo
3282 1990 3576 2053 antequam
3599 1980 3773 2051 Apel-

2160 2077 2238 2132 les
2264 2084 2600 2146 nasceretur,
2629 2077 2871 2146 Spiritus
2896 2075 3067 2131 sancti
3093 2074 3350 2130 vaticinia
3371 2075 3443 2129 sit
3469 2074 3771 2131 anathema

2161 2184 2257 2236 per
2302 2168 2622 2240 Apostolnm
2668 2167 3071 2239 prophetatum.
3128 2168 3300 2223 Porro
3353 2169 3606 2241 ἀνάθεμα,
3643 2183 3775 2224 ver-

2160 2262 2283 2318 bum
2310 2263 2522 2332 proprie
2543 2260 2570 2318 J
2580 2261 2854 2316 ndteorum
2869 2268 2975 2326 est,
2991 2268 3047 2315 et
3066 2262 3296 2331 positum
3322 2259 3432 2334 [AL
3457 2259 3773 2333 proprium]

2161 2366 2267 2412 tam
2290 2356 2341 2411 in
2364 2355 2491 2411 Jesu
2513 2354 2660 2411 Nave
2681 2352 2820 2428 (los.
2842 2369 2920 2420 vr,
2939 2354 3020 2423 7),
3044 2368 3204 2424 quam
3226 2353 3279 2408 in
3301 2352 3551 2410 Numeris
3568 2352 3773 2421 (Nam.

2152 2440 2250 2507 ’χιι
2266 2448 2306 2518 ),
2330 2448 2549 2520 quando
2569 2448 2749 2503 omnia
2767 2463 2887 2517 quae
2910 2456 3069 2502 erant
3096 2448 3150 2502 in
3173 2445 3395 2503 Jericho
3430 2455 3485 2502 et
3509 2446 3778 2502 Madiani—

2161 2554 2334 2597 tarum
2352 2540 2698 2595 detestationi
2712 2551 2767 2595 et
2781 2538 3111 2595 anathemati
3132 2537 3378 2593 habenda
3401 2538 3664 2593 Dominus
3679 2539 3777 2594 itn-

2164 2633 2387 2702 peravit.
2408 2630 3044 2703 lnterrogemuseos.qui
3073 2630 3349 2687 Christum
3378 2640 3436 2689 et
3464 2633 3775 2702 apostolum

2162 2729 2410 2793 Paulum,
2441 2729 2565 2783 boni
2600 2728 2695 2783 Ι)θί
2725 2738 2778 2783 et
2806 2741 2978 2799 usque
3009 2728 3077 2780 ad
3110 2726 3241 2781 illttd
3275 2735 3487 2797 tempus
3508 2728 3774 2797 ignorati,

2161 2823 2247 2879 vel
2281 2823 2445 2877 lilium
2472 2829 2722 2877 asserunt
2740 2836 2889 2887 esse,
2924 2819 3012 2875 vel
3042 2835 3286 2885 servum,
3314 2820 3405 2890 qui
3437 2818 3779 2874 maledicere

2162 2918 2391 2984 nesciat,
2425 2931 2523 2972 nec
2554 2915 2767 2970 noverit
2791 2914 3027 2984 aliquem
3053 2913 3456 2970 condemnare:
3488 2912 3775 2983 quomodo

2163 3025 2307 3064 nunc
2334 3010 2626 3072 Apostolus
2653 3009 2794 3077 ejus,
2828 3007 2995 3061 verbo
3024 3006 3361 3076 indecorum,
3394 3006 3448 3061 id
3470 3014 3577 3069 est.
3604 3000 3776 3061 Crea-

2165 3102 2298 3156 toris
2322 3098 2488 3173 384
2517 3108 2742 3155 utatur:
2776 3107 2833 3153 et
2862 3099 3037 3169 perire
3061 3097 3150 3153 vel
3191 3098 3446 3167 angelum
3498 3096 3583 3152 vel
3633 3113 3773 3167 apo-

453 3196 731 3253 anathema
754 3199 843 3252 sit.
888 3198 1074 3253 Potest
1119 3207 1174 3255 et
1210 3198 1560 3271 hyperbolice
1602 3201 1808 3256 dictum
1860 3200 2053 3270 accipi,
2081 3183 2129 3246 C
2165 3194 2363 3251 stolam
2413 3194 2566 3259 velit,
2594 3208 2718 3248 cum
2752 3193 2867 3262 ipse
2897 3206 3004 3247 non
3035 3191 3214 3247 soleat
3241 3190 3451 3246 ulcisci.
3483 3188 3642 3257 Quod
3670 3206 3779 3245 att-

458 3305 568 3346 non
594 3306 703 3361 quo
732 3299 824 3345 aut
852 3292 1152 3361 apostolus,
1183 3301 1277 3347 aut
1304 3293 1531 3362 angelus
1580 3293 1738 3349 aliter
1784 3293 2063 3361 potuerint

456 3383 755 3456 praedicare
798 3399 960 3456 quam
1003 3385 1173 3441 semel
1219 3386 1513 3441 dixerant:
1563 3386 1659 3442 sed
1704 3388 1919 3443 etiamsi
1960 3389 2063 3467 hoc

458 3484 646 3548 posset
676 3476 815 3543 fieri,
869 3486 929 3532 ttt
970 3484 1027 3532 et
1071 3478 1306 3547 apostoli
1353 3488 1409 3533 et
1453 3478 1628 3549 angeli
1672 3487 2058 3534 mutarentur:

457 3579 639 3627 tamen
683 3588 789 3627 non
835 3587 956 3628 esse
993 3570 1102 3644 [ΑΙ.
1134 3570 1300 3646 esset]
1332 3572 1400 3627 ab
1427 3587 1494 3627 eo
1522 3572 1668 3643 quod
1697 3574 1871 3629 semel
1899 3589 2059 3629 acce-

455 3670 603 3733 ptum
632 3662 827 3732 fuerat,
855 3663 1219 3719 recedeudmn
1247 3682 1261 3719 :
1292 3664 1532 3718 maxime
1554 3679 1680 3719 cum
1706 3665 1823 3736 ipse
1843 3674 2066 3733 aposto-

463 3756 549 3811 lus
580 3759 636 3811 in
664 3756 825 3830 383
854 3757 963 3811 alio
985 3758 1107 3813 loco
1138 3757 1447 3812 ﬁrmitatem
1478 3756 1603 3813 fidei
1652 3773 1765 3813 suae
1807 3758 2065 3815 ostendat

456 3849 644 3906 dicens
666 3867 679 3904 :
701 3850 826 3905 Scio
851 3851 975 3923 quia
1005 3866 1168 3922 neque
1192 3867 1352 3915 mors,
1367 3866 1529 3921 neque
1549 3851 1674 3917 vita,
1693 3868 1855 3921 neque
1874 3854 2066 3923 anqeli,

457 3958 621 4013 neque
669 3943 1036 4015 principatus,
1087 3960 1249 4014 neque
1286 3944 1595 4015 prtesentia,
1650 3961 1812 4014 neque
1860 3946 2065 4018 futura,

457 4051 617 4107 neque
658 4036 939 4103 fortitudo,
984 4052 1146 4107 neque
1184 4035 1405 4090 altitudo
1431 4077 1447 4103 ,
1499 4053 1662 4107 neque
1714 4039 2063 4111 profundum,

459 4145 619 4199 neque
648 4129 755 4184 alia
781 4137 1038 4199 creatura,
1078 4130 1260 4202 poterit
1308 4147 1403 4184 nos
1442 4147 1685 4203 separare
1716 4150 1749 4188 a
1790 4134 2067 4190 dilectione

462 4219 582 4291 Dei,
632 4239 748 4290 qua:
794 4232 869 4277 est
913 4224 968 4278 in
1012 4222 1215 4278 Christo
1259 4222 1388 4280 Jesu
1412 4223 1633 4280 Domino
1664 4236 1838 4281 nostra
1867 4226 2064 4299 (Rom.

459 4331 578 4380 vm,
606 4315 721 4385 58).
760 4315 1036 4370 Veritatem
1080 4317 1219 4382 dico,
1267 4333 1372 4371 non
1411 4318 1635 4372 mentior
1658 4361 1673 4386 ,
1722 4320 2070 4375 testimonium

464 4407 589 4461 mihi
634 4409 927 4478 perhibente
974 4410 1282 4463 conscientia
1324 4426 1438 4463 mea
1481 4409 1670 4482 (Rom.
1716 4426 1798 4477 tx,
1833 4413 1908 4481 1).
1947 4412 2071 4469 llaec

464 4503 665 4571 quippe
723 4501 868 4556 dicta
917 4517 1025 4557 non
1093 4513 1218 4558 sunt
1271 4502 1388 4572 ejus
1431 4504 1521 4573 qui
1573 4504 1742 4572 possit
1789 4521 1819 4559 a
1868 4503 2069 4561 Christi

2167 3294 2275 3341 tem
2301 3285 2532 3354 addidit,
2561 3287 2695 3340 sicut
2723 3284 3087 3355 prtediximus,
3117 3292 3167 3339 et
3192 3299 3328 3338 nunc
3372 3283 3560 3338 iterum
3609 3282 3735 3339 dico
3761 3324 3778 3351 ,

2167 3380 2405 3434 ostendit
2428 3394 2489 3435 se
2519 3388 2574 3433 et
2599 3379 2650 3432 in
2681 3376 2949 3449 principio
2982 3379 3084 3432 hoc
3114 3377 3289 3447 ipsum
3320 3385 3633 3443 caventem,
3667 3378 3778 3433 de-

2169 3477 2449 3533 nuntiasse
2476 3476 2767 3532 anathema
2792 3477 2874 3531 eis
2898 3475 2989 3546 qni
3020 3475 3183 3530 aliter
3205 3473 3548 3545 prmtlicatnri
3580 3478 3774 3539 erant,

2168 3580 2222 3624 ct
2251 3583 2394 3624 nunc
2426 3579 2712 3639 postquam
2748 3567 3103 3637 praedicatum
3132 3577 3242 3632 εει,
3273 3565 3328 3622 id
3357 3563 3644 3621 anathema
3675 3564 3782 3620 de-

2170 3677 2395 3717 cernere
2433 3662 2578 3731 qnod
2625 3669 2753 3715 ante
2796 3659 3144 3730 praedixerat.
3177 3658 3472 3729 Propterea
3500 3666 3690 3712 autem
3723 3664 3787 3712 et

2168 3754 2310 3822 sibi,
2362 3769 2524 3825 quem
2566 3753 2711 3808 aliud
2763 3752 2816 3808 in
2867 3752 3053 3808 Jttdtﬁa
3084 3753 3281 3819 facere,
3311 3750 3457 3806 aliud
3484 3749 3693 3806 docere
3724 3747 3784 3804 in

2171 3846 2421 3917 gentibus
2445 3845 2892 3912 criminabantur,
2944 3855 3001 3899 et
3049 3842 3244 3915 angelo
3292 3858 3455 3914 quem
3503 3841 3777 3911 majorem

2169 3943 2335 4000 etiam
2366 3940 2790 4012 prtecessorihus
2819 3940 2935 3995 suis
2963 3938 3229 4005 apostolis
3269 3952 3398 3993 esse
3444 3934 3785 4002 constabat,

2171 4036 2455 4091 anathema
2478 4032 2850 4088 denuntiavit:
2881 4040 2944 4086 ut
2964 4047 3070 4086 non
3096 4045 3287 4101 magna
3303 4028 3453 4085 Petri
3473 4039 3530 4084 et
3548 4025 3789 4083 Joannis

2173 4135 2457 4201 putaretur
2480 4124 2804 4192 auctoritas,
2835 4139 2959 4180 cum
2991 4138 3095 4179 nec
3145 4122 3253 4178 sibi
3297 4121 3491 4178 liceret
3540 4118 3635 4191 qui
3684 4133 3789 4177 eos

2173 4235 2298 4279 ante
2350 4221 2633 4286 docuerat,
2685 4232 2789 4273 nec.
2836 4217 3029 4288 angelo
3068 4215 3230 4270 aliter
3257 4213 3579 4285 pratdicare,
3613 4226 3790 4283 quam

2171 4314 2344 4371 semel
2372 4313 2699 4369 didicerant.
2728 4310 2801 4366 Se
2844 4309 3029 4380 itaque
3073 4317 3126 4363 et
3167 4305 3419 4378 angelum
3460 4304 3794 4360 nominatim

2177 4410 2385 4481 posuit;
2418 4410 2554 4462 alios
2585 4422 2717 4460 vero
2747 4407 2951 4474 absque
2990 4402 3232 4458 nomine.
3287 4399 3350 4457 Si
3392 4399 3529 4470 quis,
3576 4396 3790 4468 inquit,

2173 4504 2313 4560 vobis
2333 4501 2789 4573 evangelicaverit,
2844 4508 2905 4554 ttt
2950 4497 3005 4552 in
3055 4495 3297 4568 generali
3344 4492 3635 4560 vocabulo,
3681 4508 3796 4551 nec

469 4592 578 4650 lide
621 4602 677 4649 et
720 4593 1018 4652 dilectione
1047 4596 1341 4667 aliquando
1384 4595 1689 4653 discedere.
1738 4597 1838 4664 Qui
1886 4608 2066 4655 autem
2100 4584 2147 4645 Ι)
2176 4593 2599 4669 praecessoribns
2647 4594 2852 4650 faceret
2899 4590 3191 4660 injuriam;
3237 4597 3294 4644 et
3344 4595 3526 4643 tamen
3556 4584 3793 4642 nomina

466 4685 673 4742 nolunt.
703 4698 726 4725 ε’
760 4687 867 4745 καθ’
899 4688 1138 4746 ὑπόθεσιν
1190 4688 1292 4743 hoc
1328 4688 1530 4744 dictum
1576 4704 1727 4757 esse,
1773 4690 1867 4745 sed
1895 4706 2064 4747 vere:

541 4834 562 4896 ξ’
593 4825 766 4881 Palat.
803 4841 932 4891 tns.,
961 4835 1017 4880 ut
1040 4825 1225 4895 faceret
1256 4842 1315 4880 ea
1338 4842 1447 4881 esse
1468 4842 1583 4896 qua?
1604 4843 1704 4881 non
1732 4836 1897 4880 crant.

538 4895 567 4936 δ
595 4897 768 4952 Penes
798 4897 1117 4957 Victorinm.
1145 4900 1207 4970 in
1226 4895 1646 4970 interpretatione
1680 4897 1853 4970 chis,
1887 4907 1933 4954 et
1976 4901 2065 4956 lit-

467 4978 589 5025 terae
617 4987 814 5041 pugna,
847 4970 923 5023 vel
952 4970 1165 5041 spiritus
1193 4968 1453 5041 labuntur.
1487 4978 1592 5024 etc.

546 5053 569 5112 ς
603 5040 826 5112 Rectius
857 5040 1084 5097 fortasse
1115 5040 1384 5102 Habitum,
1412 5058 1564 5112 quam
1589 5041 1728 5112 quod
1755 5056 1930 5095 verum
1970 5052 2066 5099 est.

538 5111 567 5151 ά
600 5111 797 5183 Utique
828 5113 978 5179 juxta
1015 5114 1337 5183 tnnegvnlgo
1358 5111 1604 5182 receptas
1632 5111 1750 5166 libri
1772 5112 2064 5171 Nominum

469 5181 828 5257 etymologjas
871 5200 938 5240 ex
971 5182 1085 5257 [ad
1129 5181 1376 5239 Corinth.
1424 5183 1694 5257 Caeterum
1744 5200 1908 5240 nemo
1956 5202 2063 5242 non

471 5255 672 5320 sentit,
718 5255 978 5311 Calatiam
1009 5255 1253 5312 Graecum
1283 5270 1403 5310 esse
1432 5255 1777 5319 vocabulum,
1813 5273 1919 5310 tton
1954 5258 2063 5311 lle-

475 5331 702 5393 braenm,
727 5328 966 5398 nihilque
987 5342 1182 5379 sonare
1204 5326 1350 5379 aliud
1373 5343 1537 5398 quam
1557 5327 1867 5383 thatarnm
1892 5330 2065 5397 regio-

474 5416 621 5473 nem,
653 5397 887 5473 qttnrnm
912 5400 1014 5456 ἀπὸ
1038 5404 1133 5473 τοῦ
1159 5399 1432 5473 viaticatus,
1462 5416 1495 5452 a
1521 5397 1923 5473 lactetdneitnr
1949 5402 2067 5472 ety-

474 5472 729 5540 mologia.
756 5471 969 5539 Gallos,
1004 5472 1139 5531 sive,
1168 5469 1227 5522 ut
1256 5470 1438 5526 Livius
1460 5481 1641 5533 vocat,
1671 5469 2062 5540 Gallograecos,

475 5543 696 5609 trajecta
743 5542 951 5599 Graecia
1003 5543 1103 5596 sub
1139 5558 1269 5610 rege
1301 5541 1532 5597 Seleuco
1563 5543 1848 5605 Nicanore,
1881 5545 2064 5598 Asiam

477 5619 714 5676 invasos,
740 5632 768 5668 a
796 5617 969 5669 lacteo
997 5615 1181 5670 colore
1208 5615 1457 5680 corporis
1482 5617 1703 5669 sortitos
1732 5613 1837 5667 ltoc
1868 5631 2062 5669 nomen

476 5700 599 5742 esse
626 5686 770 5756 apud
806 5686 1045 5752 Graecos,
1098 5688 1338 5739 omnium
1386 5688 1753 5754 receptissima
1796 5689 2063 5742 sententia

468 5766 585 5812 est.
615 5755 819 5812 Confer
844 5759 1011 5825 paulo
1040 5766 1161 5828 post
1203 5759 1451 5826 alteram,
1505 5761 1620 5813 sive
1668 5758 1721 5814 in
1766 5759 2065 5815 secundum

476 5828 675 5885 libruttt
702 5830 1075 5901 prtefationem
1102 5831 1162 5887 ὃ.
1198 5829 1396 5890 Patris.

2175 4706 2364 4750 eorum
2399 4690 2635 4744 latenter
2665 4685 3007 4742 ostenderet.

2249 4837 2272 4865 ε
2309 4827 2411 4881 Pro
2444 4825 2633 4889 verbo,
2661 4823 3079 4898 Δκοιθίὃτςόθεσιτρ.
3128 4819 3274 4890 quod
3326 4831 3469 4898 nunc
3495 4811 3796 4898 eLCister:

2172 4900 2343 4956 ciensi
2394 4914 2500 4950 ms.
2544 4884 2797 4961 restituo,
2856 4894 2997 4948 falso
3043 4884 3307 4947 hacienns
3345 4887 3585 4961 obtinuit
3613 4884 3795 4961 istud.

2176 4957 2793 5045 basp6oltxatg.hFratt_di
2844 4965 2945 5045 fuit
2990 4962 3345 5034 antiquariis,
3397 4958 3542 5031 quod
3584 4957 3795 5045 paucis

2172 5036 2374 5098 abhinc
2427 5039 2679 5095 versibus
2724 5036 2829 5092 hac
2875 5037 3241 5107 Hieronymus
3286 5046 3422 5107 voce
3472 5044 3606 5085 usus
3633 5036 3794 5107 _est:

2178 5116 2354 5169 Potest
2380 5121 2428 5166 et
2468 5108 2801 5182 hyperbolice
2828 5099 3248 5182 dictitataccipi,
3267 5116 3335 5182 .ut
3364 5102 3503 5182 hanc
3533 5116 3601 5158 ex
3631 5099 3795 5182 inge-

2175 5189 2264 5241 nio
2292 5184 2452 5240 facile
2481 5169 2907 5243 substituerent,
2938 5178 3088 5233 nullo
3118 5169 3236 5232 fere
3267 5176 3392 5229 boni
3434 5186 3633 5228 sensus
3663 5169 3795 5225 dis-

2174 5258 2397 5328 pendio.
2419 5254 2619 5309 Verum
2640 5261 2697 5308 et
2718 5251 2891 5305 multo
2911 5247 3234 5305 concinnior
3248 5247 3313 5300 ad
3332 5246 3392 5303 S.
3421 5244 3609 5328 Patris
3630 5256 3795 5328 men-

2175 5316 2302 5386 iem.
2329 5340 2503 5393 eaque
2527 5339 2631 5379 una
2654 5337 2911 5393 germana
2933 5332 3041 5388 est,
3062 5335 3224 5393 quam
3251 5318 3570 5393 reponimus
3598 5316 3792 5377 lectio,

2174 5388 2557 5461 καθ’ύπὸόισιν,
2593 5388 3111 5468 quamquatnaetdin
3142 5390 3372 5468 syllabis
3417 5388 3590 5468 probe
3629 5398 3795 5439 asse-

2172 5470 2401 5542 qnendis
2423 5472 2487 5542 itt
2515 5460 2628 5523 ms:
2649 5460 2823 5519 multo
2850 5463 3133 5542 difficilior
3157 5460 3469 5517 {scribitur
3497 5460 3650 5514 enim
3677 5470 3799 5542 uno

2175 5526 2363 5598 t'enore
2387 5541 2489 5602 sic.
2517 5544 2870 5596 ttaGTNOGEC
2898 5536 2976 5591 in.
3004 5534 3197 5592 Sciunt
3227 5547 3391 5602 porro
3418 5543 3615 5585 omnes
3654 5526 3796 5597 quid

2172 5618 2243 5669 sit
2269 5612 2652 5672 καθ’ὐπὸθεσιν.
2687 5608 2807 5664 sive
2839 5624 2927 5676 per
2946 5605 3379 5680 suppositionem,
3406 5611 3465 5658 et
3491 5615 3600 5655 non
3647 5606 3796 5680 tant-

2172 5701 2332 5757 quam
2363 5685 2716 5757 constitutum
2748 5674 2866 5757 ‘augt
2901 5674 3093 5757 verum
3141 5674 3349 5757 aliquid
3400 5674 3794 5757 pronuntiare.

2249 5756 2268 5795 ί
2306 5756 2477 5810 Palat.
2509 5769 2641 5816 ms.,
2671 5752 2760 5822 qui
2777 5750 3031 5819 mittebat,
3055 5746 3324 5821 quondam
3343 5746 3413 5801 ad
3437 5755 3617 5818 gentes
3637 5756 3800 5797 scan»

2173 5828 2354 5883 datum
2383 5828 2437 5883 in
2466 5836 2604 5888 terra
2627 5840 2758 5896 esse,
2787 5833 2895 5884 etc.
