3978 6338
224 363 318 429 ιιι

722 354 1379 424 COMMENTARIORUM
1420 351 1487 418 ΙΝ
1533 352 1926 417 EPISTOLAM
1968 360 2062 418 AD
2101 354 2430 420 GALATAS
2467 358 2595 420 Llll.
2639 361 2679 419 Ι.
2722 359 2879 420 CAP.
2921 357 2965 419 l.

3403 359 3510 421 3i!

288 473 468 552 (Ven.
496 477 614 549 {0.)
645 476 807 533 Modo
829 478 970 534 enim
994 475 1287 531 hominibus
1305 474 1499 530 suadeo
1539 489 1608 527 an
1652 471 1804 527 Deo:
1836 474 1880 532 A
1984 471 2172 545 (Vers.
2206 474 2299 539 ll,
2330 473 2446 545 12.)
2487 473 2687 529 Nolunt
2725 475 2863 529 enim
2911 474 3050 529 vobis
3098 474 3261 547 facio,
3292 474 3511 544 fratres,

223 581 304 628 aut
320 586 487 644 qa¢ro
506 568 803 626 hominibus
828 570 1033 644 placere
1050 570 1076 624 ἵ
1103 569 1165 626 Si
1190 567 1362 623 adhuc
1381 567 1673 623 hominibus
1696 568 1811 638 pla-

224 681 408 733 cerem,
446 661 643 720 Christi
681 680 861 720 servus
899 681 1003 718 non
1040 679 1221 718 essem.
1275 660 1394 717 Non
1435 670 1691 732 putemus
1742 657 1812 714 ab

221 757 467 829 Aposmlo
490 771 594 813 nos
620 756 832 825 doceri,
861 765 922 811 ut
945 747 1200 827 exemplo
1231 771 1333 811 suo
1362 754 1642 810 hominum
1670 755 1813 820 jmli»

222 848 298 905 cia
326 856 761 918 contemnamus,
803 849 895 919 qui
941 849 995 903 in
1026 847 1133 903 alio
1162 849 1282 905 loco
1310 848 1551 903 dixerit:
1585 848 1812 901 Scientss

222 956 335 1012 ergo
372 942 608 996 timorem
650 940 886 1012 Dontini,
919 941 1211 997 hominibus
1232 942 1548 997 suademus:
1578 940 1682 994 Deo
1711 958 1807 994 au-

234 1041 325 1087 tent
348 1033 609 1105 manifesti
641 1049 820 1088 sumus
846 1033 867 1107 (
894 1031 938 1088 ll
979 1032 1099 1087 Cor.
1148 1048 1203 1099 ν,
1240 1033 1367 1104 ll);
1398 1041 1453 1087 et
1484 1032 1614 1086 illud
1642 1050 1653 1084 :
1685 1032 1814 1087 Sine

219 1124 489 1193 olensione
514 1135 692 1192 estote,
719 1125 943 1190 Judteis,
968 1134 1013 1180 et
1045 1125 1306 1198 gentibus,
1335 1135 1382 1179 et
1404 1122 1657 1179 Ecclesite
1683 1123 1811 1179 Dei:

216 1220 338 1275 sicut
366 1227 411 1275 et
436 1235 534 1294 ego
561 1220 801 1275 omnibus
827 1236 921 1294 per
958 1222 1134 1275 omnia
1169 1220 1371 1293 placeo,
1422 1238 1535 1275 non-
1575 1237 1811 1293 quarens

216 1310 341 1384 quod
384 1312 516 1367 mihi
564 1313 689 1367 utile
734 1322 834 1378 est,
871 1314 960 1368 sed
981 1314 1119 1385 quod
1148 1312 1342 1379 multis,
1379 1323 1433 1367 ut
1462 1312 1728 1369 solventur
1760 1315 1811 1385 (Ι

216 1402 326 1462 Cor.
360 1406 473 1476 10).
500 1404 612 1462 Sed
642 1405 690 1461 si
720 1406 838 1462 ﬁeri
865 1419 1063 1479 potest,
1095 1416 1155 1464 ut
1183 1408 1388 1479 pariter
1417 1408 1532 1464 Deo
1556 1419 1612 1463 et
1638 1410 1811 1465 homi-

216 1496 366 1554 nibus
409 1497 753 1569 placeamus,
792 1500 1119 1568 placendum
1158 1511 1243 1558 est
1271 1512 1325 1557 et
1354 1502 1686 1558 hominibus.
1716 1504 1808 1561 Sin

214 1598 382 1646 autem
411 1591 580 1648 aliter
606 1608 718 1648 non
746 1593 1024 1662 placemus
1050 1594 1383 1664 hominibus,
1414 1593 1516 1651 nisi
1561 1596 1674 1651 Deo
1702 1597 1813 1654 dis-

215 1684 545 1758 pliceamus:
576 1685 695 1742 Deo
724 1686 899 1758 magis
923 1703 1085 1758 quam
1115 1688 1431 1744 hominibus
1463 1689 1681 1758 placere
1708 1689 1809 1745 de-

213 1783 409 1840 bemus.
436 1784 712 1857 Alioquin
743 1794 801 1843 et
846 1787 965 1856 ipse
1010 1786 1214 1857 infert,
1262 1803 1361 1842 cur
1408 1788 1665 1843 omnibus
1714 1804 1812 1859 per

1913 563 2250 636 anngelium
2281 568 2418 633 quod
2446 569 2852 640 euangelizatum
2884 578 2961 623 est
3005 585 3037 621 a
3086 586 3165 623 me
3195 584 3215 623 :
3250 572 3373 640 quia
3407 586 3513 625 non

1914 666 1989 713 est
2011 661 2293 714 secundum
2321 659 2602 727 hominem,
2638 679 2797 731 neque
2826 662 2964 716 enim
2992 679 3085 734 ego
3112 662 3174 716 ab
3191 662 3399 717 homine
3417 680 3509 716 ac-

1912 753 2024 826 cepi
2072 754 2233 816 illud,
2268 770 2432 823 neque
2471 756 2665 821 didici;
2704 757 2795 809 sed
2840 772 2930 828 per
2977 754 3339 810 reuelationem
3383 754 3512 811 Jesu

1911 846 2126 904 Christi.
2164 849 2242 904 Ex
2281 849 2385 904 hoc
2412 850 2537 905 loco
2566 849 2792 905 Ebionis
2821 859 2875 904 et
2908 849 3123 904 l‘hotini
3154 850 3349 920 dogma
3377 866 3513 904 con-

1912 943 2108 997 teritur
2138 959 2150 995 :
2184 942 2328 1011 quod
2364 942 2509 997 Deus
2535 943 2606 997 sit
2634 940 2909 1007 Christus,
2942 951 2998 998 et
3025 957 3129 996 non
3163 949 3366 996 tantum
3414 941 3518 996 ho-

1913 1051 2023 1091 mo.
2058 1034 2117 1091 Si
2147 1036 2295 1091 enim
2336 1034 2694 1106 Evangelium
2736 1034 2890 1090 Pauli
2925 1051 3031 1089 non
3076 1045 3162 1090 est
3211 1034 3513 1089 secundum

1914 1125 2214 1194 hominem,
2245 1142 2423 1197 neque
2449 1127 2518 1183 ab
2548 1127 2771 1183 homine
2800 1128 3016 1197 accepit
3047 1126 3205 1188 illud,
3238 1136 3332 1181 aut
3363 1126 3512 1182 didi-

1913 1220 2008 1286 cit,
2042 1219 2139 1275 sed
2193 1234 2290 1290 per
2334 1221 2730 1275 revelatiooem
2775 1219 2905 1275 Jesu
2945 1219 3177 1286 Christi;
3211 1220 3376 1293 386
3405 1234 3513 1275 non

1914 1322 1999 1370 est
2035 1315 2224 1384 utique
2255 1313 2419 1368 homo
2444 1312 2607 1369 Jesns
2635 1312 2910 1381 Christus,
2936 1314 3025 1385 qui
3058 1313 3228 1370 Paulo
3268 1315 3518 1385 Evange-

1915 1406 2045 1462 lium
2077 1406 2371 1462 revelavit.
2392 1405 2546 1473 Quod
2577 1405 2623 1460 si
2655 1420 2762 1460 non
2789 1416 2872 1462 est
2898 1407 3084 1471 homo,
3109 1417 3515 1476 consequenter

1917 1498 2059 1553 Deus
2089 1509 2195 1553 est.
2233 1497 2349 1553 Non
2394 1513 2506 1569 quo
2533 1498 2816 1554 hominem
2850 1513 3112 1569 negemus
3139 1510 3514 1569 assumptum;

1914 1587 2012 1645 sed
2031 1604 2138 1660 quo
2162 1599 2370 1643 tantum
2402 1588 2681 1644 hominem
2710 1603 3030 1644 renuamus.
3049 1588 3517 1657 Quaniturutrutn

1917 1682 2084 1737 totius
2132 1682 2284 1737 orbis
2317 1681 2582 1737 Ecclesia:
2632 1682 2731 1739 Dei
2780 1684 3098 1754 acceperint
3139 1682 3513 1753 Evangelium,

1915 1790 1984 1829 an
2018 1775 2255 1831 hominis
2286 1793 2299 1829 :
2333 1786 2534 1846 quotus
2564 1777 2709 1832 enim
2741 1777 2974 1848 quisque
3020 1786 3265 1832 nostrum
3315 1791 3407 1846 per
3439 1790 3520 1831 re-

214 1878 383 1932 omnia
430 1876 694 1947 placeat:
746 1874 872 1933 Non
915 1894 1169 1949 quturcns,
1220 1877 1498 1952 inquiens,
1525 1880 1662 1950 quod
1686 1881 1812 1935 mihi
1844 1863 1892 1923 B
1918 1868 2245 1923 velatiouem
2267 1866 2473 1924 Chriin
2496 1869 2710 1939 didicit,
2730 1880 2905 1926 etnon
2929 1869 3156 1926 homine
3184 1869 3518 1940 pradicante

215 1967 330 2024 utile
348 1978 424 2025 est
447 1983 475 2025 :
504 1969 596 2023 sed
634 1968 775 2040 quod
805 1969 1007 2037 multis,
1047 1979 1105 2024 ut
1142 1968 1426 2026 solventur.
1474 1973 1579 2039 Qui
1629 1983 1809 2028 autem

214 2061 687 2129 exeacharitate,
715 2071 745 2101 ι
771 2078 896 2134 quas
942 2078 1051 2119 non
1101 2063 1300 2136 qmerit
1344 2080 1467 2135 qnte
1513 2081 1611 2120 sua
1661 2077 1809 2131 sunt,

211 2153 299 2210 scd
339 2168 464 2226 qua:
522 2154 702 2210 aliena
732 2163 884 2221 sunt,
913 2154 1091 2226 placet
1119 2158 1375 2212 omnibus
1405 2166 1464 2211 ut
1493 2158 1810 2213 salventur:

212 2246 382 2317 utique
420 2248 542 2301 Deo
569 2246 807 2317 primum
840 2249 1041 2318 placet,
1074 2248 1163 2304 cui
1185 2247 1333 2303 salus
1358 2250 1639 2303 hominum
1666 2264 1811 2305 cura:

210 2349 306 2397 est.
337 2339 522 2396 Habet
543 2348 727 2396 autem
755 2349 815 2396 et
841 2340 1089 2407 verbum,
1124 2340 1267 2412 quod
1298 2341 1462 2414 385
1492 2342 1582 2398 hic
1602 2344 1814 2414 specia-

210 2434 324 2491 liter
345 2435 603 2492 additum
630 2448 737 2505 est,
786 2437 976 2508 modo,
1029 2438 1113 2494 vel
1167 2439 1493 2508 placendum
1533 2453 1659 2496 esse
1712 2456 1813 2512 pro

206 2535 438 2599 tempore
470 2526 813 2596 hominibus,
847 2528 929 2585 vel
958 2528 1362 2601 displiceudum
1390 2548 1404 2583 :
1437 2540 1497 2586 ut
1525 2534 1619 2603 qui
1649 2534 1813 2588 modo

208 2634 306 2676 non
334 2622 527 2692 placet
577 2632 805 2693 propter
846 2621 1126 2694 Evangelii
1182 2625 1497 2690 veritatem,
1551 2628 1814 2695 placuerit

205 2714 463 2783 quondam
504 2713 578 2770 ob
607 2714 845 2769 salutem
877 2714 1268 2786 plurimorum.
1299 2715 1586 2771 Placuerat
1614 2717 1812 2774 Paulus

206 2804 490 2877 aliquando
528 2805 762 2873 ludatis,
792 2821 916 2862 cum
948 2809 1236 2864 tetitnlator
1268 2811 1511 2865 existens
1552 2826 1811 2882 paterna-

208 2910 318 2953 rum
348 2898 738 2966 traditionum,
768 2899 887 2955 sine
914 2902 1136 2973 querela
1166 2910 1291 2957 ante
1321 2904 1375 2957 in
1409 2904 1527 2974 lege
1566 2918 1815 2962 versatus

209 2999 285 3046 est
305 3008 320 3045 :
344 3000 403 3048 et
430 3002 651 3048 tantum
678 2991 871 3049 habuit
896 2993 951 3049 in
978 2995 1249 3066 majorum
1280 2999 1631 3053 caeremoniis
1653 2999 1816 3056 ardo-

209 3082 278 3140 ris
301 3095 353 3141 et
381 3085 539 3154 ﬁdei,
574 3096 635 3142 ut
668 3087 723 3141 in
747 3085 1009 3156 Stephani
1038 3102 1174 3143 noce
1201 3090 1474 3160 particeps
1503 3089 1671 3147 fuerit
1702 3090 1811 3165 [ΑΙ.

210 3176 404 3250 ﬁeret],
451 3188 512 3234 et
562 3177 890 3233 Damascum
928 3180 1239 3250 porrexerit
1275 3182 1342 3236 ad
1368 3197 1487 3250 eos,
1518 3183 1610 3254 qui
1638 3199 1666 3237 a
1700 3187 1815 3255 lege

209 3265 569 3335 desciverant,
609 3268 929 3327 vinciendos
982 3270 1199 3343 (Actor.
1237 3272 1344 3346 Ix).
1378 3273 1492 3330 Sed
1533 3250 1814 3348 postquam
1846 3250 1892 3317 ϐ

211 3360 262 3417 in
302 3379 396 3421 vas
450 3365 752 3421 electionis
797 3365 868 3421 de
908 3378 1263 3436 persecutore
1304 3371 1598 3427 translatus
1628 3385 1731 3437 est,
1764 3386 1819 3430 et

215 3457 369 3528 cepit
398 3457 715 3529 praedicare
744 3457 930 3525 ﬁdem,
961 3474 1125 3531 quam
1156 3464 1434 3531 quondam
1471 3480 1821 3537 expugnave-

212 3559 306 3615 rat,
331 3550 501 3621 cmpit
524 3551 737 3622 pariter
760 3550 1055 3623 displicere
1074 3551 1302 3619 Judaais,
1326 3555 1532 3626 quibus
1560 3569 1685 3614 ante
1715 3559 1821 3627 pla-

208 3651 404 3697 onerat.
423 3642 548 3699 Hoc
572 3655 655 3699 est
672 3657 807 3715 ergo
827 3643 969 3715 quod
988 3646 1092 3700 ait:
1119 3645 1389 3717 Numquid
1415 3665 1600 3718 quaero
1621 3651 1820 3707 Iudaeis

210 3733 439 3805 placere,
468 3734 677 3807 quibus
701 3734 1066 3806 displicendo,
1088 3738 1201 3796 Deo
1229 3740 1442 3809 placui?
1463 3742 1519 3799 Si
1543 3745 1687 3800 enim
1713 3747 1821 3804 illis

209 3824 498 3897 placerem,
520 3828 708 3884 adhuc
720 3828 923 3885 Christi
942 3847 1132 3886 servus
1147 3848 1251 3888 non
1274 3849 1476 3889 essem.
1501 3839 1819 3894 Assererem

210 3920 399 3991 quippe
419 3922 631 3991 legem,
657 3930 712 3977 et
734 3922 1011 3993 Evangelii
1032 3926 1267 3995 gratiam
1284 3927 1642 3987 destruerem.
1669 3932 1823 3988 Nune

216 4021 385 4068 autem
411 4022 711 4085 propterea
745 4030 847 4069 nec
879 4016 931 4069 in
959 4016 1361 4074 simulationem
1394 4023 1611 4091 quidem
1636 4026 1823 4080 obser-

209 4105 388 4161 vanda
402 4105 547 4178 legis
569 4106 843 4162 adducor:
862 4110 986 4178 quia
1004 4126 1110 4165 non
1126 4128 1266 4177 queo
1285 4111 1393 4185 (At.
1411 4116 1617 4190 quzero]
1638 4130 1690 4174 et
1709 4119 1824 4174 Deo

210 4196 414 4267 placere
450 4199 669 4272 pariter
700 4210 757 4256 et
778 4200 1011 4269 Judmis;
1050 4205 1245 4276 quibus
1271 4209 1594 4282 quicumque
1627 4214 1821 4282 placet,

215 4290 321 4350 Deo
386 4295 669 4367 displicet.
745 4295 925 4368 Ipsum
989 4315 1205 4370 quoque
1247 4306 1472 4359 verbum
1499 4346 1516 4373 ,
1561 4308 1780 4363 suadere
1807 4353 1821 4377 ,

210 4384 273 4443 tle
294 4386 540 4445 humano
569 4404 672 4445 usu
702 4400 977 4461 sumptum
1009 4402 1116 4457 est,
1144 4411 1265 4448 cum
1294 4398 1414 4466 quis
1445 4398 1499 4452 id
1526 4402 1671 4470 quod
1703 4403 1822 4470 ipse

211 4478 384 4549 habet,
412 4493 472 4541 et
501 4485 678 4539 semel
704 4484 938 4549 imbibit,
970 4488 1134 4541 etiam
1169 4494 1386 4544 caeteris
1417 4503 1646 4548 conatur
1672 4496 1824 4550 inse-

213 4577 533 4633 rere:etin
568 4577 818 4646 plurimis
855 4579 1256 4650 Scripturarum
1308 4584 1442 4638 locis
1488 4586 1701 4657 legitur,
1755 4607 1820 4645 ex

1914 1961 2219 2032 cognovit?
2244 1963 2325 2016 Ad
2350 1961 2494 2033 quod
2527 1963 3009 2033 respondebimus,
3034 1979 3131 2020 eos
3160 1964 3252 2033 qui
3294 1973 3522 2035 possunt

1914 2056 2144 2113 dicere:
2179 2058 2260 2112 An
2290 2058 2704 2128 experimentum
2752 2062 2866 2130 ejus
2914 2061 3168 2130 qnwritis,
3198 2061 3289 2132 qui
3336 2060 3390 2114 in
3439 2074 3521 2114 me

1913 2151 2139 2223 loquitur
2188 2151 2425 2207 Christus
2469 2154 2536 2221 (ΙΙ
2582 2151 2703 2208 Cor.
2736 2153 2982 2226 xut,5)?
3011 2154 3124 2209 Et:
3171 2153 3296 2209 Vivo
3346 2165 3518 2210 autem

1904 2247 2024 2317 jam
2045 2262 2146 2300 non
2178 2262 2294 2318 ego,
2323 2247 2443 2300 vivit
2484 2259 2658 2302 autem
2713 2249 2769 2300 in
2824 2264 2904 2302 me
2947 2246 3187 2303 Christus
3217 2248 3423 2318 (Colat.
3456 2264 3517 2320 tt,

1904 2337 2030 2410 20),
2059 2355 2171 2395 non
2205 2351 2309 2394 tam
2334 2341 2483 2408 ipsos
2513 2340 2734 2404 ducere,
2763 2357 2926 2411 quam
2959 2343 3015 2395 in
3049 2343 3180 2412 ipsis
3214 2343 3519 2411 Deum,qui

1915 2433 1984 2487 ad
2007 2442 2226 2488 sanctos
2251 2434 2534 2502 loquatur:
2559 2430 2673 2505 Ego
2703 2434 2839 2503 dixi,
2863 2435 2939 2487 dii
2961 2434 3104 2500 estis,
3131 2442 3180 2489 et
3207 2434 3309 2505 ﬁlii
3330 2436 3520 2490 excelsi

1915 2539 2088 2578 omnes
2112 2522 2228 2597 (Ps.
2251 2539 2431 2590 txxxt,
2454 2525 2532 2592 6);
2556 2535 2613 2581 et
2637 2525 2818 2582 statim
2849 2527 2919 2583 de
2945 2530 3336 2598 peccatoribus
3364 2548 3380 2585 :
3411 2529 3518 2584 Vos

1915 2626 2089 2671 autem
2104 2626 2158 2671 ut
2186 2616 2420 2673 homines
2438 2618 2748 2686 moriemini,
2773 2628 2817 2674 ct
2837 2628 3103 2692 tamquam
3131 2638 3265 2676 unus
3286 2622 3351 2678 de
3371 2625 3521 2696 priu-

1917 2712 2113 2785 cipibus
2133 2713 2347 2768 cadetis.
2375 2714 2514 2768 Cum
2540 2714 2703 2785 igitur
2727 2714 2926 2771 Paulus
2951 2716 3193 2787 loquitur
3216 2730 3273 2774 et
3296 2718 3512 2791 Petrus,

1919 2806 2011 2876 qui
2045 2820 2152 2860 nou
2199 2806 2508 2861 moriuntur
2560 2815 2621 2860 ιιι
2665 2807 2917 2864 homines
2970 2824 3150 2880 neque
3182 2818 3239 2864 ut
3277 2826 3419 2867 unus
3448 2810 3520 2867 de

1918 2894 2255 2967 principibus
2310 2907 2596 2964 corruunt,
2643 2897 2777 2954 deos
2827 2914 2923 2954 eos
2969 2914 3113 2967 esse,
3165 2901 3515 2959 manifestum

1917 2995 2021 3044 est.
2052 2988 2157 3058 Qui
2186 3000 2367 3045 autem
2397 2989 2472 3045 dii
2513 3000 2661 3055 sunt,
2696 2991 2917 3047 tradunt
2939 2992 3036 3049 Dei
3064 2994 3438 3067 Evangelium,
3462 3006 3520 3052 et

1918 3099 2026 3138 non
2060 3082 2321 3139 hominis.
2347 3084 2585 3139 Marcion
2619 3095 2675 3140 et
2707 3084 2973 3141 Basilides
3008 3094 3065 3141 et
3088 3096 3310 3144 cretei-aa
3339 3088 3514 3145 hare-

1921 3176 2154 3230 ticorum
2184 3187 2385 3246 pestes,
2421 3192 2528 3231 non
2572 3176 2778 3232 habent
2824 3177 2918 3233 Dei
2960 3178 3359 3251 Evangelium;
3390 3180 3516 3249 quia

1923 3283 2029 3322 nou
2070 3268 2272 3323 habent
2308 3268 2577 3338 Spiritum
2610 3280 2882 3336 sanctum,
2916 3270 3038 3327 sine
3063 3287 3174 3343 quo
3217 3271 3516 3330 humanum

1923 3363 1984 3417 lit
2006 3361 2383 3432 Evangelinnt,
2406 3363 2550 3434 quod
2576 3363 2823 3419 ducetur.
2847 3363 2956 3420 Nec
2979 3375 3234 3434 putemus
3265 3364 3317 3420 in
3342 3365 3524 3422 verbis

1922 3454 2339 3527 Scripturarum
2377 3472 2500 3513 esse
2532 3457 2914 3529 Evangelium,
2944 3458 3042 3514 sed
3084 3459 3138 3513 in
3168 3474 3334 3515 sensu
3362 3479 3374 3517 :
3410 3476 3522 3517 non

1924 3554 1977 3604 in
2005 3549 2315 3619 superﬁcie,
2344 3550 2440 3605 sed
2482 3552 2535 3606 in
2569 3553 2842 3620 medulla;
2872 3568 2979 3609 non
3012 3556 3065 3608 in
3099 3568 3416 3612 sermonum
3445 3556 3526 3613 io-

1924 3642 2035 3709 liis,
2063 3642 2159 3697 sed
2204 3642 2256 3697 iu
2313 3645 2495 3700 radice
2541 3646 2795 3700 rationis.
2833 3646 3040 3702 Dicitur
3070 3648 3124 3702 in
3158 3649 3425 3720 propheta
3456 3650 3525 3707 de

1923 3732 2038 3789 Deo
2065 3752 2079 3789 :
2110 3733 2388 3791 Sermones
2417 3738 2531 3809 ejus
2567 3735 2688 3792 boni
2728 3752 2850 3792 sunt
2890 3754 3009 3793 cum
3038 3756 3097 3794 eo
3127 3738 3315 3813 (Mich.
3351 3756 3411 3804 ll,
3441 3741 3522 3811 7).

1923 3824 2077 3882 Tunc
2107 3826 2383 3897 Scriptura
2419 3827 2568 3883 utilis
2616 3837 2700 3884 est
2745 3831 3121 3898 audientibus,
3153 3848 3278 3886 cum
3316 3832 3521 3903 absque

1923 3918 2142 3977 Christo
2173 3938 2280 3978 non
2314 3933 2335 3963 ο
2369 3923 2595 3993 dicitur,
2622 3940 2746 3980 cum
2792 3930 2999 3997 absque
3048 3935 3200 3997 patre
3240 3942 3350 3982 non
3394 3943 3525 3997 pro-

1924 4016 2113 4085 fertur,
2144 4031 2266 4072 cum
2294 4018 2416 4073 sine
2456 4017 2663 4087 Spiritu
2697 4034 2803 4075 non
2837 4035 2955 4075 eam
3003 4020 3247 4076 insinuat
3296 4022 3391 4077 ille
3431 4021 3524 4093 qui

1926 4107 2207 4177 prtedicat.
2240 4108 2491 4180 Alioquin
2520 4117 2576 4164 et
2599 4110 2852 4166 diabolus
2884 4112 2975 4183 qui
3002 4112 3247 4184 loquitur
3272 4114 3341 4171 de
3367 4114 3522 4171 Scri-

1925 4201 2131 4271 pluris,
2191 4210 2247 4257 et
2290 4218 2482 4259 omnes
2532 4205 2771 4261 brut-eses
2818 4207 3117 4263 secundum
3172 4209 3521 4268 Ezechielem

1927 4293 2081 4367 (Cap.
2114 4295 2230 4367 χιιι)
2257 4298 2385 4352 inde
2406 4299 2508 4353 sibi
2533 4313 2807 4355 consnunt
2833 4304 3144 4370 cervicalia,
3171 4322 3292 4378 quae
3322 4319 3527 4378 ponant

1927 4387 2030 4441 sub
2070 4387 2256 4442 cubito
2305 4389 2572 4445 universa:
2618 4392 2815 4448 :rtatis.
2854 4392 2969 4464 Ego
3018 4410 3234 4467 quoque
3280 4398 3398 4469 ipse
3436 4399 3525 4470 qui

1927 4480 2145 4548 loquor,
2176 4481 2219 4533 si
2248 4476 2523 4535 Christum
2552 4482 2715 4540 inme
2744 4485 2941 4551 habeo,
2979 4502 3083 4541 non
3132 4487 3310 4546 habeo
3342 4488 3523 4546 Evan-

1926 4572 2126 4640 gelinm
2174 4573 2445 4640 hominis;
2492 4575 2539 4629 si
2589 4585 2770 4631 autem
2829 4590 3087 4648 peccator
3143 4597 3288 4651 sum,
3330 4582 3531 4639 dicitur

210 4669 399 4737 quibus
449 4669 588 4726 illud
613 4679 701 4726 est
724 4688 741 4727 :
772 4671 962 4727 Suasio
988 4691 1091 4729 non
1113 4687 1187 4729 est
1208 4693 1273 4731 ea:
1298 4694 1356 4733 eo
1382 4681 1473 4752 qui
1504 4685 1699 4737 t-ocavit
1732 4702 1814 4739 res

1932 4663 2063 4717 mihi
2091 4679 2105 4718 :
2140 4663 2409 4719 Peccatori
2452 4667 2585 4722 dixit
2613 4667 2754 4724 Deus
2775 4688 2794 4725 :
2828 4671 3004 4739 Quare
3051 4682 3106 4727 tu
3132 4691 3346 4730 enarras
3363 4679 3532 4748 justi-

212 4756 353 4829 (σαι.
382 4777 437 4828 v,
474 4760 563 4833 8).
591 4760 815 4818 Necnon
848 4775 902 4819 et
932 4764 985 4820 in
1016 4766 1246 4823 Aetihus
1269 4773 1641 4839 apostolorum
1668 4794 1680 4831 :
1723 4776 1823 4831 Ve-

211 4865 389 4908 nerunt
428 4871 558 4925 ergo
577 4854 649 4909 ad
668 4871 789 4910 eum
812 4854 991 4913 Iudici
1014 4861 1068 4914 in
1096 4865 1375 4935 hospitium
1404 4868 1552 4921 multi
1582 4884 1602 4923 :
1631 4871 1819 4941 quibus

213 4948 519 5019 exponebat,
549 4947 579 4989 δ
619 4960 915 5005 contestans
958 4953 1031 5007 eis
1073 4969 1286 5025 regnum
1335 4957 1456 5026 Dei,
1502 4963 1828 5034 suadensqve

214 5041 280 5095 eis
314 5042 377 5096 de
398 5039 557 5108 Iesu,
581 5058 647 5097 ea:
678 5041 814 5111 large
849 5041 1011 5115 lloysi
1038 5056 1084 5100 et
1122 5047 1399 5117 Prop/ictis
1424 5069 1590 5124 usque
1617 5055 1685 5109 ad
1715 5072 1823 5110 vrs-

215 5148 409 5201 peram.
444 5134 570 5190 Hoc
595 5144 776 5190 autem
818 5146 993 5191 totum
1047 5139 1192 5205 ideo,
1243 5146 1368 5211 quia
1415 5144 1820 5203 disseminatum

217 5222 320 5297 [ΔΙ.
349 5226 722 5301 diffamatum]
772 5229 841 5283 tle
891 5245 957 5285 eo
986 5232 1189 5300 luerat,
1214 5238 1425 5292 occulte
1453 5240 1602 5293 illum
1634 5253 1820 5297 custo-

218 5315 327 5373 dire
354 5317 590 5391 Legem,
619 5330 675 5375 et
707 5322 759 5375 in
788 5320 1145 5396 Jeromlymis
1172 5343 1294 5384 eum
1332 5328 1414 5385 his
1445 5332 1534 5402 qui
1579 5333 1762 5404 judaiz
1782 5358 1823 5389 :-

218 5409 365 5480 bant,
395 5414 744 5470 consortium
774 5417 1081 5475 miscuisse.

289 5650 316 5679 ⁸³
344 5643 499 5729 Idem
528 5662 666 5729 ηις..
692 5663 755 5701 rx
784 5666 842 5729 ea
874 5648 1126 5729 chari‘ate
1159 5672 1258 5710 non
1284 5661 1487 5729 quatrit.
1543 5676 1647 5718 etc.
1704 5666 1821 5723 Mog

226 5712 275 5775 in
294 5730 413 5793 uno
438 5712 822 5784 Cistereiensi,
853 5718 1015 5793 place:
1046 5712 1337 5783 hominibus
1360 5712 1413 5783 nt
1440 5712 1721 5791 ἀεξίυξιίίηνξ

294 5785 322 5874 ξ
351 5789 474 5874 Quo
501 5803 662 5874 ιιιειι.³
691 5785 983 5874 contestans
1013 5813 1096 5849 cos
1124 5799 1188 5874 tle
1218 5817 1374 5874 regno
1404 5802 1519 5859 Dei.

296 5856 755 5939 Citeponeodutn
816 5861 1044 5931 fortasse
1096 5870 1189 5943 sit,
1221 5856 1632 5937 eiicitursblox
1684 5896 1822 5949 unus

1929 4760 2028 4813 tias
2071 4776 2212 4814 meas
2252 4776 2270 4814 :
2321 4769 2368 4815 ct
2419 4763 2639 4818 assumis
2688 4765 2744 4818 in
2790 4766 2941 4820 labiis
2991 4770 3094 4821 tuis
3149 4768 3532 4825 Testamentum

1928 4854 2141 4907 meum?
2168 4851 2246 4906 Tu
2275 4863 2448 4908 autem
2478 4854 2640 4909 odisti
2666 4857 3017 4931 disciplinam,
3052 4872 3100 4914 et
3133 4866 3400 4937 projecisti
3422 4880 3536 4920 rer-

1930 4943 1995 4997 ba
2024 4961 2134 4999 nica
2163 4955 2277 5014 post
2306 4955 2354 5000 te
2380 4945 2499 5019 (Ps.
2531 4964 2679 5014 xux,
2710 4950 2797 5019 16,
2829 4953 2937 5022 l7).
2972 4963 3028 5007 et
3055 4966 3257 5010 caetera
3292 4975 3409 5026 qua:
3441 4973 3533 5012 se-

1930 5047 2195 5106 quuntur.
2229 5036 2449 5094 Grande
2471 5040 2776 5108 periculum
2798 5054 2880 5097 est
2916 5043 2967 5098 in
2996 5046 3238 5101 Ecclesia
3272 5049 3533 5117 loqui,ne

1931 5129 2074 5184 forte
2104 5129 2557 5200 interpretatione
2588 5137 2955 5205 perversa,de
2977 5138 3270 5209 Evangelia
3299 5138 3528 5208 Christi,

1932 5223 2171 5280 hominis
2196 5224 2359 5297 387
2392 5226 2484 5281 ﬁat
2525 5227 2922 5299 Evangelium:
2957 5242 3049 5287 aut
3072 5234 3215 5303 quod
3249 5233 3405 5304 pejus
3424 5247 3531 5304 est,

1931 5316 2151 5373 diaboli.
2186 5319 2330 5373 Inter
2353 5320 2603 5388 accipere
2630 5331 2835 5390 autem,
2868 5332 2924 5377 et
2960 5324 3197 5393 discere,
3227 5325 3330 5381 hoc
3362 5329 3538 5385 inter-

1930 5422 2035 5478 cst,
2068 5413 2212 5483 quod
2246 5413 2340 5469 ille
2373 5414 2573 5482 accipit
2619 5416 2996 5487 Evangelium,
3022 5420 3108 5473 cui
3142 5420 3373 5488 primum
3398 5421 3536 5479 insi-

1931 5515 2133 5561 nuatur
2154 5547 2169 5572 ,
2200 5517 2255 5561 et
2278 5506 2345 5560 ad
2372 5507 2528 5561 ﬁdem
2559 5507 2676 5577 ejus
2703 5509 3013 5576 adducitur,
3048 5522 3104 5565 ιιι
3131 5514 3322 5569 credat
3351 5529 3533 5572 veSIra

1936 5666 2317 5744 gisterciens.,
2351 5685 2452 5744 non
2511 5669 3035 5744 p.opltctalnr,‘pro
3093 5689 3197 5727 non
3253 5674 3539 5744 profertur.

1934 5739 2000 5824 Et
2028 5743 2194 5824 paulo
2219 5754 2359 5809 post,
2389 5741 2619 5813 alioquin
2654 5751 2699 5795 et
2736 5739 2977 5795 ill-"."l.'lll5
3008 5739 3329 5818 lorlnitnr‘de
3352 5739 3539 5824 Scrip-

1934 5820 2086 5880 turis,
2120 5824 2227 5871 etc.
