3978 6338
423 410 532 469 595

1679 407 1740 463 S.
1781 400 2053 464 EUSEBII
2090 404 2480 464 HIERONYMI

3624 388 3728 471 ast

422 542 546 582 esse
587 541 707 597 quze
738 522 945 597 sr-ripta
988 535 1133 582 sunt.
1162 504 1328 579 Discit
1359 532 1538 577 autem
1578 521 1647 589 is,
1677 522 1767 593 qui
1811 501 1872 577 ea
1902 518 2024 593 qua:
2051 520 2099 580 A
2129 519 2396 575 Judaismi
2426 521 2725 577 acerrimus
2753 521 3096 591 defensator,
3128 523 3196 581 ad
3226 522 3428 582 Christi
3462 526 3622 582 ﬁdem
3649 544 3734 585 re-

425 620 478 675 iu
514 619 611 674 illo
637 635 736 690 per
762 621 1050 691 aenigmata
1083 627 1138 673 et
1165 617 1450 689 parabolas
1486 615 1717 687 ﬁgurata
1746 625 1892 680 sunt,
1925 630 2020 669 ex-

423 710 642 783 planata
693 721 746 767 et
789 712 1020 767 disserta
1065 711 1345 779 cognoscit
1382 728 1395 764 :
1433 717 1459 746 ι
1491 717 1546 764 ct
1583 710 1881 779 cognoscit,
1916 723 2023 763 non

426 804 645 861 homine
672 808 953 861 revelante
998 804 1091 860 sed
1126 805 1371 867 Christo,
1402 805 1492 875 qui
1532 803 1800 860 revelavit
1831 803 2026 864 Paulo,

422 897 452 939 δ
488 908 583 955 aut
637 916 731 971 per
777 900 1028 963 Paulum,
1065 900 1115 954 in
1164 917 1273 972 quo
1315 900 1558 969 loquitur
1588 898 1862 953 Christus.
1893 896 2031 952 Vero

425 992 551 1049 bum
586 1009 807 1065 quoque
833 994 1006 1064 ipsum
1037 993 1433 1067 ἀποκαλύψεως,
1461 991 1512 1047 id
1538 1000 1644 1058 est,
1676 990 2022 1057 reuelationis,

431 1088 650 1157 proprie
678 1087 1089 1158 Scripturarum
1134 1099 1238 1148 est.
1270 1097 1323 1142 ct
1350 1105 1380 1142 a
1413 1086 1564 1163 nullo
1592 1084 1897 1153 sapientum
1924 1099 2029 1139 sa:-

431 1179 539 1234 culi
587 1179 730 1248 apud
774 1179 999 1236 Gru‘cos
1044 1188 1384 1251 usurpatum.
1426 1178 1582 1235 Unde
1618 1178 1749 1233 tnihi
1778 1176 2029 1232 videnlur

426 1266 893 1343 quemadiiiodum
942 1270 993 1324 in
1047 1270 1166 1324 aliis
1212 1271 1412 1336 verbis,
1441 1284 1562 1342 qua:
1596 1270 1663 1326 dc
1703 1269 1934 1325 llebra‘o
1972 1268 2025 1323 in

425 1367 677 1425 Grarcum
727 1366 1085 1439 Septuaginta
1136 1348 1466 1436 interpretes
1514 1367 1929 1430 transtulerunt,
1957 1365 2029 1419 ita

424 1471 478 1518 et
507 1462 560 1519 in
590 1460 695 1516 hoc
726 1475 1060 1531 magnopere
1088 1473 1213 1514 esse
1242 1469 1487 1525 conatos,
1521 1466 1579 1513 ut
1622 1458 2018 1528 proprietatem

427 1554 701 1626 peregrini
744 1552 1016 1607 sermonis
1047 1552 1451 1622 exprimerent,
1486 1566 1623 1605 nova
1676 1550 1835 1605 novis
1864 1550 2029 1604 rebus

427 1645 593 1699 verba
624 1643 890 1715 ﬁngentes
924 1653 1015 1697 :et
1057 1658 1284 1711 sonare,
1315 1659 1436 1697 cutn
1468 1642 1595 1713 quid
1620 1651 1820 1696 lectum
1857 1656 1907 1696 et
1942 1658 2030 1696 γυ·-

427 1736 621 1799 latum,
673 1736 855 1790 ablato
905 1734 1144 1802 desuper
1191 1737 1559 1805 operimento,
1613 1734 1918 1788 ostenditur
1975 1744 2030 1788 et

432 1830 706 1905 profertur
730 1830 783 1886 in
811 1831 1011 1886 lucem.
1049 1828 1162 1885 lluc
1201 1840 1258 1882 ut
1282 1830 1617 1883 manifestius
1653 1829 1764 1891 ﬁat,
1798 1828 2029 1897 accipite

2130 623 2294 683 petite
2326 630 2628 670 conversus
2659 618 2750 671 sit.
2776 617 2843 672 Et
2875 616 2979 673 hoc
3006 632 3073 674 eo
3114 628 3361 689 tempore
3403 635 3514 690 quo
3548 622 3732 676 cruci-

2132 709 2271 763 ﬁxus
2302 710 2531 778 primum
2559 710 2982 766 annuntiabatur
3012 713 3064 766 in
3111 711 3345 778 mundo;
3372 729 3479 783 quo
3520 729 3728 769 novum

2131 802 2324 872 dogma
2348 812 2404 857 et
2431 820 2463 858 a
2504 804 2759 874 gentibus
2789 816 2843 859 et
2874 821 2902 859 a
2930 805 3134 861 Judazis
3166 808 3335 862 totius
3356 808 3507 862 orbis
3534 808 3737 863 ﬁnibus

2135 896 2455 964 pellebatur.
2488 898 2676 955 Dicere
2694 900 2839 954 enim
2866 910 3158 970 poterant:
3182 900 3239 956 Si
3265 901 3360 956 ille
3382 900 3475 970 qui
3505 919 3533 954 a
3565 902 3730 972 parva

2130 999 2291 1046 astate
2344 991 2743 1049 Pharisaeorum
2795 994 3079 1050 inStitutus
3118 1005 3203 1051 est
3256 994 3597 1065 disciplinis,
3642 994 3733 1066 qui

2130 1099 2321 1139 omnes
2347 1095 2656 1142 coretaneos
2684 1102 2816 1142 suos
2847 1089 2900 1142 in
2927 1086 3157 1143 Judaica
3185 1086 3482 1143 traditione
3502 1100 3735 1157 supera-

2134 1178 2246 1245 bat,
2278 1195 2423 1236 nunc
2449 1180 2695 1237 defendit
2738 1182 3067 1247 Ecclesiam,
3096 1198 3259 1253 quam
3290 1183 3567 1253 quondam
3602 1182 3738 1238 vali-

2133 1271 2362 1329 dissime
2394 1276 2858 1345 persequebatur;
2888 1283 2946 1332 et
2975 1275 3146 1346 magis
3179 1274 3382 1332 Christi
3425 1273 3657 1347 gratiam
3683 1283 3742 1332 et

2133 1365 2431 1422 novitatem
2465 1367 2584 1423 vult
2620 1367 2825 1425 habere
2858 1384 2981 1424 cum
3020 1369 3224 1425 invidia
3267 1370 3536 1437 omnium,
3571 1382 3740 1442 quam

2134 1468 2465 1526 vetustatem
2496 1460 2657 1532 Legis
2686 1478 2809 1517 cum
2837 1463 2996 1518 laude
3018 1465 3347 1519 multorum:
3372 1464 3506 1533 quid
3537 1479 3638 1519 nos
3659 1463 3742 1519 l'a-

2133 1571 2259 1610 cere
2292 1564 2533 1627 oportet,
2560 1556 2653 1627 qui
2684 1572 2750 1613 ex
2780 1559 3084 1628 gentilitate
3114 1573 3239 1613 esse
3259 1558 3526 1634 coepimus
3546 1558 3740 1614 Chris-

2136 1646 2303 1703 tiani?
2336 1648 2566 1703 Pulchre
2594 1666 2724 1704 vero
2750 1649 3041 1719 adjnnxit:
3077 1650 3257 1720 Supra
3307 1651 3521 1705 modum
3557 1665 3745 1722 perse-

2133 1741 2325 1808 qttebar
2355 1739 2645 1797 Ecclesiam
2678 1741 2796 1809 Dei,
2832 1749 2974 1796 utet
3014 1741 3142 1797 hinc
3182 1758 3403 1814 quoque
3443 1742 3743 1800 admiratio

2137 1845 2478 1901 nasceretur,
2505 1835 2648 1907 quod
2672 1851 2783 1890 non
2815 1845 2838 1873 ο
2872 1836 3245 1908 unusquisque
3270 1836 3341 1893 de
3367 1836 3454 1893 bis
3479 1839 3573 1908 qui
3605 1836 3744 1894 levi-

430 1924 763 1994 exemplum.
796 1924 1013 1995 Moyses
1044 1940 1163 1978 cum
1189 1923 1303 1977 Deo
1328 1922 1563 1976 revelata
1596 1932 1651 1976 et
1673 1932 1860 1990 aperta
1892 1920 2027 1975 facie
2066 1916 2108 1974 Β
2137 1937 2219 1981 ter
2243 1929 2715 1999 persequebantur
2751 1929 3052 1986 Ecclesiam
3083 1948 3097 1983 :
3130 1930 3227 1986 sed
3256 1930 3349 1985 ille
3378 1932 3471 2001 qui
3499 1940 3746 1990 ceteros

434 2019 759 2091 loquebatur
808 2018 1005 2092 (Exod.
1062 2034 1257 2080 χχχιιι,
1315 2016 1525 2086 xxxrv),
1566 2015 1620 2071 id
1678 2023 1787 2081 cst,
1829 2017 2030 2085 alisque

433 2113 712 2169 velamine
743 2113 846 2167 :ad
879 2111 1139 2183 populum
1174 2122 1355 2166 autem
1392 2111 1647 2180 loquens,
1680 2108 1803 2180 quia
1833 2109 1885 2162 in
1916 2108 2033 2161 vul—

437 2220 548 2262 tum
582 2207 702 2276 ejus
731 2205 1018 2260 attendere
1060 2219 1166 2259 non
1202 2203 1479 2268 valebant,
1506 2202 1752 2256 velamen
1796 2202 2033 2270 ponebat

436 2296 491 2354 in
526 2298 663 2353 facie
694 2295 885 2371 (Nunt.
913 2299 1008 2368 tv).
1046 2297 1184 2351 Ante
1224 2296 1420 2351 Arcam
1458 2310 1674 2366 quoque
1699 2292 2032 2348 Testamenti

438 2384 563 2447 velti
590 2411 619 2443 ιι
659 2406 959 2461 oppansum
989 2397 1105 2444 erat
1137 2406 1149 2441 :
1177 2386 1321 2457 quod
1344 2402 1466 2443 cum
1496 2387 1689 2441 fuisset
1721 2386 2030 2451 reductum,

438 2500 500 2540 ca
527 2502 645 2554 qttze
675 2492 802 2539 ante
838 2483 1157 2537 abscondita
1189 2481 1426 2547 fuerant,
1454 2479 1865 2551 prodebantur:
1895 2490 1947 2534 et
1976 2488 2035 2533 ut

442 2577 561 2649 ipso
593 2577 762 2633 verbo
803 2585 956 2641 utar,
989 2574 1373 2630 revelabantur.
1407 2573 1463 2631 Si
1512 2575 1692 2644 itaque
1724 2573 1780 2628 hi
1812 2573 1902 2644 qtti
1951 2572 2033 2627 di-

440 2676 620 2725 sertds
647 2670 829 2725 saeculi
877 2656 1063 2742 legere
1108 2667 1836 2738 consueverunt,coeperint
1876 2666 2037 2722 nobis

440 2764 507 2820 de
552 2764 791 2820 novitate
832 2772 886 2819 et
928 2761 1138 2819 vilitate
1169 2761 1438 2818 sermonis
1478 2759 1727 2830 illudere,
1759 2760 2036 2815 mittamus

440 2876 537 2915 cos
565 2859 633 2915 ad
674 2857 958 2914 Ciceronis
998 2857 1187 2922 libros,
1218 2856 1310 2927 qui
1340 2856 1410 2911 de
1439 2855 1830 2925 qtuesuonibus
1863 2854 2036 2925 philo-

440 2955 649 3024 sophiae
686 2962 1092 3023 praenotantur:
1122 2962 1177 3007 et
1218 2952 1463 3017 videant,
1492 2958 1691 3019 quanta
1733 2950 1804 3005 ibi
1850 2965 2040 3006 ncces-

439 3047 603 3121 sitate
631 3046 948 3116 compulsus
980 3045 1069 3110 sit,
1104 3052 1251 3099 tanta
1283 3044 1571 3099 verborum
1614 3050 1866 3113 portenta
1905 3058 2035 3113 pro-

443 3141 611 3207 ferre,
641 3157 761 3212 quae
796 3155 1093 3210 numquam
1126 3138 1308 3194 Latini
1344 3138 1581 3193 hominis
1608 3138 1761 3193 auris
1788 3137 2033 3192 audivit:

440 3248 494 3293 et
519 3236 621 3291 hoc
644 3252 766 3291 cum
795 3234 864 3290 de
892 3233 1106 3301 Grteco,
1132 3250 1252 3304 (ltiti:
1292 3233 1473 3303 lingua
1517 3233 1696 3287 vicina
1728 3241 1831 3299 est,
1862 3243 2036 3287 trans-

2135 2022 2188 2076 iu
2221 2023 2603 2092 persecutione
2630 2023 2903 2090 vincebat,
2931 2039 3233 2080 conversus
3255 2025 3323 2080 ad
3358 2024 3523 2092 ﬁdem
3550 2026 3647 2081 sit.
3674 2026 3749 2082 Et

2137 2116 2441 2186 prudenter
2460 2116 2588 2172 dum
2616 2117 2762 2173 aliud
2790 2127 3000 2185 narrat,
3036 2119 3320 2176 interserit
3358 2134 3467 2176 non
3496 2129 3608 2176 tam
3638 2120 3747 2177 Dei

2135 2224 2196 2264 se
2235 2208 2469 2265 servisse
2496 2208 2650 2280 Legi,
2686 2227 2846 2280 quam
2879 2212 3152 2282 paternis,
3186 2210 3241 2266 id
3284 2219 3393 2278 est,
3419 2210 3747 2269 Pharisae-

2137 2317 2255 2357 rutn
2284 2301 2701 2369 traditionibus;
2746 2304 2837 2374 qui
2870 2303 3072 2360 docent
3092 2304 3373 2361 doctrinas
3402 2313 3460 2361 et
3482 2305 3749 2363 mandata

2139 2393 2420 2451 hominum
2444 2382 2661 2468 (Matth.
2688 2412 2791 2462 xv;
2822 2397 2991 2451 Marc.
3024 2395 3153 2470 vn);
3179 2408 3236 2453 et
3262 2398 3519 2469 rejiciunt
3538 2398 3746 2471 Legem

2137 2488 2257 2557 Dei,
2290 2498 2351 2543 ut
2377 2498 2624 2544 statuant
2663 2489 2830 2561 339
2859 2489 3186 2545 traditiones
3225 2505 3379 2546 suas.
3409 2490 3583 2560 Quam
3623 2492 3754 2563 pul-

2139 2580 2268 2637 chra
2312 2591 2499 2636 autem
2539 2581 2850 2637 observatio
2893 2582 3217 2654 pondusque
3259 2582 3555 2640 verborum
3593 2585 3753 2641 :Au-

2139 2674 2283 2742 ditis,
2308 2676 2506 2747 inquit,
2530 2677 2972 2732 conuersationem
3024 2694 3193 2732 meant
3232 2678 3521 2750 aliquando
3558 2680 3617 2733 in
3643 2678 3752 2734 Ju-

2141 2767 2363 2833 daismo,
2404 2770 2915 2836 conversationem,
2949 2784 3056 2826 non
3104 2771 3339 2842 gratiam
3377 2790 3391 2827 :
3433 2772 3747 2844 aliquando,

2141 2874 2251 2914 non
2282 2858 2448 2915 modo
2474 2878 2487 2914 :
2516 2860 2569 2914 in
2597 2859 2901 2928 Judaismo,
2935 2876 3042 2917 non
3084 2863 3139 2918 in
3177 2863 3297 2934 lege
3323 2862 3446 2920 Dei.
3479 2865 3751 2931 Quoniam

2140 2971 2302 3025 supra
2332 2955 2542 3009 modum
2571 2955 2913 3027 persequebar
2932 2955 3223 3011 Ecclesiam
3264 2955 3361 3010 Dei
3384 2972 3406 3023 ;
3430 2967 3481 3012 et
3508 2957 3750 3013 derasta-

2144 3046 2259 3100 bam
2306 3046 2473 3103 illam.
2503 3048 2619 3102 Non
2668 3049 3098 3118 persequebatur
3124 3057 3184 3103 ut
3210 3049 3418 3117 caeteri,
3447 3048 3545 3105 sed
3574 3065 3754 3122 supra

2142 3140 2387 3195 modum.
2420 3140 2533 3197 Nec
2584 3140 2891 3196 sufﬁciebat
2929 3141 3175 3211 quamvis
3218 3142 3514 3198 vehemens
3550 3158 3753 3213 perse-

2141 3237 2289 3291 cutio
2318 3235 2445 3291 :sed
2470 3237 2621 3306 quasi
2644 3235 2866 3307 quidam
2894 3247 3176 3307 grassator
3200 3237 3503 3293 Ecclesiam
3527 3246 3587 3293 et
3605 3253 3755 3308 pra:-

439 3331 608 3387 ferrct
643 3332 694 3385 in
738 3340 1001 3384 nostram.
1030 3327 1170 3394 Quid
1215 3328 1493 3398 patiuntur
1536 3326 1648 3392 illi,
1683 3326 1776 3396 qni
1819 3326 1889 3380 de
1935 3326 2037 3381 Ilc-
2067 3305 2109 3367 C
2143 3327 2214 3381 do
2241 3305 2510 3384 vastabat.
2551 3305 2789 3397 Necvait,
2823 3305 3114 3384 Ecclesiam
3142 3327 3360 3395 Christi,
3388 3339 3450 3384 ut
3471 3305 3749 3400 tunc—pu-

438 3423 605 3480 brmis
633 3422 1042 3477 difﬁcultatibus
1090 3420 1453 3491 proprietates
1484 3421 1794 3488 exprimere
1837 3433 2040 3472 conan-

441 3518 563 3573 tur?
590 3527 645 3573 et
675 3528 854 3571 tamen
888 3515 1061 3571 multo
1094 3516 1353 3587 pauciora
1376 3523 1503 3569 sunt
1531 3514 1583 3567 in
1619 3514 1784 3567 tantis
1805 3513 2038 3567 volumi-

439 3612 601 3667 nibus
632 3611 1034 3680 Scripturarum
1066 3625 1186 3679 qua:
1208 3609 1500 3664 novitatem
1532 3618 1751 3672 sonent,
1781 3622 1942 3678 quam
1972 3621 2035 3661 ea

439 3722 562 3786 qure
608 3706 701 3761 ille
745 3706 797 3759 in
838 3720 1009 3775 parvo
1057 3720 1225 3771 Opere
1268 3704 1563 3773 congessit.
1610 3702 1799 3757 Potest
1827 3712 2031 3768 autem,

440 3801 607 3877 388
632 3800 770 3854 sicut
796 3803 847 3853 in
881 3798 1148 3869 principio
1173 3796 1581 3862 diximus,cum
1614 3810 2031 3866 exponerctnus:

443 3894 647 3950 Paulus
674 3893 942 3966 apostolus
973 3909 1075 3946 non
1119 3892 1180 3945 ab
1208 3889 1526 3956 hominibus,
1559 3906 1718 3959 neque
1750 3906 1839 3958 per
1870 3891 2036 3944 Itami-

438 4007 556 4045 nem
586 4010 604 4045 :
631 3991 705 4045 ita
738 4000 793 4045 et
821 3989 873 4043 in
906 3986 1162 4058 prmscnti
1201 3985 1323 4040 loco
1350 3984 1569 4056 oblique
1604 3984 1655 4039 in
1689 3983 1905 4039 Petrum
1938 3999 2032 4038 ac-

436 4087 646 4159 cipi,,et
684 4084 737 4138 iu
774 4092 1008 4138 cteteros
1048 4095 1414 4151 praecessores
1445 4079 1567 4151 ejus
1599 4097 1609 4133 :
1642 4079 1783 4149 quod
1830 4078 2031 4135 nullius

437 4192 537 4249 pro
574 4175 716 4245 Lege
736 4185 791 4230 et
818 4174 1148 4230 auctoritate
1181 4183 1485 4238 moveatur,
1513 4172 1602 4242 qui
1631 4171 1907 4226 Christum
1935 4186 2027 4226 so-

437 4272 546 4325 lum
578 4268 855 4339 Evangelii
889 4267 1089 4322 habeat
1122 4276 1144 4305 ο
1186 4274 1604 4337 praeceptorem.
1648 4266 1840 4333 Porro,
1874 4281 2031 4322 reve-

434 4362 691 4417 lationem
721 4360 870 4414 illam
901 4357 1197 4428 signiﬁcat,
1221 4373 1345 4413 cum
1372 4357 1688 4412 Datnascnin
1711 4359 1937 4424 vadens,
1973 4359 2026 4412 in

434 4456 630 4511 itinere
678 4452 881 4509 Chiisti
930 4467 1120 4508 vocem
1173 4451 1375 4506 meruit
1416 4450 1659 4506 audire:
1703 4463 1756 4507 et
1810 4456 2027 4507 cazcatis

432 4549 626 4615 oculis,
658 4562 848 4603 verum
892 4545 1076 4599 mundi
1110 4544 1288 4599 lumen
1321 4543 1545 4598 intuitus
1570 4555 1678 4600 est.

501 4640 686 4712 (Vers.
721 4635 834 4709 15.)
868 4636 1099 4691 Audistis
1120 4637 1256 4690 enim
1279 4636 1721 4691 conversationem
1746 4639 2025 4693 meamali-

429 4732 640 4806 quando
660 4733 714 4785 in
742 4729 1314 4802 Judaismo:quoninm
1339 4746 1500 4800 supra
1520 4731 1729 4785 ntodum
1752 4748 2019 4803 perseque-

425 4829 519 4882 bar
531 4824 823 4880 Ecclesiam
836 4821 970 4888 Dei;
991 4833 1037 4877 et
1051 4824 1414 4897 expugnabam
1430 4826 1580 4879 illaut
1594 4841 1612 4879 :
1625 4838 1673 4880 et
1688 4827 2018 4895 proficiebam

422 4924 475 4977 in
500 4920 971 4987 Judaismo,supra
984 4918 1174 4971 multos
1205 4914 1533 4972 coartaneosd
1561 4919 1615 4971 in
1646 4935 1828 4991 genere
1853 4938 1965 4975 ineo
1998 4938 2018 4977 .'

422 5012 776 5069 abundantius
818 5012 1090 5065 wnmlator
1130 5009 1354 5065 existens
1394 5021 1730 5082 paternarum
1784 5029 2016 5069 mearum

417 5106 779 5163 traditionum.
812 5101 1109 5156 Pint-imum
1141 5102 1361 5173 prodest
1383 5102 1585 5158 Calatis
1610 5104 1710 5157 ista
1753 5108 2011 5174 narratio,

418 5197 695 5272 quomodo
748 5194 984 5262 Paulus,
1033 5205 1275 5250 vastator
1320 5194 1594 5265 quondam
1660 5196 1916 5254 Ecclesiae
1957 5211 2014 5255 et

487 5395 515 5425 ι
542 5384 811 5449 Alterum,
842 5388 888 5435 et
919 5378 1203 5453 cognoscit,
1233 5377 1342 5434 duo
1378 5393 1410 5434 e
1445 5377 1650 5433 nostris
1689 5392 1821 5434 mss.
1855 5377 2007 5449 igno-

418 5460 564 5517 rant.

483 5530 510 5570 ι)
541 5527 739 5597 Verba,
769 5534 859 5580 aut
889 5541 978 5594 per
1002 5522 1249 5597 Paulum,
1280 5521 1511 5597 Cisterc.
1540 5534 1648 5597 ms.
1677 5521 1869 5597 nescit.
1898 5522 2009 5578 Cte-

410 5613 589 5660 terutn
620 5592 761 5669 quod
792 5600 867 5653 ait
890 5592 961 5653 VS.
1008 5596 1193 5659 Pater,
1220 5594 1428 5669 verbum
1457 5592 1842 5669 ἀποκαλύψεως
1889 5613 2009 5669 prof

411 5677 520 5747 prie
548 5665 938 5747 scripturarum
965 5682 1072 5722 esse
1095 5707 1109 5729 ,
1151 5677 1197 5720 et
1236 5665 1444 5747 a_m_t_llo
1467 5668 1775 5747 “sapientum
1830 5668 2009 5720 swculi

407 5737 551 5816 apud
577 5737 783 5798 Graecos
818 5746 1153 5816 usurpat-un},
1182 5737 1423 5816 perbelle
1464 5737 1531 5816 iis
1561 5746 1852 5816 consonat,
1886 5753 2011 5809 qua:

408 5807 566 5875 nobis
596 5823 783 5870 notata
814 5819 943 5867 sunt
980 5810 1047 5864 ad
1078 5809 1322 5878 Catalogi
1351 5822 1474 5878 cap.
1498 5808 1554 5875 9,
1582 5807 1671 5861 ubi
1702 5808 1772 5863 de
1794 5807 2010 5865 Joanne

409 5888 573 5947 tradit
603 5887 967 5958 Hieronymus
999 5897 1123 5958 eum
1164 5881 1224 5958 in
1254 5879 1506 5958 Pathsz
1542 5879 1767 5933 insulam
1808 5882 2012 5958 relega—

411 5972 524 6023 tum
554 5949 829 6017 scripsisse
855 5952 1237 6027 Apocalypsin,
1274 5968 1432 6025 quam
1455 5952 1826 6025 interpretatur
1854 5949 2014 6009 Justi-

2142 3419 2290 3475 tabat
2314 3417 2437 3492 [Λί.
2483 3419 2855 3493 putabatur]:
2888 3436 3051 3492 quem
3099 3420 3339 3477 ducebat
3373 3424 3747 3495 contemptui,

2141 3530 2302 3584 quem
2332 3516 2763 3586 persequebatur
2799 3533 2811 3569 :
2855 3515 2953 3570 sed
2984 3523 3043 3570 ut
3067 3531 3211 3571 nunc
3229 3515 3428 3583 credit,
3449 3515 3757 3572 Ecclesiam

2140 3605 2242 3661 Dei
2275 3626 2287 3662 :
2315 3609 2401 3663 vel
2434 3606 2610 3677 ipsum
2642 3607 2917 3664 Christum
2950 3608 3120 3665 Deum
3145 3624 3269 3665 esse
3296 3608 3749 3681 signiﬁcans,ch

2139 3701 2383 3772 ejusdem
2427 3701 2524 3756 Dei
2563 3716 2688 3758 esse
2734 3702 3065 3770 Ecclesiam,
3106 3702 3199 3774 qui
3243 3702 3522 3773 quondam
3573 3704 3751 3773 Legis

2138 3794 2297 3850 dator
2323 3794 2444 3849 fuit.
2471 3792 2538 3847 Et
2565 3795 2920 3865 proﬁciebant,
2955 3796 3154 3867 inquit,
3183 3796 3237 3851 in
3264 3795 3546 3851 Judaismo
3574 3813 3749 3867 supra

2136 3889 2330 3943 mullos
2360 3896 2646 3943 cowtaneos
2672 3893 2725 3943 in
2752 3906 2936 3960 genere
2950 3906 3065 3945 meo
3096 3907 3114 3944 :
3137 3890 3492 3945 abundantius
3519 3892 3750 3946 aemula-

2137 3995 2216 4039 tor
2242 3984 2472 4039 existens
2495 3994 2830 4054 paternarum
2854 4001 3087 4039 mearum
3105 3983 3471 4039 traditionuns.
3493 3982 3745 4041 Rursum

2135 4076 2439 4149 profectum
2481 4090 2586 4130 non
2620 4076 2781 4146 Legis
2814 4076 2936 4140 Dei,
2966 4076 3061 4130 sed
3107 4075 3377 4132 Judaismi
3410 4086 3592 4133 vocat.
3626 4076 3749 4134 Nec

2133 4182 2295 4236 supra
2336 4183 2550 4234 omnes,
2575 4168 2674 4222 sed
2704 4183 2870 4237 supra
2913 4169 3194 4239 plurimos,
3222 4184 3325 4225 nec
3355 4184 3520 4239 supra
3549 4184 3743 4240 senes,

2133 4261 2229 4317 sed
2270 4276 2436 4330 supra
2468 4268 2801 4329 coactaneos,
2834 4269 2896 4316 ut
2933 4272 2985 4317 et
3029 4261 3268 4316 studium
3312 4276 3472 4317 suum
3505 4261 3749 4320 referret

2132 4353 2185 4409 in
2215 4354 2378 4424 Lege,
2409 4361 2464 4408 ct
2500 4353 2821 4423 jactantiam
2864 4353 3189 4410 declinaret.
3245 4352 3512 4410 Paternas
3550 4367 3769 4412 autem.

2134 4451 2475 4519 traditiones,
2508 4466 2613 4505 nou
2647 4450 2856 4504 Domini
2888 4449 3147 4505 mandata
3175 4463 3642 4509 commemorans.
3682 4459 3745 4505 et

2129 4561 2192 4602 se
2227 4545 2562 4601 Pharisaeum
2610 4560 2676 4601 ex
2719 4544 3011 4600 Pharismis
3056 4542 3351 4611 indicavit,
3388 4553 3445 4599 et
3474 4543 3743 4600 habuisse

2128 4638 2349 4710 quidem
2392 4638 2566 4692 zelum
2609 4636 2731 4704 Dei,
2773 4637 2873 4694 sed
2915 4652 3023 4692 non
3065 4634 3369 4693 secundum
3413 4635 3738 4692 scientiam.

2128 4731 2314 4803 Usque
2341 4730 2506 4787 hodie
2536 4740 2718 4785 autem
2746 4731 2839 4801 qui
2864 4728 3095 4786 Judaico
3119 4746 3288 4785 sensu
3310 4729 3629 4799 Scripturas
3652 4730 3741 4784 in-

2129 4827 2399 4898 tclligunt,
2435 4835 2841 4896 persequuntur
2877 4825 3181 4880 Ecclesiam
3203 4823 3427 4889 Christi,
3458 4832 3515 4879 et
3548 4839 3739 4894 papu-

2127 4920 2307 4975 lantur
2327 4919 2498 4987 illam,
2530 4932 2638 4973 non
2667 4917 2849 4973 studio
2879 4916 3043 4989 Legis
3087 4916 3317 4985 Dei,sed
3348 4914 3739 4974 traditionibus

2126 5011 2409 5068 hominum
2443 5010 2748 5080 depravati.

2199 5105 2379 5179 (Vers.
2406 5102 2521 5175 15.)
2553 5102 2682 5158 Cum
2706 5113 2880 5158 autem
2906 5102 3105 5176 placuit
3131 5102 3178 5157 ei
3216 5104 3304 5174 qui
3330 5118 3411 5157 me
3440 5103 3736 5174 segregarit

2123 5201 2188 5256 de
2216 5208 2361 5253 utero
2394 5199 2574 5253 ntatris
2600 5215 2757 5254 ntere:
2788 5209 2836 5253 et
2866 5200 3062 5254 t-ocavit
3094 5214 3184 5270 per
3208 5198 3437 5270 gratiam
3462 5210 3642 5269 suam,
3673 5208 3733 5252 ut

2112 5397 2211 5434 nus
2242 5376 2469 5450 Martyr,
2499 5388 2546 5433 et
2572 5377 2828 5434 Irenteus.
2857 5378 3106 5447 Scilicet,
3140 5393 3263 5435 eam
3296 5376 3523 5450 Joannis
3557 5393 3730 5434 rere-

2113 5449 2406 5515 lationem,
2453 5450 2568 5506 sive
2616 5451 2966 5520 scriptiouem
3017 5453 3089 5506 ita
3141 5450 3343 5504 laudati
3397 5449 3586 5504 Patres
3654 5454 3733 5507 de

2113 5523 2339 5578 nomine
2362 5522 2718 5594 Apocalypsin
2738 5524 3101 5594 appellarunt.
3130 5521 3339 5577 Recole
3360 5537 3480 5592 quae
3519 5521 3597 5576 ibi
3623 5538 3729 5577 an-

2114 5606 2391 5651 notamus.

2191 5676 2213 5705 °
2248 5664 2401 5720 Unus
2425 5665 2621 5728 Palat.,
2656 5665 2838 5721 habent
2866 5681 3251 5735 prmcessOrem.

2187 5735 2215 5773 ἀ
2248 5735 2531 5801 Voculam,
2557 5755 2715 5801 meos,
2743 5734 2905 5808 quam
2939 5738 3026 5793 hic
3060 5746 3222 5807 atque
3254 5734 3396 5790 infra
3424 5734 3553 5792 editi
3591 5735 3726 5796 libri

2114 5809 2541 5875 interserebant,
2569 5824 2702 5863 mss.
2727 5819 3043 5865 nostrorum
3076 5808 3401 5865 auctoritate
3442 5812 3726 5879 expunxi-

2117 5894 2262 5946 mus,
2295 5878 2438 5951 quod
2463 5890 2517 5936 et
2539 5894 2570 5936 a
2609 5879 2802 5937 Graeco
2826 5881 3128 5952 exemplari
3156 5878 3319 5952 absit.

2196 5962 2220 5992 °
2251 5950 2367 6010 Duo
2392 5966 2551 6025 mss.,
2576 5969 2681 6009 non
2710 5970 2844 6009 unus
2869 5950 3176 6027 quicumque
3194 5951 3259 6008 de
3289 5950 3394 6021 his,
3423 5959 3536 6013 etc.
