3978 6338
197 289 275 348 525

668 282 1323 343 COMMENTARIORUM
1361 281 1432 341 IN
1468 281 1863 341 EPISTOLAM
1898 281 1993 341 AD
2031 281 2355 344 GALATAS
2391 285 2524 345 LIB.
2547 286 2589 345 Ι.
2618 287 2776 347 CAP.
2820 290 2865 348 l.

3321 295 3432 356 520

199 400 387 460 mutaret
416 395 619 453 Filium
645 415 799 455 suum
825 401 879 455 in
902 417 1014 471 me,
1045 410 1103 455 ut
1127 399 1467 473 evangelise»:
1496 401 1647 455 illum
1676 399 1731 453 iu
1759 405 1814 464 Α
1839 399 2001 455 alium
2063 416 2247 459 amare
2301 411 2355 459 et
2406 403 2687 460 custodire
2737 405 2886 476 prius
2937 419 3097 478 quam
3138 417 3393 468 nascatur
3416 451 3436 480 ,

190 497 389 571 gentibus.
442 493 562 550 Non
612 496 788 551 solum
830 494 885 551 in
929 496 1035 552 hoc
1088 498 1248 564 loco,
1297 496 1393 552 sed
1434 496 1501 550 ad
1539 494 1739 549 Roma-

188 587 831 660 nosPaulusﬁsegregatum
874 590 928 645 in
980 589 1341 661 Evangelium
1391 588 1491 645 Dei
1516 604 1642 645 esse
1674 604 1736 645 se

185 683 351 741 scribit.
372 681 718 740 Etleremias
734 693 1029 756 antequam
1049 685 1382 742 formaretur
1402 685 1456 740 in
1483 695 1660 754 utero,
1680 693 1737 740 et

183 781 509 853 conciperetur
533 780 591 836 in
615 782 779 838 vulva
804 783 1001 839 matris
1028 797 1164 851 suae,
1184 794 1345 839 notus
1369 784 1483 839 Deo
1496 781 1737 838 sanctiu-

183 884 392 946 catusque
429 874 752 945 perhibetur
793 873 1012 947 (lerem.
1044 876 1111 949 ι).
1151 876 1219 932 Et
1261 889 1330 932 ex
1372 875 1538 947 justi,
1574 876 1694 931 sive
1719 916 1734 943 ,

183 980 226 1025 ut
265 967 456 1040 quidam
504 976 735 1039 putant,
793 987 862 1027 ex
905 968 1212 1027 Salvatoris
1259 984 1498 1042 persona
1536 969 1738 1026 dicitur

182 1060 272 1133 (Ps.
295 1076 369 1115 ιιι
389 1100 404 1127 ,
431 1060 525 1131 Η)
558 1078 573 1116 :
606 1060 677 1116 In
702 1073 750 1117 te
774 1068 1038 1137 projectus
1060 1079 1177 1118 sum
1197 1078 1261 1119 ea:
1288 1063 1440 1119 vulva
1462 1078 1481 1117 :
1506 1075 1572 1119 ea:
1590 1072 1738 1118 utero

179 1155 321 1211 matris
342 1170 489 1221 mete,
521 1155 688 1228 θα)
718 1154 860 1211 Deus
885 1173 1028 1212 meus
1055 1174 1108 1212 es
1140 1167 1219 1216 ιιι.
1247 1158 1455 1214 Contra
1498 1156 1568 1213 de
1611 1170 1738 1227 pec-

178 1248 400 1303 catoribus
454 1247 630 1303 David
678 1250 828 1305 canit
869 1266 883 1304 :
935 1249 1074 1306 Ecce
1109 1253 1246 1305 enim
1288 1251 1343 1305 in
1378 1248 1738 1320 iniquitatibus

175 1348 399 1411 conceptus
440 1332 562 1395 sunt
600 1353 621 1397 :
665 1351 714 1397 et
750 1343 806 1397 in
846 1343 1053 1398 delictis
1075 1345 1311 1416 concepit
1341 1358 1421 1399 me
1439 1352 1607 1399 mater
1625 1358 1738 1399 utea

176 1434 271 1505 (Pr.
290 1450 334 1503 ι,
363 1434 438 1507 7).
470 1434 542 1491 Et
569 1436 625 1491 in
654 1436 764 1492 alio
788 1436 911 1494 loco
941 1455 956 1493 :
987 1439 1279 1494 Abalienati
1303 1449 1425 1495 sunt
1446 1450 1737 1511 peccatores

173 1544 197 1580 a
232 1528 356 1582 salva
386 1525 508 1599 (Ps.
538 1545 677 1596 LVII,
700 1529 781 1603 4).
815 1530 888 1586 Ει
916 1531 971 1587 in
1006 1542 1288 1603 utramque
1321 1541 1532 1603 partem
1568 1540 1738 1587 ante-

175 1633 299 1688 quam
321 1620 523 1690 parvuli
554 1631 916 1679 nascerentur
947 1641 959 1678 :
994 1623 1134 1680 Deus
1160 1621 1326 1678 Iacob
1354 1624 1560 1691 dilexit,
1595 1624 1737 1679 Esau

171 1723 309 1767 autem
339 1713 453 1768 odio
498 1713 685 1770 habuit
719 1715 976 1789 (Malach.
1020 1733 1065 1786 ι,
1100 1719 1163 1784 l,
1192 1716 1275 1790 2).
1321 1715 1612 1773 inveniunt
1658 1717 1738 1771 lo-

1837 491 2003 547 alium
2043 494 2346 550 detestari?
2402 496 2467 551 Et
2514 511 2709 553 causas
2756 496 2917 569 hujus
2964 500 3040 556 rei
3085 500 3152 555 ad
3196 498 3436 574 priorem

1838 586 2001 641 vitam
2035 587 2315 655 referunt,
2345 589 2491 659 quod
2523 592 2902 662 unuSquisque
2941 607 3040 663 pro
3068 595 3266 650 merito
3303 611 3437 664 suo,

1836 696 1866 735 a
1916 682 2095 752 primo
2144 685 2327 738 statim
2359 694 2479 740 ortu
2528 684 2688 741 bonis
2717 692 2813 741 aut
2855 688 3013 745 malis
3049 689 3257 760 angelis
3300 691 3441 748 assi-

1836 786 2059 846 gnetur.
2101 772 2408 849 Totumque
2453 779 2604 835 illum
2640 781 2824 838 locum
2863 782 2933 839 de
2976 782 3144 840 Jacob
3173 792 3229 841 et
3255 782 3437 854 Esau,

1838 868 1992 940 cujus
2045 882 2189 925 nunc
2234 871 2463 928 fecltnus
2503 874 2837 932 mentionem
2869 917 2885 944 ,
2929 874 3007 931 ita
3049 874 3118 932 ad
3164 876 3441 935 Romanos

1837 959 2100 1031 scriptum
2129 955 2291 1035 εει
2322 964 2592 1020 ventilant
2631 964 2813 1036 (Rom.
2847 966 2929 1039 rx)
2953 1009 2970 1036 ,
3000 974 3061 1024 ut
3096 983 3204 1025 non
3235 971 3442 1042 absque

1838 1051 2041 1110 sudore
2067 1063 2120 1109 et
2149 1053 2441 1127 Clnysippi
2481 1057 2562 1113 eis
2596 1057 2773 1129 possit
2813 1055 2841 1096 ά
2884 1059 3162 1117 hellebore
3211 1078 3442 1135 respon-

1839 1147 1977 1204 deri.
2009 1147 2124 1204 Non
2155 1157 2445 1206 esLautem
2474 1151 2688 1222 ipsum;
2717 1163 2776 1207 ut
2799 1154 3044 1211 reretaret
3069 1152 3268 1211 Filium
3291 1170 3442 1214 suum

1837 1240 1893 1294 in
1930 1256 2043 1307 me,
2078 1240 2222 1312 quod
2252 1243 2299 1298 si
2325 1242 2431 1316 [ΑΙ.
2462 1243 2641 1317 quasi]
2673 1246 2919 1315 diceret,
2962 1257 3019 1302 ut
3054 1250 3297 1306 reuelaret
3346 1247 3443 1306 Fi-

1839 1333 1966 1386 lium
1995 1348 2148 1388 suum
2183 1334 2328 1389 mihi.
2367 1335 2467 1391 Cui
2494 1336 2637 1391 enim
2665 1339 2797 1409 quid
2825 1339 3130 1408 revelatur,
3159 1342 3283 1399 huic
3308 1342 3441 1400 illud

1840 1434 2021 1495 potest
2072 1429 2347 1499 revelari,
2394 1429 2539 1499 quod
2575 1434 2703 1486 aute
2745 1430 2800 1487 in
2840 1447 2908 1488 eo
2940 1448 3045 1489 non
3075 1446 3217 1491 erat.
3251 1435 3304 1491 In
3334 1452 3444 1508 quo

1841 1532 1969 1577 vero
1995 1522 2276 1578 revelatur
2300 1565 2314 1589 ,
2348 1523 2481 1579 illud
2507 1525 2783 1581 revelatur
2804 1527 2947 1597 quod
2972 1527 3125 1599 prius
3150 1528 3325 1584 fuitin
3350 1542 3440 1600 eo,

1840 1626 1895 1669 ct
1935 1627 2125 1687 postea
2170 1617 2476 1674 revelatum
2524 1630 2628 1673 ρει.
2665 1617 2857 1676 Simile
2898 1629 2984 1675 est
3015 1620 3142 1676 illud
3178 1621 3229 1676 in
3262 1624 3447 1678 Evan-

1839 1710 1983 1782 gelio
2018 1730 2031 1765 :
2076 1711 2285 1767 Medius
2311 1714 2362 1768 in
2387 1714 2525 1769 vobis
2555 1725 2654 1770 stat
2673 1758 2689 1784 ,
2720 1730 2868 1786 quem
2900 1732 2986 1771 vos
3017 1718 3228 1771 nescitis
3257 1717 3442 1790 (Joan.

172 1820 267 1860 cum
293 1805 554 1876 haeretici,
577 1809 671 1879 qui
695 1808 944 1867 diversas
972 1820 1194 1865 naturas
1216 1825 1342 1867 esse
1362 1810 1731 1881 praetendunt,
1764 1811 1812 1872 Β
1840 1820 1888 1869 ι,
1919 1804 2035 1877 26).
2071 1808 2135 1860 Lt
2158 1806 2287 1861 alibi
2320 1824 2334 1863 :
2370 1805 2495 1861 Erat
2524 1806 2620 1862 tua:
2640 1820 2792 1875 vero,
2817 1822 2930 1879 qua:
2955 1807 3215 1863 illuminat
3242 1824 3445 1864 onmem

169 1898 456 1969 spiritualem
516 1901 779 1960 videlicet
831 1913 886 1959 et
929 1903 1267 1975 animalem,
1308 1913 1363 1960 et
1410 1909 1629 1976 χοῑκήν,
1680 1912 1737 1959 et

170 1991 297 2047 aliam
314 1992 546 2060 salvari,
591 1995 755 2050 aliam
806 1996 1020 2067 perire,
1062 1997 1228 2051 aliam
1270 1997 1414 2051 inter
1443 2004 1736 2066 utramque

167 2085 419 2143 consistere
446 2128 466 2155 ,
492 2088 643 2158 quod
672 2096 970 2161 numquam
1001 2098 1098 2145 aut
1126 2089 1309 2161 justus
1339 2100 1367 2127 ιι
1396 2089 1693 2160 eligeretur
1718 2130 1735 2156 ,

168 2189 411 2250 antequam
470 2180 676 2251 aliquid
722 2182 854 2238 boni
906 2183 1152 2249 faceret,
1195 2192 1290 2238 aut
1329 2192 1585 2255 peccator
1618 2182 1738 2238 odi-

165 2281 285 2328 retur
323 2283 444 2331 ante
488 2274 791 2345 delictum,
830 2277 939 2333 nisi
969 2287 1119 2333 esset
1147 2278 1490 2349 pereuntium
1536 2287 1589 2333 et
1629 2277 1738 2333 sal-

167 2364 420 2422 vandorum
445 2376 646 2423 natura
664 2369 901 2425 diversa.
938 2370 1022 2426 Ad
1045 2371 1190 2443 quod
1218 2380 1399 2443 potest
1419 2370 1738 2441 simpliciter

165 2458 478 2529 reaponderi,
536 2460 646 2517 hoc
699 2476 769 2518 ex
821 2462 918 2519 Dei
969 2464 1311 2534 praescientia
1365 2463 1621 2531 evenire,
1681 2472 1739 2518 ut

165 2566 290 2623 quem
316 2555 411 2611 scit
434 2555 654 2626 justum
683 2556 928 2612 futurum
948 2598 962 2623 ,
994 2559 1145 2628 prius
1175 2559 1366 2630 diligat
1398 2572 1558 2629 quant
1591 2558 1738 2614 oria-

165 2656 232 2703 tur
254 2665 318 2705 ει
350 2659 507 2707 utero
538 2669 554 2706 :
588 2662 646 2707 et
674 2667 838 2723 quem
871 2663 1216 2723 peccatorem
1244 2693 1260 2720 ,
1298 2653 1478 2708 oderit
1513 2650 1543 2691 ι’
1579 2661 1736 2708 ante-

164 2756 291 2812 quam
328 2755 513 2815 peccet
547 2763 562 2800 :
594 2761 706 2802 non
738 2763 846 2816 quo
877 2756 933 2803 et
971 2748 1023 2802 in
1064 2762 1253 2804 amore
1298 2756 1354 2804 et
1391 2748 1446 2803 in
1477 2747 1606 2803 odio
1636 2748 1738 2804 ini-

160 2833 308 2904 quitas
333 2838 427 2893 Dei
448 2839 522 2895 sit
542 2855 560 2898 :
585 2838 684 2895 sed
711 2854 822 2911 quo
844 2855 953 2895 non
986 2839 1148 2895 aliter
1169 2855 1265 2897 eos
1290 2842 1493 2897 habere
1516 2841 1733 2910 debeat,

162 2930 277 2997 quod
309 2933 407 2988 scit
444 2934 534 2988 vel
579 2944 904 3003 peccatores
949 2936 1161 2991 futuros
1199 2949 1355 3005 esse,
1387 2937 1470 2991 vel
1499 2936 1678 3007 justos
1719 2954 1735 2990 :

162 3035 241 3077 nos
276 3031 330 3078 ut
368 3023 627 3082 homines
682 3038 893 3083 tantum
938 3028 1009 3084 de
1055 3029 1419 3100 praesentibus
1453 3029 1732 3100 judicare,

163 3115 286 3173 illum
309 3120 393 3175 cui
423 3121 612 3178 futura
641 3122 756 3194 jam
784 3123 927 3180 facta
950 3135 1076 3180 sunt
1096 3166 1112 3193 ,
1143 3126 1211 3181 de
1235 3126 1340 3182 line
1370 3141 1553 3182 rerum
1580 3169 1595 3195 ,
1625 3142 1734 3183 non

162 3203 216 3262 de
233 3211 460 3269 exordiis
486 3191 655 3269 ferrei
671 3215 1026 3271 sententiam.
1057 3191 1121 3271 Et
1149 3217 1265 3272 hare
1284 3217 1503 3288 quidem
1525 3191 1741 3285 simpli-
1765 3191 1813 3256 ο

162 3298 254 3356 cius
290 3301 427 3360 dicta
469 3315 609 3362 sunt
641 3323 658 3363 :
692 3318 749 3363 et
784 3307 993 3380 absque
1029 3309 1214 3365 altiori
1256 3310 1585 3368 dissertione
1614 3327 1742 3382 pos-

162 3400 263 3448 sunt
299 3404 592 3471 utcumque
628 3401 850 3472 placere
888 3401 1107 3457 lectori.
1151 3403 1423 3459 Caeterum
1470 3414 1493 3444 ε
1534 3405 1626 3477 qui
1658 3405 1743 3461 in-

160 3486 330 3553 justum
369 3491 545 3548 Deum
602 3495 856 3549 nituntur
905 3509 1186 3561 asserere,
1245 3505 1367 3566 post
1411 3495 1544 3552 illud
1594 3497 1742 3569 quod

163 3575 333 3636 dudum
360 3585 651 3653 posuimus
676 3628 691 3651 ,
729 3587 1011 3641 abalienati
1038 3597 1159 3641 sunt
1189 3600 1481 3659 peccatores
1507 3607 1539 3644 a
1567 3591 1743 3656 vitlva,

163 3668 370 3731 inferunt
411 3680 588 3733 etiam
638 3690 839 3734 caetera
879 3696 1000 3751 qua:
1031 3690 1335 3752 sequuntur
1374 3700 1386 3736 :
1426 3681 1747 3738 Erraverunt

163 3763 212 3817 ab
235 3779 365 3824 utero
387 3814 403 3840 ,
437 3773 614 3827 locuti
638 3783 765 3827 sunt
795 3773 951 3843 falsa.
984 3774 1051 3829 Et
1078 3775 1298 3841 dicunt,
1333 3776 1606 3847 quomodo
1633 3785 1747 3831 sta-

163 3856 242 3913 tim
265 3862 329 3917 ab
353 3874 515 3922 utero
556 3878 886 3923 erraverunt
927 3876 1249 3938 peccatores
1274 3910 1291 3938 ,
1326 3878 1379 3925 et
1407 3869 1544 3925 falsa
1582 3870 1748 3926 locuti

162 3960 300 4020 sunt,
348 3960 437 4027 qui
487 3974 602 4016 nec
648 3974 962 4016 sermonem
1015 3972 1313 4032 potuerunt
1352 3963 1595 4031 habere,
1647 3980 1749 4021 nec

161 4048 526 4107 sensumlAut
572 4068 698 4123 quae
733 4062 819 4107 est
856 4053 962 4108 ista
992 4054 1199 4124 justitia
1231 4056 1591 4126 pracscientlae
1617 4055 1747 4126 Dei,

218 4195 241 4272 ξ
287 4188 494 4249 Vitiose
548 4184 823 4250 hactenus
870 4194 1144 4272 obtinuit,
1176 4201 1355 4272 justus
1358 4198 1750 4272 jntellt'gerelttr

162 4265 436 4338 απιεᾳιωῃι,
455 4280 597 4331 etc.,
626 4282 727 4337 pro
756 4283 865 4338 quo
894 4284 925 4323 e
948 4266 1148 4323 nostris
1176 4265 1336 4336 inss.,
1358 4265 1621 4326 Rabbauo
1650 4276 1750 4328 ite-

163 4342 262 4385 rum
281 4334 659 4412 suffragante,
684 4334 1024 4395 restituimns
1045 4386 1059 4409 ,
1088 4334 1383 4412 eligeretur.
1408 4342 1746 4412 Quamquam

161 4403 479 4487 fancinniori
504 4403 695 4487 adhuc
719 4426 884 4466 sensu
913 4403 1096 4466 malim
1127 4403 1388 4487 réscribii,
1418 4403 1748 4487 diligeretur;

163 4470 248 4558 hoc
294 4492 492 4558 nempe
531 4482 768 4558 verbum
818 4489 877 4537 et
919 4486 1208 4558 commode
1239 4470 1411 4554 magis
1456 4470 1570 4558 ιιιῖ,
1603 4470 1745 4558 quod

162 4544 531 4626 subsequitur,
595 4551 828 4626 adiretur
880 4554 1215 4625 respondet.
1279 4544 1358 4611 et"
1393 4544 1636 4626 propius.
1679 4560 1745 4613 ad

1840 1895 2097 1952 hominem
2127 1899 2407 1954 venientem
2454 1901 2510 1954 in
2556 1902 2813 1956 mundum
2855 1899 3043 1973 (lbid.,
3096 1902 3172 1974 9).
3218 1901 3295 1958 Ex
3335 1918 3445 1975 quo

1838 1992 2185 2062 perspicuum
2217 1992 2305 2060 tit,
2336 2005 2526 2049 natura
2549 1995 2804 2051 omnibus
2827 1994 2923 2051 Dei
2955 1997 3134 2053 inesse
3157 1998 3443 2067 notitiam,

1838 2098 1937 2139 nec
1974 2098 2307 2155 quemquam
2360 2086 2480 2141 sine
2520 2085 2745 2143 Christo
2787 2087 2977 2155 nasci,
3012 2096 3069 2144 et
3099 2100 3207 2145 non
3243 2089 3448 2147 habere

1836 2180 2046 2235 semina
2080 2180 2132 2235 in
2162 2195 2222 2237 se
2249 2180 2533 2252 sapientia:
2552 2223 2569 2248 ,
2598 2190 2652 2237 et
2675 2181 2913 2252 justitia:
2936 2224 2952 2250 ,
2996 2183 3448 2256 reliquarumque

1839 2274 2124 2329 virtutum.
2185 2273 2342 2330 [inde
2401 2275 2555 2329 multi
2609 2275 2818 2347 absque
2883 2276 2989 2332 ﬁde
3051 2284 3109 2331 et
3149 2277 3446 2350 Evangelio

1836 2366 2037 2422 Cluiin
2063 2407 2079 2436 ,
2112 2368 2194 2423 vel
2223 2369 2503 2439 sapienter
2524 2369 2730 2424 faciunt
2759 2358 2944 2440 aliqua
2967 2412 2981 2438 ,
3018 2370 3101 2428 vel
3128 2376 3317 2428 Sancte
3341 2417 3356 2442 ,
3387 2381 3449 2429 ιιι

1838 2459 2154 2529 parentibus
2185 2459 2557 2532 obsequantur
2582 2477 2595 2512 :
2623 2464 2682 2515 ut
2712 2460 2857 2531 inopi
2883 2470 3102 2517 manum
3126 2464 3445 2535 porrigant:

1839 2566 1946 2607 non
1979 2552 2292 2623 opprimant
2318 2552 2530 2608 vicinos
2566 2572 2580 2609 :
2622 2568 2731 2608 non
2770 2554 2945 2609 aliena
2982 2554 3244 2625 diripiant
3278 2575 3290 2611 :
3325 2571 3445 2612 ma-

1837 2645 2029 2716 gisque
2076 2644 2286 2716 judicio
2338 2645 2433 2701 Dei
2486 2646 2710 2701 obnoxii
2750 2644 2881 2702 llant
2921 2644 3029 2720 [AL
3063 2647 3263 2717 lium],
3295 2648 3446 2721 quod

1840 2740 2105 2795 habentes
2152 2739 2206 2794 in
2248 2754 2307 2795 se
2358 2740 2624 2811 principia
2667 2740 2961 2810 virtutum,
2989 2748 3045 2798 et
3074 2741 3166 2799 Del
3194 2743 3444 2813 semina,

1839 2849 1947 2888 non
2000 2831 2232 2889 credunt
2277 2832 2384 2906 [ΑΙ.
2415 2832 2667 2907 credant]
2712 2835 2764 2889 in
2807 2848 2874 2891 eo
2905 2837 3027 2891 sine
3056 2851 3165 2907 quo
3193 2850 3315 2893 esse
3337 2852 3446 2894 non

1841 2935 2091 2997 possunt.
2145 2925 2336 2982 Potest.
2374 2935 2429 2981 ct
2461 2926 2625 2981 aliter
2663 2926 2840 2998 accipi
2866 2928 2919 2982 in
2947 2927 3117 2984 Paulo
3152 2928 3249 2984 Dei
3278 2928 3451 2987 Filius

1839 3019 2112 3075 revelatus
2156 3035 2169 3073 :
2210 3016 2355 3090 quod
2378 3061 2393 3087 ,
2428 3019 2762 3090 praedicante
2790 3020 2927 3089 illo,
2959 3021 3182 3094 agnitus
3210 3023 3283 3079 sit
3308 3039 3448 3096 gen-

1842 3114 1988 3169 tibus
2014 3154 2029 3180 ,
2058 3129 2223 3186 quem
2256 3124 2413 3169 antea
2447 3114 2785 3171 nesciebant.

1918 3208 2099 3282 (Vera.
2132 3208 2523 3280 16).|Continuo
2551 3224 2653 3263 non
2681 3210 2913 3280 acquievi
2938 3211 3085 3266 carni
3108 3222 3158 3267 et
3183 3214 3447 3287 sanguini.

1840 3302 1976 3360 Sive
2006 3312 2064 3358 ut
2094 3303 2149 3358 in
2172 3303 2364 3359 Graeco
2394 3304 2592 3359 melius
2612 3312 2634 3341 °
2683 3303 2845 3359 habet
2875 3321 2889 3358 :
2936 3303 3062 3361 Non
3106 3308 3302 3362 contuli
3332 3324 3448 3363 cum

1846 3411 2004 3451 carne
2029 3403 2073 3450 et
2101 3394 2374 3467 sanguine.
2412 3396 2571 3461 Scio,
2597 3396 2890 3469 plerOSQue
2931 3397 3000 3454 de
3030 3400 3295 3470 apostolis
3333 3401 3440 3457 hoc

1847 3488 2337 3562 dictum-arbitrari.
2357 3488 2487 3545 Nam
2502 3496 2559 3546 et
2573 3489 2910 3562 Porphyrius
2924 3491 3141 3562 objicit,
3160 3493 3304 3564 quod
3323 3504 3448 3566 post

1850 3585 2242 3641 revelationem
2257 3584 2461 3640 Christi
2486 3598 2594 3640 non
2609 3584 2771 3641 fuerit
2793 3586 3047 3656 dignatus
3070 3589 3149 3644 tre
3169 3587 3237 3644 ad
3271 3588 3454 3646 homi-

1852 3693 1950 3733 nes
1970 3720 1985 3746 ,
2033 3687 2088 3733 et
2130 3693 2253 3732 cum
2282 3679 2365 3734 eis
2392 3678 2645 3734 conferre
2674 3695 2983 3735 sermonem
3030 3700 3043 3736 :
3076 3696 3145 3737 ne
3173 3691 3297 3752 post
3325 3682 3455 3739 doc-

1856 3771 2052 3826 trinam
2105 3771 2357 3827 videlicet
2405 3770 2505 3826 Dei
2528 3814 2544 3837 ,
2587 3784 2617 3826 a
2648 3786 2816 3829 carne
2839 3782 2891 3828 et
2921 3775 3190 3844 sanguine
3219 3775 3455 3832 instrue—

1848 3877 2019 3922 retur.
2053 3866 2160 3922 Sed
2192 3866 2334 3922 absit
2365 3873 2424 3920 ut
2453 3880 2555 3937 ego
2575 3908 2590 3933 ,
2623 3865 2843 3923 Petrum
2870 3910 2885 3935 ,
2915 3866 3183 3923 Joannem
3215 3876 3269 3923 et
3299 3868 3456 3924 Jaco-

1852 3961 1979 4016 butn
2012 3974 2234 4014 carnem
2267 3968 2320 4014 et
2351 3960 2670 4031 sanguinem
2706 3968 2921 4030 putem;
2952 3974 3071 4031 qua:
3106 3968 3331 4031 regnum
3357 3960 3456 4017 Dei

1851 4053 2132 4126 possidere
2177 4068 2285 4108 non
2333 4060 2564 4124 possunt
2621 4053 2664 4125 (l
2712 4052 2835 4108 Cor.
2884 4052 2949 4125 ι).
2996 4050 3053 4110 Si
3086 4052 3107 4092 τ
3146 4053 3456 4125 spirituules

1928 4195 1954 4235 (ι
2009 4196 2124 4253 Νοιι
2167 4196 2384 4251 invenio
2434 4194 2773 4267 ltelleborunt
2818 4192 3148 4267 Cluysippi,
3192 4195 3287 4251 sed
3328 4194 3460 4252 Car-

1857 4270 2047 4327 neadis
2093 4267 2445 4333 Academici,
2498 4283 2587 4337 qm
2630 4266 2943 4337 scripturus
2973 4266 3260 4322 adversum
3290 4267 3460 4325 Stoici

1858 4343 2093 4398 Zenonis
2124 4341 2291 4396 libros
2314 4386 2327 4409 ,
2359 4336 2595 4395 Candida
2632 4336 2914 4394 helleboro
2945 4339 3230 4409 superiora
3260 4354 3458 4410 corpo-

1859 4420 1937 4470 ris
1969 4427 2198 4484 pnrgare
2227 4414 2418 4484 solitus
2462 4412 2700 4484 legitur,
2747 4410 2981 4484 nequis
3010 4426 3073 4465 ex
3106 4412 3376 4483 corruptis
3406 4415 3458 4468 in

1858 4487 2141 4542 stomacho
2181 4483 2499 4539 humoribus
2536 4484 2601 4535 ad
2651 4483 2924 4536 domicilia
2957 4498 3130 4553 usque
3166 4485 3333 4539 :mimi
3376 4500 3458 4540 re-

1860 4561 2125 4614 dundaret
2150 4566 2204 4611 et
2230 4555 2542 4608 instantiam
2572 4556 2924 4623 vigoremque
2961 4556 3159 4609 mentis
3205 4554 3464 4611 labeface-

163 4629 373 4698 tncntem
406 4624 634 4698 videtur
664 4622 1015 4698 llieronymi,
1057 4628 1149 4696 qni
1186 4628 1317 4683 illud
1353 4622 1467 4683 toto
1495 4622 1754 4685 contextu
1784 4622 1836 4683 D
1864 4639 1963 4685 ret.
2026 4629 2192 4683 Docet
2233 4642 2391 4695 porro
2424 4622 2771 4698 hoein’loco
2802 4622 3169 4698 Hieronymus
3209 4624 3462 4698 difﬁciles

163 4688 389 4751 replicat.
450 4694 688 4750 Multum
743 4697 797 4751 in
849 4688 959 4752 tino
1003 4688 1265 4752 Palatino
1313 4703 1581 4755 sententia
1636 4702 1757 4757 lta'c

164 4757 351 4817 abludit
399 4782 417 4819 :
444 4767 638 4843 __Qnotl
654 4784 962 4843 Διιιιιιιιιιιιιηι
1001 4779 1094 4823 aut
1110 4772 1295 4843 justus
1319 4770 1598 4843 eligeretur
1620 4815 1635 4838 ,
1666 4786 1758 4828 aut

166 4844 359 4957 ἓὲᾳιιῗιη
402 4835 617 4907 aliquid
647 4839 766 4893 boni
800 4835 1033 4910 faceret,
1065 4835 1154 4894 aut
1182 4835 1419 4909 peccator
1448 4835 1762 4901 odiret'ante

238 4916 281 4955 te
303 4919 390 4959 um
410 4952 426 4963 .
462 4919 581 4963 etc.

410 4952 426 4975 ,
462 4948 542 4963 νυη
566 4948 581 4963 ⁸

222 4972 249 5011 δ
290 4972 483 5057 Quam
512 4980 648 5037 huic
698 4982 959 5039 adhibeas
1001 4985 1290 5040 sententia:
1333 4987 1715 5057 exceptionem
1743 5029 1760 5055 ,

167 5040 729 5123 docegtheologornm
758 5056 968 5109 schola.

196 5124 251 5196 ,ε
289 5112 410 5176 llzec
430 5165 447 5187 ,
493 5112 652 5199 utet
694 5125 918 5199 inferior
947 5137 1091 5182 totus
1116 5139 1407 5185 contextus
1429 5172 1445 5195 ,
1469 5130 1760 5199 Origenem

168 5199 372 5266 simque
398 5196 652 5250 asseclas
704 5196 987 5254 verissime
1042 5210 1269 5266 petunt;
1314 5203 1450 5255 hanc
1488 5196 1633 5256 enim
1677 5203 1767 5257 ille

171 5254 552 5337 blasphemiam
586 5268 817 5322 incurrit
840 5284 966 5324 cum
1003 5254 1178 5337 alibi,
1220 5254 1333 5327 tum
1365 5254 1766 5329 humatio};

169 5323 318 5413 lustre
337 5380 353 5403 ,
382 5337 481 5391 ubi
510 5340 718 5413 multus
750 5323 895 5394 intra
916 5323 1727 5413 nosponitdivinas-virtutes
1745 5387 1763 5413 ,

172 5406 460 5487 fundarum
483 5409 578 5463 vel
608 5424 904 5487 corporum
925 5406 1112 5467 curam
1136 5424 1423 5485 gerentes,
1457 5406 1765 5487 multasque

173 5480 287 5554 item
334 5481 533 5534 noxias
576 5480 892 5554 obsidentes
916 5529 931 5554 ,
960 5492 1125 5549 atque
1139 5480 1500 5541 insidiantes.
1525 5480 1691 5543 Unde'
1712 5498 1767 5543 et

172 5544 260 5633 ξδ’.
286 5563 381 5602 vm
420 5560 625 5633 cpntra
662 5544 933 5633 Celsum?
965 5544 1203 5633 Ἐὶζλήνῳν
1229 5560 1276 5614 oi
1304 5563 1449 5631 σοφοὶ
1476 5561 1765 5633 λεγέτωσαν

175 5620 422 5705 immota
416 5625 687 5695 εἰληχέναι
700 5630 792 5685 τήν
817 5627 1129 5705 ᾁνθρωπίνᾏην
1150 5630 1334 5702 ψυχήν
1357 5620 1459 5705 cirri)
1480 5620 1723 5705 γεξιέσεως
1749 5650 1761 5687 :

175 5683 349 5769 Dicant
379 5683 694 5769 ϐτωξῦνιιιη
722 5683 1010 5765 sapienies,
1040 5683 1303 5756 άαξιιῖοιῆἷέ
1332 5702 1395 5755 ab
1421 5683 1644 5758 lto'minis
1669 5683 1766 5758 na—

174 5762 355 5847 lfuitate
389 5766 639 5847 sortitam
681 5762 811 5824 esse‘
833 5772 1081 5827 animant.
1138 5769 1234 5830 His
1282 5775 1652 5847 l'ereggemina
1691 5791 1763 5835 ex

184 5827 365 5891 bomil.
396 5837 469 5894 12
498 5839 559 5897 in
587 5838 790 5898 Lucam
813 5856 915 5899 nos
944 5857 1106 5916 supra
1136 5827 1571 5918 ρθῦδιιίιιὶὶῖῖιῦξέ

1861 4717 1983 4757 esse
2009 4694 2344 4769 qnmstiones
2370 4712 2497 4770 cum
2544 4697 2815 4751 haereticis
2839 4711 2854 4762 ;
2888 4712 2954 4752 ne
2979 4694 3121 4767 opus
3146 4706 3246 4751 ttos
3274 4694 3463 4770 Chry-

1861 4773 2002 4844 sippi
2051 4771 2333 4844 dialectica
2368 4769 2603 4844 habere,
2648 4778 2705 4822 ut
2747 4770 2998 4844 argutias
3029 4784 3318 4825 caveamus
3356 4769 3466 4826 lue-

1864 4840 2156 4900 réticorum
2205 4841 2503 4912 Scripturis
2544 4840 2905 4896 abntenlium.
2948 4841 3128 4896 ΜΑιιτ.
3161 4872 3231 4881 -
3263 4844 3466 4908 Quam-

1865 4931 2031 4986 quam
2064 4916 2206 4986 scio,
2237 4913 2376 4986 alios
2415 4912 2754 4986 essebonos
2794 4923 3091 4986 auctores,
3137 4930 3164 4966 a
3219 4912 3467 4986 Meuagio

1866 4982 1932 5042 ad
1962 4987 2073 5043 Vit.
2105 4984 2401 5039 Carneadis
2445 4983 2692 5037 laudatos
2718 5027 2733 5051 ,
2768 4983 2861 5053 qui
2899 4982 3262 5055 Chrysippum
3295 4982 3467 5039 belle—

1871 5062 2007 5113 boro
2055 5071 2209 5111 usum
2258 5055 2473 5110 tradant
2498 5098 2512 5123 ,
2542 5066 2836 5122 antequam
2867 5056 3111 5110 scribere
3138 5056 3469 5125 aggredere-

1872 5140 1960 5185 tur
1986 5145 2129 5184 :non
2154 5143 2418 5196 repugno,
2453 5127 2498 5180 si
2527 5127 2646 5194 quis
2674 5126 2801 5181 velit
2831 5128 3119 5195 susnicuri,
3148 5125 3469 5181 vocabulum

1872 5203 2048 5271 ipsum
2075 5243 2090 5266 ,
2124 5196 2383 5254 hellebore
2406 5197 2653 5271 ,pttltare
2682 5196 2735 5271 in
2762 5198 2981 5271 mendo.
3010 5196 3270 5271 Equidem
3304 5212 3471 5271 pecn-

1872 5267 2027 5327 liaris
2058 5280 2113 5328 et
2143 5272 2358 5341 propria
2402 5268 2692 5340 Chrysippi
2732 5270 3005 5323 subtilitas
3055 5272 3108 5322 in
3152 5267 3472 5341 disserendo

1872 5344 1975 5399 fuit
2008 5362 2023 5399 :
2052 5340 2337 5400 belleboro
2364 5352 2546 5396 autem
2579 5355 2841 5410 purgasse
2870 5341 3177 5407 cerebrum,
3201 5340 3472 5395 Carneadi

1870 5425 2064 5471 contra
2135 5414 2413 5470 Zenonem
2479 5412 2823 5481 dispulaturo
2875 5412 3151 5482 proprium
3207 5412 3476 5482 imputant

1873 5487 2103 5543 Veteres
2136 5502 2242 5541 uno
2269 5498 2561 5540 consensu.

1954 5561 1980 5591 ε
2017 5557 2411 5613 Cistercicnses
2439 5571 2597 5625 mss.,
2630 5552 2813 5609 melius
2844 5553 3061 5608 habetur
3085 5570 3105 5610 :
3133 5551 3257 5611 Non
3280 5553 3479 5612 contuli

1877 5648 2031 5703 carne
2059 5630 2402 5703 etsanguine.
2443 5700 2453 5703 _
2491 5699 2499 5703 _
2603 5698 2614 5703 _
2967 5698 2994 5703 η
3324 5674 3337 5683 .

1961 5701 1979 5740 ί
2029 5698 2245 5770 Palat,
2280 5702 2341 5758 Si
2373 5698 2669 5773 spirituolet
2696 5708 2743 5754 et
2772 5698 3029 5769 apostoli,
3062 5708 3209 5773 cte.,
3238 5714 3361 5775 sup.
3389 5699 3483 5758 Ιιοο

1876 5791 2061 5832 mutes.
