3978 6338
503 240 609 306 327

1752 244 1811 304 S.
1855 243 2126 303 EUSEBII
2169 242 2548 304 llilillONYMi

3697 243 3791 309 δίε

505 366 774 441 apostoli,
815 382 944 425 caro
987 376 1043 425 et
1080 365 1302 439 sanguis
1331 371 1461 421 sunt
1488 405 1502 430 ,
1535 359 1662 434 quid
1695 363 1763 420 de
1789 370 1989 437 χοϊκοῖς
2020 380 2108 420 ar-
2134 370 2184 430 Λ
2211 351 2444 422 Domini.
2479 354 2805 440 Loqueliatnr
2823 384 3024 441 quoque
3044 381 3092 426 et
3112 364 3407 445 disputabat
3433 388 3548 426 cum
3572 372 3793 429 (ἐγωσὶεέ

506 461 819 520 bitramur?
849 463 963 518 Non
989 464 1221 519 contulit
1253 463 1411 533 plane
1439 460 1637 516 Paulus
1667 469 1788 531 post
1817 461 2107 515 revelatio-

507 570 632 612 nem
681 555 885 612 Christi
938 572 1061 611 cum
1110 570 1273 609 carne
1315 562 1371 609 et
1409 555 1674 623 Sanguine
1701 594 1717 620 ,
1766 553 1891 623 quia
1932 554 2107 608 noluit

506 642 833 720 margaritas
869 648 1145 720 projicere
1171 656 1296 702 ante
1331 661 1558 718 porcos,
1585 661 1687 703 nec
1707 646 1839 703 dare
1857 660 2103 702 sanctum

506 743 736 798 canibus
758 741 973 812 (Matth.
991 742 1113 814 vn).
1135 740 1270 796 Vide
1290 741 1419 813 quid
1441 739 1509 795 de
1533 740 1913 811 peccatoribus
1927 740 2107 809 scrip—

507 848 622 893 tum
652 838 726 893 sit
758 855 771 893 :
802 835 927 892 Non
966 836 1293 908 permanebit
1322 836 1540 907 spiritus
1561 852 1708 889 meus
1732 836 1787 889 in
1812 833 2107 889 hominibus

504 930 649 1000 istis,
676 930 797 1002 quia
826 947 947 984 caro
975 927 1084 1003 [ΑΙ.
1114 926 1315 1002 carnes]
1363 938 1482 983 sunt
1511 927 1718 1001 (Cenes.
1750 944 1801 983 vt
1819 970 1833 992 ,
1855 928 1932 997 5).
1965 927 2103 982 Cum

507 1023 708 1079 talibus
737 1023 829 1094 qui
857 1037 988 1078 caro
1029 1032 1087 1077 et
1125 1023 1349 1093 sanguis
1376 1033 1530 1077 erant
1559 1038 1730 1092 ,-qua:
1758 1021 1920 1093 392
1946 1022 2107 1076 Petro

505 1132 722 1188 quoque
763 1132 873 1171 non
915 1116 1304 1172 revelaverant
1343 1114 1542 1171 Filium
1574 1114 1666 1171 Dei
1694 1112 1911 1186 (Matth.
1944 1111 2061 1184 xu)
2088 1159 2103 1182 ,

507 1227 617 1267 non
667 1210 902 1266 contulit
947 1210 1244 1281 Apostolus
1277 1208 1634 1281 Evangeliutn
1665 1208 1810 1278 quod
1851 1206 1901 1262 ei
1935 1207 2110 1261 fuerat

505 1305 805 1363 reVelatum
835 1347 848 1370 ,
882 1302 979 1359 sed
1012 1304 1272 1374 paulatim
1308 1317 1405 1358 eos
1449 1306 1517 1357 de
1554 1316 1720 1357 carne
1752 1312 1807 1356 et
1841 1302 2107 1369 sanguine

501 1398 665 1455 vertit
689 1398 744 1453 in
766 1396 1018 1469 spiritum
1054 1413 1067 1450 :
1092 1405 1147 1450 et
1170 1404 1298 1450 tunc
1324 1394 1544 1450 demum
1571 1396 1653 1448 eis
1686 1393 1900 1448 occulta
1928 1392 2108 1445 Evan-

504 1489 631 1563 gelii
664 1499 1006 1546 sacramenta
1039 1486 1334 1543 commisit.
1368 1486 1526 1542 Dicat
1552 1485 1825 1556 quiSpiam
1862 1503 1874 1538 :
1907 1483 1964 1539 Si
1996 1492 2109 1539 sta-

509 1589 606 1642 tim
632 1601 739 1641 non
769 1584 1003 1640 contulit
1025 1599 1150 1639 cum
1179 1596 1346 1637 carne
1370 1590 1427 1636 et
1445 1579 1708 1651 sanguine
1735 1577 2108 1649 Evangelium,

508 1689 689 1737 tamen
715 1678 1179 1748 subintelligitur,
1214 1675 1364 1746 quod
1395 1684 1419 1712 α
1448 1673 1794 1745 postmodum
1826 1687 1948 1726 com
1979 1685 2107 1725 san-

2207 458 2286 512 illi
2310 468 2484 513 autem
2519 461 2813 531 quwrebant
2860 463 3090 517 occidere
3114 482 3253 519 eunt.
3302 465 3457 530 Quod
3478 483 3594 520 cum
3618 483 3795 538 cogno-

2208 553 2399 605 vissent
2421 556 2640 622 fra‘res,
2675 554 2999 610 deduxerunt
3028 575 3141 611 eum
3171 556 3459 613 Caesaream
3482 600 3496 625 ,
3526 569 3573 613 et
3599 559 3795 615 dimise-

2206 654 2328 697 runt
2354 643 2573 700 Tarsum
2598 645 2738 718 (Act.
2761 648 2973 717 xxvtn).
3010 650 3106 704 Hic
3130 660 3309 705 autem
3334 650 3462 707 dicit
3488 666 3549 706 se
3573 652 3791 721 primum

2207 738 2318 794 isse
2368 739 2424 794 in
2473 742 2768 807 Arabiam;
2819 751 2874 798 et
2923 744 3116 797 iterum
3167 758 3448 798 reversum
3481 744 3790 801 Damascum

2209 841 2331 902 post
2355 833 2643 888 triennium
2669 835 2884 891 venisse
2901 835 3323 908 Jerosolymatn,
3344 838 3545 894 vidisse
3563 839 3791 910 Petrum,

2210 937 2265 985 et
2307 944 2428 983 cum
2477 945 2545 986 eo
2575 931 2841 987 mansisse
2869 931 3063 987 diebus
3092 934 3442 1003 quindecim,
3481 950 3581 991 nec
3610 946 3798 1006 prteter

2211 1018 2495 1087 Jacobum,
2527 1021 2749 1078 fratrem
2774 1024 3009 1095 Domini,
3043 1027 3273 1082 alterum
3304 1028 3650 1083 convenisse.
3677 1026 3798 1096 Qua:

2214 1122 2274 1169 ut
2299 1128 2425 1170 vera
2467 1116 2763 1171 credantur
2810 1115 2994 1183 (dubia
3039 1118 3244 1189 quippe
3278 1120 3451 1174 videri
3492 1120 3798 1175 absentibus

2213 1208 2515 1282 poterant),
2538 1210 2639 1266 sub
2667 1212 2955 1267 testatione
2976 1212 3235 1268 conlirma
3245 1222 3284 1279 t,
3299 1213 3525 1270 dicens:
3559 1214 3690 1281 ρυω
3708 1232 3792 1269 att-

2212 1309 2315 1354 tem
2343 1303 2458 1356 dico
2486 1302 2648 1369 vobis,
2677 1319 2790 1358 ecce
2810 1320 2984 1358 coram
3006 1303 3115 1359 Deo
3142 1305 3265 1377 quia
3286 1322 3388 1360 non
3409 1308 3647 1361 mentior.
3681 1308 3799 1362 Pos-

2211 1409 2400 1450 sumus
2439 1395 2605 1466 igitur
2634 1401 2906 1454 testimare
2934 1414 3057 1455 esse
3079 1400 3295 1471 quidem
3319 1384 3547 1457 Paulum
3565 1444 3580 1470 ,
3612 1418 3799 1459 secun-

2210 1488 2335 1543 dtttn
2368 1488 2528 1545 anze
2559 1489 2838 1546 historiam
2865 1535 2879 1560 ,
2930 1492 3329 1564 Jerosolymam
3355 1536 3371 1561 ,
3422 1510 3529 1551 non
3556 1497 3710 1566 quasi
3736 1496 3797 1551 ad

2210 1593 2589 1640 antecessores
2613 1588 2890 1654 apostolos
2917 1629 2934 1655 ,
2967 1598 3025 1642 ut
3065 1588 3266 1658 aliquid
3295 1590 3363 1643 ab
3390 1589 3499 1645 illis
3530 1591 3796 1645 disceret:

2212 1675 2306 1731 sed
2331 1688 2387 1731 ut
2412 1678 2812 1748 persecutionis
2835 1681 3091 1749 impetum
3114 1679 3435 1750 declinaret,
3467 1680 3555 1752 qui
3578 1682 3683 1737 sibi
3708 1683 3799 1738 Da.

506 1775 671 1847 guine
696 1784 749 1830 et
774 1789 943 1829 carne
967 1772 1268 1829 contulerit
1299 1790 1312 1825 :
1344 1782 1399 1827 et
1428 1786 1625 1825 sensus
1655 1770 1742 1824 hic
1769 1811 1784 1835 ,
1815 1784 1924 1836 quo
1949 1782 2108 1838 τινος·
2138 1777 2185 1837 Β
2213 1769 2976 1842 mascipropterEvangelium
2992 1771 3194 1827 Christi
3213 1776 3800 1832 l‘ueratconcitatus:et

507 1867 599 1922 toli
630 1876 999 1930 escusantur,
1037 1879 1106 1918 ne
1132 1877 1261 1917 raro
1292 1872 1348 1917 et
1386 1862 1608 1932 sanguis
1638 1863 1747 1915 sint
1772 1900 1788 1924 ,
1820 1872 1969 1913 stare
2000 1873 2107 1913 non
2150 1910 2159 1915 .

507 1959 744 2033 poterit:
764 1958 893 2014 dum
923 1954 1283 2012 nihilominus
1306 1956 1395 2027 qui
1421 1954 1474 2009 in
1500 1953 1771 2025 principio
1792 1967 1914 2009 cunt
1942 1965 2109 2006 carne

504 2066 562 2111 et
582 2054 847 2125 Sanguine
869 2069 974 2106 non
1001 2051 1275 2117 contulit,
1311 2048 1660 2119 postmodum
1691 2089 1705 2114 ,
1736 2054 1795 2100 ut
1823 2045 1960 2107 disi,
1982 2058 2106 2099 cum

504 2162 669 2203 carne
716 2153 773 2201 et
819 2143 1085 2215 sanguine
1131 2141 1447 2197 contulerit.
1494 2139 1625 2208 Qua:
1665 2137 1980 2209 praepositio
2011 2150 2108 2190 nos

504 2247 781 2310 coarctat,
812 2238 979 2293 utsic
1006 2236 1404 2307 distinguamus
1423 2274 1442 2303 ,
1487 2250 1555 2289 ne
1594 2234 1767 2287 statim
1793 2273 1809 2300 ,
1842 2232 1955 2286 sive
1986 2247 2109 2284 con-

505 2336 684 2401 tinuo,
725 2348 847 2388 cum
886 2346 1052 2388 carne
1090 2331 1381 2403 jnngamus
1411 2338 1467 2385 et
1504 2330 1812 2399 sanguine;
1856 2326 1952 2381 sed
1979 2342 2104 2380 cum

504 2427 884 2498 superioribus
916 2427 1124 2481 haerere
1148 2423 1412 2479 faciamus
1438 2466 1453 2490 ,
1489 2434 1543 2478 ct
1574 2423 1784 2493 legatur
1813 2438 1827 2476 :
1859 2419 1990 2475 Cum
2013 2437 2107 2473 au-

505 2531 608 2578 tem
637 2520 834 2594 placuit
865 2519 913 2574 ei
937 2519 1024 2589 qui
1050 2534 1129 2572 me
1154 2516 1440 2589 segregarit
1480 2516 1544 2569 de
1576 2529 1723 2568 utero
1754 2514 1932 2567 matris
1958 2528 2102 2566 metu.

506 2615 588 2672 Ac
626 2612 825 2669 deinde
856 2627 871 2666 :
908 2609 979 2667 Ut
1005 2610 1249 2666 reuelaret
1290 2605 1340 2661 F
1343 2609 1493 2663 ilium
1520 2623 1672 2662 suum
1701 2608 1754 2660 in
1790 2621 1888 2659 me.
1928 2604 1996 2660 Et
2036 2604 2103 2659 ad

504 2720 808 2766 extremum
849 2726 864 2762 :
901 2703 970 2760 Ut
999 2702 1408 2775 euangelizarent
1438 2701 1589 2755 illum
1629 2702 1681 2755 in
1711 2700 1951 2772 gentibus
1981 2716 2106 2753 cou-

504 2802 649 2857 tinuo
703 2816 725 2857 :
774 2810 887 2855 uta
932 2797 1156 2870 proprio
1188 2796 1411 2865 incipiat
1440 2791 1668 2848 exordio
1702 2810 1714 2847 :
1754 2792 1874 2845 Non
1910 2790 2105 2845 mutuli

505 2912 621 2950 cum
651 2911 809 2949 carne
828 2904 875 2949 et
896 2891 1188 2965 sanguine;
1209 2892 1491 2959 magisque
1512 2885 1888 2941 arbitrantium
1913 2892 1999 2938 est
2026 2884 2104 2938 sic

505 3000 655 3045 Stare
686 3003 908 3043 sensum
952 3003 967 3041 :
1009 2985 1136 3055 quia
1169 2984 1257 3051 qui
1289 2981 1473 3035 statim
1508 2978 1709 3034 missus
1729 2980 1827 3042 sit,
1860 2986 1981 3047 post
2009 2991 2098 3030 re-

508 3084 838 3139 velationem
863 3079 1066 3135 Christi
1100 3076 1451 3148 Evangeliutn
1475 3074 1726 3146 gentibus
1750 3074 2097 3136 annnntiare,

2208 1860 2291 1915 sic
2318 1861 2533 1917 venisse
2545 1861 2947 1935 Jerosolytnam
2965 1867 3119 1937 quasi
3152 1865 3217 1921 ad
3234 1883 3633 1939 quamcumque
3647 1868 3797 1924 aliam

2210 1953 2509 2010 civitatem.
2557 1955 2691 2011 Inde
2733 1972 2858 2013 eum
2894 1957 3078 2013 statim
3112 1968 3335 2028 propter
3366 1959 3591 2016 insidias
3623 1975 3800 2016 reces-

2210 2046 2348 2103 sisse
2373 2090 2389 2116 ,
2440 2056 2495 2104 et
2523 2049 2738 2106 venisse
2766 2050 3020 2107 Arabiam
3046 2091 3064 2119 ,
3106 2052 3221 2107 sive
3252 2052 3571 2109 Damascum
3602 2072 3617 2109 :
3647 2065 3799 2124 atque

2210 2140 2337 2196 inde
2374 2151 2495 2213 post
2531 2143 2822 2200 triennium
2857 2146 2924 2200 ad
2954 2144 3247 2201 videndum
3282 2146 3500 2202 Petrum
3528 2148 3800 2219 Jernsoly-

2210 2249 2355 2288 mam
2389 2236 2697 2291 revertisse.
2733 2237 2825 2292 Vel
2847 2247 2998 2293 certe
3026 2237 3139 2295 ita:
3188 2236 3384 2295 Statim
3416 2248 3477 2293 ut
3504 2240 3800 2310 baptizatus

2208 2327 2303 2396 sit,
2335 2338 2390 2383 et
2419 2341 2645 2400 accepto
2669 2330 2795 2386 cibo
2826 2331 3185 2401 confortatus,
3221 2333 3391 2389 luisse
3413 2350 3536 2390 eum
3566 2349 3694 2390 cum
3724 2334 3799 2389 di-

2209 2420 2431 2486 scipulis
2473 2422 2563 2492 qui
2604 2434 2759 2478 erant
2794 2422 3039 2480 Damasci
3075 2440 3169 2494 per
3193 2426 3310 2481 dies
3336 2426 3579 2498 aliquot:
3612 2436 3668 2481 et
3695 2438 3801 2483 stu-

2209 2513 2460 2583 pentibus
2480 2515 2695 2571 cunctis
2722 2517 2775 2570 in
2801 2520 3091 2588 synagogis
3115 2516 3453 2585 inda-orum,
3479 2517 3800 2589 prtedieasse

2205 2606 2469 2661 continuo
2515 2607 2659 2678 quod
2705 2607 2864 2664 Jesns
2907 2620 3059 2665 esset
3093 2609 3264 2665 Filius
3294 2610 3422 2677 Dei;
3450 2621 3505 2667 et
3537 2620 3671 2667 tunc
3698 2610 3800 2666 isse

2207 2700 2260 2756 in
2290 2700 2543 2757 Arabiam
2568 2744 2585 2768 ,
2613 2711 2670 2757 et
2694 2702 2762 2757 de
2790 2704 2985 2759 Arabia
3017 2705 3336 2761 Damascum
3364 2706 3667 2761 revertisse
3689 2746 3707 2772 ,
3749 2715 3798 2760 et

2210 2792 2280 2848 ibi
2327 2792 2525 2850 fecisse
2574 2795 2906 2850 triennium:
2956 2811 3094 2864 quos
3141 2797 3257 2852 dies
3298 2798 3495 2852 multos
3522 2795 3796 2867 Scriptura

2209 2894 2437 2941 testatur
2462 2928 2478 2954 ,
2511 2887 2729 2944 dicens:
2778 2886 2906 2943 Cum
2936 2889 3272 2962 implerentur
3298 2902 3470 2946 autem
3491 2890 3605 2945 dies
3631 2891 3795 2961 multi,

2204 2981 2480 3036 consilium
2516 2982 2749 3053 fecerunt
2790 2981 2968 3038 Judwi
3001 2994 3058 3037 ut
3092 3000 3210 3038 eum
3238 2984 3581 3055 interﬁcerent
3604 2985 3795 3057 (Actor.

2207 3092 2287 3140 Ix,
2310 3073 2426 3146 23).
2455 3075 2610 3131 Nota:
2632 3087 2811 3132 autem
2834 3079 2989 3132 laetae
3009 3088 3137 3133 sunt
3159 3078 3325 3133 Saulo
3348 3078 3558 3134 insidia:
3578 3093 3793 3135 eorum:

504 3192 613 3231 non
627 3175 845 3231 steterit
875 3192 888 3228 :
917 3188 1019 3228 nec
1046 3170 1211 3226 moris
1233 3170 1558 3240 quibusdam
1591 3176 1807 3237 tempus
1835 3165 2099 3235 produxc-
2129 3171 2175 3234 C
2206 3181 2262 3227 et
2307 3172 2688 3228 custodiebant
2727 3182 2915 3244 portas
2943 3172 3032 3227 die
3056 3188 3120 3228 ac
3150 3185 3346 3240 nocte,
3391 3182 3450 3227 ut
3474 3188 3602 3229 eum
3634 3171 3796 3228 inter-

505 3269 582 3324 rit
632 3266 813 3325 eundo
866 3266 934 3321 ad
980 3264 1300 3336 apostolos,
1350 3272 1405 3318 et
1451 3261 1839 3316 rcvelationem
1890 3258 2103 3313 Domini

504 3377 631 3420 eum
663 3360 974 3417 hominibus
992 3358 1363 3415 conferendo:
1391 3355 1486 3412 sed
1517 3356 1718 3410 abierit
1748 3356 1798 3408 in
1825 3354 2102 3417 Arabiam,

503 3466 561 3513 et
612 3472 801 3513 l'lll'SllS
854 3469 1110 3511 νθνθνειιε
1165 3452 1532 3516 Damascum,
1592 3458 1717 3520 ροκι
1770 3458 1881 3503 tres
1932 3461 2105 3501 annos

506 3551 866 3623 Evangelium
912 3550 1291 3621 prmdicaverit
1332 3565 1346 3601 :
1387 3556 1438 3603 et
1482 3558 1610 3601 tunc
1636 3546 1855 3599 demum
1887 3543 2105 3598 Jeroso-

506 3644 709 3716 lymam
754 3641 982 3699 veniens
1006 3683 1023 3709 ,
1069 3642 1288 3697 Petrum
1315 3685 1331 3711 ,
1358 3639 1622 3695 Joannem
1654 3646 1710 3693 et
1736 3636 1995 3692 Jacobum
2027 3635 2108 3689 vi-

501 3736 664 3793 derit;

571 3831 590 3903 (
600 3830 754 3887 Vers.
785 3827 901 3897 i7.)
929 3826 1110 3896 Neque
1128 3826 1241 3881 veni
1265 3824 1298 3877 .1
1304 3824 1651 3896 eroso'ymam
1672 3822 1740 3877 ad
1755 3833 2101 3878 antecessores

494 3938 634 3977 meos
674 3921 959 3994 apostolos.
1002 3921 1061 3977 Si
1098 3920 1166 3973 de
1197 3918 1468 3989 apostolis
1491 3918 1741 3985 dixerat,
1772 3932 1877 3970 non
1903 3917 2102 3971 contuli

494 4032 612 4071 cum
640 4030 797 4069 carne
836 4020 884 4068 et
916 4014 1201 4086 sanguine,
1230 4012 1358 4083 quid
1403 4026 1630 4068 necesse
1661 4013 1837 4066 luerat
1864 4012 2098 4080 idipsnm

498 4111 697 4166 iterare
726 4107 961 4164 dicendo
1001 4126 1015 4162 :
1056 4105 1239 4177 Neque
1280 4108 1394 4160 veni
1420 4104 1800 4176 Jerosolymam
1840 4105 1909 4159 ad
1956 4115 2101 4159 ante-

497 4214 721 4259 cessores
744 4217 885 4257 meos
923 4200 1229 4273 apostolos?
1257 4198 1308 4254 ls
1338 4201 1517 4270 itaque
1549 4214 1741 4254 sensus
1786 4198 2054 4253 tenendus
2081 4239 2096 4264 ,

496 4308 660 4363 quem
703 4306 868 4361 supra
897 4290 1280 4361 exposuimus.

572 4385 681 4443 Sed
736 4384 844 4440 abii
908 4384 964 4438 in
1022 4383 1268 4438 Arabiam
1319 4398 1337 4437 :
1390 4394 1437 4437 et
1481 4384 1664 4438 iterum
1697 4399 1933 4439 reversus
1986 4402 2099 4439 sum

500 4478 833 4535 Damascum.
894 4476 1013 4533 Non
1062 4477 1163 4531 sibi
1221 4476 1438 4531 videtur
1492 4478 1736 4532 historia:
1784 4479 1919 4533 ordo
1968 4494 2097 4533 con-

2208 3266 2451 3320 ticerent.
2494 3263 2840 3333 Accipientes
2869 3280 3003 3334 ergo
3029 3264 3285 3334 discipuli
3306 3265 3429 3335 ejus
3458 3275 3621 3321 nocte
3642 3305 3658 3331 ,
3705 3279 3797 3335 per

2207 3374 2418 3412 murum
2473 3357 2795 3413 dimiserunt
2846 3373 2971 3414 eum
3002 3398 3017 3423 ,
3067 3359 3454 3414 submittcntes
3496 3359 3550 3415 in
3593 3371 3793 3429 Sparta.

2203 3452 2339 3506 Cum
2368 3463 2549 3507 autem
2581 3452 2821 3507 venisset
2843 3451 3147 3508 Jerusalem
3170 3492 3186 3518 ,
3218 3454 3459 3508 tentahat
3480 3452 3713 3522 jungere
3740 3467 3794 3508 se

2204 3545 2504 3617 discipulis.
2538 3545 2738 3601 Lucam
2765 3561 2893 3600 vero
2918 3543 3085 3617 395.
3104 3545 3309 3601 idcirco
3338 3544 3409 3601 de
3436 3546 3636 3602 Arabia
3661 3562 3795 3616 prae-

2206 3640 2443 3706 terisse,
2494 3640 2621 3707 quia
2672 3639 2902 3693 forsitan
2950 3638 3085 3695 nihil
3130 3638 3350 3708 dignum
3398 3639 3712 3708 upostolatu
3743 3639 3789 3693 in

2204 3736 2401 3791 Arabia
2445 3745 2818 3806 perpetrarat:
2862 3745 2916 3790 et
2952 3736 3228 3805 ea'p0tius
3260 3734 3651 3806 compendiosa
3677 3751 3793 3788 uar-

2204 3830 2412 3886 ratione
2437 3830 2641 3884 divisse
2670 3872 2686 3895 ,
2734 3844 2857 3899 qua:
2902 3829 3063 3899 digna
3090 3826 3295 3883 Christi
3328 3827 3624 3898 Evangelia
3652 3825 3789 3881 vide-

2205 3924 2419 3978 bantur.
2467 3920 2578 3977 Nec
2607 3921 2711 3976 hoc
2735 3919 2981 3990 segnitiae
3010 3919 3253 3988 Apostoli
3282 3918 3660 3989 deputandum
3688 3962 3703 3981 .
3748 3918 3791 3971 si

2202 4015 2402 4072 frustra
2452 4014 2505 4069 in
2554 4012 2755 4068 Arabia
2797 4013 2962 4067 fuerit
2991 4008 3099 4083 (Al.
3133 4021 3508 4067 commoratus
3538 4010 3666 4083 sit]:
3702 4009 3791 4064 sed

2202 4108 2342 4180 quod
2393 4108 2571 4177 aliqua
2614 4105 2952 4176 dispensatio
2979 4113 3037 4160 et
3062 4104 3157 4159 Dei
3187 4114 3520 4177 praeceptum
3551 4103 3712 4160 fuerit
3740 4113 3791 4157 ut

2203 4208 2427 4256 taceret.
2480 4199 2613 4255 Nam
2653 4209 2708 4253 et
2757 4208 2949 4270 postea
2995 4198 3222 4269 legimus
3266 4199 3491 4253 Paulum
3530 4213 3655 4253 cuin
3686 4198 3792 4255 Sila

2201 4307 2481 4364 egressum
2504 4333 2519 4358 ,
2552 4291 2885 4363 prohibitum
2909 4305 3032 4347 esse
3062 4306 3091 4346 a
3123 4289 3329 4360 Spiritu
3350 4302 3542 4345 sancto
3572 4290 3793 4345 verbum

2205 4390 2258 4441 in
2288 4387 2418 4443 Asia
2451 4387 2597 4458 loqui
2630 4386 2834 4459 (Actor.
2863 4384 2998 4457 xvn).
3052 4386 3259 4440 Aliter:
3316 4384 3424 4440 Sed
3444 4383 3549 4438 abii
3580 4385 3636 4438 in
3667 4382 3793 4437 Ara-

2203 4481 2374 4543 biam;
2411 4489 2459 4534 et
2501 4480 2688 4533 iterum
2713 4494 2946 4533 reuersus
2970 4493 3085 4531 sum
3116 4476 3449 4530 Damascum.
3497 4475 3635 4544 Quid
3665 4474 3794 4531 mihi

496 4576 718 4642 cinere,
790 4569 1062 4627 referente
1134 4569 1276 4624 Luca
1328 4569 1380 4622 in
1437 4570 1662 4625 Actibus
1724 4573 2095 4640 apostolorum
2129 4564 2178 4625 D
2205 4575 2423 4645 prodest
2447 4572 2547 4627 ista
2582 4574 2774 4628 relatio
2805 4614 2819 4636 ,
2857 4574 2901 4625 si
2936 4572 3106 4642 legam
3138 4572 3280 4641 quod
3321 4570 3523 4625 Paulus
3552 4581 3675 4641 post
3707 4584 3791 4625 re-

497 4667 639 4736 (Act.
700 4664 809 4733 Ix),
863 4661 1006 4733 quod
1071 4677 1193 4717 cum
1254 4661 1453 4716 Paulus
1506 4674 1627 4730 post
1676 4662 1839 4717 ﬁdem
1896 4662 2096 4719 Chriin

499 4772 595 4827 per
644 4755 763 4810 dies
798 4755 997 4809 multos
1080 4754 1435 4824 Evangelium
1518 4755 1770 4810 Damasci
1844 4758 2095 4826 loquere-

499 4858 589 4903 tur
670 4846 977 4913 audenter,
1063 4846 1218 4902 lucta:
1295 4845 1497 4901 fuerint
1577 4850 1625 4902 ei
1713 4847 1963 4918 insidiar,
2040 4859 2093 4904 ct

498 4942 662 5015 393
686 4943 739 4998 in
765 4951 947 5013 sporta
980 4956 1077 5012 per
1099 4957 1311 4996 murum
1340 4953 1496 4995 nocte
1519 4942 1785 4997 demissus
1807 4943 1898 5009 sit,
1923 4952 1978 4999 et
2004 4959 2096 4998 ve-

499 5041 642 5093 nerit
675 5035 1071 5106 Jerusolymam
1105 5044 1319 5089 tcutans
1348 5049 1407 5089 sc
1438 5035 1672 5105 jungere
1700 5036 2002 5106 discipulis.
2046 5038 2091 5092 A

496 5128 693 5202 quibus
717 5142 840 5182 cum
868 5127 1169 5192 vitaretur,
1200 5136 1252 5179 et
1284 5126 1541 5180 timerent
1564 5126 1631 5179 ad
1658 5141 1781 5181 eum
1806 5127 2088 5197 accedere,

496 5237 527 5277 a
557 5221 796 5278 Barnaba
826 5221 893 5275 ad
916 5219 1192 5289 apostolos
1221 5218 1368 5273 illum
1398 5234 1520 5275 esse
1542 5220 1858 5290 perductum
1884 5238 1896 5275 :
1930 5232 1984 5277 et
2016 5222 2087 5277 ibi

496 5331 751 5373 narrasse
788 5314 1063 5385 quomodo
1105 5312 1391 5368 Dominum
1422 5314 1620 5369 viderit
1663 5316 1716 5368 in
1761 5316 1987 5383 itinere,
2034 5326 2087 5371 et

496 5413 743 5468 D.unasci
758 5410 1079 5466 ﬁducialiter
1092 5409 1329 5479 egeritin
1353 5410 1571 5465 nomine
1589 5410 1797 5464 Domini
1817 5404 1925 5485 [ΑΙ.
1943 5413 2091 5466 addit

488 5506 664 5581 Jcsu].
708 5506 852 5574 Erat,
896 5503 1092 5575 inqttit,
1136 5519 1252 5558 cum
1280 5504 1405 5566 illis,
1440 5506 1640 5558 intrans
1665 5516 1711 5558 et
1733 5507 1979 5561 exiensin
2000 5505 2091 5561 Je-

486 5603 711 5659 rusalem
739 5643 754 5669 ,
807 5598 1129 5670 ﬁduciuliter
1168 5614 1327 5668 agens
1366 5594 1473 5670 [ΑΙ.
1514 5597 1742 5671 agentes]
1796 5600 1848 5653 in
1886 5603 2092 5656 nomine

2202 4668 2533 4723 volationem
2574 4664 2777 4723 Christi
2822 4665 3004 4721 statim
3040 4665 3166 4720 ierit
3212 4667 3263 4719 in
3294 4663 3589 4726 Arabiam:
3633 4674 3687 4719 et
3728 4665 3794 4718 de

2201 4760 2400 4815 Arabia
2429 4762 2611 4815 statim
2641 4760 2963 4814 Damascum
2987 4758 3153 4814 fuerit
3178 4772 3469 4813 reversus:
3504 4774 3606 4813 nec
3626 4757 3790 4813 sciam

2199 4854 2327 4923 quid
2377 4855 2449 4908 ibi
2492 4855 2759 4925 gesserit,
2811 4853 3010 4924 quidve
3040 4853 3289 4907 utilitatis
3317 4852 3570 4909 habuerit
3604 4854 3713 4909 itus
3734 4870 3793 4908 ac

2199 4946 2446 5002 reditus?
2489 4949 2587 5001 Dat
2619 4946 2746 5000 mihi
2780 4945 3124 5000 occasionum
3163 4944 3378 4999 altioris
3420 4944 3793 5016 ἱιιιειιίεειιιὶτε

2204 5042 2256 5096 in
2304 5042 2403 5095 har.
2423 5041 2613 5095 eadem
2641 5042 2879 5110 Epistola
2902 5040 3019 5109 ipse
3040 5040 3363 5109 Apostolus,
3394 5054 3518 5095 cum
3544 5039 3611 5092 de
3630 5039 3795 5094 Abra-

2201 5136 2357 5201 ham,
2400 5141 2541 5203 Agar
2566 5176 2579 5197 ,
2624 5143 2678 5187 rt
2708 5134 2837 5189 Sura
2872 5133 3191 5201 disputans:
3249 5131 3380 5198 Qua:
3412 5133 3619 5203 quidem
3651 5141 3789 5198 sunt,

2201 5227 2401 5298 inquit,
2434 5244 2522 5296 per
2547 5226 2851 5297 allegoriam
2879 5226 3038 5280 dicta.
3099 5222 3225 5280 [huc
3251 5225 3388 5280 enim
3415 5233 3536 5279 sunt
3557 5229 3663 5279 duo
3694 5224 3793 5279 Te-

2191 5331 2480 5377 stamenta:
2523 5337 2683 5375 unum
2710 5320 2916 5392 quidem
2940 5338 2972 5373 α
2998 5326 3168 5374 monte
3193 5318 3357 5384 Sina,
3406 5320 3462 5372 in
3501 5322 3790 5374 servitutem

2191 5430 2442 5488 generous
2468 5458 2480 5479 ,
2513 5430 2628 5483 qua!
2658 5426 2730 5468 est
2763 5416 2923 5484 Agar.
2982 5414 3111 5469 Sina
3139 5413 3275 5467 enim
3301 5429 3446 5466 mons
3474 5423 3547 5467 est
3571 5414 3627 5466 in
3662 5413 3791 5469 Ara-

2193 5511 2275 5564 bia
2299 5552 2313 5575 ,
2357 5512 2443 5580 qui
2472 5511 2680 5577 iunctus
2710 5520 2782 5562 est
2806 5511 2888 5575 ei,
2911 5526 3026 5579 qua:
3047 5524 3183 5562 nunc
3221 5516 3293 5561 est
3319 5504 3610 5561 Jerusalem
3641 5506 3784 5575 (Gal.

2194 5619 2267 5669 Iv,
2290 5604 2383 5667 24.
2417 5605 2533 5676 9.5).
2587 5603 2650 5659 Et
2682 5605 2844 5660 docet
2885 5616 3042 5659 vetns
3073 5602 3515 5668 Testamentum,
3558 5600 3663 5656 hoc
3686 5616 3784 5680 esi,

557 5795 583 5825 "
616 5747 684 5847 ιιῖ
719 5785 897 5845 altero
940 5780 1315 5855 Cisterciensi,
1343 5784 1466 5863 quia
1505 5794 1621 5858 post
1656 5782 1915 5842 modicum
1953 5802 2070 5843 cum
2102 5786 2390 5863 sanguine,
2420 5795 2528 5847 etc.
