3978 6338
228 304 324 364 329

735 306 1388 365 COMMENTMHORUM
1425 306 1494 364 ΙΝ
1539 305 1930 364 EPISTOLAM
1969 305 2061 362 AD
2100 306 2424 366 GALATAS
2461 309 2590 365 LIB.
2636 309 2677 367 Ι.
2718 309 2872 367 CAP.
2912 311 2952 368 1.

3388 310 3493 370 330

224 422 416 477 ancilla:
445 422 545 495 [ΑΙ.
579 422 629 478 in
662 422 891 498 ancill-.e]
920 423 1106 493 filium,
1140 424 1190 478 in
1224 424 1418 479 Arabia
1448 426 1594 492 (qua:
1620 422 1787 477 intcr-
1815 423 1867 482 A
1895 422 1998 476 cim
2031 425 2182 491 ponit
2214 425 2330 481 dies
2352 468 2365 491 ,
2410 434 2467 481 nt
2499 426 2751 481 ostendat
2774 443 2879 481 non
2910 427 3080 483 fuisse
3111 429 3315 495 grande
3346 440 3491 486 rem-

223 528 446 587 prclatttr
473 517 678 571 Innuilis
708 530 759 572 ct
782 516 1021 586 arcadim)
1054 518 1428 571 cutis:itt:tt:m.
1474 514 1665 570 Statim
1693 514 1794 569 ita-

220 624 313 677 ιιιιιτ
342 616 395 662 ιιι
422 608 649 663 credidit
675 609 891 674 Paulus,
926 609 991 663 ad
1027 608 1247 679 Legem,
1277 608 1343 663 ad
1375 611 1694 679 Pr0phetas,
1723 607 1790 662 ad

219 702 407 756 veteris
435 702 763 759 Testamenti
791 705 902 772 jam
927 703 980 757 in
1012 703 1243 757 occiduo
1267 703 1423 775 positi
1453 710 1794 757 sacramenta

217 810 492 849 conversus
518 837 532 861 ,
580 795 831 866 quaesivit
862 793 916 850 in
960 796 1043 851 eis
1066 794 1342 851 Christum
1368 835 1384 861 ,
1431 810 1590 866 quem
1607 794 1793 866 jussus

217 888 378 941 fuerat
411 887 461 941 in
502 887 755 957 gentibus
792 888 1123 958 praedicare:
1168 898 1223 945 et
1253 900 1470 959 reperto
1501 887 1596 943 illo
1617 929 1633 953 ,
1683 902 1790 943 non

216 987 285 1032 est
316 977 384 1031 ibi
405 977 605 1032 diutius
625 988 1028 1046 conmoratus;
1056 978 1152 1034 sed
1179 994 1435 1036 reversus
1457 988 1541 1035 est
1567 980 1791 1035 Damas-

214 1088 346 1138 cum,
370 1071 469 1127 hoc
486 1082 589 1136 est,
623 1072 690 1127 ad
715 1072 1033 1144 sanguinem
1061 1082 1116 1128 et
1142 1074 1456 1142 passionem
1479 1071 1714 1130 Christi:
1737 1081 1794 1128 et

212 1164 324 1219 inde
368 1166 682 1234 prophetica
727 1164 962 1221 lectione
1003 1164 1248 1220 firmatus
1298 1167 1473 1237 pergit
1512 1166 1793 1236 Jerosoly-

211 1278 377 1326 mam,
429 1262 606 1316 locum
641 1259 865 1317 \iSimtiS
895 1270 948 1317 ct
993 1262 1180 1331 pacis:
1222 1276 1329 1316 non
1360 1272 1465 1316 tam
1497 1259 1793 1316 disciturus

208 1355 395 1426 aliquid
425 1356 496 1414 ab
516 1358 804 1430 apostolis,
838 1376 999 1429 quant
1021 1375 1144 1416 cum
1169 1361 1250 1416 eis
1274 1360 1620 1430 Evangelium
1646 1358 1791 1431 quod

209 1448 477 1516 docuerat,
510 1450 836 1507 collaturus.

270 1539 445 1610 (νει-ε.
480 1542 592 1613 18.)
640 1541 841 1598 Deinde
886 1556 1000 1616 post
1039 1563 1205 1602 annos
1228 1556 1350 1617 tres,
1383 1546 1496 1601 ισεηὶ
1523 1544 1795 1619 Jerosofy-

208 1651 331 1688 tuam
361 1635 533 1690 ridere
560 1635 801 1693 Petrum.
854 1639 970 1694 Non
999 1648 1057 1695 ut
1081 1641 1290 1705 oculos,
1330 1654 1519 1708 genas,
1562 1642 1797 1695 vultum-

206 1745 301 1797 que
328 1728 446 1799 cjns
473 1731 740 1801 aspiceret
769 1774 784 1797 ,
837 1743 1021 1789 utrum
1052 1734 1404 1799 macilentus,
1451 1750 1519 1788 an
1546 1732 1793 1803 pinguis;

1898 530 2021 586 pus,
2052 536 2158 587 quo
2180 521 2418 590 potuerit
2438 520 2637 591 aliquid
2662 538 2690 574 a
2715 521 2877 577 Petro
2900 524 3108 578 discere
3132 540 3146 590 ;
3171 532 3228 578 ut
3249 523 3314 578 ad
3339 524 3491 581 illum

1896 624 2115 665 sensum
2157 626 2187 666 a
2215 628 2322 682 quo
2353 613 2546 681 cmpit,
2592 624 2788 669 cuncta
2816 616 3152 674 referantur:
3185 634 3244 675 se
3276 635 3385 676 non
3423 618 3495 675 ab

1897 702 2117 757 homine
2146 703 2367 759 doctum
2392 720 2538 772 esse,
2584 705 2679 763 sed
2708 722 2739 761 a
2769 707 2902 765 Dee.

1972 793 2299 866 (Vers.19.)
2350 798 2521 852 Alium
2564 810 2735 854 autem
2784 802 3140 872 apostolorum
3179 803 3287 859 vidi
3325 805 3491 862 nemi-

1896 902 2034 955 nem,
2079 888 2182 942 nisi
2206 887 2461 945 Iacobum
2490 892 2706 962 fratrem
2734 893 2964 951 Domini.
2996 896 3216 955 Memini
3245 915 3332 956 me
3361 902 3489 959 dum

1897 979 2084 1035 Romae
2126 997 2303 1039 essent
2334 1025 2349 1047 ,
2382 984 2614 1055 impulsu
2662 987 2891 1045 fratrum
2948 990 3146 1048 librum
3186 993 3257 1049 de
3286 1006 3493 1053 sanctas

1898 1071 2080 1127 Mariae
2130 1074 2443 1146 virginitate
2488 1077 2727 1135 edidisse
2778 1092 3058 1153 perpetua.
3112 1085 3169 1141 ln
3218 1103 3327 1158 quo
3358 1090 3494 1147 mihi

1898 1178 2118 1221 necesse
2147 1165 2245 1222 fuit
2273 1168 2340 1224 de
2364 1167 2447 1224 his
2471 1171 2562 1240 qui
2592 1170 2787 1229 fratres
2810 1174 3017 1231 Domini
3041 1176 3172 1233 dicti
3199 1189 3345 1245 sunt,
3370 1180 3495 1238 diu-
3559 1216 3571 1227 -

1897 1258 2005 1313 tius
2047 1259 2347 1329 disputare.
2410 1262 2564 1319 Unde
2613 1264 3027 1338 qualiacumque
3074 1279 3201 1327 sunt
3246 1272 3336 1327 illa
3370 1289 3491 1345 qua:

1894 1351 2250 1420 scripsimus,
2305 1351 2390 1408 his
2436 1355 2678 1411 contenti
2726 1371 2847 1413 esse
2873 1358 3156 1418 debemus.
3206 1362 3496 1423 Nunchoe

1896 1441 2165 1511 sufficiat,
2194 1454 2255 1499 ut
2283 1456 2508 1516 propter
2534 1448 2783 1519 egregios
2810 1465 2990 1507 mores
3009 1495 3022 1518 ,
3055 1465 3110 1508 et
3151 1456 3497 1528 incompara-

1896 1536 2059 1592 bilem
2099 1537 2259 1594 lidcm
2288 1541 2721 1614 sapientiamque
2753 1560 2857 1599 non
2887 1542 2915 1583 δ
2954 1547 3188 1603 mediam
3218 1549 3386 1606 frater
3406 1551 3497 1606 di-

1896 1640 2016 1686 ctus
2063 1632 2132 1686 sit
2183 1633 2439 1689 Domini:
2487 1638 2711 1707 et'quod
2743 1640 2951 1709 primus
2987 1641 3037 1697 ei
3073 1641 3325 1699 Ecclesia:
3352 1660 3492 1715 pra:-

1899 1728 2083 1794 fuerit,
2114 1745 2233 1796 qtue
2263 1732 2435 1801 prima
2468 1734 2520 1785 in
2546 1732 2713 1806 396
2737 1732 3009 1791 Christum
3032 1737 3263 1793 credens
3290 1754 3361 1794 ex
3392 1741 3490 1797 Ju-

206 1822 405 1879 adunco
432 1840 570 1878 naso
596 1836 769 1893 esset,
806 1844 874 1880 an
910 1838 1100 1882 reeto:
1132 1840 1185 1883 et
1215 1837 1394 1882 utrum
1429 1827 1662 1881 frontem
1697 1842 1790 1882 ve-
1822 1828 1869 1889 Β
1896 1822 2031 1878 ἀπεὶς
2077 1823 2248 1879 fuerat
2291 1839 2637 1896 congregata.
2686 1826 2950 1883 Dicuntur
2977 1830 3194 1899 quidem
3222 1840 3282 1888 et
3307 1832 3496 1889 cmteri

206 1914 349 1970 stiret
372 1930 528 1971 coma
554 1934 569 1971 :
614 1932 686 1971 an
715 1918 795 1986 (ut
824 1916 1083 1975 Clemens
1108 1920 1159 1975 in
1185 1919 1431 1975 Periodis
1459 1921 1579 1989 ejus
1602 1918 1789 1991 refert)

206 2007 465 2063 calvitiem
515 2008 749 2066 haberet
795 2011 848 2066 in
896 2013 1095 2083 capite.
1150 2011 1261 2068 Nec
1294 2022 1423 2084 puto
1466 2013 1793 2083 Apostolica:

206 2097 359 2154 fuisse
387 2102 699 2171 gravitatis,
728 2114 786 2157 ut
817 2112 941 2173 post
972 2112 1177 2159 tantam
1210 2114 1236 2141 ι
1267 2106 1487 2188 ιιὶςιιιιίἰ
1521 2120 1794 2177 praepara-

207 2195 432 2261 tionem,
478 2194 687 2267 aliquid
737 2197 1030 2253 humanum
1080 2198 1134 2253 in
1183 2198 1347 2255 Petro
1393 2201 1625 2255 voluerit
1650 2200 1795 2269 aspi-

190 2290 335 2344 cere.
388 2287 498 2346 Sed
548 2289 634 2345 his
666 2292 838 2347 oculis
868 2292 1080 2363 aspexit
1110 2309 1231 2348 eum
1257 2333 1274 2358 ,
1313 2294 1515 2365 quibus
1546 2304 1601 2351 et
1629 2293 1793 2350 modo

205 2383 253 2439 in
277 2384 433 2458 395
464 2385 732 2457 Epistolis
759 2387 872 2443 suis
900 2388 1132 2444 videtur.
1166 2389 1260 2445 His
1289 2390 1463 2445 oculis
1490 2389 1693 2445 Paulus
1715 2388 1797 2444 vi-

205 2478 275 2536 dit
298 2482 535 2553 Cepham
564 2529 580 2550 ,
613 2482 816 2553 quibus
857 2500 999 2540 nunc
1036 2500 1066 2538 a
1100 2483 1458 2554 prudentibus
1489 2483 1795 2555 quibusque

207 2570 391 2629 Paulus
441 2575 564 2644 ipse
610 2575 971 2646 conspicitur.
1032 2574 1187 2644 Quod
1226 2575 1271 2630 si
1300 2575 1385 2631 citi
1414 2590 1523 2629 non
1554 2574 1791 2643 videtur,

206 2681 314 2721 cum
338 2669 616 2739 superiori
642 2684 812 2725 sensu
839 2668 1031 2741 jungat
1059 2666 1167 2742 [AL
1194 2667 1407 2742 junget]
1438 2668 1556 2723 haec
1574 2668 1755 2723 omnia
1779 2687 1792 2723 :

206 2760 333 2828 quod
377 2760 513 2815 nihil
568 2761 674 2815 sibi
725 2752 957 2832 apostoli
1007 2760 1363 2838 contulerint.
1405 2758 1539 2814 Nam
1571 2759 1793 2831 etquod

208 2853 337 2908 visus
365 2852 474 2928 [ΑΙ.
505 2853 723 2927 jussus]
755 2855 829 2909 sit
856 2854 935 2910 ire
961 2852 1355 2925 Jerosolymam
1382 2895 1397 2920 ,
1445 2852 1512 2908 ad
1558 2852 1661 2908 hoc
1688 2854 1796 2908 isse

206 2956 258 3000 ut
292 2945 506 3003 videret
536 2946 850 3017 apostolum
877 2989 894 3016 ,
935 2945 964 2986 ι)
997 2961 1107 3001 non
1138 2945 1385 3002 discendi
1412 2945 1598 3003 studio
1622 2990 1636 3016 ,
1668 2944 1794 3017 quia

208 3047 250 3092 et
275 3038 385 3108 ipse
406 3040 669 3096 eumdem
693 3040 1096 3110 praedicationis
1121 3039 1346 3096 haberet
1362 3047 1673 3105 auctorem;
1699 3039 1794 3095 sed

208 3131 415 3187 honoris
447 3133 621 3203 priori
660 3132 912 3203 apostolo
949 3131 1252 3189 deferendi.

1897 1917 2125 1987 apostoli
2160 1918 2355 1974 fratres
2389 1919 2599 1975 Domini
2627 1964 2641 1989 ,
2684 1921 2824 1975 sicut
2858 1922 2908 1977 in
2936 1921 3272 1995 Evangelia:
3323 1923 3493 1995 Vade,

1897 2009 1981 2063 dic
2003 2009 2251 2080 fratribus
2273 2012 2430 2065 meis:
2458 2012 2587 2066 rado
2616 2014 2686 2067 ad
2708 2013 2923 2069 Patrem
2960 2032 3165 2087 meum,
3211 2025 3260 2072 et
3289 2019 3359 2073 ad
3390 2017 3502 2073 Pa-

1897 2114 2023 2159 trem
2046 2115 2264 2159 vestrum
2286 2122 2302 2159 :
2328 2117 2377 2161 et
2400 2107 2471 2160 ad
2492 2104 2661 2162 Deum
2689 2124 2877 2174 meum,
2910 2122 2957 2164 ct
2984 2110 3055 2165 ad
3078 2109 3246 2166 Deum
3273 2123 3499 2168 restrum

1897 2193 2078 2267 (Joau.
2107 2212 2201 2259 xx,
2234 2195 2343 2268 17).
2386 2197 2453 2254 Et
2487 2198 2541 2253 in
2571 2199 2821 2270 psalmo:
2860 2199 3105 2257 Narrabo
3128 2220 3313 2258 nomen
3353 2214 3501 2259 tuum

1898 2289 2146 2361 fratribus
2199 2291 2362 2345 meis:
2404 2291 2460 2346 in
2513 2293 2681 2347 medio
2723 2288 2974 2349 Ecclesiae
3013 2301 3234 2351 cantabo
3285 2306 3334 2352 te
3372 2296 3497 2371 (Ps.

1899 2399 2011 2453 ut,
2040 2384 2158 2456 22).
2211 2384 2319 2440 Sed
2358 2386 2624 2457 praicipue
2664 2387 2753 2444 hic
2782 2386 2952 2444 frater
2977 2390 3210 2460 dicitur,
3236 2391 3323 2447 cui
3356 2391 3500 2448 filios

1901 2479 2092 2535 matris
2135 2495 2249 2536 sn:e
2280 2481 2345 2535 ad
2379 2480 2594 2536 Patrem
2625 2481 2824 2538 vadens
2851 2482 3115 2538 Dominus
3145 2484 3502 2541 commenda-

1900 2586 2072 2629 verat.
2130 2574 2194 2628 Et
2242 2575 2518 2645 quomodo
2563 2574 2667 2630 Job
2708 2584 2765 2630 et
2805 2575 2990 2631 ca-teri
3018 2577 3341 2647 patriarchae
3366 2577 3502 2634 dicti

1901 2681 2027 2725 sunt
2068 2669 2286 2739 quidem
2333 2671 2513 2725 famuli
2544 2671 2684 2739 Dei,
2722 2673 2816 2727 sed
2857 2673 3011 2744 quasi
3038 2676 3314 2746 egregium
3340 2675 3504 2746 quid-

1899 2763 2025 2818 dam
2052 2762 2267 2835 Moyses
2296 2763 2484 2818 hahnit
2506 2812 2520 2834 ,
2570 2775 2632 2819 ut
2654 2765 2988 2821 scriberetur
3017 2767 3087 2821 de
3114 2782 3182 2822 eo
3203 2809 3221 2835 ,
3254 2767 3362 2824 Sed
3388 2785 3494 2824 non

1899 2856 2033 2911 sicut
2066 2855 2271 2927 Moyses
2305 2856 2531 2925 fontulus
2559 2873 2700 2911 meus
2732 2856 2921 2928 (Hebr.
2954 2873 3037 2923 tu,
3061 2858 3148 2930 δὶς
3180 2858 3263 2915 sic
3286 2870 3341 2915 et
3370 2861 3505 2917 beao

1903 2957 1989 3002 tus
2031 2947 2264 3003 Jacohus
2306 2948 2617 3015 specialiter
2647 2948 2816 3005 frater
2850 2952 3061 3007 Domini
3093 2952 3173 3025 (ut
3196 2962 3324 3010 ante
3351 2952 3496 3011 disi-

1903 3042 2049 3113 mus)
2070 3043 2371 3113 appellatus
2397 3055 2499 3099 est.
2533 3043 2690 3114 Quod
2711 3058 2892 3102 autem
2917 3052 3162 3119 exceptis
3182 3048 3495 3117 duodecim.

1901 3135 2117 3206 quidam
2146 3146 2412 3191 vocentur
2442 3139 2706 3207 apostoli,
2748 3139 2879 3195 illud
2925 3142 2975 3196 in
3007 3156 3167 3196 causa
3211 3152 3333 3201 est:
3383 3160 3505 3200 oin-

270 3221 330 3277 Et
365 3226 536 3280 mansi
567 3226 713 3298 apud
736 3241 848 3280 eum
877 3224 1056 3280 diebus
1081 3222 1395 3296 quindecim.
1455 3221 1571 3278 Non
1605 3221 1796 3294 grandi
1825 3224 1873 3290 C
1904 3243 2000 3284 nes
2027 3231 2117 3300 qui
2150 3229 2440 3285 Dominmn
2476 3233 2750 3298 viderant,
2789 3245 2842 3289 et
2874 3250 2997 3291 eum
3024 3246 3211 3307 postea
3236 3237 3501 3308 praedica-

206 3312 413 3387 i;.diguit
439 3317 765 3389 magisterio
794 3318 884 3388 qui
914 3324 1067 3372 tanto
1085 3330 1146 3373 se
1167 3315 1233 3371 ad
1256 3313 1547 3371 videndum
1574 3315 1793 3370 Petrum

206 3418 434 3481 tempore
466 3412 821 3484 prmparavit.
855 3411 923 3467 Et
947 3413 1073 3469 licet
1100 3411 1424 3482 quibusdam
1454 3408 1794 3481 superfluum

204 3504 454 3575 rideatur,
490 3522 755 3562 numeros
781 3521 1001 3578 quoque
1021 3506 1111 3576 qui
1141 3505 1194 3560 in
1226 3504 1525 3573 Scripturis
1551 3516 1677 3559 sunt
1697 3504 1794 3560 ob-

205 3613 407 3657 servare
431 3619 443 3656 :
484 3611 671 3657 tamen
699 3616 807 3658 non
834 3601 931 3657 abs
957 3616 1017 3655 re
1041 3598 1280 3656 arbitror
1302 3597 1617 3670 quindecim
1648 3597 1791 3665 dies,

202 3696 381 3764 quibus
408 3696 556 3767 apud
584 3697 805 3753 Petrum
828 3695 1026 3752 Paulus
1049 3693 1342 3761 habitavit,
1378 3692 1598 3764 plenam
1622 3691 1793 3763 signi-

206 3784 348 3841 ficare
372 3788 665 3843 scientiam
687 3830 703 3854 ,
744 3794 1292 3857 consummatamque
1316 3783 1648 3840 doctrinam.
1702 3783 1793 3840 Si-

202 3880 398 3948 quidem
449 3882 770 3954 quindecim
822 3891 951 3937 sunt
998 3880 1242 3936 carmina
1293 3880 1346 3935 in
1377 3878 1682 3948 Psalterio,
1735 3888 1793 3936 et

201 3972 494 4041 quindecim
539 3974 746 4046 gradus
794 3989 893 4045 per
939 3987 1077 4044 quos
1110 3973 1178 4028 ad
1207 3973 1510 4029 canendum
1546 3984 1570 4013 ο
1599 3988 1790 4029 ascen-

200 4062 320 4120 dunt
373 4066 521 4131 Deo,
579 4075 635 4120 et
679 4066 735 4121 in
783 4065 937 4122 atriis
987 4064 1109 4136 ejus
1156 4065 1570 4122 consistendum
1605 4063 1789 4136 justus

200 4160 450 4215 ascendit.
491 4158 765 4215 Ezechias
793 4174 1009 4231 quoque
1037 4159 1350 4230 quindecim
1377 4175 1646 4216 annorum
1676 4176 1792 4231 spa-

200 4251 267 4304 tio
292 4253 393 4307 sibi
425 4252 495 4307 ad
532 4252 699 4307 vitam
726 4251 859 4308 dato
881 4294 897 4318 ,
922 4254 1139 4323 signum
1166 4253 1420 4323 accipere
1462 4265 1709 4308 meretur
1736 4253 1788 4309 in

197 4344 437 4412 gradibus
458 4347 607 4415 (lsa.
632 4344 867 4415 xxxvm)
891 4363 905 4400 :
938 4355 996 4401 et
1023 4345 1398 4401 solemnitates
1425 4344 1521 4401 Dei
1545 4361 1575 4401 a
1597 4347 1789 4418 quinto

196 4437 391 4495 decimo
418 4439 513 4496 die
544 4438 817 4510 incipiunt
845 4437 1045 4513 (Exod.
1072 4442 1196 4512 XII).
1248 4438 1467 4494 Necnon
1499 4439 1651 4511 (quia
1689 4440 1789 4496 du-

202 4532 380 4601 plicem
416 4533 836 4606 intelligentiam
879 4532 1197 4606 sequamur)
1235 4544 1527 4606 propterea
1552 4534 1785 4605 quinde-

1901 3321 2066 3388 bant,
2102 3322 2270 3378 fuisse
2310 3324 2587 3394 apostolos
2620 3327 2922 3394 appellatos
2944 3370 2961 3395 ,
3001 3339 3060 3383 ut
3084 3329 3149 3384 ad
3179 3328 3499 3388 Corinthios

1899 3415 2190 3471 scribitur:
2226 3416 2363 3483 Quia
2393 3417 2527 3471 risus
2567 3427 2641 3473 est
2670 3417 2885 3491 (Iephte,
2920 3429 3040 3492 post
3064 3422 3173 3478 hare
3202 3421 3309 3479 illis
3336 3425 3505 3481 unde-

1898 3508 2034 3561 cim:
2076 3508 2259 3563 deinde
2292 3510 2429 3563 visus
2467 3518 2541 3563 est
2578 3510 2695 3579 plus
2742 3527 2897 3581 quam
2926 3512 3221 3586 quingentis
3251 3516 3501 3586 fratribus

1895 3600 2081 3666 simul,
2123 3615 2187 3656 ea:
2216 3600 2402 3673 quibus
2426 3602 2575 3655 multi
2620 3612 2824 3657 manent
2853 3621 3015 3675 usque
3040 3605 3255 3661 adhuc:
3286 3608 3503 3679 quidam

1894 3702 2067 3746 autem
2112 3692 2470 3748 dormierunt:
2530 3694 2715 3750 deinde
2754 3697 2890 3751 visus
2929 3706 3006 3752 est
3040 3697 3237 3754 Jucobo
3261 3742 3278 3769 ,
3312 3701 3503 3759 deinde

1894 3787 2143 3860 apostolis
2174 3787 2409 3843 omnibus
2444 3788 2489 3861 (l
2511 3787 2634 3844 Cor.
2670 3806 2760 3855 xv,
2790 3789 2825 3845 5
2844 3792 3036 3864 seqq.).
3069 3793 3334 3851 Paulatim
3362 3811 3495 3853 vero

1893 3887 2135 3950 tempore
2172 3879 2538 3949 procedente;
2584 3890 2637 3935 ct
2662 3880 2791 3936 alibi
2820 3881 2888 3936 ab
2925 3882 3008 3937 his
3048 3900 3185 3954 quos
3226 3885 3492 3943 Dominus

1888 3972 2150 4043 elegerat,
2181 3974 2412 4028 ordinati
2438 3983 2567 4029 sunt
2593 3974 2855 4044 apostoli;
2899 3975 3038 4031 sicut
3071 3976 3163 4032 ille
3187 3976 3257 4032 ad
3283 3978 3494 4050 Philip-

1895 4078 2091 4134 penses
2145 4079 2328 4119 sermo
2374 4065 2615 4120 declarat
2651 4066 2878 4123 dicens:
2929 4066 3295 4124 Necessarium
3321 4080 3496 4128 autem

1893 4156 2186 4211 existimavi
2200 4156 2618 4229 Epaphroditum
2640 4160 3271 4234 fratrem,!c00peratorem
3294 4176 3339 4220 et
3352 4182 3495 4222 com-

1893 4250 2175 4307 militonem
2204 4268 2402 4318 meum,
2452 4268 2674 4307 uestrum
2701 4264 2870 4309 autem
2895 4256 3185 4328 apostolum
3205 4300 3219 4324 ,
3252 4267 3299 4313 et
3342 4262 3499 4317 mini-

1892 4358 2057 4403 strum
2082 4350 2393 4403 necessitatis
2414 4364 2541 4402 utea:
2566 4350 2764 4404 mittere
2794 4349 2862 4403 ad
2901 4367 2985 4405 vos
3013 4349 3242 4422 (Philip.
3277 4369 3338 4421 ιι,
3369 4355 3495 4426 25).

1894 4443 1958 4498 Et
1990 4442 2057 4498 ad
2099 4441 2407 4497 Corinthios
2437 4443 2503 4498 de
2548 4444 2743 4497 talibus
2780 4444 3065 4500 scribitur:
3116 4446 3235 4502 Sive
3271 4450 3497 4521 apostoli

1894 4535 2267 4603 Ecclesiarum,
2286 4534 2466 4607 gloria:
2483 4534 2591 4608 [ΑΙ.
2611 4535 2666 4589 in
2681 4534 2873 4607 gloria]
2899 4535 2991 4591 liei
3007 4536 3076 4610 (ll
3097 4537 3216 4594 Cor.
3236 4554 3352 4610 vttt,
3371 4541 3493 4613 25).

258 4703 284 4734 ι
315 4695 461 4753 Nihil
507 4694 781 4768 ejusmodi
829 4696 883 4768 in
935 4693 1395 4768 Recognitionum
1453 4693 1609 4750 libris
1660 4695 2009 4768 (ile-prum
2040 4695 2224 4768 schola
2268 4694 2580 4768 subscribit.
2630 4694 2963 4768 Exponenda
3012 4696 3173 4752 latius
3215 4700 3487 4760 sententia

196 4770 349 4840 tuenti
396 4766 688 4840 perperam
733 4767 990 4840 ascriptis
1039 4767 1335 4840 hodienum
1378 4773 1464 4840 εβι
1511 4766 1779 4840 invenire.

196 4837 307 4895 Mox
344 4837 947 4905 unus'Cistcrcieusis,
1001 4838 1213 4893 triennii
1259 4837 1678 4909 pradicationem
1710 4839 1785 4893 le-

226 4912 279 4964 it.

193 4924 281 5052 sui;
308 4981 424 5039 Duo
455 4996 591 5038 mss.
635 4996 741 5036 non
778 4981 988 5036 videndi
1016 4979 1222 5047 studio,
1254 4979 1376 5049 quia
1403 4992 1450 5035 et
1480 4981 1591 5052 ipse
1612 5024 1626 5050 ,
1673 4991 1781 5038 etc.

194 5050 352 5109 Antea
373 5065 516 5117 erat.
548 5054 639 5122 qui
672 5068 770 5122 pro
795 5055 939 5118 quia.

259 5135 281 5163 ε
308 5125 366 5180 in
401 5143 514 5181 uno
546 5124 800 5180 Palatino
836 5124 1219 5181 desiderantur
1260 5138 1452 5190 voces,
1485 5123 1554 5176 ad
1590 5140 1783 5179 canen-

196 5195 326 5251 dum.
379 5197 649 5253 Victorius
679 5195 1136 5264 quetmidmodunt
1167 5203 1223 5251 et
1248 5195 1536 5250 Rabbanns
1576 5196 1779 5252 rectius

200 5275 356 5338 tacent
385 5278 733 5338 subsequens
763 5268 1009 5330 verbum,
1042 5269 1343 5321 ascendunt.

258 5334 285 5373 δ
315 5339 469 5395 Hanc
494 5334 685 5394 vocem
724 5354 832 5394 non
858 5340 1123 5393 intellexit
1156 5338 1429 5393 Marianus
1458 5336 1731 5392 Victorius
1757 5356 1772 5393 :

197 5406 310 5463 ideo
364 5412 433 5466 de
487 5427 591 5466 suo
646 5412 826 5480 posuit
873 5410 1134 5463 modicam
1197 5420 1390 5463 contra
1444 5424 1773 5465 consensum

1891 4778 1995 4829 est,
2020 4767 2229 4839 dictum
2260 4766 2473 4835 fratrem
2497 4765 2705 4839 Domini
2730 4764 3002 4831 Jacobum,
3029 4769 3177 4837 juxta
3207 4783 3484 4839 receptam

1889 4838 2031 4911 apud
2055 4838 2272 4911 Judacos
2303 4837 2829 4911 consanguinitatem
2848 4881 2861 4900 .
2896 4848 3077 4910 utpote
3105 4843 3194 4911 qui
3226 4837 3382 4899 natus
3410 4846 3486 4902 sit

1889 4908 1954 4964 ex
1977 4908 2139 4963 Maria
2166 4925 2355 4982 sorore
2377 4908 2645 4982 Deiparm,
2667 4926 2787 4982 qua-
2804 4908 2967 4965 Maria
2987 4908 3265 4982 Cleopbae,
3290 4915 3340 4970 id
3372 4923 3482 4982 est,

1888 4981 2144 5048 Cleoplue
2167 4996 2302 5034 uxor
2324 4980 2441 5041 fuit.
2475 4981 2636 5048 eique
2654 4980 2940 5043 Jacobnm.
2965 4980 3175 5050 Joseln,
3199 4980 3479 5043 Simonem

1888 5062 1945 5109 et
1962 5054 2154 5109 Judam
2182 5053 2409 5122 peperit,
2443 5062 2497 5106 et
2529 5054 2721 5108 fratres
2750 5057 2962 5110 Domini
2987 5070 3091 5110 una
3122 5072 3314 5112 omnes
3338 5074 3362 5108 ιι
3387 5059 3481 5113 Ju-

1889 5125 2022 5180 dmis
2051 5129 2192 5192 apud
2238 5125 2544 5177 Mattbazutn
2580 5126 2945 5179 nominantur.
2995 5125 3252 5183 Solebant
3291 5139 3475 5185 autem

1890 5196 2104 5252 llcbrtei
2133 5204 2281 5254 εντιιι
2331 5198 2524 5249 fratres
2570 5211 2766 5251 vocare
2812 5196 3117 5265 huthSmodi
3148 5201 3477 5267 cons:tngui-

1881 5284 2015 5324 neos
2061 5274 2175 5322 sive
2225 5267 2612 5331 consobrinos,
2657 5283 2794 5337 quos
2820 5282 2874 5324 et
2896 5285 2995 5324 nos
3023 5270 3312 5338 aliquando
3346 5269 3480 5325 Ger-

1879 5356 2062 5394 manos
2085 5337 2203 5395 sive
2224 5343 2414 5409 fratres
2437 5354 2706 5408 germanos
2734 5340 2984 5396 dicimus.
3021 5337 3153 5395 Tota
3177 5339 3259 5394 dif
3261 5344 3474 5398 licultas

1879 5412 1931 5467 in
1959 5426 2025 5465 eo
2062 5419 2175 5474 est,
2207 5410 2350 5480 quod
2379 5410 2615 5464 Jacobns
2643 5411 2765 5478 iste,
2801 5421 2854 5463 ut
2883 5423 2934 5465 et
2956 5410 3067 5474 alii,
3101 5411 3474 5480 Alphteiiilius

198 5494 322 5535 mss.
349 5482 508 5538 codd.
538 5524 553 5548 ,
585 5478 677 5552 qui
713 5498 901 5536 omnes
929 5484 1204 5547 retinent,
1233 5483 1639 5551 sapientiamque
1670 5497 1774 5536 non
1875 5483 2096 5543 dicitur.
2121 5478 2506 5551 nonCleopba:
2528 5498 2539 5534 :
2560 5481 3025 5537 euisatisfacimus
3045 5478 3477 5541 demonstrando

200 5553 402 5607 mediam
428 5594 445 5618 ,
485 5555 533 5609 id
571 5566 657 5608 est
702 5568 809 5607 non
836 5553 1200 5617 mediocrem,
1237 5554 1332 5607 sed
1366 5554 1521 5619 primi
1551 5552 1770 5620 gradus,

200 5623 395 5689 plenam
416 5634 473 5681 et
490 5635 944 5680 consummatam.
972 5624 1148 5679 ΜΑιιτ.
1174 5653 1247 5665 -
1269 5624 1454 5679 Maluit
1475 5623 1767 5690 Victorius,

200 5708 291 5765 non
316 5701 581 5752 modicam.
613 5695 884 5751 Czeterum
909 5697 1031 5751 vide
1060 5712 1180 5765 qum
1208 5704 1264 5750 et
1291 5711 1388 5749 nos
1416 5697 1770 5751 observamus

202 5761 409 5837 laudato
454 5778 640 5825 contra
675 5767 980 5823 Helvidium
1028 5761 1164 5821 libro
1196 5769 1262 5820 ad
1294 5765 1768 5837 llieronymianam

202 5834 268 5893 de
289 5836 536 5897 fratribus
562 5840 777 5895 Domini
799 5839 1123 5895 sententiam
1141 5879 1156 5909 ,
1181 5839 1275 5896 cui
1289 5844 1466 5895 omnis
1491 5834 1771 5911 theologo-

470 5933 746 6000 Ρηιυι..
794 5931 1030 5995 XXVI.

982 6156 1015 6203 λ,

1874 5574 2004 5631 illud
2054 5557 2189 5661 ’ἢθη
2234 5588 2434 5627 nomen
2463 5570 2670 5628 Judaeis
2707 5573 3009 5638 latitiliare,
3059 5588 3219 5642 posse
3245 5582 3479 5644 utroque

1875 5667 2036 5722 modo
2064 5665 2172 5734 legi
2201 5674 2257 5720 et
2285 5662 2542 5735 Chalphai
2562 5704 2577 5729 ,
2605 5673 2659 5717 et
2688 5662 2971 5735 (Σιροριιαί.
3016 5674 3174 5734 atque
3204 5667 3273 5719 ita
3301 5683 3326 5717 a
3364 5666 3472 5721 La-

1872 5741 1987 5812 tino
2004 5733 2173 5812 sive’g
2183 5751 2322 5812 rtem)
2345 5733 2641 5812 interprete
2661 5736 2788 5788 alibi
2810 5733 3063 5812 ﬂolphai,
3080 5733 3205 5791 alibi
3222 5736 3472 5812 CleOpltai

1876 5811 2100 5866 lectum.
2137 5807 2269 5865 Vide
2298 5823 2447 5880 supr.
2476 5806 2780 5861 Comment.
2814 5806 2866 5860 in
2897 5808 3088 5863 Matth.
3113 5823 3206 5864 xu.

3073 5927 3146 5993 11
