3978 6338
434 360 557 451 sat

1716 348 1774 409 S.
1819 341 2089 408 EUSEBII
2129 340 2506 405 lllERONYMl

3649 318 3776 396 33's

455 485 599 542 Silas
637 493 855 554 quoque
885 486 935 534 el
975 469 1145 534 Judas
1172 469 1241 530 ab
1269 468 1531 543 apostolis
1555 511 1570 539 ,
1615 468 1849 542 apostoli
1883 465 2057 522 nomi-
2082 473 2133 528 A
2161 474 2481 537 persecutus
2508 461 2710 528 fuerat,
2741 456 2988 533 potuisse
3011 456 3256 517 existere
3284 453 3589 531 gloriosum
3608 496 3626 521 ,
3659 456 3775 529 nisi

460 578 573 633 nati
602 585 752 631 sunt.
797 571 950 630 Unde
983 572 1339 626 vehementer
1368 564 1590 629 erravit,
1620 561 1715 635 qui
1749 571 1773 598 α
1817 561 2055 617 arbitra-

458 682 545 727 tus
567 677 651 726 cst
668 668 931 725 Jacobum
960 666 1104 745 hunc
1129 663 1197 719 de
1224 659 1523 732 Evangelio
1544 699 1560 727 ,
1596 673 1721 715 esse
1744 655 2053 727 apostolum

457 767 686 821 fratrem
733 757 959 817 Joannis
1003 775 1017 814 :
1065 771 1227 830 quem
1277 762 1495 812 constat
1534 760 1667 824 post
1720 750 2053 831 Stephanum

450 861 607 932 juxta
638 856 796 912 (idem
825 852 1062 909 Actuum
1094 849 1471 922 apostolorum
1504 845 1826 921 sanguinem
1856 840 2058 900 fudisse

452 969 560 1025 ,pro
590 949 809 1008 Christo
832 949 1037 1018 (Actor.
1070 942 1191 1016 xu).
1220 942 1325 1007 llic
1348 955 1533 998 autem
1570 937 1811 1025 Jacobus
1848 935 2059 1005 episco-

455 1020 560 1119 pus
604 1040 1073 1111 Jerosolymorum
1121 1036 1328 1108 primus
1366 1035 1508 1099 fuit.
1568 1020 1935 1113 cognomento
1963 1026 2059 1085 Ju-

454 1152 612 1198 stus:
646 1137 731 1192 vir
761 1143 926 1191 tantae
953 1130 1261 1196 sanctitatis
1296 1137 1353 1185 et
1386 1126 1625 1183 rumoris
1655 1125 1707 1178 in
1740 1122 1963 1195 populo,
1997 1127 2059 1176 ut

450 1231 727 1291 ﬁmbriam
773 1225 1084 1285 vestimenti
1130 1222 1249 1295 ejus
1298 1221 1550 1277 certatim
1596 1215 1759 1291 397
1791 1222 2058 1285 cuperent

450 1329 743 1399 attingere.
798 1322 903 1393 Qui
949 1330 1008 1377 et
1054 1320 1171 1391 ipse
1222 1324 1408 1389 postea
1447 1315 1516 1372 de
1547 1313 1750 1384 templo
1776 1326 1811 1366 ει
1851 1308 2057 1391 Judaeis

452 1421 848 1494 praecipitatus,
878 1427 1255 1471 successorem
1280 1410 1467 1466 habuit
1486 1408 1973 1481 Sintonem,.quem
2004 1414 2062 1461 et

451 1516 629 1586 ipsum
659 1510 879 1568 tradunt
904 1522 1005 1578 pro
1032 1506 1260 1563 Domino
1282 1502 1628 1561 cruciﬁxum.
1670 1500 1844 1572 Neget
1865 1514 1932 1557 se
1955 1499 2058 1557 ita-

453 1626 560 1680 que
593 1613 789 1678 praeter
819 1604 919 1658 bos
952 1613 1278 1672 quamquam
1305 1597 1676 1669 apostolorum
1703 1592 2055 1658 convenisse,

438 1718 524 1759 .ne
554 1699 768 1756 occulta
798 1692 1161 1753 contradictio
1193 1704 1374 1745 nascet
1389 1697 1509 1746 etur
1535 1704 1549 1741 :
1596 1687 1809 1743 etiamsi
1833 1702 1860 1738 a
1890 1684 2059 1741 Petro

456 1808 566 1849 non
595 1806 656 1848 es
683 1790 900 1856 doetus,
929 1788 1066 1843 alios
1098 1782 1337 1861 habuisti
1365 1779 1644 1859 apostolos
1668 1785 2053 1849 praeceptores.

2160 560 2477 631 prmdicatio
2507 558 2656 627 ejus,
2687 573 2877 612 eorum
2908 572 3125 628 quoque
3153 555 3245 629 qui
3271 561 3397 611 ante
3424 570 3553 609 eum
3586 563 3608 591 ε
3649 568 3777 606 ntu-

2162 653 2270 707 lum
2309 659 2593 714 noverant,
2627 636 2775 705 esset
2795 648 3000 720 judicio
3026 649 3404 723 comprobata.
3449 647 3518 702 Et
3541 646 3608 701 ad
3638 661 3780 716 pro-

2162 746 2397 812 positum
2438 744 2650 799 occulte
2691 743 2863 811 redit,
2905 754 3015 798 tam
3049 743 3216 797 breve
3245 751 3459 812 tempus
3477 755 3552 796 :se
3583 738 3643 794 in
3677 737 3781 794 Ju-

2159 836 2507 895 dzea‘fecisse
2538 837 2873 894 conﬁrmans
2915 845 2975 911 ut
3011 835 3177 891 etiam
3216 837 3366 890 vultu
3398 833 3778 889 credentibus

2160 940 2308 990 esset
2346 932 2583 1002 ignoms.
2657 929 2738 986 Ex
2770 945 2878 1003 quo
2911 924 3182 993 ostendit,
3220 922 3327 984 non
3358 927 3621 994 Petrum,
3659 941 3781 983 non

2157 1024 2460 1093 Jacobum.,
2506 1040 2614 1079 non
2657 1022 2924 1080 Joannem
2954 1037 3015 1078 se
3045 1020 3633 1089 habuissedoctores,
3670 1019 3779 1076 sed

2157 1118 2477 1186 Clll‘isllllll,
2519 1118 2610 1191 qui
2660 1117 2765 1174 sibi
2800 1116 3150 1188 Evangelium
3190 1114 3514 1189 revelasset.
3587 1110 3782 1170 Simul

2158 1226 2340 1272 autem
2371 1215 2666 1271 notandum
2704 1213 2850 1286 quod
2881 1228 3047 1284 supra
3089 1213 3304 1269 dicatur
3330 1210 3646 1268 Ecclesium
3671 1226 3784 1267 ex-

2158 1324 2432 1381 pugnasse
2456 1350 2469 1375 ,
2505 1308 2593 1363 hic
2622 1307 2819 1379 ﬁdem:
2847 1306 2918 1362 ibi
2947 1306 3222 1374 homines,
3244 1294 3342 1361 hic
3361 1320 3497 1371 rem;
3533 1313 3596 1360 ut
3620 1319 3786 1359 nunc

2160 1400 2271 1476 [ΑΙ.
2290 1399 2440 1476 tunc]
2468 1401 2830 1472 opportunius
2852 1400 3185 1455 inferretur:
3217 1396 3556 1469 Evangelth
3577 1386 3781 1468 ﬁdem,

2156 1511 2315 1567 gnam
2364 1494 2652 1564 aliquando
2689 1491 3037 1565 expugnabat.
3108 1490 3189 1547 De
3229 1490 3474 1549 Ecclesia
3505 1489 3666 1546 enim
3701 1490 3786 1545 si-

2160 1590 2364 1644 militer
2388 1574 2594 1647 sonare
2623 1603 2732 1643 non
2764 1595 3043 1667 poterant.

2231 1682 2390 1757 (Cap.
2425 1684 2493 1739 ll.
2517 1714 2587 1725 —
2609 1683 2769 1740 Vers.
2802 1684 2856 1753 1,
2886 1682 2970 1751 2.)
3007 1680 3214 1737 Deinde
3256 1691 3371 1752 post
3419 1697 3588 1737 annos
3632 1696 3785 1754 gua-

2160 1777 2473 1844 tuordecim,
2506 1793 2712 1831 rursum
2743 1774 2951 1831 escendi
2979 1772 3385 1846 Jerosolymam,
3413 1789 3534 1827 cum
3556 1772 3784 1829 Barna-

454 1889 575 1945 Non
614 1884 747 1941 vidit
788 1892 975 1937 autem
1012 1894 1144 1937 eos:
1194 1891 1302 1933 non
1345 1873 1492 1946 quod
1519 1873 1856 1945 contemptui
1889 1872 2052 1926 duce-
2085 1869 2134 1930 B
2163 1871 2225 1925 ba
2245 1911 2261 1938 ,
2292 1880 2558 1943 assumpto
2589 1880 2637 1924 et
2673 1868 2814 1927 Tito.
2857 1867 3082 1922 Ascendi
3107 1878 3281 1921 autem
3306 1866 3593 1951 secundum
3620 1882 3787 1947 reuc-

440 1991 563 2048 ,ret,
614 1977 708 2039 sed
733 1975 879 2057 quod
906 1975 984 2030 illi
1013 1971 1082 2028 ad
1107 1954 1469 2043 Evangeliutu
1498 1965 1910 2040 praedicandum
1944 1972 2056 2019 toto

444 2072 669 2147 fuerant
696 2069 835 2124 orbe
865 2064 1121 2135 dispersi.

525 2165 706 2238 (Vens.
736 2161 856 2232 20.)
900 2160 1036 2227 Quae
1084 2164 1257 2213 autem
1299 2156 1471 2233 scribo
1513 2153 1693 2210 vobis:
1732 2167 1849 2209 ecce
1876 2167 2055 2223 coram

452 2259 608 2328 Deo,
655 2255 779 2329 quia
814 2271 919 2309 non
960 2253 1201 2315 mentior.
1242 2250 1373 2306 Sive
1408 2246 1735 2321 simpliciter
1775 2246 2054 2318 accipien-

454 2353 626 2419 dum,
674 2359 730 2403 ut
769 2348 844 2403 sit
874 2364 891 2402 ς
924 2345 1057 2415 Quae
1084 2343 1270 2415 scribo
1297 2342 1452 2401 vobis
1476 2382 1492 2409 ,
1526 2355 1655 2396 vera
1682 2349 1830 2406 sunt,
1857 2348 1913 2394 et
1945 2339 2055 2395 Deo

452 2455 593 2501 teste
648 2440 962 2507 conﬁrmo,
1012 2437 1141 2515 quia
1174 2436 1331 2495 nulla
1378 2442 1497 2493 arte
1541 2432 1871 2499 verborum,
1905 2430 2055 2488 nullo

454 2548 586 2596 sunt
610 2536 786 2592 fucata
818 2531 1127 2590 mendacio.
1162 2530 1300 2599 Sive
1321 2528 1509 2596 altius,
1535 2536 1595 2583 ut
1617 2528 1831 2597 legatur
1860 2545 1872 2581 :
1924 2528 2055 2595 Quae

456 2632 639 2688 scribo
671 2628 848 2694 Vobis,
876 2641 1061 2683 coram
1086 2625 1201 2681 Deo
1223 2631 1375 2693 sunt,
1400 2621 1452 2677 id
1475 2630 1579 2688 est,
1606 2620 1703 2675 Dei
1727 2620 1889 2692 digna
1918 2635 2053 2674 con-

456 2731 670 2796 spectu.
730 2721 913 2788 Quale
964 2727 1147 2773 autem
1200 2699 1296 2773 θ’θί
1335 2714 1495 2785 digna
1526 2713 1862 2783 conspectui
1919 2711 2056 2781 Quia

453 2817 688 2886 scilicet,
723 2832 832 2871 non
857 2812 1120 2869 mentior.
1153 2810 1222 2865 Et
1249 2804 1527 2882 quomodo
1551 2807 1695 2863 oculi
1719 2805 1935 2860 Domini
1966 2821 2058 2860 su-

456 2929 557 2984 per
585 2911 764 2982 justos
798 2906 977 2977 (Psal.
1006 2903 1225 2976 xxxtn);
1250 2901 1448 2957 avertit
1471 2908 1650 2955 autem
1682 2897 1876 2953 faciem
1901 2912 2053 2953 suam

459 3021 490 3061 a
518 3010 814 3073 conspectu
843 2999 1171 3069 impiorum:
1206 2998 1276 3051 ita
1309 3007 1455 3050 nunc
1485 3008 1548 3049 ea
1570 3007 1691 3061 qua:
1714 2991 2053 3057 scribuntur,

458 3116 643 3158 Curam
679 3095 914 3154 Domino
942 3101 1095 3164 sunt,
1130 3106 1220 3146 me
1245 3105 1352 3145 non
1383 3087 1684 3163 mentiente
1714 3084 1807 3156 qui
1834 3086 2052 3141 scribo:

456 3207 581 3266 quae
614 3205 721 3246 non
766 3197 955 3244 essent
997 3197 1185 3239 coram
1225 3180 1480 3247 Domino,
1512 3178 1560 3233 si
1584 3177 1871 3235 mentirer.
1940 3177 2058 3230 lloc

2159 1963 2444 2018 lationem:
2475 1972 2522 2016 et
2554 1961 2753 2016 contuli
2783 1976 2903 2015 cum
2928 1961 3003 2014 eis
3034 1950 3413 2031 Evangelium,
3452 1957 3785 2028 quodprtz-

2157 2058 2275 2112 dico
2320 2057 2374 2111 in
2406 2056 2684 2128 gentibus:
2712 2070 2947 2111 seorsum
2984 2063 3157 2125 autem
3192 2051 3274 2109 his
3310 2053 3400 2126 qui
3429 2053 3783 2121 videbantur,

2158 2168 2223 2205 ne
2247 2154 2380 2223 forte
2402 2152 2454 2204 in
2477 2159 2695 2204 ventum
2714 2164 2995 2211 currerent,
3025 2144 3115 2202 aut
3139 2147 3501 2202 cucurrissent.
3530 2134 3590 2201 Id
3617 2146 3783 2219 quod

2158 2259 2320 2315 supra
2349 2243 2579 2299 Latinus
2608 2244 2902 2313 interpres,
2932 2240 3184 2313 acquievi,
3216 2240 3437 2296 dixerat
3463 2241 3515 2295 in
3544 2256 3615 2295 eo
3641 2242 3784 2313 loco

2158 2340 2248 2417 ubi
2280 2338 2542 2407 scriptum
2567 2347 2656 2393 est
2680 2355 2694 2392 :
2725 2334 2987 2392 Continuo
3015 2353 3119 2390 non
3136 2335 3372 2408 acquievi
3391 2336 3538 2390 carui
3562 2345 3619 2390 et
3646 2352 3785 2395 saa-

2155 2429 2321 2502 guiui,
2342 2431 2393 2484 in
2420 2429 2683 2502 praesenti
2704 2429 2847 2493 loco,
2878 2428 3096 2496 contuli,
3122 2427 3295 2500 magis
3314 2442 3475 2499 quam
3495 2428 3783 2503 acquieui,

2157 2525 2547 2593 interpretatus
2576 2535 2679 2580 est.
2711 2523 2782 2580 Et
2807 2532 2869 2580 ut
2894 2525 3078 2580 verius
3106 2523 3306 2592 dicam,
3332 2519 3356 2560 δ
3387 2537 3577 2579 sermo
3610 2521 3786 2581 Grab-

2159 2634 2258 2675 cus
2300 2620 2536 2692 ἀνεθέμην
2571 2618 2719 2673 aliud
2759 2617 3015 2685 quiddam
3055 2634 3216 2689 quam
3254 2618 3399 2688 apud
3443 2633 3545 2673 nos
3596 2608 3783 2673 intel-

2159 2713 2368 2784 ligitur,
2419 2727 2541 2767 cum
2590 2710 2808 2769 scilicet
2848 2727 2911 2767 ea
2952 2725 3074 2782 quae
3107 2709 3381 2779 novimus,
3413 2709 3784 2766 conterimus

2157 2822 2281 2863 cuni
2307 2806 2514 2871 amico;
2554 2815 2608 2862 et
2637 2806 2793 2876 quasi
2828 2806 2879 2860 in
2913 2805 3093 2860 sinum
3130 2804 3252 2875 eius
3279 2813 3333 2861 et
3362 2803 3781 2862 conscientiam

2159 2901 2505 2973 reponimus,
2545 2908 2606 2954 ut
2646 2900 2765 2971 pari
2794 2899 3026 2955 consilio
3055 2899 3146 2955 vel
3178 2898 3458 2970 probanda
3491 2897 3645 2963 sint,
3680 2898 3781 2956 vel

2160 2992 2553 3063 improbanda,
2603 3007 2728 3064 qua:
2780 2982 3056 3048 novimus.
3130 2991 3394 3048 Ascendit
3437 2991 3607 3064 igitur
3636 3001 3782 3065 post

2158 3084 2574 3161 quatuordecim
2606 3099 2782 3140 annos
2799 3085 3232 3157 Jerosolymam,
3262 3093 3318 3138 et
3344 3083 3437 3158 qni
3468 3084 3625 3154 prius
3652 3094 3782 3145 tan-

2163 3188 2276 3234 tum
2320 3177 2387 3234 ad
2438 3177 2733 3257 videndum
2783 3185 3102 3253 perrexerat
3148 3178 3402 3248 Petrum,
3454 3184 3510 3232 et
3562 3177 3782 3241 diebus

458 3262 641 3346 alitem
671 3299 781 3341 non
811 3280 985 3335 solum
1017 3277 1088 3334 de
1122 3276 1207 3333 his
1238 3288 1360 3347 qua:
1393 3287 1538 3328 nunc
1571 3269 1764 3326 scribit
1789 3269 1859 3324 ad
1890 3262 2055 3327 Gala?
2081 3263 2128 3327 C
2160 3271 2471 3347 quindecim
2505 3280 2787 3329 manserat
2814 3271 2957 3344 apud
2988 3286 3112 3328 eum
3136 3312 3151 3337 ,
3194 3287 3337 3327 nunc
3376 3285 3437 3327 se
3467 3270 3605 3327 dicit
3635 3271 3782 3330 ideo

458 3390 544 3437 tas
568 3426 584 3450 ,
615 3385 800 3449 potest
832 3370 1036 3444 accipi;
1088 3370 1186 3426 sed
1226 3378 1282 3426 et
1310 3364 1649 3439 generaliter
1674 3362 1744 3419 de
1771 3362 1857 3418 his
1882 3361 2060 3417 omni-

459 3477 562 3532 bus
614 3469 909 3542 Epistolis:
964 3465 1092 3538 quia
1127 3478 1237 3519 non
1271 3470 1401 3517 sunt
1443 3458 1581 3515 falsa
1621 3472 1745 3528 quae
1776 3455 1976 3512 scribat
2003 3464 2059 3512 et

458 3586 560 3628 cor
589 3570 708 3640 ejus
737 3569 1020 3635 verbaque
1049 3575 1158 3617 non
1190 3558 1522 3629 discrepent.

535 3662 719 3736 (Vers.
746 3658 867 3729 21.)
901 3656 1099 3711 Deinde
1123 3653 1239 3708 ueni
1266 3652 1322 3707 in
1351 3659 1529 3718 partes
1559 3648 1734 3722 Syria:
1764 3655 1810 3704 et
1838 3643 2057 3703 Cilicia.

457 3759 592 3816 PoSt
638 3750 999 3823 Jerosolymae
1048 3745 1319 3802 visionem
1369 3741 1520 3797 venit
1566 3739 1635 3795 ad
1663 3737 1907 3810 Syriam,
1938 3749 2062 3807 quae

461 3853 747 3909 uobiscum
802 3845 1001 3900 dicitur
1043 3838 1248 3896 excelsa
1295 3843 1463 3907 atque
1506 3831 1762 3889 sublimis.
1826 3829 1895 3885 Et
1933 3827 2062 3884 inde

460 3946 684 4005 transiit
733 3941 802 3998 ad
840 3937 1122 4002 Ciliciam,
1169 3945 1334 4004 quam
1362 3929 1423 3985 in
1449 3927 1558 3984 ﬁde
1582 3924 1784 3984 Christi
1808 3923 2065 3994 cupiebat

461 4051 773 4103 assumere,
809 4030 1198 4102 evangelizans
1220 4025 1273 4081 ei
1304 4018 1657 4103 vocationem,
1678 4015 2016 4089 paenitentiae
2043 4031 2057 4069 :

463 4135 654 4192 Cilicia
693 4100 896 4201 quippe
938 4100 1334 4192 interpretatur
1380 4100 1659 4186 assumpti,
1700 4112 1820 4168 sive
1858 4108 2062 4187 uacatio

465 4225 830 4285 lamentabilis.

538 4320 723 4392 (νει-δ.
753 4311 996 4384 tiu-24.)
1027 4307 1189 4364 Eram
1215 4314 1387 4361 autem
1414 4302 1618 4376 ignotus
1647 4298 1784 4372 facie
1815 4294 2063 4352 Eccleaiis

465 4419 667 4475 Judaza:
694 4456 712 4483 ,
759 4427 872 4484 qna:
911 4407 1147 4465 erantin
1178 4402 1387 4460 Christo
1431 4398 1578 4455 Jesu.
1627 4396 1851 4452 Tantum
1891 4401 2066 4447 autem

469 4514 709 4570 auditum
754 4505 1006 4561 habebant
1031 4520 1050 4558 :
1112 4499 1361 4574 quoniam
1404 4495 1492 4569 qui
1527 4493 1924 4566 persequebatur
1969 4501 2064 4539 nos

468 4606 750 4681 aliquando
773 4648 786 4672 ,
816 4615 954 4655 nunc
980 4594 1305 4669 euangelizat
1334 4591 1493 4661 [idem
1512 4602 1666 4659 quant
1688 4582 1950 4653 quondam
1977 4595 2067 4634 ea:-

2164 3365 2495 3437 perrexisse.
2528 3375 2586 3418 ut
2616 3362 2894 3421 conferret
2917 3379 3041 3420 cum
3068 3363 3330 3443 apostolis
3356 3361 3780 3434 Evangelium;

2161 3465 2445 3527 assumpto
2483 3455 2732 3519 Barnaba
2779 3455 3142 3525 circumciso,
3175 3462 3232 3511 et
3259 3453 3384 3511 Tito
3416 3472 3479 3512 ex
3507 3455 3785 3526 gentibus

2164 3548 2399 3604 habente
2443 3546 2769 3623 prteputium
2800 3564 2818 3603 :
2849 3556 2911 3603 ut
2956 3548 3058 3604 sub
3097 3563 3193 3603 ore
3233 3547 3465 3625 duorum
3510 3560 3567 3603 et
3598 3549 3782 3606 trium

2164 3642 2412 3706 teStium,
2442 3649 2617 3697 staret
2643 3657 2809 3697 omne
2833 3641 3062 3697 verbum
3097 3639 3275 3714 (Deut.
3298 3657 3411 3709 xix,
3447 3639 3565 3711 15).
3594 3638 3786 3699 Aliud

2160 3744 2247 3792 est
2278 3744 2462 3790 autem
2494 3735 2767 3805 conferre,
2801 3734 2949 3790 aliud
2974 3733 3206 3790 discere.
3234 3733 3387 3790 Inter
3405 3733 3786 3793 conferentes

2166 3828 2450 3899 tequalitas
2491 3836 2604 3897 est;
2642 3828 2782 3882 inter
2811 3827 3098 3883 docentem
3137 3834 3193 3882 et
3219 3827 3548 3896 discentem,
3582 3828 3788 3887 minor

2166 3934 2247 3980 est
2278 3924 2367 3980 ille
2390 3924 2477 3995 qui
2507 3922 2689 3978 discit.
2720 3922 2777 3977 Itt
2807 3921 3081 3993 principio
3113 3920 3261 3985 ﬁdei,
3287 3919 3341 3975 in
3370 3923 3610 3997 transitu
3634 3938 3786 3995 apo-

2166 4017 2342 4074 stolos
2373 4016 2515 4073 vidit
2538 4015 2645 4090 [ΑΙ.
2669 4012 2861 4087 videt].
2903 4013 3033 4069 Post
3074 4028 3249 4069 annos
3277 4015 3357 4088 (ut
3387 4014 3506 4085 ipse
3529 4012 3644 4085 ait)
3681 4014 3787 4073 de-

2166 4125 2285 4167 cem
2316 4116 2372 4166 et
2399 4120 2643 4182 septem,
2671 4114 2834 4178 plene
2861 4121 2985 4162 cum
3018 4106 3098 4161 eis
3127 4105 3391 4175 loquitur,
3418 4114 3477 4161 et
3504 4121 3567 4161 se
3588 4104 3790 4163 humi-

2167 4200 2268 4257 liat
2295 4217 2311 4255 :
2363 4209 2419 4258 et
2461 4215 2527 4255 ne
2552 4199 2717 4271 399
2744 4196 2888 4253 forte
2917 4198 2971 4253 in
2996 4213 3226 4253 vacuum
3250 4207 3346 4252 aut
3374 4207 3657 4267 curreret,
3680 4209 3792 4257 aut

2167 4290 2781 4362 cucurrisset,inquirit.
2811 4290 3087 4361 Duplicem
3105 4289 3177 4344 ob
3198 4305 3565 4362 causam,quo
3593 4299 3652 4347 et
3675 4292 3791 4348 hu-

2168 4388 2370 4445 militas
2395 4385 2780 4442 ostenderetur
2803 4383 3075 4454 P.iuli,qui
3100 4382 3292 4438 doctor
3308 4379 3367 4437 in
3385 4381 3790 4455 totoorbejam

2169 4478 2505 4553 gentium,ad
2529 4491 2892 4548 praecessores
2906 4474 3182 4548 apostolos
3196 4474 3561 4533 cucurrisset:
3588 4485 3648 4530 et
3662 4454 3790 4533 Ga-

2171 4573 2586 4630 latzediscercnt
2611 4571 2717 4645 [ΑΙ.
2736 4568 3007 4642 dicerent]
3033 4584 3139 4625 non
3166 4566 3491 4637 reprohasse
3518 4565 3793 4642 Evange-

470 4663 730 4776 pnqnabat
749 4663 843 4750 :Iet
873 4694 1027 4747 inme
1049 4663 1415 4760 gloriﬁcabant
1434 4679 1624 4737 Deum.
1657 4675 1918 4732 Ecclesiae
1944 4686 2065 4742 qua)
2082 4689 2146 4750 ω
2171 4670 2301 4776 lium
2332 4669 2488 4776 eius,
2505 4682 2603 4776 eos
2629 4681 2847 4738 quoque
2876 4664 3060 4776 quiinl
3074 4663 3265 4776 J‘tttlaza
3296 4663 3555 4776 Ecclesiis
3572 4668 3792 4776 ptes-nsi-

473 4792 713 4853 erantin
747 4787 934 4845 Judara
956 4827 972 4853 ,
1020 4780 1247 4835 Paulum
1281 4786 1491 4832 tantum
1531 4784 1751 4827 rumore
1790 4778 2070 4836 cognove-

472 4897 619 4947 rant.
648 4886 731 4941 Ex
759 4882 957 4953 quibus
985 4876 1259 4947 pleraeque
1287 4886 1413 4926 eum
1433 4867 1605 4937 magis
1633 4869 2065 4934 persecutorem,

474 4996 636 5056 quam
663 4950 980 5047 apostolum
1013 4970 1284 5022 viderant.
1322 4962 1484 5033 Syria
1513 4974 1643 5014 vero
1677 4962 1736 5011 et
1764 4960 1945 5024 partes
1975 4950 2071 5006 Ci-

473 5053 610 5135 licia:
636 5117 651 5139 ,
708 5068 909 5126 Arabia
954 5074 1009 5119 ct
1057 5063 1353 5117 Damascus
1374 5100 1389 5125 ,
1424 5070 1489 5110 ex
1522 5053 1671 5106 vultu
1701 5062 1913 5121 quoque
1939 5061 2063 5102 eum

472 5174 700 5229 forsitan
734 5172 1031 5221 noverant:
1060 5158 1184 5226 quia
1212 5155 1408 5208 Doctor
1436 5146 1683 5219 gentium
1714 5141 2063 5212 Evangelium

473 5264 676 5322 Clll‘lall
709 5275 816 5314 non
843 5256 1080 5314 indicis.
1117 5251 1213 5305 ειη]
1244 5246 1497 5317 gentibus
1526 5228 2060 5314 398'przt‘dicabat.

474 5359 671 5413 Totum
718 5361 900 5409 autem
950 5344 1097 5418 quod
1122 5342 1147 5381 δ
1179 5342 1289 5412 agit
1318 5382 1328 5405 ,
1366 5336 1497 5392 illud
1547 5347 1629 5391 e51
1658 5351 1672 5387 :
1705 5343 1762 5387 ut
1784 5331 1978 5386 doceat
2005 5343 2067 5385 se

472 5464 765 5520 numquam
795 5444 862 5499 de
892 5448 1249 5513 persecutore
1277 5432 1420 5503 apud
1452 5444 1548 5486 eos
1582 5428 1728 5499 ipsos
1743 5440 1880 5498 quos
1912 5422 2064 5496 prius

546 5576 570 5604 ιι
602 5564 751 5621 Unus
786 5558 999 5615 videtur
1039 5554 1110 5609 ita
1149 5547 1390 5606 sensisse
1424 5559 1614 5603 auctor
1641 5543 1847 5610 Qttrest.
1878 5538 2068 5621 inusit-

469 5610 812 5701 erani’S-c‘ript
824 5610 972 5684 uram
987 5628 1126 5681 inter
1219 5622 1353 5701 Allia
1365 5621 1495 5701 nasii
1514 5614 1949 5701 operaw‘t’ta-sﬂt‘zl
1963 5610 2062 5701 52.3

468 5681 901 5779 siqui-tlem'lillutl
935 5698 1186 5779 Apostolt
1218 5695 1284 5779 ad
1315 5681 1575 5779 Bch-tuens
1609 5704 1682 5779 Μ’,
1848 5681 2066 5779 illoc-6.5

469 5757 913 5855 Eéipié’alitsenm
936 5812 952 5839 ,
987 5757 1063 5827 'de
1099 5768 1375 5825 dueullato
1413 5763 1617 5819 Jacobu
1659 5766 1827 5814 lt'atre
1852 5757 2064 5845 Domini

466 5864 918 5996 “"i’li'léé‘iiiiiir
965 5924 1125 5973 antea
1152 5953 1169 5984 ,
1215 5909 1356 5986 quod
1393 5908 1503 5979 ait,
1552 5898 2066 5963 contradicentibus

2173 4761 2394 4816 dehant.
2435 4760 2605 4814 Simul
2631 4770 2816 4813 autem
2849 4766 2905 4812 et
2928 4756 3061 4811 illud
3092 4756 3278 4822 docet,
3306 4755 3452 4828 quod
3479 4771 3580 4827 pro
3610 4756 3793 4814 Chli-

2172 4853 2240 4908 sti
2274 4851 2378 4908 ﬁde
2419 4859 2474 4906 et
2505 4848 2780 4919 Evangelii
2816 4847 3103 4915 libertate,
3153 4846 3219 4902 ad
3246 4861 3342 4903 eos
3375 4846 3529 4918 ipsos
3573 4847 3675 4918 qui
3712 4849 3792 4907 de

2171 4963 2240 5004 eo
2287 4947 2442 5019 plura
2499 4952 2913 5014 cognoverant,
2969 4941 3114 5012 quod
3164 4941 3364 5013 Legem
3417 4939 3786 5013 infringeret,

2173 5042 2394 5113 Moysen
2441 5041 2781 5104 destrueret,
2824 5036 3304 5093 circuincisionem
3333 5035 3552 5107 penitus
3583 5037 3792 5097 auter-

2172 5145 2276 5201 ret,
2308 5150 2474 5190 ausus
2504 5137 2577 5188 sit
2599 5132 2796 5187 ducere
2842 5131 3021 5187 Titum
3041 5172 3055 5196 ,
3085 5128 3359 5185 hominem
3405 5128 3793 5187 incircumci—

2174 5246 2318 5285 sum.
2381 5228 2451 5282 Et
2490 5228 2633 5282 inter
2677 5236 2879 5280 tantam
2918 5221 3320 5279 multitudinem
3360 5220 3681 5277 Iudaeorum
3725 5233 3792 5280 et

2174 5323 2430 5379 inimicos
2454 5337 2582 5377 suos
2601 5360 2617 5387 ,
2655 5321 2747 5392 qui
2776 5318 2933 5389 quasi
2957 5319 3028 5373 ob
3051 5318 3225 5373 zelum
3252 5315 3416 5388 Legis
3444 5316 3787 5387 sanguinem

2174 5419 2297 5491 ejus
2338 5416 2557 5473 haurire
2601 5414 2929 5486 cupiebant,
2961 5426 3063 5468 nec
3100 5411 3219 5482 ipse
3241 5454 3256 5480 ,
3280 5423 3382 5466 nec
3403 5409 3557 5465 Titus
3585 5408 3789 5482 aliquo

2146 5551 2331 5598 .mss.,
2361 5550 2460 5603 pro
2490 5533 2619 5604 agit.

2248 5620 2269 5647 ο
2305 5597 2419 5663 Duo
2446 5597 2603 5674 mss,
2638 5602 2936 5660 Ralibanus
2965 5599 3274 5667 etVictor.,
3301 5615 3416 5655 eum
3439 5597 3579 5653 male
3608 5614 3784 5655 noue-

2169 5689 2549 5804 ⁷⁸ωὲι’.λὶιι(1ἱτιιιι
2577 5747 2710 5803 illud
2742 5746 2976 5816 imperiti
3006 5744 3209 5802 Clerici
3223 5786 3242 5816 ,ί
3260 5744 3351 5813 qui
3375 5741 3629 5816 peritiam
3656 5741 3784 5816 lin-

2167 5839 2288 5893 guae
2327 5823 2533 5893 Cra-eae
2568 5824 2618 5874 in
2652 5814 2982 5893 Hieronymo
3009 5818 3202 5874 nolunt
3223 5815 3398 5876 {niese
3419 5856 3436 5886 ,
3461 5814 3575 5872 nisi
3596 5815 3778 5877 mini-

2169 5890 2314 5953 inam
2340 5901 2397 5951 et
2424 5890 2540 5952 fere
2570 5892 2798 5951 nullam.
2834 5890 3013 5951 Mser.
