3978 6338
534 251 638 316 333
1784 256 1845 320 S.
1890 255 2162 321 sustam!
2203 258 2578 321 ntunomvnt
3698 272 3787 343 536

536 380 607 433 tia
642 375 963 435 recedendi.
995 376 1057 434 Si
1095 370 1258 451 igitur
1305 390 1406 434 nos
1446 370 1807 452 Jerosoiymis
1836 378 1979 433 inter
2004 386 2124 434 tan-
2158 381 2204 441 Α
2235 394 2369 435 nem.
2402 378 2715 458 ’ϊπέρϐατον
2751 389 2859 450 est,
2903 392 2956 439 et
3000 380 3184 441 multis
3224 399 3346 457 qua:
3374 385 3427 443 in
3468 389 3636 447 medio
3677 400 3785 453 sunt

538 482 621 525 tos
649 471 873 526 Judaros
902 470 1316 526 imminentibus
1344 470 1475 525 hinc
1502 470 1629 525 inde
1663 470 1815 525 falsis
1846 469 2131 534 fratribus,
2236 473 2519 544 interjecta
2560 475 2812 543 sublatis,
2860 478 2941 533 sic
2987 479 3228 534 breviter
3271 479 3375 551 legi
3425 490 3637 551 potest:
3676 486 3783 546 Mihi

535 573 591 618 et
618 563 701 618 his
729 564 821 632 qui
852 562 1091 633 majores
1115 570 1277 618 erant
1302 562 1481 632 aliqua
1512 576 1583 617 ex
1625 571 1784 633 parte
1828 560 2135 616 eohihenti-
2233 566 2376 620 enim
2410 568 2499 636 qui
2532 566 2860 627 videbantur
2912 584 3037 626 esse
3077 570 3212 626 nihil
3265 573 3607 630 contulerunt
3643 591 3658 632 :
3703 579 3785 637 sed

534 655 657 720 bus,
685 656 833 711 nulla
878 656 1153 725 potuimus
1180 655 1232 710 vi
1279 669 1342 710 ac
1374 655 1586 711 ratione
1622 654 1901 725 compelli,
1934 663 1993 709 ut
2027 654 2130 709 ob-
2233 665 2453 712 econtra
2485 658 2745 715 dexteras
2773 660 3043 717 dederunt
3082 663 3214 717 mihi
3243 671 3301 719 et
3330 664 3603 736 Barnabze,
3636 668 3785 727 socie-

531 764 878 806 servaremus
923 748 1406 805 circumcisionem
1448 762 1609 817 quam
1656 747 1968 803 sciebamus
2005 760 2131 803 esse
2233 751 2380 805 tatis.
2418 751 2528 808 Aut
2561 764 2711 810 certe
2743 756 2833 811 ille
2862 755 3070 829 absque
3102 757 3406 828 iactatione
3439 759 3544 824 sui,
3572 763 3785 822 occultus

533 843 741 899 finitam
775 861 789 899 :
822 857 919 897 vos
947 858 1014 899 ex
1043 842 1330 914 gentibus,
1362 841 1526 914 402
1554 856 1652 897 vos
1680 841 1732 895 in
1765 839 2003 907 Galatia,
2032 854 2129 897 vos
2230 852 2316 898 est
2340 859 2534 901 sensus
2567 863 2581 899 :
2613 847 2742 902 Mihi
2770 849 2863 918 qui
2891 848 3226 905 videbantur
3258 865 3383 909 esse
3429 852 3643 923 aliquid,
3669 856 3786 916 nihil

529 937 727 1007 quibus
749 937 833 990 vis
861 936 1014 991 nulla
1045 936 1234 991 inferri
1272 945 1477 1007 potest,
1510 934 1657 989 ultro
1697 951 1729 989 a
1757 934 1930 1005 gratia
1971 947 2129 990 rece-
2227 939 2611 1006 contulerunt;
2656 943 2753 997 sed
2803 955 3031 1000 econtra
3075 959 3107 1000 a
3158 960 3248 1001 me
3285 946 3366 1003 eis
3412 946 3659 1005 collatum
3693 961 3781 1021 est,

526 1031 756 1098 dentes,
801 1029 869 1085 ad
919 1029 1080 1102 Legis
1128 1031 1241 1099 jam
1294 1029 1520 1085 abolita:
1572 1027 1987 1085 transcendistis
2031 1042 2129 1084 ve—
2226 1031 2353 1086 dum
2376 1034 2513 1089 linnt
2540 1035 2591 1089 in
2616 1035 2895 1108 Evangelii
2916 1035 3088 1107 gratia
3115 1036 3403 1095 firmiores.
3424 1039 3784 1102 Totumautcm

526 1134 805 1181 iustaiem.
2225 1125 2368 1196 quod
2395 1127 2548 1192 dicit,
2576 1128 2679 1184 hoc
2708 1139 2793 1186 est
2826 1146 2839 1184 :
2874 1146 3012 1186 unus
3035 1143 3199 1201 atque
3227 1132 3370 1189 idem
3404 1133 3534 1189 mihi
3563 1134 3783 1208 Evange-

595 1221 785 1290 (Vers.
818 1219 898 1291 6.)
954 1219 1031 1274 Ab
1072 1220 1155 1273 his
1182 1229 1357 1273 autem
1386 1218 1477 1291 qui
1520 1218 1825 1274 uidebantur
1873 1234 1983 1273 esse
2024 1216 2124 1272 ali—
2225 1217 2358 1272 lium
2392 1221 2667 1290 praeputii,
2699 1232 2756 1279 et
2784 1223 2948 1279 Petro
2973 1225 3404 1281 eirenmcisionis
3441 1226 3681 1284 credidit.
3710 1229 3782 1288 Me

519 1315 669 1386 quid,
717 1314 898 1385 quales
942 1314 1237 1384 aliquando
1265 1313 1481 1382 fuerint,
1535 1310 1671 1366 nihil
1700 1327 1814 1365 mea
1863 1312 2072 1365 interest
2101 1326 2123 1365 :
2225 1312 2370 1367 misit
2402 1313 2468 1367 ad
2506 1324 2723 1384 gentes,
2756 1316 2906 1371 illiilli
2940 1318 3119 1385 posuit
3160 1317 3216 1373 in
3242 1319 3452 1376 Judara.
3490 1318 3596 1377 Nec
3619 1330 3785 1391 gentes

523 1409 661 1461 nens
700 1422 972 1479 personam
1008 1405 1237 1460 hominis
1288 1422 1392 1459 non
1432 1405 1642 1476 accipit.
1686 1403 1860 1472 Licet,
1916 1402 2115 1473 inquit,
2223 1415 2471 1475 poterant
2503 1408 2685 1464 adulta
2720 1409 2833 1480 jam
2863 1423 3025 1468 aetate
3053 1429 3159 1468 non
3196 1414 3482 1483 profuturo
3525 1416 3782 1474 circumci-

519 1503 739 1556 l’etrmn
764 1510 823 1556 et
854 1499 1121 1555 Joannem
1153 1498 1420 1554 Dominus
1469 1511 1657 1554 secum
1689 1495 1967 1567 apostolos
2017 1493 2115 1547 ha-
2219 1497 2392 1551 sionis
2418 1497 2613 1557 dolore
2643 1501 2896 1568 cruciari,
2933 1513 2990 1560 et
3014 1506 3295 1562 abstinere
3317 1522 3377 1561 se
3404 1507 3474 1561 ab
3501 1508 3657 1576 escis,
3681 1508 3785 1579 qui-

519 1596 722 1661 buerit,
766 1602 820 1650 et
850 1593 1296 1665 transﬁguratum
1345 1608 1470 1647 eum
1522 1590 1577 1646 in
1639 1600 1824 1646 monte
1879 1587 2119 1644 viderint
2218 1586 2323 1644 bus
2346 1604 2566 1660 semper
2586 1603 2963 1662 assueverant,
3006 1606 3059 1651 et
3092 1613 3230 1668 quas
3259 1597 3407 1653 Deus
3435 1609 3703 1656 creaverat
3725 1600 3783 1659 ad

518 1689 702 1757 (Matt.
736 1704 850 1754 xu;
901 1687 1070 1742 Marc.
1116 1686 1220 1758 ix),
1267 1696 1323 1742 et
1348 1701 1515 1755 super
1564 1685 1713 1757 ipsos
1742 1683 2004 1738 Ecclesiae
2042 1681 2118 1737 sit
2216 1684 2481 1739 utendum
2516 1701 2530 1739 :
2563 1701 2664 1742 nec
2695 1685 2752 1742 hi
2780 1689 2871 1758 qui
2895 1704 2965 1746 ex
3003 1690 3208 1746 .Intlazis
3248 1691 3593 1748 crediderant
3617 1702 3670 1749 et
3691 1693 3785 1751 cir-

517 1783 755 1852 positum
808 1780 1267 1836 fundamentum:
1316 1779 1450 1834 mihi
1497 1789 1680 1834 tamen
1732 1775 1872 1832 nihil
1920 1774 2110 1841 refert,
2142 1778 2442 1845 Bcumcisi
2494 1790 2672 1848 erant,
2721 1790 2778 1838 et
2810 1798 2879 1837 ex
2925 1785 3320 1841 consuetudine
3370 1786 3524 1856 quasi
3575 1786 3783 1844 secunda

511 1876 636 1946 quia
669 1891 779 1931 non
810 1875 1107 1930 adversum
1149 1888 1250 1930 eos
1281 1872 1480 1942 loquor
1509 1871 1601 1942 qui
1627 1886 1696 1926 eo
1730 1881 1980 1939 tempore
2006 1868 2112 1924 Do-
2214 1878 2435 1937 natura,
2460 1870 2725 1941 putabant
2765 1888 2827 1929 se
2851 1889 2880 1928 a
2910 1876 3125 1931 exteris
3146 1877 3402 1948 gentibus
3435 1878 3552 1947 plus
3578 1875 3779 1950 habere,

514 1973 724 2027 minum
754 1971 1148 2041 sequebantur,
1182 1968 1279 2024 sed
1322 1968 1614 2021 adversum
1662 1979 1759 2021 eos
1792 1964 1989 2034 loquor
2018 1960 2112 2033 qui
2212 1961 2373 2019 facile
2399 1972 2756 2021 contemnere
2778 1975 3037 2037 poterant
3068 1984 3131 2023 ea
3174 1969 3230 2024 in
3269 1969 3468 2039 quibus
3503 1970 3762 2041 glorisban

513 2080 656 2121 nunc
694 2064 868 2135 legem
916 2068 1248 2135 praeponunt
1290 2060 1486 2132 gratia:
1513 2077 1527 2114 :
1557 2073 1660 2114 nec
1701 2056 1942 2113 detraho
1970 2069 2113 2126 prae-
2210 2063 2319 2111 tur.
2350 2055 2700 2114 Providentia
2730 2059 2911 2131 itaque
2937 2061 3056 2128 Dei,
3088 2061 3230 2118 alius
3254 2063 3544 2132 apostolus
3567 2065 3776 2120 circum~

508 2157 842 2221 cesset-ibus,
880 2170 986 2211 nec
1017 2155 1071 2210 in
1099 2153 1285 2225 aliqua
1310 2160 1466 2224 parte
1495 2164 1698 2207 accuso
1719 2148 1979 2219 majores,
2011 2144 2110 2201 sed

515 2253 621 2309 hoc
642 2251 784 2317 dico,
808 2251 935 2322 quia
968 2250 1112 2306 Deus
1141 2262 1437 2320 personam
1469 2244 1713 2299 hominis
1748 2257 1855 2298 non
1881 2240 2107 2310 accipit.

509 2348 628 2404 Non
659 2348 804 2403 enim
843 2344 1056 2416 accepit
1094 2344 1292 2415 Moysi,
1345 2356 1452 2397 non
1499 2338 1716 2408 accepit
1769 2335 1957 2401 David,
2000 2349 2107 2390 non

508 2440 716 2512 accepit
747 2440 979 2494 aliorum
1014 2455 1029 2493 :
1072 2452 1175 2492 nec
1206 2450 1398 2490 eorum
1422 2450 1557 2504 ergo
1588 2430 1846 2502 accipiet,
1877 2428 1972 2500 qni
2017 2442 2110 2484 ee-

508 2538 639 2592 dere
686 2532 1014 2605 quibusdam
1050 2531 1305 2585 videntur
1334 2527 1401 2583 ad
1447 2538 1691 2597 tempus,
1741 2522 1961 2579 tametsi
2000 2521 2106 2591 ipsi

509 2645 721 2686 mecum
775 2628 1037 2689 sentiant.
1075 2624 1241 2680 Petro
1289 2636 1507 2694 quoque
1536 2619 1798 2675 dicente:
1851 2614 1921 2670 In
1974 2613 2108 2669 ueri-

504 2735 609 2780 tate
661 2739 944 2796 cognosco,
1005 2720 1129 2791 quia
1185 2735 1292 2773 non
1351 2726 1427 2772 est
1480 2722 1721 2787 acceptor
1767 2724 2107 2785 personarum

509 2820 643 2875 Deus
673 2835 691 2872 :
721 2817 813 2874 sed
857 2817 912 2870 in
951 2814 1090 2869 omni
1133 2817 1246 2867 loco
1280 2810 1372 2883 qui
1401 2810 1543 2863 timet
1580 2824 1715 2875 eum,
1764 2813 1812 2860 et
1865 2813 2105 2877 operatur

494 2912 758 2985 justitiam
784 2906 1115 2978 acceptabilis
1139 2905 1187 2959 ei
1216 2912 1293 2959 est
1321 2901 1457 2974 (Act.
1489 2917 1548 2968 κ,
1578 2900 1674 2965 54,
1707 2895 1820 2970 55).
1852 2897 1972 2965 Quo
1998 2896 2097 2951 ita-

500 3018 609 3073 que
632 3007 955 3073 argumento
975 2998 1092 3066 ipse
1129 3005 1352 3051 sanctus
1373 2991 1654 3064 apostolus
1676 2990 1873 3045 Petrus
1908 2988 2102 3043 adver-

500 3111 621 3151 sum
649 3108 746 3150 eos
774 3092 867 3164 qui
907 3092 965 3146 in
992 3088 1256 3145 Cornelio
1282 3102 1350 3144 ex
1379 3085 1638 3158 gentibus
1675 3082 1970 3153 baptizato,
2002 3095 2102 3136 nec

2210 2149 2342 2206 eisis
2381 2150 2542 2207 datus
2597 2162 2702 2218 est,
2767 2155 2857 2224 qni
2914 2155 3074 2227 Legis
3134 2157 3344 2212 umbris
3385 2157 3658 2214 videretur
3706 2171 3784 2214 ac-

2210 2244 2521 2316 quiescere,
2563 2248 2703 2302 alius
2734 2248 2786 2303 in
2828 2250 3097 2320 prtepntio
3125 2252 3460 2321 constitutis,
3492 2254 3582 2326 qui
3622 2253 3783 2309 Evan-

2209 2337 2338 2409 gelii
2359 2341 2588 2411 gratiam
2611 2358 2718 2396 non
2745 2354 2959 2412 putaret
2983 2360 3108 2401 esse
3132 2346 3437 2416 servitium,
3463 2347 3558 2404 sed
3584 2347 3782 2404 liberam

2210 2431 2397 2488 ﬁdem.
2427 2432 2507 2488 Ne
2538 2434 2640 2490 sub
2664 2436 2843 2507 aliqua
2879 2438 3174 2493 occasione
3205 2439 3649 2511 impedimentum
3674 2439 3783 2497 fidei

2211 2537 2540 2580 nasceretur
2568 2541 2582 2579 :
2612 2535 2668 2581 et
2698 2539 2922 2598 propter
2950 2530 3422 2587 circumcisionem
3452 2533 3568 2589 sive
3598 2547 3786 2603 praepu-

2209 2617 2365 2684 tium,
2390 2634 2497 2673 non
2522 2619 2845 2675 crederetur
2873 2621 2927 2676 in
2959 2620 3261 2678 Christum.
3286 2623 3400 2681 Nec
3437 2624 3543 2681 hoc
3570 2624 3784 2684 dicimus

2206 2709 2350 2779 quod
2387 2709 2612 2777 Petrus,
2661 2713 2753 2782 qui
2801 2724 2854 2768 et
2902 2713 3017 2784 ipse
3058 2715 3109 2769 in
3149 2717 3374 2773 Actibus
3426 2718 3781 2788 apostolorum

2206 2799 2419 2857 nullum
2477 2800 2757 2860 hominem
2832 2820 3177 2864 communem
3231 2824 3354 2865 esse
3428 2819 3656 2867 testatus
3710 2816 3785 2867 est

2206 2893 2406 2967 (Actor.
2439 2893 2516 2966 ι),
2558 2906 2612 2952 et
2650 2898 2702 2952 in
2736 2898 2832 2955 illo
2862 2914 3014 2961 vase.
3048 2901 3189 2970 quod
3218 2911 3458 2972 quatuor
3496 2902 3701 2973 angulis
3723 2900 3785 2958 de

2205 2988 2345 3044 etelo
2372 2987 2595 3043 missum
2634 2988 2868 3057 viderat,
2902 2994 3163 3048 etlocetur
3189 2994 3325 3050 nihil
3376 2995 3671 3064 interesse,
3699 2994 3783 3051 Ju-

2204 3081 2356 3137 dreus
2386 3082 2457 3138 sit
2483 3083 2701 3154 aliquis,
2737 3100 2805 3140 an
2833 3087 3078 3157 gentilis,
3107 3088 3259 3158 quasi
3290 3088 3500 3144 oblitus
3530 3089 3783 3161 priorum,

503 3187 856 3251 circumciso,
887 3182 1206 3239 scandalum
1252 3178 1623 3242 sustinebant,
1656 3174 1848 3242 utitur,
1889 3181 1948 3230 et
1986 3172 2101 3243 pla-
2127 3183 2173 3247 ο
2203 3190 2368 3245 super
2397 3175 2677 3248 Evangelii
2713 3180 2913 3250 gratia,
2943 3178 3142 3250 Legem
3182 3184 3458 3251 putaverit
3489 3181 3785 3239 “observan-

503 3294 592 3337 cat
616 3297 712 3337 eos
742 3295 802 3335 se
827 3294 932 3333 non
966 3277 1210 3348 potuisse
1238 3289 1438 3346 negare
1469 3286 1665 3343 aquam
1695 3269 1780 3325 his
1804 3269 1896 3341 qui
1923 3266 2097 3339 Spiri-

505 3387 619 3431 tum
663 3385 914 3429 sanctum
965 3378 1292 3439 acceperant
1343 3384 1358 3423 2
1412 3367 1607 3423 eodem
1676 3379 1829 3421 nunc
1879 3370 2100 3418 sanctus

500 3469 788 3540 apostolus
827 3467 1029 3522 Paulus
1059 3463 1351 3520 adversum
1381 3461 1557 3531 ipsum
1590 3459 1810 3514 Petrum
1835 3456 2096 3528 disputat,

497 3563 644 3635 quod
672 3574 1032 3634 personarum
1056 3572 1166 3613 non
1196 3556 1270 3611 sit
1297 3564 1554 3625 acceptor
1576 3553 1743 3618 Deus,
1782 3549 1879 3605 sed
1908 3564 2102 3603 unum-

499 3673 773 3732 quemque
795 3672 896 3727 pro
918 3654 1159 3711 veritate
1194 3650 1424 3721 judieet.
1462 3647 1530 3703 Et
1559 3648 1633 3702 ita
1673 3654 1831 3701 caute
1853 3651 1911 3700 et
1936 3640 2103 3712 pede-

504 3753 695 3811 tentim
732 3753 876 3807 inter
905 3748 1120 3804 laudem
1153 3753 1211 3802 et
1240 3742 1676 3814 obiurgationem
1708 3739 1855 3795 Petri
1888 3737 2101 3793 medius

501 3846 735 3915 incedit,
764 3855 822 3900 ut
843 3854 897 3898 et
924 3839 1248 3914 praecessori
1274 3836 1530 3909 apostolo
1552 3835 1788 3903 deferat,
1817 3841 1876 3889 et
1904 3830 2103 3887 nihilo-

504 3942 685 3996 minus
714 3936 978 3994 audacter
1003 3934 1056 3991 ei
1083 3932 1306 3989 resistat
1337 3930 1394 3986 in
1441 3928 1660 3995 faciem,
1693 3925 1922 3982 veritate
1950 3938 2102 3981 com-

503 4034 717 4106 pulsus.

574 4124 711 4182 Mihi
746 4126 885 4180 enim
925 4122 1015 4192 qui
1053 4117 1378 4183 videbantur,
1405 4114 1541 4171 nihil
1584 4113 1936 4169 contulerunt.
1976 4109 2099 4181 Ipse

502 4218 756 4292 superius
786 4232 912 4273 eum
938 4214 1050 4269 illis
1078 4211 1336 4282 contulit,
1369 4219 1429 4266 et
1466 4208 1639 4264 multa
1668 4207 1737 4263 ad
1765 4221 1863 4264 eos
1889 4203 2094 4270 retulit,

498 4328 620 4385 qua:
664 4312 719 4366 in
762 4308 1021 4380 gentibus
1050 4311 1392 4377 perpetraret
1420 4320 1433 4357 :
1460 4302 1539 4357 illi
1571 4300 1705 4356 nihil
1740 4299 2100 4355 contulerunt

503 4411 580 4477 ei,
605 4407 702 4464 sed
733 4401 1111 4461 tantummodo
1140 4415 1264 4472 quae
1290 4398 1359 4453 ab
1385 4411 1453 4454 eo
1481 4396 1627 4452 dicta
1676 4402 1804 4450 sunt
1845 4404 2100 4462 compro-

504 4503 719 4567 bantes,
746 4498 1002 4553 dexteras
1033 4493 1307 4549 dederunt
1330 4488 1621 4557 consortii,
1650 4496 1705 4543 et
1741 4501 1908 4540 unum
1940 4496 2095 4538 suum

2203 3268 2329 3323 dam
2365 3286 2377 3324 :
2413 3270 2509 3325 sed
2537 3282 2595 3326 ut
2619 3273 2736 3343 ipse
2763 3289 2980 3345 quoque
3012 3275 3209 3345 Legem
3238 3275 3519 3333 custodire
3538 3292 3600 3334 se
3629 3276 3785 3332 simu-

2202 3362 2345 3429 lans,
2385 3364 2645 3433 paulatim
2692 3364 2914 3423 .lodmos
2966 3367 3036 3422 ab
3088 3368 3319 3436 antiquo
3372 3369 3600 3426 vivendi
3644 3380 3787 3425 more

2201 3456 2515 3514 deduceret.
2556 3460 2671 3515 Non
2700 3461 2841 3516 enim
2876 3472 3129 3531 poterant
3162 3473 3369 3519 tantum
3399 3462 3790 3522 observationis

2200 3552 2474 3622 laborem,
2506 3564 2561 3609 et
2590 3557 2794 3611 veteris
2822 3557 2949 3611 vita:
2972 3558 3346 3614 cautissimam
3375 3557 3547 3633 ωε.
3568 3571 3788 3616 conver-

2200 3646 2491 3715 sationem,
2524 3650 2680 3719 qnasi
2724 3663 3078 3721 purgamenta
3115 3652 3297 3708 subito
3329 3664 3385 3708 et
3421 3654 3625 3710 damna
3662 3667 3788 3709 con-

2202 3748 2473 3794 temnere.
2506 3739 2586 3794 Ex
2624 3756 2735 3811 quo
2784 3742 3171 3812 perspicimus,
3212 3754 3505 3815 propterea
3546 3745 3788 3800 dexteras

2200 3830 2355 3888 datas
2386 3832 2550 3887 Paulo
2599 3844 2657 3888 et
2694 3833 2959 3891 Barnabm
2990 3833 3018 3873 δ
3064 3836 3379 3907 societatis,
3409 3853 3439 3891 a
3493 3837 3676 3901 Petro,
3701 3833 3789 3891 Ja-

2199 3924 2341 3981 cobo
2362 3934 2419 3981 et
2445 3924 2705 3982 Joanne:
2751 3941 2820 3980 ne
2860 3926 3257 3984 observatione
3294 3931 3472 3998 varia,
3522 3928 3789 3986 diversum

2198 4015 2411 4073 Christi
2454 4017 2805 4088 Evangelium
2854 4029 3176 4089 putaretur;
3217 4021 3317 4077 sed
3346 4031 3401 4078 et
3436 4020 3787 4078 circumcisod

2199 4125 2320 4164 rum
2348 4119 2404 4165 et
2436 4110 2750 4165 habentium
2779 4111 3109 4181 praeputium
3139 4120 3289 4169 esset
3311 4129 3418 4169 una
3449 4111 3780 4170 communio.

2200 4202 2434 4258 Pulchre
2464 4212 2644 4259 autem
2689 4205 3029 4274 prmstruxit,
3075 4206 3263 4262 dicens
3309 4224 3323 4259 :
3366 4205 3472 4272 Qui
3505 4207 3646 4261 enim
3676 4219 3792 4277 ops-

2198 4304 2342 4349 ratus
2395 4304 2471 4349 est
2512 4294 2667 4349 Petro
2707 4295 2761 4349 in
2815 4295 3167 4369 apostolatum
3217 4298 3630 4354 circumcisionis
3664 4311 3687 4353 .'
3728 4310 3792 4351 ne

2199 4387 2322 4459 quis
2352 4404 2474 4445 eum
2520 4398 2733 4459 putaret
2773 4388 3069 4446 detrahere
3098 4390 3284 4461 Petro,
3332 4392 3429 4448 sed
3458 4404 3515 4447 ut
3549 4390 3792 4448 laudibus

2197 4482 2317 4554 ejus
2346 4491 2474 4536 ante
2513 4482 2834 4550 praemissis,
2866 4481 3269 4554 intelligeretur
3301 4485 3499 4541 Petrus
3533 4485 3658 4543 ideo
3685 4485 3789 4541 cir-

505 4594 768 4665 Paulique
804 4587 1161 4659 Evangelium
1204 4586 1580 4639 firmaverunt.
1627 4579 1862 4635 Rursum
1902 4586 2096 4631 notan-
2122 4574 2173 4635 D
2199 4574 2591 4631 cumeisionem
2620 4576 2797 4646 aliqua
2837 4592 2900 4631 ex
2954 4585 3106 4647 parte
3147 4580 3454 4650 suscipere,
3490 4591 3550 4635 ut
3586 4576 3792 4650 eosqui

497 4692 650 4752 dum,
669 4682 815 4756 quod
838 4691 865 4720 ι
885 4678 1233 4744 contulerunt,
1256 4676 1483 4732 verbum
1506 4676 1681 4745 ipsum
1713 4671 1786 4728 sit
1804 4671 1858 4726 in
1879 4669 2097 4738 Grzeco,

500 4786 570 4840 de
598 4797 706 4852 quo
735 4789 864 4834 ante
895 4774 1268 4831 tractavimus.

571 4876 756 4953 (Vers.
787 4874 842 4941 7,
872 4870 954 4941 8.)
974 4869 1082 4925 Sed
1109 4874 1292 4923 contra
1333 4880 1449 4919 cum
1477 4864 1728 4918 vidissent
1757 4862 1897 4930 quod
1925 4859 2095 4914 credi-

500 4952 609 5027 tum
629 4978 703 5025 est
723 4966 849 5020 mihi
883 4961 1225 5031 Evangelium
1254 4958 1520 5031 prwputii,
1551 4957 1681 5011 sicut
1726 4954 1889 5027 5.03
1930 4952 2091 5008 Petro

493 5059 930 5121 circumcisionis.
998 5056 1102 5121 Qui
1163 5053 1302 5108 enim
1369 5058 1611 5122 operatus
1672 5059 1745 5104 est
1814 5046 1975 5103 Petro
2039 5047 2095 5101 in

496 5162 846 5229 apostolatum
877 5146 1313 5212 circuntcisionis,
1341 5152 1584 5214 operatus
1606 5150 1681 5196 est
1711 5148 1763 5195 et
1806 5139 1935 5195 mihi
1964 5141 2097 5196 inter

496 5257 692 5322 gentes.
755 5244 822 5299 Et
865 5258 982 5297 cunt
1028 5238 1386 5310 cognovissent
1443 5234 1664 5305 gratiam
1696 5251 1813 5305 qua:
1862 5234 1984 5287 data
2019 5242 2096 5288 est

495 5342 647 5408 mihi,
683 5335 965 5405 Petrusjtet
1006 5330 1254 5394 Jacobus,
1281 5331 1353 5399 [et
1376 5326 1631 5391 Joannes,
1673 5326 1759 5397 qui
1790 5325 2096 5380 videbantur

500 5436 756 5491 columna:
783 5446 912 5496 esse,
955 5426 1163 5480 dextras
1190 5421 1441 5476 dederunt
1473 5420 1600 5474 mihi
1618 5428 1665 5475 et
1696 5418 1973 5485 Barnabas,
2007 5433 2090 5471 so-

497 5526 694 5583 cietatis
728 5539 746 5577 :
774 5531 829 5575 ttt
857 5536 947 5573 nos
972 5520 1026 5572 in
1068 5523 1283 5588 gentes;
1323 5513 1424 5585 ipsi
1458 5521 1630 5567 autem
1653 5512 1709 5566 in
1739 5510 2089 5565 circumcisio-

573 5679 594 5703 η
642 5666 865 5717 Veteres
916 5657 1049 5711 editi
1095 5655 1275 5715 ipsum
1311 5653 1533 5710 verbum
1566 5651 1814 5708 Grzrenm
1855 5650 2083 5707 interse-

502 5750 620 5805 rnnt
657 5756 667 5788 :
702 5734 836 5802 (μσιηί
868 5730 1257 5808 πρᾳσανέθεείτοε
1290 5726 1631 5808 contulerunt.
1668 5738 1773 5777 etc.

567 5811 594 5854 ⁸)
641 5798 835 5865 Vocem
869 5798 1128 5867 societatis
1162 5800 1395 5858 l’alatin.
1430 5813 1533 5854 nis.
1570 5798 1801 5869 ignorat.

2200 4668 2300 4723 sibi
2316 4668 2598 4724 exJudzeis
2615 4669 2808 4724 crediti
2829 4669 3423 4739 fuerantlucrifaceret,
3450 4672 3573 4727 etin
3592 4669 3789 4728 Christi

2200 4760 2307 4816 fide
2352 4772 2406 4817 et
2437 4762 2735 4833 Evangelio
2765 4763 3090 4820 custodiret.
3138 4775 3159 4803 ε
3204 4765 3582 4838 Subintelligit
3631 4763 3791 4822 etiam

2200 4854 2342 4925 quod
2372 4854 2419 4910 si
2449 4855 2541 4911 ille
2578 4858 2784 4926 absque
2805 4858 2965 4927 culpa
2994 4858 3219 4922 luceret,
3257 4867 3314 4915 et
3341 4860 3408 4915 ad
3448 4870 3667 4933 tempus
3694 4859 3792 4917 ob-

2199 4947 2489 5012 servando,
2520 4948 2663 5020 quod
2696 4965 2802 5004 non
2842 4949 2993 5016 licet,
3044 4967 3112 5006 ne
3143 4950 3252 5007 sihi
3298 4954 3548 5010 creditos
3596 4952 3793 5026 perde-

2200 5052 2305 5109 ret,
2333 5058 2392 5099 se
2421 5045 2591 5113 magis
2637 5057 2738 5113 pro
2784 5044 3059 5115 Evangelii
3088 5045 3318 5102 veritate
3367 5045 3547 5104 facere
3593 5048 3792 5105 debere

2195 5137 2342 5207 quod
2371 5136 2473 5192 sibi
2504 5136 2773 5193 creditum
2821 5146 2909 5193 est
2941 5138 2993 5191 in
3029 5141 3317 5209 przvptttio,
3361 5156 3431 5197 ne
3458 5150 3657 5211 gentes
3698 5141 3794 5197 Le-

2193 5231 2274 5302 gis
2304 5246 2470 5287 onere
2500 5241 2556 5285 et
2594 5230 2913 5287 diflieultate
2942 5231 3243 5301 deterrita,
3294 5250 3322 5287 a
3363 5233 3571 5291 Christi
3601 5235 3709 5291 fide
3739 5242 3792 5291 et

2194 5323 2220 5361 ά
2244 5325 2564 5379 credulitate
2581 5324 2946 5381 discederent.
2966 5324 3191 5381 Occulta
3217 5326 3309 5382 hie
3329 5328 3505 5384 oritur
3524 5327 3790 5400 quaestio:

2193 5415 2328 5485 Quid
2363 5416 2571 5485 igitur?
2623 5417 2816 5473 Petrus
2846 5416 2891 5471 si
2939 5418 3240 5474 invenisset
3269 5434 3335 5475 ex
3372 5419 3649 5491 gentibus,
3686 5435 3792 5476 non

2191 5526 2286 5564 eos
2316 5510 2613 5564 adducebat
2648 5510 2713 5562 ad
2750 5509 2946 5564 iidem?
2979 5513 3085 5566 Aut
3112 5511 3315 5567 Paulus
3357 5512 3404 5566 si
3447 5528 3517 5568 ex
3544 5512 3790 5570 eireum-

2266 5660 2286 5723 ξ
2324 5648 2467 5723 idem
2503 5666 2632 5715 ms.,
2665 5649 2983 5723 stibintrliigi
3009 5651 3185 5719 etiam,
3216 5652 3353 5722 quod
3380 5653 3490 5719 ille,
3523 5662 3642 5709 etc.

2261 5716 2289 5757 σί
2329 5720 2537 5793 Supino
2569 5736 2759 5777 errore
2792 5716 3073 5794 legebatur
3102 5716 3286 5795 antea,
3318 5716 3649 5789 crudelitate.
