3978 6338
206 413 298 477 857

684 411 1343 474 COMMENTARIORUM
1382 409 1448 470 IN
1487 410 1877 471 EPISTOLAM
1915 413 2009 471 AD
2048 412 2373 474 ΕΛΕΑΤΑὲ
2409 413 2546 476 LIB.
2587 415 2627 475 l.
2669 415 2825 477 CAP.
2868 415 2935 475 ll.

3355 416 3461 478 3‘58

204 531 391 590 cisione
438 529 645 602 aliquos
692 533 996 602 reperisset
1020 573 1037 599 ,
1088 549 1196 589 non
1271 548 1370 588 eos
1424 532 1491 587 ad
1552 530 1758 587 Christi
1788 534 1838 592 Α
1865 530 2049 588 beatis
2086 534 2152 588 ad
2192 533 2544 605 Corinthios,
2587 544 2644 592 et
2681 536 2747 592 ad
2786 534 3347 601 Thessalonicenses,
3387 535 3453 588 ail

201 622 501 694 baptismum
543 625 922 693 provocabat?
968 625 1102 694 Qua:
1136 627 1213 681 ita
1237 628 1493 692 solvitur,
1526 635 1584 681 ut
1613 624 1765 681 dica—

199 733 306 776 mus
343 717 634 789 principale
674 719 908 791 singulis
942 721 994 776 in
1036 720 1258 777 Judteos
1279 732 1333 778 et
1358 732 1550 793 gentes
1588 722 1763 777 fuisse

198 810 507 875 mandatum,
560 819 618 867 ut
658 812 749 883 qui
800 811 1172 869 defendebant
1220 814 1446 885 Legem,
1496 814 1764 871 haberent

195 921 334 978 quem
363 915 762 975 sequerentur;
794 907 886 979 qui
928 908 1059 980 Legi
1088 910 1322 980 gratiam
1368 910 1758 981 praeferebant,

193 1013 287 1055 non
311 996 517 1052 deesset
542 998 625 1053 eis
645 999 841 1055 doctor
860 1011 917 1056 et
942 1002 1199 1071 praevius.
1229 1000 1289 1059 In
1312 1018 1601 1061 commune
1628 1020 1761 1059 vero

192 1091 282 1146 hoc
324 1103 414 1145 eos
443 1088 705 1148 habuisse
742 1094 1042 1165 propositi,
1073 1106 1131 1150 ut
1181 1095 1404 1153 Christo
1434 1113 1503 1153 ex
1543 1099 1760 1155 cunctis

189 1182 415 1255 gentibus
445 1183 752 1240 Ecclesiam
780 1198 1207 1259 congregarent.
1241 1190 1499 1262 Legimus
1527 1192 1673 1248 enim
1704 1202 1761 1250 et

191 1288 414 1332 assueto
450 1276 616 1333 Petro
646 1279 908 1348 gentilcm
953 1280 1287 1352 baptizatum
1340 1283 1509 1341 fuisse
1553 1286 1761 1342 Corae-

192 1368 327 1433 lium.
352 1378 407 1424 et
432 1385 463 1424 ιι
496 1371 665 1427 l’aulo
696 1373 749 1428 ia
774 1374 1066 1446 syaagogis
1109 1375 1440 1444 Judtcorum,
1481 1378 1757 1435 Christum

190 1464 467 1534 saepissime
492 1466 875 1537 prmdicatum.
912 1468 1119 1538 Petrus,
1150 1482 1201 1527 et
1229 1471 1482 1539 Joannes,
1515 1484 1563 1529 et
1596 1474 1758 1531 Jaco-

190 1555 287 1625 bus,
305 1558 387 1631 qui
406 1559 710 1615 ridebantur
730 1563 989 1619 columna:
1009 1581 1120 1620 esse
1141 1564 1342 1635 (Actor.
1366 1582 1424 1635 x,
1448 1583 1566 1633 xm,
1598 1569 1754 1640 xvii).

190 1651 284 1709 'l'er
308 1654 673 1723 supradictum
723 1656 795 1712 de
846 1660 1118 1730 apostolis
1170 1660 1400 1731 legimus
1445 1680 1461 1717 :
1509 1663 1759 1720 Seorsum

188 1754 340 1802 autem
349 1745 427 1801 his
438 1748 531 1820 qui
554 1748 882 1805 videbantur.
905 1751 969 1806 Et
989 1768 1005 1808 :
1023 1752 1101 1806 Ab
1122 1753 1203 1807 his
1218 1754 1308 1825 qui
1326 1754 1635 1810 videbantur
1652 1775 1761 1813 esse

189 1839 380 1911 aliquid.
406 1840 509 1896 Et:
536 1841 672 1896 Mihi
701 1845 838 1898 enim
867 1845 956 1913 qui
976 1845 1279 1900 ridebantur
1300 1863 1409 1902 esse
1430 1848 1649 1920 aliquid,
1676 1850 1760 1904 ni-

1863 639 2055 679 omaes
2102 628 2344 697 gentium
2388 626 2702 696 Ecclesias,
2750 639 2809 684 ut
2858 637 3228 700 praepararent
3259 642 3456 682 munus

1864 715 1968 772 hoc
1996 732 2096 788 per
2132 733 2192 774 se
2233 719 2314 775 vel
2352 736 2452 791 per
2488 721 2627 777 alios
2662 723 2754 793 qui
2785 721 2867 777 eis
2907 722 3263 794 placuissent,
3298 721 3456 777 Jeru-

1860 809 2126 881 solymam
2159 810 2538 869 deferendum.
2569 812 2732 871 Unde
2760 830 2903 870 nunc
2932 815 3284 871 coalidenter
3302 816 3457 879 dicit,

1861 899 2002 972 quod
2037 902 2197 955 etiam
2231 903 2488 959 sollicitus
2526 906 2609 976 [ui
2647 909 2817 975 facere
2851 905 2951 961 hoc
2987 907 3181 980 ipsum.
3224 906 3461 962 Possunt

1860 1005 2046 1056 autem
2076 1007 2132 1053 et
2161 996 2271 1052 alio
2297 1012 2502 1067 genere
2532 1014 2801 1071 pauperes
2831 1000 3028 1070 accipi,
3060 998 3130 1055 de
3166 998 3366 1070 quibus
3400 1000 3453 1053 in

1862 1090 2162 1162 Evangelio
2191 1089 2393 1145 dicitur
2423 1109 2437 1145 :
2470 1088 2621 1146 Beati
2649 1108 2903 1164 pauperes
2934 1092 3123 1164 spiritu
3156 1107 3175 1147 :
3208 1092 3456 1161 quoniam

1860 1189 2096 1259 ipsorum
2121 1194 2196 1241 est
2222 1201 2443 1257 regnum
2470 1186 2717 1242 caelorum
2740 1185 2965 1259 (Matth.
2998 1202 3051 1251 v,
3080 1182 3161 1255 3).
3184 1184 3460 1241 Mereatur

1860 1280 2062 1352 quippe
2090 1277 2228 1334 tales
2257 1280 2314 1334 ia
2340 1278 2607 1334 memoria
2638 1293 2762 1335 esse
2797 1278 3198 1350 apostolorum.
3230 1277 3454 1334 Necnon

1861 1380 1919 1429 et
1946 1372 2025 1428 illi
2054 1386 2325 1442 pauperes
2348 1413 2363 1436 ,
2400 1372 2472 1427 de
2508 1371 2710 1443 quibus
2730 1366 2804 1427 'in
2831 1371 3131 1427 Salomone
3167 1371 3455 1428 scribitur:

1859 1462 2169 1536 Redemptio
2188 1464 2289 1518 uiri
2310 1464 2520 1531 animae,
2548 1463 2775 1536 propriae
2795 1463 2989 1518 divitia:
3009 1461 3192 1536 (Prov.
3224 1477 3346 1531 xm,
3376 1462 3454 1530 8).

1859 1556 2026 1630 ωε
2064 1557 2278 1628 Pauper
2323 1573 2457 1614 vero
2506 1574 2615 1613 non
2665 1557 2900 1614 sustinet
2953 1556 3456 1613 comminationem.

1859 1650 1979 1708 Non
2009 1650 2153 1707 enim
2182 1660 2362 1722 potest
2394 1650 2634 1707 futurum
2668 1649 2779 1724 [ΑΙ.
2811 1648 3140 1723 futurarum]
3172 1664 3454 1720 pinnat-uin

1860 1745 2051 1801 audire
2089 1753 2382 1813 terrorem,
2424 1759 2633 1815 pauper
2670 1747 2725 1800 in
2769 1744 2897 1811 lide,
2940 1759 3148 1815 pauper
3176 1743 3228 1799 in
3259 1742 3455 1813 gratia,

1861 1856 1968 1895 non
1998 1838 2207 1894 habeas
2236 1838 2457 1893 divitias
2487 1838 2828 1909 spirituales,
2869 1854 2972 1895 nec
3001 1837 3285 1895 scientiam
3312 1837 3460 1892 Scri-

186 1932 251 1988 hil
279 1933 629 1989 contulerunt.
667 1935 954 1992 Sollicitus
977 1938 1161 2009 itaque
1197 1938 1563 2008 requirebam,
1594 1940 1751 2012 quiil-
1789 1931 1837 1992 B
1865 1939 2167 2002 pturarum,
2208 1945 2330 2001 quae
2367 1945 2502 1986 auro
2537 1940 2594 1986 et
2631 1940 2893 2002 argento,
2933 1939 2991 1987 et
3018 1930 3261 2001 pretioso
3293 1928 3457 1997 lapilli

185 2041 291 2084 nam
316 2028 629 2099 essetquod
674 2028 909 2098 diceret,
951 2033 1039 2101 qui
1068 2032 1374 2087 uidebantur
1403 2050 1424 2089 :
1473 2033 1570 2090 sed
1611 2050 1759 2091 nunc

184 2134 258 2176 me
290 2120 433 2176 omni
462 2120 730 2191 scrupulo
770 2121 1052 2188 liberavit,
1082 2124 1369 2194 atljiciens.
1398 2126 1488 2196 qui
1511 2126 1760 2181 videban-

184 2220 254 2267 tur
290 2213 541 2269 columna:
589 2230 721 2272 esse.
766 2215 1047 2272 Columnae
1087 2216 1258 2287 igitur
1310 2228 1439 2275 sunt
1493 2218 1758 2276 Ecclesiae

180 2307 427 2376 apostoli,
469 2316 533 2363 et
580 2308 822 2366 maxime
877 2309 1110 2379 Petrus,
1160 2309 1400 2368 Jacohus
1426 2353 1440 2379 ,
1496 2321 1555 2369 et
1591 2313 1799 2368 ἔσθει-ο

180 2417 262 2458 nes
281 2445 294 2468 ,
320 2418 381 2459 ex
403 2404 609 2473 quibus
633 2403 746 2459 duo
765 2419 889 2462 cum
920 2404 1156 2461 Domino
1205 2406 1504 2463 ascendere
1536 2423 1757 2463 meren-

179 2507 251 2553 tur
277 2495 427 2571 ωδ
466 2498 522 2554 in
564 2509 832 2566 montem,
871 2515 1107 2571 quorum
1147 2515 1290 2556 unus
1331 2502 1384 2557 in
1424 2502 1756 2574 Apociilypsi

182 2589 492 2648 Salvatorem
538 2593 846 2650 introducit
884 2595 1198 2666 loquentem
1232 2614 1248 2652 :
1279 2594 1381 2663 Qui
1417 2596 1631 2664 vicerit,
1674 2598 1757 2667 [a-

184 2683 296 2737 ciem
320 2698 430 2738 eum
460 2684 767 2740 columnam
790 2687 845 2741 in
867 2686 1058 2758 templo
1078 2683 1178 2743 Dei
1198 2688 1299 2742 mei
1322 2688 1506 2758 (Apoc.
1534 2704 1614 2757 ιιι,
1639 2689 1750 2757 12),

184 2774 359 2833 docens
394 2794 595 2835 omnes
633 2779 925 2836 credentes
962 2780 1057 2851 qui
1094 2781 1468 2837 adversarium
1497 2782 1750 2855 vicerint,

185 2884 320 2942 posse
344 2874 635 2929 columnas
665 2873 931 2931 Ecclesiae
969 2876 1110 2932 ﬁeri.
1140 2876 1222 2933 Ad
1248 2875 1594 2934 Timotheum
1625 2894 1754 2936 vero

183 2961 357 3019 Paulus
389 2965 644 3024 scribens
678 2965 757 3022 ait
792 2984 807 3021 :
858 2965 928 3023 Ut
962 2969 1097 3024 scias
1131 2970 1390 3041 quomodo
1426 2983 1659 3040 oporteat
1707 2982 1756 3027 te

183 3055 228 3110 in
268 3056 407 3113 domo
441 3057 553 3114 Dei
593 3061 924 3126 conversari,
970 3078 1086 3133 qua:
1122 3070 1199 3117 est
1230 3061 1466 3119 Ecclesia
1495 3063 1597 3118 Dei
1632 3065 1751 3129 rivi,

178 3147 390 3206 columna
427 3161 610 3207 autent
652 3163 698 3208 et
738 3155 1128 3220 ﬁrmamentum
1162 3156 1394 3211 ueritatis
1429 3157 1483 3228 (I
1520 3156 1654 3212 Tim.
1688 3175 1775 3225 ιι..

181 3240 381 3313 l5).llis
396 3254 452 3300 et
470 3248 699 3303 «cteris
724 3248 1069 3315 instruimur,
1100 3258 1208 3304 tam
1234 3250 1519 3321 apostolos
1539 3265 1752 3307 omnes-

178 3349 267 3405 que
300 3338 624 3408 credentes,
665 3356 831 3410 quam
872 3342 1046 3412 ipsam
1074 3359 1294 3414 quoque
1325 3345 1626 3402 Ecclesiam
1657 3363 1751 3401 co-
1775 3331 1822 3395 Ο

180 3426 386 3486 lumnsm
411 3431 465 3488 in
488 3432 796 3502 Scripturis
824 3434 1180 3505 appellari,et
1210 3436 1347 3491 nihil
1378 3438 1649 3494 interesse
1683 3440 1752 3495 de

178 3532 382 3591 corpore
413 3524 554 3596 quid
593 3524 828 3593 dicatur,
871 3543 938 3582 an
979 3527 1261 3593 membris,
1304 3546 1429 3586 cum
1460 3541 1514 3587 et
1543 3546 1745 3602 corpus

180 3610 422 3670 dividatur
474 3617 532 3671 ia
589 3619 870 3685 membra,
922 3629 978 3676 et
1025 3620 1272 3676 membra
1318 3622 1432 3677 sint
1475 3624 1747 3694 corporis.

182 3701 429 3762 Dederunt
466 3709 658 3780 itaque
699 3710 931 3777 Petrus,
971 3722 1027 3768 et
1071 3713 1345 3780 Iacobus,
1385 3727 1439 3770 et
1483 3715 1747 3783 Joannes,

180 3798 259 3868 qui
281 3801 603 3860 videbantur
629 3804 900 3862 columnae
923 3820 1066 3876 esse,
1091 3806 1312 3867 dextras
1335 3808 1506 3865 Paulo
1539 3821 1594 3866 et
1617 3811 1752 3866 Bar-

181 3891 334 3960 naba,
360 3898 678 3963 societatis;
707 3898 802 3953 sed
835 3898 962 3957 Tito
991 3901 1080 3971 qui
1111 3918 1234 3956 cum
1264 3917 1343 3958 eis
1365 3912 1503 3969 erat,
1529 3905 1752 3963 dextras

184 3997 277 4041 non
310 3987 600 4046 dederunt.
636 3990 878 4047 Necdum
917 3994 1121 4064 quippe
1158 3994 1228 4050 ad
1266 4010 1388 4051 eam
1430 4014 1749 4055 mensuram

182 4089 499 4148 pervenerat,
533 4093 596 4139 ut
624 4094 852 4154 possent
880 4083 989 4159 [ΑΙ.
1022 4086 1254 4160 possint]
1283 4089 1331 4144 ei
1359 4090 1561 4146 Christi
1604 4109 1752 4148 nier-

183 4168 389 4228 cimoaia
410 4190 480 4231 ex
512 4191 676 4247 aequo
705 4192 828 4233 cum
860 4178 1164 4249 majoribus
1200 4180 1379 4247 credi,
1412 4193 1467 4237 et
1494 4187 1750 4241 eumilcm

182 4267 207 4299 ι
228 4271 401 4322 tenere
439 4270 837 4338 negotiationis
873 4271 1052 4327 locum
1081 4288 1244 4344 quem
1276 4273 1558 4330 Barnabas
1600 4288 1755 4333 lette-

182 4354 280 4423 bat,
302 4370 354 4416 et
383 4360 613 4419 Paulus.

242 4451 409 4523 (Ἴθι-ε.
433 4455 555 4527 10.)
579 4454 810 4511 Tantum
838 4466 894 4511 ut
913 4475 1209 4531 pauperum
1230 4478 1482 4518 memores
1502 4480 1751 4534 essemus,

183 4544 301 4611 quod
338 4547 493 4603 etiam
538 4548 798 4604 sollicitus
841 4552 919 4617 fui
962 4553 1060 4606 hoc
1104 4554 1274 4622 ipsum
1323 4557 1517 4627 facere.
1568 4558 1751 4613 Sancti

184 4648 449 4709 pauperes,
492 4657 727 4713 quorum
767 4646 1048 4715 prmeipue
1087 4646 1158 4701 ab
1195 4649 1458 4718 apostolis
1498 4650 1666 4705 Paulo
1701 4661 1757 4706 ct

1861 2035 2275 2097 comparantur.
2325 2025 2594 2095 Quoniam
2647 2026 2813 2097 igitur
2856 2042 2963 2083 non
2998 2036 3162 2097 egent
3192 2026 3309 2080 sani
3345 2043 3463 2078 aw-

1861 2119 2006 2187 dico,
2039 2120 2136 2177 sed
2168 2120 2222 2175 bi
2248 2120 2342 2192 qui
2372 2120 2518 2176 male
2545 2119 2772 2188 habent,
2797 2132 3086 2193 propterea
3115 2133 3167 2178 et
3195 2123 3459 2191 apostolis

1860 2216 1914 2271 in
1946 2215 2298 2273 dexterarum
2337 2217 2837 2273 communicatione
2875 2217 3157 2281 convenit,
3199 2232 3268 2272 ne
3306 2231 3460 2285 sper—-

1861 2316 2058 2364 nereat
2108 2324 2400 2380 pauperes,
2455 2324 2525 2365 ne
2570 2309 2921 2380 despicerent
2973 2320 3320 2380 peccatores;
3359 2309 3455 2363 St‘t'

1859 2415 2077 2469 semper
2114 2401 2498 2456 meminissent
2524 2416 2746 2465 eorum.
2783 2402 2926 2460 sicut
2955 2402 3158 2458 Paulus
3188 2400 3457 2456 Corinthii

1861 2495 2007 2551 illius
2054 2496 2335 2564 meminit,
2385 2510 2551 2565 quem
2580 2511 2705 2551 cum
2737 2496 2791 2551 in
2824 2496 3009 2567 priore
3037 2495 3281 2565 Epistula
3327 2511 3459 2550 con-

1858 2589 2135 2645 tristasset
2183 2587 2253 2644 ad
2301 2598 2538 2659 tempus,
2577 2600 2634 2644 nt
2670 2604 2905 2658 corpore
2942 2604 3040 2660 per
3075 2588 3455 2658 penitentiam

1859 2681 2177 2749 laborante,
2229 2682 2424 2753 spiritu
2470 2683 2657 2738 salvus
2708 2682 2866 2739 ﬁeret
2917 2682 2974 2757 (l
3005 2681 3127 2738 Cor.
3156 2681 3340 2759 v):in
3369 2698 3460 2735 se-

1858 2773 2058 2841 cunda,
2089 2791 2159 2830 ne
2185 2775 2381 2845 majori
2412 2775 2634 2832 tristitia
2663 2776 3069 2840 absorberetur,
3117 2784 3339 2829 revocat
3388 2774 3455 2826 nil

1860 2868 2186 2925 Ecclesiam.
2218 2869 2474 2939 Petitque
2506 2879 2756 2942 cunctos,
2799 2882 2858 2926 ut
2884 2868 3213 2927 conﬁrment
3242 2870 3293 2923 in
3327 2886 3453 2923 cum

1857 2961 2208 3031 charitatem,
2253 2970 2310 3018 et
2355 2961 2565 3018 donent
2605 2961 2764 3017 fratri
2801 2962 2945 3019 sicut
2993 2963 3110 3032 ipse
3158 2961 3452 3029 unicuique

1856 3070 2045 3112 eorum
2085 3056 2140 3110 in
2178 3053 2319 3110 facie
2356 3052 2560 3110 Christi
2600 3055 2922 3124 donaverit,
2963 3055 3199 3126 impleas
3239 3066 3453 3124 pactum

1856 3149 2003 3222 quod
2027 3150 2386 3222 Jerosolymis
2423 3149 2650 3218 fecerat,
2692 3159 2752 3206 ut
2788 3165 3008 3220 semper
3043 3162 3337 3221 pauperum
3369 3162 3457 3203 rc-

1855 3247 2020 3303 corda
2029 3255 2197 3302 retur.

1927 3336 2112 3410 (Vers.
2165 3339 2226 3394 ﬂ
2278 3336 2423 3409 seq.)
2462 3335 2591 3392 Cum
2637 3348 2806 3394 autem
2832 3339 3052 3394 venisset
3078 3337 3265 3393 Petrus
3292 3336 3322 3377 δ
3351 3338 3459 3392 An-

1857 3429 2125 3496 tiochiam,
2144 3431 2198 3484 in
2226 3431 2413 3499 faciem
2435 3431 2481 3485 ei
2508 3430 2708 3485 restiti:
2730 3431 2855 3501 quia
2880 3430 3301 3501 reprehensibilis
3325 3442 3454 3485 erat.

1858 3520 2023 3578 Prius
2068 3521 2205 3576 enim
2249 3538 2407 3593 quam
2455 3522 2685 3577 uenirent
2726 3523 2944 3593 quidam
2990 3539 3023 3575 a
3069 3520 3291 3591 Iacobo,
3342 3539 3458 3577 cum

1856 3613 2090 3686 gentibus
2128 3612 2326 3668 edebat.
2367 3612 2494 3666 Cum
2533 3621 2705 3667 autem
2742 3613 3018 3680 venissent,
3047 3612 3377 3667 subtrahebat
3406 3622 3456 3666 et

1855 3707 2159 3782 segregabat
2189 3724 2243 3764 se
2273 3708 2459 3763 timens
2496 3724 2586 3762 eos
2623 3709 2715 3780 qui
2752 3723 2817 3762 ea:
2852 3707 3244 3762 circumcisione
3286 3717 3454 3773 erant,

1856 3809 1906 3857 et
1933 3801 2259 3855 simulationi
2287 3804 2405 3875 ejus
2432 3811 2825 3868 consenserunt,
2863 3809 2913 3855 et
2949 3800 3127 3856 caeteri
3154 3799 3332 3854 Iudici
3353 3801 3460 3854 :ita

1856 3903 1916 3948 ut
1953 3903 2001 3948 et
2038 3892 2309 3953 Barnabas
2352 3894 2631 3948 duceretur
2667 3894 2732 3947 ab
2769 3894 2844 3948 eis
2881 3894 2937 3947 in
2972 3892 3071 3948 illa
3106 3892 3455 3947 simulatione.

1857 3986 1943 4044 Ex
1978 4003 2047 4044 eo
2082 3988 2229 4058 quod
2259 3988 2455 4044 Petrus
2492 3997 2784 4057 antequam
2819 3984 3040 4055 quidam
3080 3983 3151 4040 de
3178 3983 3461 4055 Jerosuly-

1857 4082 1963 4139 niis
2013 4080 2365 4137 Antiochiam
2417 4081 2702 4150 venirent,
2754 4079 2953 4136 edebat
2998 4093 3124 4134 cum
3176 4075 3459 4147 gentibus,

1857 4174 2165 4235 ostenditur
2188 4190 2295 4230 non
2323 4189 2450 4231 eum
2474 4174 2703 4229 oblitum
2726 4172 2899 4228 fuisse
2920 4170 3179 4241 praecepti
3201 4189 3215 4225 :
3242 4169 3455 4225 nullum

1860 4268 2138 4324 hominem
2187 4281 2540 4323 communem
2596 4277 2653 4321 et
2702 4264 3043 4321 immundum
3089 4262 3311 4331 dicere;
3362 4260 3460 4317 scil

1857 4363 1983 4436 quia
2035 4373 2261 4433 propter
2310 4377 2438 4431 eos,
2479 4361 2570 4433 qui
2608 4358 2790 4416 adhuc
2817 4359 3021 4432 Legem
3053 4358 3456 4415 observandam

1857 4456 2157 4528 putabant,
2200 4454 2480 4525 paululum
2521 4470 2581 4510 se
2610 4471 2640 4510 a
2664 4454 2922 4510 convictu
2947 4452 3293 4509 subtraxerat
3330 4468 3462 4524 gen-

1859 4550 1993 4605 tium
2023 4549 2119 4620 (ita
2151 4558 2211 4603 ut
2239 4550 2404 4605 etiam
2430 4548 2620 4604 caeteri
2647 4547 2741 4619 qui
2772 4564 2841 4603 ex
2866 4546 3073 4602 Iudaeis
3098 4555 3279 4611 erant,
3309 4545 3463 4601 simi-

1860 4644 1989 4700 liter
2018 4642 2284 4706 l'acerent,
2331 4651 2386 4698 et
2415 4642 2693 4697 Barnabas
2720 4641 2815 4712 qui
2846 4657 2971 4696 cum
2999 4640 3172 4695 Paulo
3198 4640 3252 4695 in
3280 4640 3461 4710 genti-

185 4722 419 4787 Barnabte
465 4749 598 4788 cura
651 4736 967 4796 mandatur.
1016 4737 1069 4792 hi
1123 4748 1285 4806 sunt,
1322 4740 1416 4811 qui
1451 4757 1520 4798 ex
1547 4744 1752 4801 JUliil'is
1782 4734 1830 4793 D
1860 4736 1960 4791 hus
1992 4736 2347 4804 Evangelium
2381 4732 2738 4804 praedicabat,
2768 4733 2872 4789 hoc
2897 4730 3079 4787 facere
3110 4731 3460 4802 cogeretur),

184 4821 472 4893 credentes,
528 4832 704 4899 pretia
750 4834 1161 4899 posmssioaum
1206 4850 1426 4892 suarum
1466 4838 1532 4893 ad
1584 4841 1752 4909 pedes

185 4917 533 4983 apostolorum
599 4921 924 4978 deferebant
982 4926 1267 4996 egentibus
1313 4928 1625 5001 largienda,
1670 4933 1755 4988 vel

184 5008 294 5077 quia
343 5014 788 5082 contribuliims,
840 5019 1089 5087 cognatis
1145 5031 1201 5075 et
1245 5022 1562 5089 parentibus
1613 5025 1760 5091 suis,

186 5106 316 5172 quasi
340 5107 647 5165 desertores
685 5110 873 5181 Legis,
928 5123 985 5167 et
1023 5113 1080 5168 in
1121 5115 1439 5170 cruciﬁxum
1482 5115 1758 5174 hominem

189 5196 469 5268 laedentes,
493 5202 842 5259 dctestationi
868 5214 924 5260 et
949 5205 1167 5275 piaculo
1186 5206 1549 5264 ducebantur.
1570 5211 1626 5265 la
1657 5212 1759 5267 lio-

191 5300 295 5344 tum
340 5293 643 5351 ministerio
694 5306 923 5353 sanctus
969 5298 1253 5368 apostolus
1302 5299 1503 5355 Paulus
1550 5313 1760 5373 quanto

191 5379 354 5442 labore
398 5387 690 5456 sudaverit,
728 5390 984 5461 Epistolas
1030 5390 1152 5461 ejus
1202 5400 1368 5448 testes
1416 5402 1565 5461 sunt,
1623 5399 1761 5452 scri-

251 5588 680 5676 ‘§ubintellige,
729 5599 1123 5676 posset,_quod
1160 5600 1405 5676 _verbum
1454 5602 1757 5674 elegantius

192 5671 255 5745 ex
298 5658 497 5745 Latina
542 5658 741 5745 linguai
785 5658 1111 5745 ingenio__S.
1160 5670 1325 5727 Pater
1373 5688 1479 5728 non
1525 5658 1755 5744 r‘eiietit;

194 5734 533 5815 nfquidquam
561 5734 734 5815 enim,
769 5734 1298 5815 teneret,_Victorius
1328 5734 1635 5815 rescripsit,
1669 5734 1757 5803 cui

193 5792 410 5885 aliéqu'tti
440 5792 1207 5885 claudicaréLalitta'lncqu
1237 5792 1520 5881 ξίνόἒιξῖἰι
1542 5792 1635 5817 ---›
1671 5792 1717 5885 vi

198 5870 689 5961 ziilir'ltl‘ﬁude‘
719 5882 992 5961 νζῐεειοτίυε
1019 5900 1185 5961 iuver
1214 5870 1752 5961 metuisse-tissitin

197 5942 325 6013 Quod
354 5948 407 6005 in
426 5950 639 6025 Vulgata
668 5965 724 6011 et
750 5944 943 6011 Graeco
962 5999 975 6022 ,
1018 5942 1218 6028 Capita:
1233 5942 1756 6030 Titani}?.v.i§"E.‘};~‘;é

1826 5892 1981 5964 Angit
2011 5891 2355 5963 Martianagus
2384 5888 2974 5984 miapsbp‘peugl'u‘s‘k

1856 4828 1912 4883 hi
1939 4827 2032 4898 qui
2060 4826 2372 4883 Antiochia:
2396 4826 2750 4882 crediderant
2777 4840 2847 4882 ex
2882 4824 3137 4896 gentibus
3160 4870 3177 4895 ,
3218 4840 3321 4881 nec
3345 4825 3466 4880 inc-

1854 4932 1979 4979 rant
2022 4922 2378 4988 circumcisi,
2429 4921 2904 4992 compellabantur
2953 4920 3022 4976 ad
3079 4920 3241 4990 Legis
3293 4934 3465 4977 onera

1862 5016 2291 5072 transcendere:
2318 5031 2426 5072 non
2457 5016 2826 5088 intelligentes
2853 5015 3327 5085 dispensationem
3360 5015 3463 5070 Pe-

1862 5112 1958 5179 tri,
1986 5127 2092 5182 qua
2121 5110 2344 5168 Judmos
2369 5112 2569 5167 salvari
2598 5120 2859 5181 cuperet:
2888 5110 2985 5167 sed
3014 5119 3269 5180 putantes
3295 5109 3374 5165 ita
3404 5124 3464 5165 se

1866 5206 2144 5277 Evangelii
2198 5204 2405 5261 habere
2453 5205 2747 5262 rationem.
2801 5203 2937 5261 Cum
2997 5205 3182 5274 itaque
3236 5204 3465 5260 vidisset

1861 5301 2142 5373 apostolus
2170 5298 2375 5356 Paulus
2421 5299 2721 5371 periclitari
2768 5298 2998 5372 gratiam
3035 5297 3272 5365 Christi,
3322 5314 3463 5354 nova

1864 5397 2097 5454 bellator
2130 5407 2153 5435 ο
2180 5405 2339 5452 vetus
2376 5410 2511 5452 usus
2548 5404 2637 5452 est
2670 5403 2795 5452 arte
2822 5392 3125 5468 pugnandi,
3155 5401 3217 5449 ut
3243 5393 3463 5465 dispen-

1860 5604 2035 5670 bitur,
2077 5613 2138 5659 ut
2172 5603 2421 5659 eamdem
2471 5611 2655 5661 servet
2692 5601 3159 5659 nomenclaturam
3199 5612 3310 5658 tam
3348 5602 3462 5668 hic,

1860 5692 2024 5803 quam
2066 5676 2230 5745 paulo
2269 5676 2431 5742 infra,
2462 5675 2789 5760 llieronymi
2826 5673 3119 5729 lectionem
3158 5681 3354 5744 mutat,
3396 5690 3463 5759 ac

1906 5756 2029 5803 etro
2057 5747 2295 5803 Cenhani
2333 5750 2637 5803 substituit.

1906 5756 2029 5803 etro
2057 5747 2295 5816 Cepliam
2333 5748 2637 5803 substituit.
2683 5747 2688 5748 “
2756 5815 2767 5816 ί
2802 5815 2807 5816 ί
3418 5752 3427 5759 ’

1935 5832 1957 5895 ιξ
1988 5815 2367 5895 [inscribimus
2398 5830 2561 5895 vetus,
2589 5832 2715 5895 cum
2752 5815 3015 5895 Victorio,
3055 5833 3157 5892 pro
3195 5835 3302 5891 quo
3331 5818 3467 5895 reti-

3218 5962 3277 5975 ιηΔ
3314 5975 3320 5979 ,
3344 5965 3428 5981 ουκ.
