3978 6338
195 299 289 386 διε

705 301 1359 362 COMMENTARIORUM
1397 300 1464 360 IN
1501 301 1892 362 EPISTOLAM
1931 302 2025 360 AD
2063 300 2388 360 GALATAS
2427 300 2558 359 LIB.
2602 299 2644 358 I.
2682 299 2840 360 CAP.
2877 300 2946 360 ll.

3371 299 3483 361 542

195 419 372 476 dicunt
413 433 756 494 nequaquam
799 418 1021 484 Petrum
1060 434 1087 472 a
1120 418 1378 478 convictu
1422 401 1664 490 gentium
1713 433 1773 474 se
1801 423 1853 482 Α
1880 418 2133 473 omnibus.
2160 418 2313 474 Sicut
2341 417 2391 474 hi
2423 420 2693 489 quisattis
2737 421 3022 492 gressibus
3062 418 3374 477 claudicare
3413 437 3477 477 se

195 514 421 586 potuisse
450 511 805 577 subtrahere,
839 513 930 582 qui
957 520 1012 568 et
1039 513 1415 567 centurionem
1447 510 1772 567 Cornelium

195 609 497 681 baptizarat.
531 607 596 663 Et
622 625 746 664 cum
770 609 1114 664 ascendisset
1139 608 1534 680 Jerosolymam
1557 650 1572 674 ,
1599 607 1778 663 disce-

194 697 744 776 ptautibus'adversus
767 719 827 757 se
851 704 942 774 qui
974 715 1131 758 erant
1156 719 1218 758 ex
1245 701 1695 769 Circumcisione,
1725 711 1779 758 et

192 797 531 855 dicentibus:
563 795 738 866 Quare
779 799 1006 853 introisti
1035 799 1104 852 ad
1146 797 1280 851 viras
1323 801 1642 870 pra'putium
1680 797 1782 850 Ita-

193 877 370 962 bentes,
412 899 464 944 et
509 891 844 946 manducasti
888 908 1006 945 cum
1052 891 1158 945 illis
1212 891 1346 960 (Act.
1381 907 1456 959 χι,
1506 891 1607 961 3)?
1657 899 1780 962 post

191 983 550 1040 narrationem
586 983 840 1047 visionis,
889 985 982 1038 tali
1025 985 1440 1054 responsionem
1484 1000 1636 1038 suam
1671 984 1778 1040 ﬁne

191 1063 508 1132 concluserit
534 1094 548 1129 :
577 1076 638 1133 Si
664 1094 782 1148 ergo
811 1078 1044 1131 eamdem
1067 1079 1288 1149 gratiam
1313 1076 1454 1131 dedit
1486 1077 1590 1130 illis
1622 1077 1778 1144 Deus,

190 1170 307 1223 sicut
354 1177 401 1222 et
454 1169 606 1224 nobis
655 1171 742 1234 qui
791 1170 1107 1224 credidimus
1163 1170 1217 1224 in
1262 1168 1548 1223 Dominum
1600 1168 1779 1224 Iesum

191 1259 440 1317 Christum
468 1279 486 1318 :
508 1279 604 1335 ego
625 1263 740 1333 quis
767 1278 910 1317 eram
930 1264 1023 1335 qui
1047 1280 1245 1336 possent
1276 1263 1545 1335 prohibere.
1571 1262 1782 1317 Deum?

193 1353 376 1422 Quibus
406 1356 608 1409 auditis
634 1398 650 1422 ,
680 1364 950 1411 tacuerunt
977 1399 992 1423 ,
1024 1364 1072 1409 et
1102 1357 1526 1428 gloriﬁcaverunt
1568 1353 1734 1411 Deum
1764 1399 1778 1420 ,

192 1446 405 1503 dicentes
435 1465 456 1504 :
485 1465 609 1520 ergo
641 1457 689 1503 et
711 1437 947 1520 gentibus
977 1449 1112 1504 Deus
1142 1451 1496 1520 paenitentiam
1526 1451 1594 1504 ad
1622 1453 1780 1504 vitam

188 1540 349 1607 dedit;
375 1544 617 1596 maxime
649 1557 770 1596 cum
803 1541 976 1598 Lucas
1007 1543 1245 1612 scriptor
1275 1543 1540 1610 historia},
1575 1546 1777 1599 nullam

189 1633 335 1704 huius
355 1636 728 1694 dissensionis
761 1638 918 1693 faciat
951 1640 1325 1703 mentionem;
1362 1654 1464 1695 nec
1488 1641 1632 1694 dicat
1663 1657 1782 1694 ιιιιι-

187 1741 332 1800 quam
364 1729 596 1786 Petrum
629 1723 937 1788 Antiochia:
967 1731 1134 1787 fuisse
1177 1749 1301 1787 eum
1343 1733 1557 1801 Paulo,
1599 1742 1652 1786 et
1697 1732 1781 1788 lo-

1881 511 2181 578 simulant,
2213 527 2318 567 non
2354 512 2542 566 vitium
2593 512 2798 568 habent.
2845 515 2895 568 in
2953 514 3184 585 pedibus
3213 556 3226 580 ,
3270 513 3365 571 sed
3398 523 3486 569 est

1881 605 2060 677 aliqua
2105 621 2270 661 causa
2319 622 2422 661 cur
2458 607 2812 674 claudiecnt,
2846 609 2917 664 ita
2963 617 3018 664 et
3065 611 3255 665 Petrus
3301 613 3481 665 sciens

1881 697 2353 771 circumcisionem
2383 711 2438 756 et
2467 703 2789 775 prieputium
2818 702 2953 758 nihil
2983 719 3127 771 esse,
3159 704 3256 759 sed
3291 705 3481 758 obser-

1882 798 2158 852 vationem
2211 797 2590 852 mandatorum
2646 798 2786 866 Dei,
2836 799 3031 854 edebat
3083 799 3303 869 quidem
3355 807 3485 856 ante

1883 905 2005 944 cum
2036 891 2291 962 gentibus
2319 933 2333 956 ,
2366 890 2462 946 sed
2504 908 2606 964 pro
2658 902 2902 964 tempore
2947 893 3014 946 ab
3046 895 3126 948 eis
3155 910 3214 948 se
3236 936 3250 959 ,
3284 910 3352 948 ne
3382 895 3496 949 Ju-‘

1884 985 2033 1039 dil‘OS
2069 1000 2096 1038 a
2137 986 2242 1040 ﬁde
2267 986 2473 1041 Christi
2505 988 2800 1058 perderet,
2833 989 3212 1045 subtrahebat.
3244 989 3400 1046 Unde
3427 1001 3486 1046 et

1884 1079 2086 1134 Paulus
2117 1080 2306 1135 eadem
2334 1089 2452 1136 arte
2480 1097 2583 1151 qua
2616 1081 2707 1137 ille
2744 1083 3079 1152 simulabat,
3111 1086 3160 1139 ei
3195 1086 3399 1138 restitit
3430 1086 3486 1142 in

1884 1170 2100 1236 faciem,
2143 1181 2196 1226 et
2226 1171 2470 1243 loquitur
2504 1189 2688 1228 coram
2737 1175 3034 1242 omnibus;
3096 1191 3201 1231 non
3253 1185 3357 1231 tam
3419 1188 3478 1232 ιιι

1889 1274 1910 1302 ε
1937 1263 2154 1318 Petrum
2188 1277 2408 1338 arguat,
2439 1282 2600 1337 quam
2630 1277 2690 1322 ut
2721 1267 2772 1321 hi
2793 1310 2807 1332 ,
2839 1285 3066 1338 quorum
3098 1284 3258 1324 causa
3297 1271 3503 1338 Petrus:

1884 1355 2277 1430 simulaverat,
2325 1362 2696 1432 corrigantur.
2730 1363 2817 1417 vel
2851 1371 2906 1417 ut
2947 1364 3109 1418 etiam
3149 1362 3351 1418 Judzeis
3394 1343 3500 1418 su:

1885 1452 2068 1519 perbia
2100 1494 2112 1516 ,
2143 1454 2395 1523 gentibus
2423 1454 2740 1526 desperatio
2773 1457 3074 1512 tolleretur.
3110 1457 3262 1525 Quod
3313 1439 3366 1511 si
3394 1451 3502 1517 cui'

1885 1541 1911 1581 ἀ
1946 1545 2047 1599 iste
2079 1561 2184 1598 non
2215 1545 2394 1615 placet
2420 1563 2614 1602 sensus
2641 1589 2658 1612 ,
2693 1563 2800 1618 quo
2834 1564 2934 1604 nec
2962 1549 3153 1604 Petrus
3194 1530 3505 1632 βοροειςιὲη

1884 1653 1985 1692 nec
2016 1637 2215 1693 Paulus
2245 1641 2553 1709 procaciter
2579 1642 2888 1696 ostenditur
2915 1641 3161 1708 arguisse
3192 1637 3502 1710 maforem,‘

1885 1730 2049 1786 debet
2085 1747 2359 1800 exponere
2389 1748 2492 1806 qua
2521 1736 2912 1806 consequentia
2940 1734 3101 1808 411
3142 1737 3243 1792 huc
3279 1721 3501 1792 Paulus}

189 1836 294 1878 cum
321 1820 445 1878 dari
484 1823 791 1896 Porphyrio
821 1825 1257 1895 blasphemanti;
1291 1827 1332 1879 si
1369 1836 1549 1881 autem
1586 1826 1780 1883 Petrus
1814 1830 1857 1890 Β
1889 1824 1941 1878 ἰιι
1971 1823 2143 1879 altero
2175 1823 2562 1896 reprehendat,
2594 1826 2739 1898 quod
2773 1827 2892 1898 ipse
2929 1828 3232 1882 coinmisit.

190 1930 412 1982 errasse,
446 1926 541 1972 aut
575 1916 776 1990 Paulus
823 1920 1134 1988 procaciter
1163 1921 1534 1989 apostolorum
1581 1923 1782 1990 princi-

189 2024 296 2080 pem
338 2009 662 2067 conlutasse
708 2012 980 2068 credatur.
1029 2009 1237 2082 Quibus
1281 2014 1514 2082 primum
1556 2030 1784 2085 reSpon-

189 2101 439 2180 dendum,
475 2103 702 2159 alterius
752 2107 941 2160 nescio
980 2105 1136 2176 cujus
1181 2105 1383 2174 Cephae
1427 2109 1637 2164 nescire
1683 2125 1782 2163 nos

189 2209 371 2250 nomen
401 2239 417 2264 ,
457 2195 562 2249 nisi
609 2194 730 2265 ejus
759 2197 848 2266 qui
885 2204 939 2252 et
981 2198 1033 2252 in
1083 2198 1384 2270 Evangelia
1413 2242 1426 2265 ,
1470 2210 1526 2255 et
1569 2201 1620 2255 in
1664 2202 1784 2256 aliis

192 2287 330 2344 Pauli
360 2287 664 2358 Epistolis,
686 2289 812 2343 etin
840 2289 941 2343 hac
969 2306 1186 2362 quoque
1217 2291 1330 2361 ipsa
1365 2292 1529 2348 modo
1557 2292 1780 2367 Ceplias,

190 2385 340 2439 modo
377 2383 570 2438 Petrus
599 2426 613 2448 ,
645 2384 930 2439 scribitur.
979 2383 1096 2439 Non
1130 2386 1273 2454 quod
1313 2387 1466 2441 aliud
1517 2389 1790 2459 signiticet

193 2474 399 2543 Petrus,
429 2475 571 2530 aliud
603 2469 818 2546 Cephas
849 2493 860 2530 :
895 2475 990 2531 sed
1018 2477 1162 2548 quod
1198 2488 1222 2515 ιι
1253 2495 1415 2549 quam
1462 2495 1562 2535 nos
1599 2479 1788 2536 Latine

195 2577 243 2624 et
290 2569 485 2626 Graece
527 2578 729 2641 petram
770 2583 1070 2638 vocemus,
1119 2570 1260 2625 hanc
1309 2571 1521 2626 Πώνωί
1568 2582 1624 2627 et
1663 2573 1790 2645 Syri

197 2672 418 2735 propter
465 2663 662 2735 lingua:
702 2663 844 2719 inter
885 2680 944 2720 se
982 2666 1273 2734 viciniam,
1317 2664 1528 2739 Ceplum
1580 2683 1792 2722 nuncu-

202 2768 340 2828 pent.
403 2756 613 2813 Deinde
677 2766 846 2812 totum
891 2749 1283 2828 argumentum
1352 2761 1596 2831 epistolae
1649 2761 1793 2832 quod

201 2849 413 2920 oblique
443 2842 512 2905 de
557 2849 740 2919 Petro,
787 2850 992 2908 Jacobo
1017 2893 1032 2917 ,
1080 2862 1134 2907 et
1163 2853 1378 2909 Joanne
1404 2853 1626 2922 dicitur,
1662 2856 1789 2913 huic

201 2931 575 3014 intelligentia:
614 2959 936 3014 repugnare.
989 2941 1101 3000 Nec
1132 2945 1324 3000 tnirum
1357 2961 1479 3002 esse
1526 2946 1568 3002 si
1620 2947 1794 3004 Lucas

207 3036 338 3092 hanc
380 3052 495 3110 rem
544 3037 822 3104 tacuerit,
868 3049 990 3092 eum
1022 3046 1076 3091 et
1107 3037 1209 3092 alia
1254 3038 1420 3092 multa
1466 3055 1586 3109 qu:e
1631 3039 1796 3118 410

206 3129 398 3186 Paulus
458 3131 782 3185 sustinuisse
831 3145 891 3186 se
939 3131 1209 3201 replicat,
1261 3132 1686 3206 historiographi
1733 3137 1797 3190 li-

207 3215 375 3282 centia
424 3224 837 3293 praetermiserit

207 3318 340 3374 rium
361 3362 376 3385 ,
404 3313 453 3373 si
484 3319 625 3390 quod
651 3305 790 3373 alius
821 3303 891 3374 ob
923 3334 1144 3374 causam
1175 3320 1396 3392 dignum
1449 3322 1661 3392 putavit
1707 3340 1796 3379 re-

209 3413 344 3483 latu,
371 3414 512 3470 alius
540 3399 685 3469 inter
710 3424 911 3468 czetera
941 3413 1259 3484 dereliquit.
1290 3414 1533 3488 Denique
1563 3417 1797 3486 primum

212 3509 520 3580 episcopum
551 3507 910 3564 Antioelienze
948 3506 1202 3563 Ecclesia:
1241 3505 1464 3565 Petrum
1499 3511 1670 3566 fuisse
1707 3529 1801 3568 ac-

214 3601 464 3672 cepimus,
497 3610 553 3657 et
585 3597 820 3656 Romam
847 3600 1046 3656 exinde
1077 3601 1420 3668 translatum,
1455 3604 1597 3673 quod
1629 3605 1802 3662 Lucas

215 3693 419 3767 penitus
459 3694 661 3772 omisit.
699 3693 780 3750 Ad
822 3704 1124 3750 extremum
1170 3696 1214 3750 si
1251 3707 1474 3768 propter
1515 3698 1803 3772 Porphyrii

219 3775 598 3858 blasphemiam
623 3831 638 3855 ,
671 3787 814 3842 alius
843 3788 1001 3843 nobis
1030 3787 1316 3860 tingendus
1347 3800 1430 3844 est
1459 3787 1702 3866 Cephas,
1735 3808 1802 3848 ne

223 3878 403 3935 Petrus
431 3881 650 3950 putetur
680 3894 892 3935 errasse
916 3923 930 3943 ,
965 3880 1174 3934 inﬁnita
1206 3880 1273 3934 de
1311 3874 1610 3950 SCl’lplul'lS
1641 3892 1803 3938 erunt

225 3973 446 4029 radenda
474 3973 713 4041 divinis,
747 3989 867 4044 qua:
897 3957 1020 4042 ille,
1054 3967 1178 4045 quia
1226 3990 1331 4028 non
1367 3975 1616 4046 intelligit
1640 4022 1652 4046 ,
1694 3979 1804 4032 cri-

230 4061 470 4123 minatur.
500 4051 608 4124 Sed
648 4071 704 4122 et
744 4065 1034 4122 adversum
1069 4065 1448 4140 Porphyrium,
1495 4068 1545 4122 iu
1579 4069 1723 4137 alio,
1757 4073 1803 4126 si

231 4158 461 4218 Christus
483 4163 716 4234 jusserit
739 4203 756 4231 ,
789 4177 959 4234 opere
990 4147 1348 4234 pugnabimus
1379 4180 1392 4217 :
1425 4179 1568 4219 nunc
1597 4165 1806 4240 reliqua

234 4269 622 4326 prosequamur.

302 4347 468 4419 (Vers.
501 4330 616 4420 ill.)
667 4345 780 4403 Sed
804 4364 921 4401 cum
952 4347 1194 4401 vidissem
1222 4349 1358 4418 quod
1378 4365 1481 4404 non
1511 4360 1647 4403 recto
1677 4351 1806 4422 pede

239 4437 268 4479 ιδ
290 4439 519 4498 incedunt
543 4439 618 4495 ad
655 4443 922 4496 veritatem
954 4427 1267 4514 Evangelii,
1299 4441 1410 4496 dixi
1443 4441 1600 4498 Petro
1636 4427 1814 4499 coram

1967 1917 2029 1973 Si
2062 1929 2137 1983 tu,
2169 1935 2285 1971 cum
2327 1917 2549 1974 ludatus
2591 1921 2683 1988 sis,
2717 1921 2993 1992 gentiliter,
3030 1933 3075 1974 et
3120 1938 3223 1974 non
3263 1919 3488 1976 Iudaica

1890 2013 2014 2067 vivis
2040 2030 2056 2067 :
2081 2012 2341 2083 quomodo
2377 2024 2552 2088 gentes
2593 2015 2733 2086 cogis
2763 2015 3084 2085 juduizarc?
3118 2015 3492 2071 indissolubili

1891 2117 2214 2184 argumento
2245 2104 2574 2180 constringit
2609 2105 2862 2176 Petrum,
2893 2107 3058 2163 immo
3099 2123 3195 2177 per
3234 2107 3490 2177 Petrum,

1892 2215 1986 2255 eos
2017 2201 2108 2271 qui
2148 2201 2448 2274 pugnantia
2493 2201 2643 2256 illum
2678 2201 2821 2256 inter
2861 2217 2918 2257 se
2951 2201 3134 2258 facere
3175 2203 3442 2274 cogebant
3476 2221 3491 2258 :

1893 2295 1948 2352 Si
1972 2341 1986 2366 ,
2015 2295 2220 2367 inquit,
2254 2312 2286 2350 0
2314 2296 2474 2359 Petre
2501 2337 2514 2360 ,
2551 2304 2606 2348 tu
2653 2308 2845 2351 natura
2875 2296 3098 2352 Judaisus
3126 2313 3184 2351 es
3210 2340 3225 2364 ,
3260 2298 3495 2351 cireum-

1893 2390 2037 2445 cisus
2067 2406 2092 2441 a
2122 2403 2281 2460 parva
2309 2399 2500 2456 aetate,
2532 2399 2583 2443 et
2613 2390 2864 2445 universa
2895 2390 3051 2461 Legis
3095 2403 3360 2460 praecepta
3400 2381 3496 2446 cu-

1894 2480 2158 2550 stodiens,
2182 2497 2321 2534 nunc
2345 2480 2415 2535 ob
2437 2481 2663 2548 gratiam
2693 2481 2893 2534 Christi
2923 2482 3030 2534 scis
3057 2497 3116 2535 ea
3146 2481 3281 2535 nihil
3312 2499 3405 2549 per
3431 2475 3510 2536 sel

1897 2573 2096 2628 habere
2130 2572 2376 2626 utilitatis
2402 2614 2414 2637 ,
2449 2572 2542 2626 sed
2575 2571 2904 2640 exemplaria
2952 2588 3072 2627 esse
3123 2585 3176 2628 et
3225 2575 3491 2642 imagines

1898 2664 2222 2722 futurorum.
2256 2673 2311 2718 et
2341 2678 2460 2718 cum
2490 2662 2573 2716 his
2606 2661 2695 2733 qui
2734 2677 2800 2740 ex
2832 2663 3084 2734 gentibus
3113 2675 3274 2731 sunt,
3309 2665 3492 2718 cibum

1897 2761 2067 2836 capis,
2102 2774 2439 2830 nequaquam
2474 2767 2529 2811 ut
2573 2765 2701 2812 ante
2737 2759 3151 2826 superstitiose,
3183 2758 3275 2812 sed
3311 2760 3485 2814 libere

1898 2863 1951 2909 et
1982 2853 2356 2908 indill'erenter
2386 2851 2642 2907 victitans
2672 2869 2685 2905 :
2719 2851 2995 2921 quomodo
3025 2867 3124 2907 eos
3153 2854 3242 2923 qui
3271 2870 3332 2906 ex
3364 2868 3494 2920 geu-

1900 2948 2046 3003 tibus
2071 2947 2453 3011 credideruut,
2485 2960 2627 3000 nunc
2660 2944 2924 3000 recedens
2955 2944 3024 2999 ab
3051 2945 3128 2999 eis
3154 2987 3169 3012 ,
3201 2956 3250 3000 et
3286 2947 3438 3014 quasi
3469 2961 3499 2999 a

1900 3041 2288 3094 contaminatis
2337 3051 2388 3094 te
2429 3053 2692 3108 separatis
2735 3047 2790 3093 et
2833 3023 3169 3105 secernens,
3213 3040 3500 3110 compellis

1895 3135 2222 3206 judaizare?
2252 3134 2308 3190 Si
2341 3135 2485 3187 enim
2517 3131 2779 3188 immundi
2822 3140 2950 3200 sunt
2977 3148 3006 3187 a
3038 3133 3234 3200 quibus
3262 3132 3496 3197 recedis,

885 3239 900 3278 :
941 3235 993 3278 et
1041 3213 1147 3279 non
1177 3226 1362 3282 statim
1407 3243 1530 3283 esse
1573 3239 1793 3283 contra-
1825 3236 1871 3301 α
1903 3226 2107 3282 ideirco
2133 3238 2311 3281 autem
2347 3223 2580 3290 recedis,
2611 3225 2736 3294 quia
2765 3241 2872 3279 non
2901 3224 3106 3284 habent
3133 3225 3503 3280 circumcisio-

1903 3338 2050 3387 nem,
2081 3321 2363 3391 eompcllis
2390 3334 2484 3374 eos
2514 3319 2834 3374 circumcidi
2860 3327 2914 3374 et
2941 3319 3160 3374 Judzeos
3190 3320 3303 3374 tieri
3341 3339 3351 3373 :
3379 3336 3504 3374 cum

1907 3427 1962 3472 tu
2013 3417 2130 3486 ipse
2163 3425 2321 3488 natus
2352 3414 2603 3479 Judzeus,
2643 3414 2923 3485 gentiliter
2954 3414 3178 3471 vixeris.
3217 3415 3282 3470 Et
3316 3416 3506 3470 lauan-

1907 3522 1988 3566 tcr
2014 3509 2258 3566 ostendit
2299 3523 2520 3566 causam
2557 3525 2727 3579 quare
2769 3509 3059 3580 adversum
3106 3525 3229 3564 eum
3261 3510 3508 3580 disputa-

1906 3608 2047 3663 verit
2076 3624 2087 3660 :
2112 3606 2240 3676 quia
2267 3607 2479 3660 scilicet
2504 3614 2696 3675 gentes
2725 3604 3072 3678 simulatione
3104 3620 3196 3658 sua
3226 3587 3509 3674 judaizare

1908 3701 2286 3770 compelleret,
2323 3708 2346 3736 ε
2371 3699 2499 3753 dum
2530 3713 2653 3753 cum
2683 3699 2915 3766 cupiunt
2945 3699 3211 3753 aemulari.

1985 3793 2167 3867 (Vers.
2201 3791 2314 3862 15.)
2344 3790 2454 3847 Nos
2504 3800 2690 3845 natura
2716 3788 2911 3856 Judwi,
2951 3799 2998 3842 et
3043 3808 3145 3844 non
3173 3807 3238 3846 ea:
3267 3792 3504 3863 gentibus

1912 3896 2225 3959 peccatores.
2260 3884 2580 3955 Subrepunt
2622 3883 2724 3939 hoc
2753 3885 2875 3938 loco
2907 3883 3163 3938 Haeretici
3194 3928 3207 3952 ,
3250 3886 3340 3954 qui
3381 3886 3516 3939 ridi-

1910 3982 2032 4036 cula
2061 3959 2311 4052 quaedam
2348 3987 2404 4033 et
2434 3978 2613 4047 inepta
2649 3977 2947 4048 tingentes,
2983 3978 3164 4040 aiunt.
3201 3992 3300 4030 nec
3344 3978 3517 4056 spiri:

1913 4049 2115 4130 tualetn
2164 4087 2390 4142 peccare
2439 4086 2599 4142 posse
2632 4081 2880 4125 naturam
2915 4089 2926 4125 :
2962 4085 3062 4126 nec
3107 4070 3254 4140 juste
3299 4049 3518 4147 aliguid

1914 4169 2094 4234 facere
2128 4176 2423 4222 terrenam.
2459 4166 2605 4233 Quos
2637 4164 3034 4234 interrogemus
3064 4177 3232 4233 quare
3258 4161 3326 4244 de
3372 4147 3515 4240 bona

1911 4260 2054 4316 oliva
2087 4259 2221 4313 rami
2247 4257 2408 4322 fracti
2438 4264 2596 4321 stitit,
2616 4265 2668 4310 et
2693 4271 2791 4310 cur
2815 4256 2884 4311 de
2911 4256 3152 4312 oleastro
3179 4256 3234 4309 in
3266 4255 3518 4312 radicem

1916 4353 2071 4408 bona:
2098 4351 2251 4404 oliva:
2278 4347 2471 4403 inserti
2497 4348 2626 4417 sint,
2660 4349 2704 4401 si
2733 4363 2834 4403 nec
2861 4347 2928 4404 de
2957 4349 3099 4404 bono
3127 4348 3327 4406 cadere
3356 4351 3516 4420 quid-

1913 4431 2077 4519 quam
2125 4451 2341 4515 potest,
2385 4455 2485 4497 nec
2515 4439 2584 4496 de
2628 4440 2773 4496 malo
2805 4443 3063 4514 surgere?
3093 4442 3204 4499 Aut
3243 4443 3518 4513 quomodo

249 4659 428 4721 eertum
466 4663 584 4721 est,
628 4650 856 4721 Latinos
895 4627 1189 4720 plerosque
1228 4665 1419 4706 omnes
1461 4651 1798 4721 Scriptores,
1824 4654 1880 4714 D
1904 4652 2158 4710 solidum.
2221 4691 2224 4694 -

249 4713 1000 4791 Cyprianum,“Tertullianhm,
1019 4721 1283 4776 llilarium
1317 4713 1607 4778 Diacontnn
1624 4767 1642 4789 ,
1664 4713 1797 4780 Grc;

251 4794 432 4864 gorium
474 4795 542 4849 Μ.
572 4795 864 4861 Ἡιοιιιειιιι,
906 4807 970 4847 ac
1008 4795 1296 4860 sequiores
1338 4809 1532 4864 magno
1573 4811 1800 4850 numero

254 4863 546 4936 interpretes
581 4869 595 4926 ί
604 4881 671 4921 ne
703 4865 826 4935 ipsa
853 4868 1072 4934 quidem
1098 4876 1326 4933 extmplo
1354 4863 1674 4932 Auenstino,
1709 4870 1802 4932 qui

252 4948 416 5006 contra
459 4940 745 5010 probatam
796 4937 1561 5010 Hieronymosimulationem
1591 4940 1800 5010 sensit)

253 5015 336 5080 pro
377 5003 477 5064 uno
529 5009 834 5080 eodemque
864 5003 1080 5064 Petrum
1128 5005 1480 5079 Cephaloque
1526 5003 1805 5077 habuisse,

257 5083 580 5152 rioStrumque
612 5081 997 5152 Hieronymum
1049 5080 1214 5134 etiam
1267 5095 1386 5134 eum
1438 5082 1609 5136 multo
1661 5094 1806 5152 post,

255 5163 308 5204 ac
349 5150 603 5208 lcresub
645 5153 772 5207 vita:
810 5150 997 5219 tinem,
1027 5154 1294 5206 adversus
1323 5153 1646 5221 Pelagianos
1677 5150 1813 5208 seri-'-

186 5231 196 5242 ‘
259 5221 407 5286 heret,
452 5225 705 5280 eamdem
756 5225 1000 5279 tenuisse
1031 5225 1381 5288 sententiam,
1431 5242 1556 5279 vere
1588 5226 1811 5281 Petrum

261 5301 368 5353 tunc
399 5311 641 5362 errasse,
673 5297 834 5365 eique
859 5296 982 5361 jure
1019 5299 1178 5365 plane
1209 5299 1403 5351 merito
1433 5297 1661 5354 Paulum
1684 5312 1809 5350 sur-

257 5367 512 5424 censuisse
550 5385 566 5422 :
607 5369 764 5436 Quis,
812 5369 914 5428 ait,
961 5367 1336 5440 indignabitur,
1364 5369 1419 5440 id
1443 5369 1542 5422 sibi
1568 5369 1816 5440 denegari

260 5440 631 5511 quodiprinceps
659 5440 1016 5507 apostolorum
1047 5456 1149 5511 non
1180 5439 1399 5495 habuit?

322 5518 343 5546 "
372 5510 589 5566 Palatini.
626 5529 729 5563 ms.
768 5528 918 5577 queat
960 5528 1051 5563 nos
1087 5510 1270 5564 Latine
1300 5522 1349 5564 et
1387 5511 1566 5566 Gra’ce
1611 5511 1828 5568 Petrum

263 5594 489 5647 secernas,
513 5585 647 5636 [tunc
684 5581 890 5638 Μαι)νηύ
917 5627 930 5639 .
970 5592 1074 5635 etc.
1124 5584 1213 5636 list
1253 5600 1383 5636 vero
1411 5585 1621 5651 Cephas
1653 5593 1820 5648 N593,

266 5664 291 5702 2
322 5659 405 5712 D‘:
440 5659 623 5708 radice
650 5698 662 5715 .
709 5659 850 5707 It!th
891 5662 1030 5715 D‘D:
1072 5653 1304 5722 plurium
1353 5673 1577 5710 intinero
1620 5657 1824 5711 Jeresn.

266 5735 330 5796 lg.
355 5726 448 5791 iii,
476 5735 530 5781 et
569 5727 669 5784 Job
711 5742 820 5780 xxx
844 5768 858 5783 .
891 5731 924 5778 ti
948 5767 962 5788 ,
1010 5734 1164 5795 μείνω
1208 5727 1572 5796 appellantur.
1623 5729 1825 5794 ltesip-t

270 5776 517 5868 lilasmits,
551 5776 641 5868 qui
676 5799 719 5852 ll
745 5776 1066 5868 eronyniuin
1109 5776 1306 5866 nrgai'e
1336 5801 1446 5862 ait,
1477 5797 1690 5867 Ct'plttls
1725 5776 1832 5855 lle-

267 5861 644 5927 braicutn‘es'se
688 5861 933 5937 norneu',
990 5868 1082 5926 sed
1138 5861 1371 5941 Situm,
1425 5861 1480 5928 ct
1525 5861 1832 5943 siguiliCare

1980 4724 2005 4762 ι)
2038 4724 2312 4780 Rescribit
2337 4723 2651 4796 Victorius,
2688 4723 2985 4796 incederent
3008 4765 3020 4786 ,
3054 4733 3110 4778 ut
3152 4725 3203 4778 in
3242 4723 3469 4796 Vulgata
3501 4741 3517 4780 :

1909 4797 2302 4875 contenditquc
2346 4795 2524 4875 minus
2563 4806 2712 4875 recte
2757 4795 2808 4849 in
2851 4794 3045 4875 firmet)
3093 4796 3280 4875 haberi
3310 4840 3323 4857 ,
3353 4794 3520 4875 spec.

1907 4867 2169 4942 ποδοῦσις
2223 4882 2320 4939 pro
2369 4867 2732 4942 ὀρθοποδῶσιέ
2777 4868 2931 4942 quin_
2965 4868 3128 4922 etiam
3186 4867 3516 4942 impressam

1910 4940 2206 4997 lectionem
2256 4953 2358 4996 nec
2398 4939 2678 5006 Sensum,
2729 4954 2838 4995 nec
2893 4939 3299 4996 Grammaticas
3360 4941 3522 5003 sequi

1911 5013 2181 5082 regulam.

1991 5080 2011 5120 έ
2049 5083 2196 5137 llaud
2231 5083 2348 5137 srio
2378 5100 2504 5139 num
2533 5081 2737 5139 rectius
2767 5084 2820 5136 in
2852 5097 2962 5135 uno
2989 5080 3226 5137 Palatio.
3263 5098 3366 5134 ms.
3407 5098 3514 5134 non

1918 5164 2020 5208 tam
2067 5163 2118 5208 nt
2161 5155 2377 5218 Petrus,
2421 5171 2578 5224 quam
2615 5163 2672 5208 ut
2711 5154 2767 5207 Iti
2795 5197 2808 5216 ,
2851 5170 3071 5225 quorum
3116 5170 3278 5207 causa
3326 5151 3528 5205 Petrus

1915 5227 2284 5293 simulaverat,
2315 5230 2671 5297 corrigantur,
2715 5225 2946 5297 reliquis
2974 5267 2986 5282 .
3032 5241 3152 5293 qua:
3199 5225 3283 5297 hic
3327 5225 3526 5297 subse-

1918 5307 2162 5368 quuntur
2193 5299 2376 5354 verbis
2400 5341 2414 5361 ,
2442 5294 2522 5352 εἰει
2557 5308 2611 5350 ut
2639 5300 2796 5352 etiam
2821 5296 3030 5368 Iudaeis
3067 5295 3313 5368 superbia
3335 5338 3350 5354 ,
3383 5294 3525 5368 Gen.-

1920 5367 2056 5423 tibus
2080 5372 2378 5440 desperatio
2405 5371 2694 5432 tolleretur,
2730 5367 3138 5437 prmtermissis,
3183 5383 3304 5436 qua:
3336 5378 3392 5421 ct
3427 5367 3526 5422 Vt-

1929 5443 2154 5507 ctorius,
2177 5451 2250 5496 ,ει
2281 5452 2436 5497 vetns
2463 5442 2636 5496 editio
2669 5443 2902 5504 ignorat.

1999 5512 2022 5550 ά
2057 5513 2326 5569 Nimirum
2374 5515 2433 5570 S.
2464 5529 2587 5567 cum
2618 5513 2812 5581 primis
2839 5511 3176 5579 Augustinus
3198 5553 3214 5576 ,
3257 5509 3354 5576 qui
3382 5511 3534 5563 dalis

1927 5586 1994 5640 ad
2045 5586 2432 5657 Hieronymum
2480 5585 2736 5657 epistolis
2765 5586 2815 5636 in
2851 5595 3033 5657 nostra
3089 5583 3414 5638 recensione
3460 5583 3534 5638 EG

1929 5669 1983 5712 et
2009 5659 2076 5711 57
2107 5655 2298 5711 contra
2331 5656 2471 5711 hanc
2500 5656 2833 5710 sententiam
2868 5655 3148 5707 velitatur.

2006 5742 2028 5764 υ
2069 5730 2275 5782 Vitiosa
2321 5740 2468 5791 erat,
2503 5727 2628 5779 dum
2673 5727 2830 5778 enim.
2879 5725 3199 5795 llujustnutli
3246 5723 3536 5783 ttttttllt‘Sla

1934 5801 2131 5858 tuenda
2157 5801 2356 5872 sa-pius
2389 5799 2532 5855 taciti
2565 5807 2926 5868 cast=gatuus.
