3978 6338
430 346 542 406 343

1663 331 1722 389 S.
1766 330 2041 389 EUSEBII
2079 329 2462 391 HIEROVYMI

3623 338 3728 396 διι

432 461 523 518 vel
554 461 756 517 Paulus
787 466 1107 531 persecutus
1139 454 1209 512 sit
1239 461 1366 509 ante
1398 450 1722 517 Ecclesiam,
1764 449 1809 503 si
1841 447 1908 504 de
1934 463 2032 502 na-
2059 451 2110 512 Α
2141 449 2274 504 riam
2299 448 2499 507 Clitiin
2523 448 2681 523 (Isai.
2714 452 2814 527 v1),
2846 463 2905 511 ut
2936 454 3178 513 Joannes
3207 457 3547 530 evangelista
3577 474 3731 514 com-

435 564 556 611 tura
601 552 874 625 Spirituali
908 550 1007 607 luit
1050 566 1064 601 :
1108 556 1201 602 aut
1232 555 1419 616 postea
1462 542 1760 615 Apostolus
1811 541 2022 605 factus,

352 708 355 711 λ
432 649 483 704 si
512 647 582 705 de
610 656 825 703 terrena
861 645 994 700 hcce
1023 650 1317 709 generatus
1347 647 1453 695 est.
1478 637 1635 706 Quod
1666 636 1712 692 si
1746 644 2025 690 terrenum

434 755 564 798 eum
586 754 694 795 non
725 740 891 793 luisse
915 732 1323 795 contenderim,
1343 731 1513 801 ipsius
1537 729 1697 785 verba
1723 742 2026 798 ponamus:

434 830 667 887 Eramus
693 829 791 900 ﬁlii
818 839 1007 883 natura
1034 828 1147 894 ine,
1172 826 1307 880 sicut
1332 833 1380 878 et
1404 823 1576 879 ueteri
1599 819 1823 895 (Ephes.
1851 836 1910 884 tt,
1943 820 2024 889 ὅ).

432 922 641 980 Natura
668 923 894 979 Judaeus
924 928 1009 976 est
1034 919 1126 991 qui
1158 918 1225 974 de
1273 932 1475 989 genere
1513 924 1599 972 est
1625 914 1900 971 Abraham
1927 954 1943 979 ,
1973 922 2029 967 et

428 1035 462 1075 a
489 1017 815 1091 parentibus
842 1017 930 1071 die
961 1025 1162 1070 octavo
1190 1010 1551 1069 circumcisus
1576 1017 1681 1065 est.
1715 1017 1741 1045 ι
1771 1006 1889 1063 Non
1931 1021 2030 1061 na-

431 1121 557 1168 tura
585 1111 807 1168 Judaeus
828 1151 843 1177 ,
864 1108 962 1180 qui
994 1119 1182 1179 postea
1219 1116 1302 1162 est
1330 1105 1504 1160 factus
1536 1118 1604 1159 ex
1642 1100 1916 1174 gentibus.
1960 1098 2031 1155 Ut

429 1216 620 1263 autem
663 1213 837 1262 totum
867 1213 1249 1275 argumentum
1284 1198 1435 1255 brevi
1479 1211 1736 1253 sermone
1776 1209 2029 1265 compre-

429 1296 672 1355 hendam
694 1337 709 1364 ,
739 1309 938 1351 sensus
980 1303 1065 1349 est
1106 1293 1212 1349 iste
1237 1290 1331 1363 qui
1362 1288 1566 1346 texitur
1599 1304 1613 1341 :
1644 1286 1758 1343 Nos
1781 1328 1797 1353 ,
1829 1286 1881 1341 id
1909 1294 2027 1353 est,

430 1405 535 1462 ego
568 1401 624 1447 et
651 1400 743 1458 tu,
779 1389 934 1444 Petre
963 1387 1210 1461 (miscuit
1246 1383 1394 1439 enim
1424 1396 1715 1454 personam
1746 1396 1924 1450 suam,
1961 1397 2028 1434 ne

426 1484 510 1542 illi
538 1484 720 1541 facere
748 1482 1037 1539 videretur
1060 1478 1223 1553 412
1262 1477 1565 1549 injuriam),
1596 1492 1721 1532 cum
1748 1491 2027 1540 essemus,

426 1572 647 1649 inquit,
690 1585 886 1631 natura
916 1573 1092 1630 Judaei
1117 1615 1132 1638 ,
1173 1588 1237 1627 ea
1267 1570 1540 1626 facientes
1571 1585 1691 1641 qua:
1729 1569 1848 1642 lege
1890 1584 2032 1640 prm-

431 1667 596 1743 cepta
627 1679 796 1734 sunt,
823 1677 881 1724 et
910 1683 1017 1723 non
1049 1683 1119 1723 ex
1146 1664 1403 1737 gentibus
1432 1672 1751 1734 peccatores
1774 1705 1791 1732 ,
1818 1665 1911 1734 qui
1939 1663 2027 1719 vel

425 1761 785 1835 generaliter,
818 1761 945 1832 quia
980 1759 1143 1814 idolis
1185 1758 1470 1821 serviunt,
1508 1764 1823 1826 peccatores
1857 1763 1984 1810 sunt
2007 1799 2022 1823 ,

2131 551 2434 608 memorat,
2473 554 2529 598 et
2556 546 2583 601 ,Ι
2596 546 2729 601 udas
2757 546 2827 601 de
2869 548 3123 605 omnibus
3164 550 3549 619 generaliter:
3579 550 3733 606 Com-

2130 652 2359 702 monere,
2384 637 2580 709 inquit,
2605 657 2690 694 vos
2719 641 2857 712 volo,
2885 640 3049 716 413
3079 645 3293 701 scientes
3318 647 3478 701 semel
3502 648 3691 701 omnia
3714 661 3730 702 :

2129 736 2377 806 quoniam
2419 734 2576 791 Iesus
2617 741 2868 813 pupulum
2916 742 2981 797 de
3024 751 3165 799 terra
3208 744 3433 820 zEgypu
3480 746 3736 829 salvam;

2131 829 2360 884 secundo
2403 848 2489 886 eos
2530 833 2618 903 qui
2647 852 2753 890 non
2794 836 3161 903 crediderunt,
3192 840 3423 910 perdidit
3462 839 3618 914 (Iud.
3649 840 3733 915 v).

2134 920 2291 978 Unde
2321 939 2427 980 non
2462 936 2569 982 tam
2601 928 2762 1002 Legis
2793 946 2957 1001 opera
2984 931 3336 1003 damnantur,
3368 952 3531 1008 quam
3563 937 3618 994 hi
3643 938 3738 1009 qui

2134 1025 2342 1072 tantum
2374 1035 2440 1075 ex
2470 1021 2729 1091 operibus
2763 1023 3057 1094 justiticari
3087 1042 3150 1083 se
3198 1043 3361 1099 posse
3402 1030 3698 1086 conﬁdunt
3722 1074 3737 1099 ,

2133 1107 2421 1167 Salvatore
2451 1128 2668 1185 quoque
2704 1116 2771 1172 ad
2811 1116 3112 1189 discipulos
3155 1121 3449 1193 loquente,
3479 1123 3607 1179 Nisi
3646 1141 3742 1179 su-

2134 1204 2568 1272 perabundaverit
2600 1210 2813 1279 justitia
2841 1224 3015 1269 vestra
3063 1212 3183 1286 plus
3221 1233 3381 1287 quam
3422 1218 3741 1293 Scribarum

2130 1307 2181 1351 et
2213 1296 2601 1356 Pharisaeorum
2626 1344 2641 1368 ,
2687 1321 2791 1359 non
2838 1307 3101 1363 intrabitis
3137 1309 3193 1364 in
3230 1327 3451 1385 regnum
3481 1312 3741 1367 caelorum

2136 1388 2360 1481 (Matth.
2387 1408 2442 1460 v,
2473 1395 2594 1466 20).
2624 1393 3077 1468 Congregandttm
3106 1401 3213 1475 [ΑΙ.
3247 1403 3744 1481 considerandum)

2134 1479 2239 1536 hoc
2264 1482 2319 1537 in
2349 1483 2471 1539 loco
2495 1498 2697 1551 quanta
2737 1488 2789 1543 in
2831 1488 2980 1561 Lege
3007 1503 3278 1564 praecepta
3305 1494 3452 1562 sint,
3483 1479 3608 1563 qua:
3641 1512 3748 1552 ex-

2135 1574 2289 1644 plere
2330 1576 2517 1632 nullus
2545 1591 2728 1649 queat.
2778 1582 2840 1635 Et
2870 1586 3190 1641 econtrario
3216 1586 3507 1643 dicendum
3528 1629 3546 1655 ,
3580 1606 3763 1660 quaem

2132 1667 2256 1722 dam
2291 1669 2452 1741 Legis
2479 1673 2642 1728 etiam
2664 1674 2732 1728 ab
2765 1677 2849 1730 his
2879 1675 2999 1732 ﬁeri
3024 1679 3113 1749 qui
3146 1679 3399 1750 ignorent
3434 1698 3577 1739 eam.
3625 1684 3746 1739 Sed

2134 1762 2260 1819 ideo
2289 1779 2393 1821 non
2414 1765 2699 1835 justiﬁcari
2723 1780 3042 1839 operatores
3068 1773 3213 1842 ejus,
3236 1775 3365 1845 quia
3384 1776 3597 1847 absque
3626 1779 3749 1833 ﬁde

426 1854 515 1929 vel
546 1869 688 1926 quos
718 1867 863 1909 nunc
910 1863 1167 1924 putamus
1217 1848 1529 1904 immundos
1554 1890 1570 1913 ,
1615 1849 1853 1903 scientes
1878 1848 2022 1917 quod
2057 1851 2104 1911 Β
2131 1854 2335 1911 Christi
2366 1858 2496 1912 tiam
2529 1878 2542 1913 :
2578 1861 2727 1916 verbi
2774 1865 2976 1932 gratia,
3016 1880 3120 1921 non
3159 1868 3403 1924 dormire
3448 1885 3573 1927 cum
3613 1872 3747 1927 viro

424 1964 538 2006 non
567 1946 840 2019 possimus
867 1961 931 2000 ex
960 1944 1123 2015 Legis
1153 1959 1341 2014 opere,
1377 1941 1471 1998 sed
1499 1958 1563 1997 ex
1592 1940 1796 1997 Christi
1828 1943 2022 1996 salvari

424 2041 567 2108 ﬁde,
617 2038 957 2096 credidimus
1004 2037 1058 2094 in
1103 2036 1413 2100 Christum,
1449 2045 1507 2090 ut
1532 2034 1676 2105 quod
1711 2036 1824 2090 Lex
1868 2036 2026 2090 nobis

424 2146 539 2190 non
569 2130 823 2197 dederat,
866 2127 1003 2184 ﬁdes
1034 2129 1300 2183 tribueret
1324 2141 1489 2198 quam
1541 2125 1876 2182 habebamus
1913 2126 2021 2201 [ΑΙ.

426 2220 720 2295 habemus]
769 2222 823 2277 in
869 2220 1110 2277 Christo.
1153 2220 1308 2289 Quod
1341 2219 1387 2274 si
1421 2219 1738 2275 recedentes
1766 2235 1797 2275 a
1834 2220 1981 2291 Lege
2008 2266 2021 2289 ,

426 2318 484 2374 in
502 2333 607 2388 qua
621 2316 820 2372 salvari
838 2330 945 2370 non
966 2314 1266 2386 potuimus,
1288 2315 1723 2369 transcendimus
1742 2312 1809 2368 ad
1836 2312 2021 2376 tidem,

421 2409 480 2467 in
512 2424 619 2481 qua
652 2423 760 2464 non
792 2407 979 2463 carnis
1007 2409 1272 2477 quaeritur
1296 2405 1650 2461 circumcisio
1671 2447 1686 2470 ,
1716 2406 1813 2461 sed
1842 2405 2024 2461 cordis

423 2503 553 2574 puri
582 2501 852 2558 devotio:
892 2510 949 2555 et
991 2515 1135 2555 nunc
1182 2515 1211 2553 a
1257 2499 1520 2572 gentibus
1562 2498 1871 2554 recedendo
1921 2498 2025 2553 hoc

424 2595 683 2667 agimus,
730 2601 791 2647 ut
818 2592 1153 2663 quicumque
1202 2607 1310 2645 non
1364 2591 1436 2645 sit
1476 2591 1876 2659 circumcisus,
1925 2591 2026 2645 itu-

425 2685 665 2742 mundus
712 2685 785 2740 sit
819 2701 833 2738 :
864 2699 997 2755 ergo
1049 2684 1183 2738 tides
1222 2681 1275 2737 in
1317 2681 1596 2738 Christum
1622 2724 1635 2747 ,
1683 2683 1735 2736 in
1776 2700 1879 2753 qua
1923 2697 2023 2738 nos

421 2778 756 2851 putabamus
792 2785 921 2832 ante
966 2776 1209 2841 salvari,
1250 2776 1422 2846 magis
1470 2777 1674 2843 pet-cati
1726 2789 1810 2830 est
1865 2777 2022 2830 inini-

423 2882 558 2942 ιιι-ε,
602 2887 764 2944 quam
808 2870 1040 2943 ⁸ἱιιειὶιίειιι
1066 2912 1081 2935 ,
1112 2884 1237 2940 qua:
1280 2867 1462 2923 aufert
1504 2868 1977 2924 t'il’CUlllCiSlonem
2004 2909 2020 2936 ,

432 2981 593 3039 quam
620 2965 714 3038 qui
742 2980 847 3020 non
878 2963 1174 3031 habuerit,
1206 2964 1516 3017 immundus
1546 2973 1651 3017 est.
1697 2961 1806 3018 Sed
1834 2964 1975 3016 ahsit
2002 3007 2016 3029 ,

423 3070 485 3115 ut
505 3058 649 3131 quod
679 3057 852 3113 semel
880 3057 1152 3122 destruxi,
1178 3067 1233 3111 et
1256 3057 1387 3110 scivi
1421 3055 1550 3109 mihi
1583 3073 1689 3110 non
1720 3057 2017 3127 profuisse,

2132 1950 2524 2010 dormitatione
2552 1957 2799 2011 mulieris
2824 1999 2840 2022 ,
2868 1974 2978 2014 non
3009 1961 3332 2031 adulterari,
3367 1979 3474 2021 n0n
3507 1982 3741 2036 rapere,

2129 2042 2226 2098 sed
2259 2046 2431 2115 magis
2464 2048 2741 2105 honorare
2789 2059 3001 2120 patrem
3031 2064 3086 2109 et
3116 2066 3383 2127 matrem,
3419 2070 3475 2115 et
3495 2069 3705 2117 cmtera
3725 2103 3743 2127 ,

2128 2150 2251 2206 qua!
2276 2135 2546 2208 imperata
2576 2148 2737 2207 sunt,
2768 2141 2973 2203 lacere.
3004 2144 3157 2215 Quod
3189 2148 3235 2203 si
3266 2150 3336 2206 de
3364 2154 3571 2208 sanctis
3600 2154 3747 2211 viris

2132 2226 2291 2282 nobis
2321 2230 2576 2300 exempla
2623 2234 2952 2303 protulerint
2984 2254 2999 2291 :
3028 2239 3174 2309 quod
3218 2241 3272 2297 in
3319 2241 3465 2314 Lege
3496 2250 3743 2311 versati,

2131 2332 2194 2372 ea
2224 2334 2345 2390 qua:
2369 2319 2530 2391 Legis
2554 2321 2773 2380 fuerant
2798 2369 2813 2392 ,
2841 2333 3242 2399 perpetrarint,
3267 2334 3510 2391 dicemus
3548 2356 3562 2393 :
3595 2340 3747 2407 Quia

2126 2410 2276 2481 justo
2300 2411 2409 2468 Lex
2444 2431 2549 2469 non
2577 2424 2662 2471 est
2686 2418 2884 2488 posita,
2915 2423 3011 2478 sed
3038 2423 3240 2493 iniquis
3263 2436 3448 2484 etnon
3476 2431 3745 2498 subditis,

2133 2503 2315 2574 impiis
2364 2518 2419 2560 et
2469 2511 2869 2578 peccatoribus,
2901 2519 3291 2573 contaminatis
3337 2531 3393 2576 et
3434 2521 3750 2581 immundis

2134 2595 2177 2667 (1
2212 2594 2352 2651 Tim.
2378 2598 2443 2670 t).
2467 2599 2570 2669 Qui
2608 2613 2791 2659 autem
2827 2622 2854 2658 a
2892 2607 3003 2662 Deo
3034 2608 3233 2665 doctus
3262 2611 3356 2679 sit,
3391 2630 3496 2668 non
3533 2616 3749 2676 bibere

2130 2703 2255 2743 eum
2299 2706 2553 2759 necesse,
2589 2704 2647 2749 ut
2680 2706 2703 2734 ο
2733 2698 2818 2752 vel
2849 2697 2916 2753 de
2947 2699 3217 2757 charitate
3246 2704 3528 2774 doceatur,
3568 2711 3750 2767 l’aulu

2129 2778 2385 2838 dicente:
2421 2783 2498 2841 De
2526 2787 2784 2842 charitate
2823 2801 2993 2845 autent
3025 2811 3129 2848 non
3168 2812 3375 2853 necesse
3401 2799 3570 2856 habeo
3608 2809 3748 2860 scri-

2128 2874 2247 2929 bere
2274 2875 2416 2931 vobis
2448 2893 2468 2932 :
2497 2879 2597 2950 ipsi
2628 2883 2767 2935 enim
2796 2900 2883 2938 vos
2912 2901 2944 2938 a
2971 2885 3083 2940 Deo
3122 2889 3261 2943 docti
3301 2892 3427 2947 estis
3446 2937 3462 2960 ,
3504 2904 3565 2949 ut
3604 2897 3744 2952 dili-

2127 2971 2265 3040 gatis
2298 2970 2518 3026 invicem
2549 2974 2639 3045 (IV
2675 2975 2858 3033 Thess.
2888 2994 2964 3049 tv,
2998 2979 3076 3053 9).

2203 3063 2386 3127 (Vers.
2420 3067 2510 3134 l7,
2540 3069 2654 3139 18.)
2687 3070 2910 3142 Propter
2929 3078 3067 3144 quod
3088 3094 3153 3131 ea:
3181 3081 3419 3152 operibus
3445 3082 3605 3157 Legis
3634 3105 3746 3144 non

414 3165 641 3207 rursum
691 3149 993 3204 vindicem.
1049 3147 1230 3204 Semel
1258 3164 1288 3201 a
1322 3148 1464 3218 Lege
1506 3150 1797 3204 discedens
1820 3190 1836 3216 ,
1890 3149 2018 3219 Legi
2118 3160 2501 3230 justi/imbitur
2527 3166 2694 3219 omnis
2726 3183 2871 3222 εανο,
2903 3166 2931 3205 d
2965 3170 3120 3236 Quod
3138 3173 3184 3228 εί
3205 3147 3487 3239 timerem“
3519 3147 3743 3254 Euam-

419 3257 541 3299 sum
573 3251 850 3309 mortuus,
885 3252 941 3295 ut
971 3241 1025 3295 in
1055 3238 1272 3296 Chi-isto
1301 3244 1539 3297 viverem
1567 3285 1581 3307 ,
1613 3241 1874 3313 crocique
1902 3243 2020 3313 ejus
2050 3245 2094 3308 C
2127 3254 2235 3306 cari
2276 3253 2329 3307 in
2372 3252 2577 3310 Christo
2597 3299 2611 3322 ,
2665 3257 2860 3313 inventi
2904 3250 3085 3318 sumus
3128 3275 3178 3319 et
3227 3266 3327 3336 ipsi
3374 3238 3681 3339 pecca'tores'
3721 3290 3744 3330 :

421 3335 643 3404 afﬁxus,
669 3344 727 3391 et
768 3336 821 3392 in
861 3350 1059 3390 novqu
1104 3346 1322 3390 renatus
1365 3336 1665 3395 hominem,
1708 3336 1812 3389 [ide
1853 3335 2023 3405 magis

420 3444 586 3500 quam
613 3442 782 3484 carne
812 3427 1169 3484 subsisterem
1191 3470 1204 3493 ,
1247 3439 1301 3483 et
1328 3443 1450 3483 cum
1481 3426 1699 3482 Christo
1729 3430 2023 3499 egrederer

420 3537 455 3580 e
479 3522 703 3577 mundo.
732 3522 889 3590 Quod
910 3524 1083 3576 semel
1111 3521 1343 3577 adorsus
1370 3537 1512 3589 sum,
1540 3533 1719 3578 teneo.
1746 3524 1861 3577 Non
1889 3522 2018 3576 mihi

413 3617 586 3689 gratis
613 3615 864 3671 Christus
885 3624 972 3669 est
1004 3622 1251 3669 mortuus
1285 3631 1301 3671 :
1332 3614 1385 3670 in
1417 3632 1526 3687 quo
1553 3616 1756 3672 frustra
1786 3617 2015 3685 credidi,

413 3710 444 3751 δ
477 3713 525 3768 si
557 3712 706 3782 potui
732 3713 943 3783 absque
973 3709 1080 3765 tide
1108 3713 1227 3781 ejus
1257 3710 1310 3765 in
1344 3710 1514 3766 veteri
1541 3710 1687 3782 Lege
1722 3711 1941 3767 salvari.

489 3805 676 3878 (νοτε.
721 3806 835 3879 16).
870 3804 1109 3862 Scientes
1155 3816 1327 3859 autent
1366 3805 1504 3874 quod
1548 3821 1650 3859 non
1688 3805 2018 3878 justificatur

416 3899 571 3955 homo
601 3915 665 3954 ea:
694 3898 936 3969 operibus
971 3895 1123 3968 Legis
1148 3939 1163 3964 ,
1190 3898 1295 3950 nisi
1324 3914 1413 3967 per
1438 3897 1593 3967 ﬁdem
1616 3895 1743 3951 Jesu
1780 3898 1973 3952 Christi
1996 3915 2013 3952 :

413 3999 463 4047 et
486 4007 581 4046 nos
620 3992 675 4045 in
711 3988 920 4045 Christo
941 3988 1070 4044 Jesu
1099 3989 1415 4043 credidimus
1439 4030 1456 4055 ,
1501 3998 1555 4042 ut
1578 3989 1933 4059 justi/icemur
1961 3992 2013 4044 in

421 4082 524 4153 (ide
550 4078 767 4151 Christi,
793 4090 841 4136 et
872 4098 973 4137 non
1003 4098 1066 4136 ea;
1092 4080 1332 4154 operibus
1357 4080 1532 4153 Legis.
1558 4083 1721 4137 Aiunt
1748 4084 1966 4154 quidam
1996 4104 2011 4141 :

402 4176 451 4230 si
480 4190 669 4230 verum
688 4174 794 4230 hoc
822 4174 899 4229 sit
922 4174 1066 4246 quod
1103 4175 1299 4229 Paulus
1332 4174 1577 4229 al'tirmat
1598 4217 1613 4240 ,
1648 4191 1714 4230 ex
1744 4176 2010 4246 operibus

407 4270 569 4342 Legis
597 4271 873 4326 neminem
893 4270 1184 4341 justiticari
1209 4313 1223 4335 ,
1254 4270 1349 4325 sed
1378 4286 1442 4326 ex
1477 4269 1583 4326 [ide
1607 4272 1738 4327 Jesu
1769 4272 2008 4340 Christi,

406 4362 747 4437 patriarchas
769 4374 824 4419 et
847 4364 1168 4435 prophetas,
1194 4373 1248 4419 et
1271 4371 1513 4431 sanctos,
1535 4365 1629 4433 qui
1656 4376 1782 4418 ante
1802 4364 2005 4420 Christi

404 4456 696 4513 adventum
726 4455 981 4521 fuerunt,
1017 4456 1367 4525 imperfectos
1402 4455 1594 4512 fuisse.
1627 4456 1779 4525 Quos
1817 4457 2007 4513 admo-

400 4563 535 4606 nere
563 4549 827 4603 debemus
859 4564 954 4603 eos
981 4547 1069 4602 hic
1095 4549 1200 4604 dici
1232 4549 1495 4619 justitiam
1520 4565 1626 4604 non
1652 4561 2001 4622 consecutos,

2130 3346 2383 3416 numquid
2408 3344 2643 3403 Christus
2673 3353 2872 3421 peccati
2892 3354 3134 3410 minister
3158 3359 3278 3412 est?
3303 3360 3469 3416 Absit.
3500 3361 3565 3417 Si
3594 3365 3740 3420 enim

2127 3455 2245 3509 qua:
2284 3439 2521 3494 destruxi
2547 3483 2561 3505 ,
2593 3442 2703 3498 lucc
2727 3444 2911 3499 iterum
2943 3450 3229 3519 rea'diﬁco,
3280 3442 3741 3521 praevaricatorem

2128 3546 2207 3583 me
2236 3531 2517 3587 constituo.
2545 3530 2665 3588 Non
2689 3534 3085 3604 justilicabitur
3113 3538 3241 3613 [AL
3267 3540 3635 3620 justiticatur]
3666 3563 3739 3605 ex

2125 3624 2384 3693 Operibus
2427 3625 2588 3698 Legis
2627 3644 2759 3685 caro
2786 3632 2879 3687 illa
2901 3675 2917 3699 ,
2951 3633 3020 3690 de
3060 3651 3168 3706 qtta
3198 3637 3462 3696 scribitur
3494 3659 3508 3695 :
3544 3642 3738 3699 Omnis

2125 3734 2246 3773 caro
2296 3724 2511 3791 fenum;
2552 3731 2599 3777 et
2632 3726 2799 3780 omnis
2831 3729 3000 3799 gloria
3045 3731 3178 3802 ejus,
3229 3734 3379 3803 quasi
3425 3736 3528 3805 ﬂos
3562 3749 3587 3775 ο
3613 3742 3740 3811 agri

2123 3808 2283 3880 (Isai.
2317 3829 2404 3877 xc,
2434 3814 2517 3886 6).
2543 3815 2889 3875 Justilicatur
2917 3831 3099 3878 autem
3123 3841 3190 3881 ex
3213 3825 3322 3884 fide
3362 3827 3490 3886 Iesu
3517 3808 3734 3889 Christi

2120 3921 2252 3961 caro
2296 3907 2417 3975 illa,
2468 3908 2537 3963 de
2583 3925 2687 3981 qua
2734 3913 2788 3967 in
2822 3918 3248 3995 resurrectionis
3296 3906 3498 3978 dicitur
3542 3942 3739 3982 saeia-

2122 4010 2309 4055 meuto
2344 4019 2357 4055 :
2394 4000 2575 4057 Omnis
2604 4021 2728 4059 raro
2754 4007 2942 4064 videbit
2970 4011 3204 4068 salutare
3222 4011 3321 4068 Dei
3354 4015 3507 4084 (Luc.
3536 4033 3617 4083 nt,
3643 4020 3731 4093 (ἲ).

2120 4095 2229 4151 Sed
2257 4104 2315 4150 et
2352 4097 2504 4166 juxta
2538 4097 2888 4157 humiliorem
2920 4103 3285 4175 intellectum,
3316 4107 3733 4178 justiticabatur

2118 4187 2394 4257 quondam
2427 4204 2495 4245 ex
2526 4190 2676 4261 Lege
2705 4208 2813 4248 non
2853 4197 3037 4251 omnis
3082 4213 3244 4266 Caro,
3273 4201 3367 4257 sed
3414 4213 3628 4259 tantum
3674 4207 3731 4263 hi

2121 4281 2371 4337 homines
2400 4283 2492 4353 qui
2517 4284 2568 4338 in
2597 4284 2887 4343 Palaestina
2914 4299 3097 4345 erant.
3125 4291 3279 4349 Nunc
3307 4303 3484 4350 autem
3515 4313 3583 4352 es
3617 4300 3732 4354 tide

2114 4371 2244 4428 Jcsu
2286 4371 2497 4430 Christi
2523 4376 2857 4447 justiticatur
2900 4383 3079 4439 omnis
3106 4399 3270 4454 caro,
3309 4386 3438 4443 dum
3472 4387 3732 4448 Ecclesia

2114 4467 2235 4537 ejus
2268 4468 2321 4522 in
2355 4478 2469 4523 toto
2491 4469 2627 4527 orbe
2657 4470 2937 4529 fundatur.

2185 4559 2371 4630 (Vers.
2405 4560 2521 4633 i9.)
2546 4562 2656 4633 Ego
2683 4566 2818 4619 enim
2844 4583 2935 4637 per
2958 4566 3147 4641 Legem
3168 4568 3295 4642 Legi
3319 4584 3554 4627 mortuus
3574 4591 3723 4642 sum,

392 4642 489 4714 qui
512 4650 723 4696 tantum
751 4656 819 4695 ex
853 4640 1121 4710 operibus
1139 4641 1438 4707 justiﬁcari
1470 4656 1632 4711 posse
1659 4656 1720 4697 se
1744 4643 1998 4699 credunt.
2031 4644 2087 4705 D
2108 4649 2277 4724 414
2321 4662 2379 4707 ut
2422 4651 2533 4709 Deo
2572 4655 2759 4713 vivam.
2828 4658 2990 4714 Aliud
3017 4658 3036 4698 τ
3067 4673 3152 4717 est
3184 4640 3280 4732 per
3308 4663 3504 4732 Legem
3552 4640 3722 4737 mori,

403 4737 637 4793 Sanetos
659 4743 862 4803 autem,
892 4736 984 4806 qui
1009 4737 1307 4808 antiquitus
1330 4737 1553 4806 fuerint,
1578 4753 1646 4793 ex
1670 4739 1776 4795 lide
1797 4740 2002 4796 Christi

389 4830 751 4905 iustiﬁcatos.
790 4831 1067 4901 Siquidem
1103 4830 1378 4886 Abraham
1411 4832 1549 4888 vidit
1580 4833 1726 4889 diem
1761 4831 1999 4902 Christi,

401 4934 462 4983 et
492 4923 711 4979 lzetatus
741 4933 842 4977 est.
873 4924 938 4978 Et
959 4924 1176 4992 Moyses
1200 4925 1438 4993 majores
1465 4926 1683 4981 divitias
1708 4928 2002 4984 aestimarit

405 5018 671 5074 thesauro
700 5015 1076 5089 Egyptiorutu
1097 5058 1114 5084 ,
1155 5017 1548 5089 improperium
1579 5020 1801 5076 Christi.
1831 5022 1994 5093 Aspi-

400 5112 580 5172 ciebat
606 5113 753 5169 enim
787 5112 839 5167 in
867 5111 1397 5169 remunerationem.
1429 5112 1497 5169 Et
1523 5111 1692 5170 Isaias
1715 5116 1853 5172 vidit
1878 5118 2001 5188 glo-

464 5285 495 5315 ι
521 5274 724 5332 Iterum
754 5274 951 5348 vitiose
980 5283 1036 5331 et
1060 5277 1340 5332 contrario
1365 5292 1533 5348 sensu
1566 5292 1734 5348 penes
1767 5278 1985 5335 Martia-

390 5362 571 5407 natum
600 5357 738 5414 erat,
775 5345 918 5401 Nam
949 5356 1155 5412 natura,
1183 5363 1299 5418 pro,
1333 5347 1384 5401 Ν
1389 5366 1476 5413 on,
1500 5345 1605 5405 etc.

463 5419 493 5458 h
523 5418 847 5474 Nostrorum
869 5418 1116 5474 codd..et
1142 5435 1277 5489 quos
1309 5419 1508 5475 Victor.
1533 5422 1846 5489 consuluit,
1875 5439 1988 5479 me-

393 5490 499 5547 lior
541 5491 658 5546 haec
691 5490 805 5545 visa
844 5498 931 5546 est
969 5491 1131 5548 lectio
1167 5507 1279 5561 prae
1321 5491 1413 5546 illa
1444 5510 1565 5563 quae
1593 5494 1915 5563 obtinebat,
1946 5496 1993 5550 si

434 5565 573 5617 utavi
584 5600 599 5615 .

392 5581 652 5687 Ραέαιίῖίιιι
681 5647 711 5686 e
741 5633 944 5687 nostris
974 5649 1110 5689 mss.
1157 5644 1212 5689 et
1250 5634 1572 5701 Rabbanns,
1622 5647 1673 5690 ut
1699 5638 1882 5693 saltem
1926 5638 1989 5693 de

395 5704 641 5763 diaritate
671 5706 936 5758 doceatur.

462 5773 489 5813 ἀ
529 5775 817 5853 Qtt:n_h_iuc
862 5776 1216 5849 subsequitur
1279 5780 1420 5833 sacri
1466 5788 1645 5835 textus
1690 5781 1982 5853 pericopen

431 5857 564 5902 ostri
589 5845 747 5906 codd,
776 5854 977 5901 tacent.

2111 4744 2260 4800 aliud
2287 4745 2419 4818 Legi
2447 4748 2613 4803 mori.
2643 4749 2745 4816 Qui
2777 4749 2905 4822 Legi
2933 4753 3185 4820 moritur,
3214 4757 3439 4811 vivebat
3468 4756 3520 4812 ei
3554 4771 3722 4815 ante-

2110 4854 2277 4909 quam
2302 4851 2633 4905 moreretur,
2654 4841 2961 4897 observans
2989 4844 3214 4901 sabbata
3271 4858 3328 4902 et
3360 4850 3713 4920 neomenias,

2109 4944 2166 4989 et
2191 4934 2309 4989 dies
2333 4933 2502 4991 festos
2524 4976 2540 5002 ,
2572 4944 2629 4991 et
2659 4935 3001 4994 victimarum
3036 4939 3273 5011 typicam
3303 4943 3708 5017 curiositatem,

2107 5037 2163 5082 et
2193 5025 2405 5082 fabulas
2425 5026 2703 5096 Judaicas,
2726 5038 2780 5084 et
2799 5032 3174 5103 genealogias.
3201 5035 3496 5106 Postquam
3519 5048 3710 5094 autem

2104 5119 2258 5175 venit
2275 5116 2526 5175 Christus
2551 5129 2608 5176 et
2633 5120 2769 5191 Lex,
2802 5122 2871 5179 de
2897 5139 3007 5194 qua
3041 5126 3304 5197 scriptum
3336 5139 3421 5185 est.
3450 5147 3466 5184 :
3496 5128 3715 5186 Scimus

2174 5292 2217 5370 ξ,
2241 5281 2516 5370 Rescribit
2538 5285 2816 5370 Victorius
2848 5287 2998 5370 feni,
3047 5303 3129 5370 es
3151 5286 3354 5370 Graeco
3372 5290 3616 5370 xéprou,
3652 5300 3712 5348 et

2092 5354 2345 5411 codicum
2375 5356 2652 5430 sutfragio.
2704 5354 2971 5428 Putatque
3014 5359 3083 5412 ab
3115 5354 3708 5430 imperitis's'ubstitu-

2091 5435 2203 5501 tam
2235 5442 2461 5501 vocem,
2514 5428 2813 5501 agriLuni
2873 5428 3209 5501 Hieronymi
3234 5433 3703 5490 consuetudinem

2098 5496 2424 5568 ignorat-int,
2451 5496 2594 5561 quod
2623 5499 2766 5556 LXX
2795 5502 3028 5569 scilicet,
3064 5496 3169 5556 non
3201 5519 3353 5557 suam
3379 5503 3472 5560 ille
3490 5505 3705 5561 citaret

2097 5569 2419 5627 editionem.
2443 5571 2612 5626 Nobis
2652 5578 2702 5625 iit
2740 5575 2877 5626 hanc
2907 5573 3025 5645 ejus
3071 5574 3444 5641 opinationem
3486 5592 3703 5633 conce-

2096 5640 2228 5694 dere
2259 5658 2355 5694 Der
2382 5660 2515 5694 mss.
2550 5647 2934 5694 auctoritatem
2959 5660 3065 5694 non
3102 5647 3247 5694 licet.

2134 5657 2228 5696 8N9

2296 5660 2355 5696 er
2382 5660 2515 5697 mss.
2550 5647 2934 5698 auctoritatem
2959 5660 3065 5698 non
3102 5647 3247 5699 licet.

2170 5710 2190 5750 ί
2225 5710 2384 5790 Δυιιιιει
2415 5714 2691 5770 Palatinus
2710 5757 2725 5784 ,
2758 5716 2915 5770 Aliud
2940 5726 3011 5770 est
3038 5733 3130 5788 per
3152 5715 3339 5789 Legem
3367 5716 3494 5790 Legi
3523 5718 3699 5789 mori,

2089 5785 2262 5852 aliud,
2289 5797 2397 5841 etc.
