3978 6338
221 355 312 416 διδ

691 343 1348 409 COMMENTARIORUM
1387 341 1454 397 IN
1497 335 1889 396 EPISTOLAM
1932 335 2024 391 AD
2062 330 2386 389 GALATAS
2429 329 2631 386 [.18.].
2674 327 2833 386 CAP.
2875 327 2962 384 IIl.

3379 324 3486 384 546
3503 331 3516 346 ‘

221 484 370 530 autem
407 471 522 544 quia
550 469 663 524 Lex
701 465 990 538 spiritualis
1021 475 1090 517 est
1123 463 1141 531 (
1178 461 1332 515 Rom.
1362 475 1468 524 vn,
1497 458 1563 512 ll
1591 455 1643 526 ),
1690 470 1784 525 per
1814 455 1857 512 Α
1887 451 2219 544 srtttrtipstml
2266 465 2360 518 pro
2387 465 2485 502 me.
2520 447 2600 502 Ad
2646 446 2924 544 Romanos
2967 443 3038 500 de
3222 443 3484 544 loquitur.

222 565 570 636 Evangelicam
603 564 800 632 legem,
832 559 961 623 Legi
1007 555 1249 627 pristiam
1293 563 1538 607 mortuus
1568 560 1650 604 est
1682 568 1693 602 :
1725 560 1779 602 et

222 661 396 721 anima,
437 674 549 729 qum
580 654 879 712 secundum
913 652 964 708 id
998 650 1138 722 quod
1185 647 1442 703 scribitur
1469 645 1534 699 atl
1583 644 1781 697 Roma-

217 768 305 812 nos
325 771 338 807 :
356 751 478 809 Viro
498 751 743 816 vivente,
771 749 814 802 si
844 745 1143 816 nupsisset,
1175 741 1418 796 adultera
1436 736 1736 792 vocabatur
1764 753 1776 787 :

215 855 406 903 mortuo
434 843 547 897 viro
586 857 724 905 suo,
773 840 824 895 id
872 849 954 893 est
983 880 997 902 ,
1038 837 1156 905 lege
1186 832 1394 898 veteri,
1430 830 1609 900 nupsit
1650 826 1780 897 Legi

212 936 494 1009 Spirituali,
529 943 590 990 ut
614 932 968 989 fructiﬁcaret
1008 931 1135 984 Deo.
1171 927 1327 983 Unde
1358 935 1412 981 et
1457 926 1510 980 in
1539 923 1682 979 Osee
1711 921 1778 975 ad

213 1047 317 1088 eam
344 1029 538 1086 dicitur
567 1047 580 1080 :
617 1027 704 1082 Ea:
732 1043 812 1082 me
856 1030 1058 1099 {ructus
1090 1034 1208 1077 tuus
1235 1023 1470 1075 inventus
1510 1028 1582 1072 est
1607 1019 1622 1090 (
1651 1016 1781 1072 Osee

213 1141 309 1195 XIV,
336 1125 368 1181 9
390 1123 428 1195 ).
457 1123 554 1178 Cui
584 1121 808 1191 pulchre
848 1120 1136 1192 mysticum
1166 1115 1296 1171 illud
1340 1113 1569 1169 infertur
1602 1129 1616 1167 :
1653 1112 1780 1178 Quis

211 1219 419 1288 sapiens,
461 1226 509 1271 et
552 1215 809 1287 intelliget
841 1216 940 1268 ista
973 1230 992 1267 :
1021 1223 1046 1249 ιι
1075 1211 1389 1281 intelligens,
1432 1219 1480 1262 et
1511 1217 1778 1279 cognoscet

209 1312 295 1366 ea?
317 1309 411 1377 Qui
445 1325 543 1380 per
583 1310 761 1378 legem
798 1307 962 1378 igitttr
992 1305 1374 1376 spiritualem,
1417 1301 1544 1371 Legi
1585 1302 1781 1355 litterae

209 1405 440 1471 moritur,
469 1405 584 1459 Deo
610 1405 777 1466 vivit,
809 1418 933 1457 cum
969 1417 1074 1456 non
1121 1401 1194 1455 sit
1215 1401 1336 1455 sine
1386 1399 1502 1468 lege
1530 1397 1648 1460 Dei,
1686 1395 1779 1450 sed

210 1498 259 1554 in
277 1497 388 1568 lege
406 1497 478 1552 sit
503 1496 732 1552 Christi.
757 1496 856 1564 Qui
885 1511 1018 1550 vero
1047 1495 1148 1563 legi
1174 1493 1408 1548 moritur
1437 1491 1508 1546 ob
1539 1499 1778 1559 peccata,

207 1602 432 1646 mortuus
463 1589 687 1660 quidem
711 1601 823 1653 cSt;
857 1588 951 1642 sed
985 1601 1092 1641 non
1115 1595 1293 1656 potest
1323 1584 1392 1639 de
1420 1598 1487 1639 eo
1506 1582 1611 1637 dici
1636 1581 1778 1653 quod

209 1682 452 1751 sequitur,
482 1691 541 1734 ut
569 1681 702 1734 vitiat
733 1678 863 1734 Deo.
894 1679 1028 1734 Esse
1051 1688 1237 1733 autem
1273 1678 1447 1747 legem
1480 1675 1639 1729 aliam
1671 1674 1781 1742 spi-

206 1772 427 1830 ritualem
456 1781 611 1827 extra
641 1771 840 1842 Legem
867 1771 1086 1837 litterat,
1117 1779 1172 1826 et
1199 1770 1329 1824 alibi
1357 1768 1652 1839 Apostolus
1684 1766 1781 1821 do-

205 1876 308 1932 eet,
339 1864 523 1921 dicens
555 1883 569 1918 :
597 1863 790 1936 Itaque
819 1863 905 1919 lex
931 1865 1138 1936 quidem
1166 1871 1368 1928 sancta,
1399 1873 1446 1916 et
1472 1861 1778 1916 mandatum
1811 1847 1855 1906 Β
1887 1853 2110 1908 tradidit
2159 1872 2172 1907 :

205 1968 430 2026 sanctum,
453 1967 504 2012 et
524 1962 759 2032 justum,
788 1969 835 2012 et
863 1959 1052 2012 bonum
1074 1956 1254 2027 (Rom.
1289 1972 1382 2021 vn,
1416 1954 1528 2026 12).
1557 1955 1628 2009 Et
1647 1956 1781 2009 Eze-

203 2049 325 2106 chiel
362 2065 428 2106 ex
457 2065 706 2121 persona
740 2049 833 2106 Dei
873 2067 890 2105 :
932 2049 1105 2104 Eduxi
1127 2090 1141 2113 ,
1176 2049 1375 2119 inquit,
1423 2064 1542 2110 eos,
1576 2047 1627 2101 id
1658 2057 1776 2113 est,

203 2141 439 2214 populum
468 2139 814 2209 Iudaeorum,
842 2146 906 2194 de
935 2151 1072 2195 terra
1102 2139 1325 2212 Αἴθρη)ιὶ
1353 2156 1372 2193 :
1401 2150 1448 2194 et
1471 2139 1672 2193 adduxi
1694 2156 1779 2193 eos

203 2236 251 2288 in
273 2235 524 2290 desertum
560 2250 582 2290 :
609 2243 657 2289 et
689 2235 812 2289 dedi
852 2236 925 2290 eis
966 2243 1221 2305 pra’cepta
1255 2249 1397 2298 mea,
1431 2242 1477 2286 et
1515 2233 1782 2305 justi/ica-

204 2327 347 2383 tioncs
363 2345 504 2384 meas
537 2327 744 2383 ostendi
770 2329 878 2382 illis
909 2344 927 2382 :
957 2345 1086 2400 quas
1115 2327 1266 2398 faciet
1291 2325 1467 2395 homo,
1501 2336 1547 2380 et
1569 2327 1699 2380 vivet
1726 2328 1778 2380 in

205 2422 268 2475 cis
293 2420 502 2493 (Ezech.
529 2437 626 2487 xx,
670 2420 784 2492 10).
815 2423 889 2476 lle
912 2435 975 2474 ea
1005 2435 1140 2475 vero
1162 2420 1282 2489 lege
1316 2435 1436 2488 qtae
1464 2418 1604 2473 iram
1647 2434 1779 2488 epe-

202 2519 356 2579 ratur,
387 2513 472 2567 cui
503 2523 562 2566 et
590 2511 890 2582 Apostolus
931 2521 1176 2566 mortuus
1205 2519 1313 2576 est,
1343 2521 1530 2580 postea
1559 2509 1729 2565 infert
1762 2527 1774 2563 :

203 2601 262 2658 Et
287 2619 372 2676 ego
403 2605 526 2658 dedi
557 2605 632 2658 eis
673 2615 933 2676 pracepta
961 2621 1064 2656 non
1093 2603 1260 2667 bona,
1293 2614 1338 2656 et
1374 2603 1777 2673 justiﬁcationes

202 2696 248 2751 in
269 2697 442 2768 quibus
466 2714 580 2752 non
608 2699 784 2752 vivent
812 2699 865 2751 in
893 2699 966 2752 eis
985 2695 1316 2768 (lbid.,9.5).
1346 2697 1586 2765 ldipsum
1617 2697 1779 2766 signi-

201 2787 372 2845 ﬁcatur
398 2791 536 2846 etin
561 2790 839 2846 Psalterio
864 2810 876 2846 :
913 2791 1172 2859 Quoniam
1204 2808 1308 2845 non
1338 2793 1552 2864 cegnori
1572 2792 1774 2846 littera-

197 2888 367 2950 turam,
387 2884 619 2938 introibo
648 2885 702 2938 in
728 2884 1086 2955 fortitudinem
1119 2883 1330 2938 Domini
1359 2884 1478 2956 (Ps.
1503 2901 1632 2949 cxx,
1659 2887 1773 2955 51).

256 2974 446 3032 Christo
475 2979 724 3048 conﬁxus
770 2995 885 3031 sum
916 2980 1078 3032 cruci.
1126 2978 1262 3046 Quia
1307 2979 1526 3033 dixerat
1569 2994 1630 3034 se
1680 2995 1776 3049 per

198 3067 348 3142 lege
401 3073 505 3143 legi
565 3083 889 3140 mortuum,
939 3073 1216 3144 quomodo
1274 3086 1521 3128 mortuus
1568 3075 1771 3140 fuerit,

195 3163 411 3220 ostendit
438 3185 453 3221 :
488 3164 708 3220 Christo
737 3166 977 3236 conﬁxus
1007 3184 1121 3220 sum
1144 3167 1307 3231 cruci,
1333 3167 1530 3223 tollens
1555 3183 1772 3222 crucem

1883 543 2027 613 quod
2056 543 2191 596 li‘ilio
2213 557 2313 595 suo
2336 557 2442 596 non
2469 541 2735 611 pepercit,
2765 542 2860 595 sed
2888 555 2986 610 pro
3009 539 3166 594 nobis
3190 539 3485 595 tradiderit

1883 650 2028 689 eum.
2060 634 2214 689 Nunc
2239 650 2364 689 vero
2395 634 2462 688 de
2491 633 2750 698 Christo,
2785 633 2932 702 quod
2973 648 3032 688 se
3063 633 3182 701 ipse
3213 631 3436 687 tradidit
3469 651 3483 686 :

1887 729 1993 796 Qui
2023 729 2208 783 dilexit
2241 745 2339 795 me,
2361 730 2557 799 inquit,
2582 736 2628 783 et
2659 727 2873 782 tradidit
2897 727 3231 799 semetipsum
3257 742 3352 792 pro
3379 743 3479 781 me.

1886 820 1946 876 ln
1975 820 2274 890 Evangelia
2304 836 2433 876 vero
2466 820 2557 874 ubi
2602 819 2848 891 Apostoli
2873 831 3282 884 enumerantur,
3317 818 3486 876 infer-

1883 924 1975 969 tur
2006 931 2020 970 :
2054 913 2121 967 Et
2150 911 2320 967 Iudas
2350 912 2622 968 Iscariotis
2646 914 2758 986 [ΑΙ.
2791 911 3057 985 Scarioth]
3079 915 3166 984 qui
3193 922 3241 968 et
3263 914 3479 968 tradidit

1881 1023 1997 1062 eum
2025 1007 2044 1078 (
2071 1006 2199 1061 Luc.
2235 1023 2313 1071 vt,
2349 1006 2461 1078 16).
2497 1007 2734 1062 Rursum
2765 1007 2818 1062 in
2845 1006 3039 1062 eodem
3077 1023 3091 1058 :
3126 1005 3263 1060 Ecce
3291 1024 3484 1078 appro-

1881 1101 2150 1173 pinquavit
2183 1102 2274 1171 qui
2307 1101 2475 1154 tradet
2505 1117 2586 1154 me
2617 1099 2798 1171 (Matt.
2830 1117 2978 1165 xxvi,
3016 1100 3131 1171 46).
3179 1100 3254 1155 De
3282 1099 3480 1170 princi-

1886 1196 2046 1264 pibus
2075 1211 2208 1250 vero
2239 1195 2621 1259 sacerdotum,
2652 1204 2708 1249 et
2744 1194 3059 1250 senioribus
3109 1195 3292 1265 populi
3335 1196 3483 1250 Scri-

1882 1299 2036 1360 ptura
2078 1298 2513 1355 commemorat,
2562 1289 2706 1357 quod
2755 1289 3246 1344 condcmnaverint
3288 1289 3479 1346 lesum

1884 1383 2068 1448 morti,
2088 1393 2140 1438 et
2166 1384 2390 1452 ligantes
2414 1397 2560 1448 eum,
2587 1381 2852 1438 duxerint
2876 1393 2928 1436 et
2955 1383 3282 1438 tradiderint
3303 1383 3480 1438 Pilato

1881 1477 2100 1546 praesidi
2154 1475 2360 1548 (lbid.,
2394 1492 2564 1540 xxvn,
2595 1486 2642 1530 et
2673 1475 2843 1530 Marc.
2880 1475 2994 1548 xv).
3030 1475 3097 1531 Et
3123 1475 3386 1547 deinceps
3412 1476 3481 1531 de

1885 1571 2056 1624 Pilato
2095 1589 2107 1624 :
2150 1570 2355 1624 Dimisit
2383 1571 2455 1625 eis
2485 1569 2770 1624 Barrabam
2794 1612 2808 1635 ,
2835 1568 3016 1625 Iesum
3043 1580 3216 1625 autem
3242 1572 3483 1645 ﬂagella-

1884 1675 1990 1718 tum
2021 1665 2240 1718 tradidit
2283 1666 2388 1731 eis,
2419 1673 2476 1718 ut
2518 1665 2879 1737 cruci/igerent
2911 1663 3060 1718 illum
3089 1663 3287 1733 (Joan.
3317 1681 3402 1719 xix
3435 1665 3479 1734 ).

1881 1759 2051 1829 Igitur
2090 1769 2144 1814 et
2196 1761 2357 1815 Pater
2390 1760 2617 1814 tradidit
2659 1759 2854 1815 Filium
2901 1777 2916 1815 :
2965 1771 3018 1814 et
3063 1759 3236 1814 Filius
3269 1761 3383 1828 ipse
3421 1775 3484 1816 se

2219 1866 2274 1909 et
2323 1852 2497 1909 Judas
2535 1861 2592 1908 et
2627 1852 2943 1909 sacerdotes
2983 1868 3108 1908 eum
3149 1851 3482 1922 principibus

1885 1948 2255 2013 tradiderunt,
2288 1958 2344 2004 et
2385 1949 2450 2002 ad
2483 1957 2786 2002 extremum
2823 1947 3079 2002 traditum
3106 1947 3232 2011 sibi,
3263 1946 3487 2002 tradidit

1884 2042 2000 2112 ipse
2029 2042 2264 2098 Pilatus.
2299 2041 2408 2098 Sed
2442 2042 2605 2098 Pater
2637 2042 2890 2109 tradidit,
2941 2051 2997 2096 ut
3028 2041 3272 2096 salvaret
3305 2040 3486 2111 pcrdi-

1885 2144 1998 2191 tum
2049 2135 2312 2190 mundum
2348 2153 2360 2189 :
2392 2135 2554 2191 Jesus
2603 2135 2718 2204 ipse
2777 2149 2837 2189 se
2896 2132 3157 2199 tradidit,
3203 2143 3260 2188 ut
3309 2132 3490 2187 Putris

1883 2243 2148 2298 suamque
2174 2229 2377 2284 faceret
2402 2229 2742 2284 voluntatem
2776 2246 2786 2282 :
2817 2226 2986 2282 ludas
3015 2237 3194 2282 autem
3220 2236 3277 2282 et
3305 2241 3486 2280 sacer-
3557 2275 3570 2291 ,

1884 2322 2044 2377 dotes
2071 2335 2123 2378 et
2153 2323 2406 2378 seniores
2433 2323 2644 2392 populi,
2671 2333 2722 2376 et
2747 2320 2977 2384 Pilatus,
2999 2320 3165 2375 vitam
3196 2319 3357 2374 morti
3390 2335 3487 2374 nc-

1882 2417 1980 2470 scii
2014 2415 2382 2471 tradiderunt.
2409 2416 2541 2479 Qum
2569 2430 2692 2469 cum
2714 2415 2834 2483 ipsa
2850 2428 3067 2479 quoque
3093 2427 3153 2467 se
3167 2428 3269 2482 pro
3291 2401 3480 2467 nostra

1881 2509 2056 2564 salute
2099 2508 2419 2570 tradiderit,
2448 2509 2642 2562 beatus
2691 2507 3038 2576 multumque
3069 2505 3197 2560 felix
3220 2547 3235 2571 ,
3287 2507 3376 2574 qui
3403 2505 3485 2558 vi-

1880 2611 2047 2656 vente
2094 2601 2147 2656 in
2196 2616 2256 2655 se
2303 2599 2552 2664 Christo,
2607 2614 2703 2668 per
2730 2597 2974 2668 singulas
3020 2597 3378 2667 cogitationes
3428 2607 3488 2652 et

1882 2710 2049 2765 opera
2097 2703 2276 2764 potest
2317 2693 2507 2747 dicere
2545 2709 2560 2745 :
2600 2689 2666 2745 In
2697 2692 2800 2759 ﬁde
2828 2692 2942 2744 uiro
2969 2687 3100 2744 Filii
3135 2687 3301 2760 416
3338 2686 3438 2740 ΙΙεὶ
3463 2728 3479 2754 ,

1879 2789 1965 2857 qui
1994 2787 2178 2843 dilexit
2206 2804 2316 2851 me,
2350 2795 2398 2840 et
2426 2787 2638 2840 tradidit
2679 2786 3011 2856 semetipsum
3039 2801 3132 2856 pro
3159 2800 3259 2838 me.

1956 2881 2140 2952 (Vers.
2171 2879 2308 2950 21.)
2338 2877 2461 2932 Non
2500 2879 2692 2948 abjicio
2721 2879 2944 2953 gratiam
2975 2875 3075 2930 Dei
3105 2892 3122 2929 :
3147 2877 3195 2929 si
3226 2877 3357 2928 enim
3386 2891 3478 2946 per

1878 2978 2065 3050 Legem
2101 2976 2305 3044 iustitia
2328 2991 2346 3040 ;
2375 2991 2496 3042 ergo
2525 2973 2767 3028 Christus
2798 2973 2959 3044 gratis
2987 2981 3221 3027 mortuus
3243 2979 3337 3024 est.
3368 2969 3478 3024 Ah-

1876 3071 1992 3140 jicil
2026 3069 2262 3139 gratiam
2295 3067 2412 3134 Dei,
2450 3076 2558 3119 tam
2589 3066 2678 3120 ille
2709 3066 2798 3134 qui
2826 3074 2948 3133 post
2970 3062 3320 3134 Evatigelium
3348 3060 3480 3114 vivit

1882 3167 1932 3219 iu
1968 3163 2144 3233 Lege,
2193 3176 2350 3232 qttam
2384 3161 2428 3212 is
2455 3159 2546 3226 qui
2579 3159 2822 3228 peccatis
2853 3168 2974 3228 post
2999 3156 3330 3226 baptismum
3363 3169 3480 3208 sor-

195 3267 347 3322 soam,
373 3266 428 3312 et
472 3255 762 3314 Christum
793 3273 1054 3328 sequens,
1088 3268 1141 3313 et
1191 3259 1244 3312 in
1277 3258 1396 3327 ipsa
1419 3257 1447 3296 δ
1480 3258 1770 3314 obsecrans
1800 3247 1844 3310 Ο
1877 3257 2114 3312 didatur.
2146 3254 2249 3320 Qui
2276 3262 2459 3308 autem
2493 3263 2670 3321 potest
2708 3252 2862 3321 juxta
2896 3249 3222 3320 Apostolum
3255 3248 3435 3303 dicere
3462 3265 3475 3302 :

198 3349 433 3417 passione
460 3365 474 3406 :
506 3348 773 3404 Memento
796 3351 915 3415 mei,
945 3367 1062 3404 cum
1087 3352 1282 3405 ueneris
1303 3352 1358 3405 in
1387 3367 1608 3422 regnum
1629 3362 1772 3404 tuum

195 3436 331 3510 (Luc.
358 3457 518 3508 sttui,
549 3439 643 3506 42,
668 3441 788 3512 43).
820 3440 1128 3512 Statimque
1155 3444 1382 3498 audiens
1411 3463 1424 3497 :
1457 3443 1634 3498 Hodie
1662 3460 1768 3498 me-

194 3546 289 3586 atui
324 3535 421 3590 eris
467 3536 530 3589 in
563 3535 831 3605 mradiso.
873 3537 933 3592 Si
981 3538 1105 3607 quis
1144 3537 1479 3592 mortiﬁcatis
1512 3536 1773 3592 membris

195 3636 337 3696 super
387 3640 640 3695 terram,
696 3638 753 3685 et
805 3631 1007 3688 mundo
1061 3642 1344 3695 mortuus.
1404 3633 1770 3703 configuratus

192 3715 329 3794 515
375 3720 548 3778 fuerit
590 3725 756 3779 morti
799 3723 928 3780 Jesu
977 3723 1211 3793 Christi,
1261 3726 1601 3798 crucifigitur
1645 3744 1768 3784 cum

193 3808 320 3878 Iesu,
348 3826 400 3870 et
432 3827 706 3886 tropaeum
739 3820 1179 3876 mortiﬁcationis
1222 3836 1359 3890 suae,
1392 3823 1445 3878 in
1478 3823 1622 3895 ligno
1660 3824 1768 3879 Do-

193 3904 380 3962 minica:
408 3909 695 3978 passionis
720 3911 914 3982 attigit.

251 3995 424 4062 (νει-δ.
454 3999 556 4055 20.
587 3998 607 4070 )
638 4000 767 4056 Viuo
793 4011 963 4058 autem
996 4007 1112 4075 jam
1140 4023 1244 4060 non
1275 4022 1367 4078 ego
1401 4022 1420 4061 :
1444 4008 1565 4061 vit-it
1595 4018 1767 4062 autem

187 4086 235 4140 in
267 4106 338 4145 nte
365 4092 633 4149 Christus.
679 4095 796 4150 Non
822 4097 960 4166 viyit
987 4097 1079 4153 ille
1117 4100 1207 4169 qui
1251 4099 1525 4169 quondam
1551 4102 1768 4156 vivebat

192 4178 237 4235 in
261 4180 424 4255 Lege,
456 4187 667 4257 quippe
690 4189 783 4258 qui
821 4191 1251 4261 persequebatur
1275 4191 1597 4248 Eeclesiam.
1625 4194 1769 4249 Vivit

187 4285 343 4331 autem
387 4277 438 4333 in
483 4294 556 4334 eo
585 4278 876 4349 Christus,
907 4283 1199 4353 sapientia,
1235 4283 1529 4348 fortitudo.
1559 4302 1763 4354 sermo,

189 4379 307 4435 pax,
348 4372 631 4441 gaudium,
663 4384 988 4444 aciemque
1017 4376 1283 4441 virtutes;
1335 4393 1471 4448 quas
1516 4380 1608 4449 qui
1657 4396 1762 4434 non

187 4455 353 4532 habet,
400 4480 512 4520 non
545 4475 725 4534 potest
753 4465 936 4522 dicere
969 4485 982 4524 :
1032 4467 1162 4522 Viuit
1201 4480 1372 4522 autem
1412 4470 1466 4524 in
1494 4487 1574 4524 me
1606 4470 1762 4526 Chri-

187 4559 308 4621 stus,
344 4553 446 4612 hoc
493 4568 680 4612 autem
713 4566 887 4614 totum
915 4560 1018 4615 sub
1064 4577 1159 4615 sua
1205 4578 1435 4633 persona
1469 4565 1758 4621 adversum

187 4637 380 4702 Petrum
410 4649 482 4705 de
502 4648 671 4706 Petro
701 4651 967 4721 disputat.

189 4758 199 4788 ί
252 4737 389 4804 Quod
419 4753 599 4798 autem
627 4746 765 4798 nunc
791 4747 900 4800 vivo
934 4747 986 4802 in
1016 4764 1192 4802 carne.
1222 4748 1379 4804 Aliud
1398 4761 1481 4806 est
1511 4751 1564 4807 in
1594 4767 1758 4808 carne

185 4844 312 4898 esse,
337 4846 386 4891 et
410 4835 466 4892 ilt
494 4853 665 4894 carne
691 4842 898 4897 vivere.
927 4842 1032 4909 Qui
1053 4845 1190 4897 enim
1221 4847 1273 4898 in
1297 4862 1454 4900 carne
1481 4857 1622 4916 sunt,
1646 4848 1758 4903 Deo

184 4920 365 4991 placere
387 4945 494 4983 non
518 4940 737 4998 possunt
765 4931 784 5003 (
809 4931 966 4986 Rom.
998 4949 1116 5004 vui,
1146 4936 1199 4998 8,
1227 4935 1303 5007 9).
1340 4936 1496 4992 Unde
1525 4939 1592 4992 ad
1619 4939 1760 4996 bene

185 5013 408 5073 viventes
436 5022 639 5077 dicitur
669 5039 687 5076 .'
729 5022 830 5078 Vos
857 5036 1027 5080 autem
1051 5043 1153 5080 non
1184 5029 1300 5081 estis
1322 5029 1375 5082 in
1396 5045 1570 5083 carne.

241 5107 302 5165 In
329 5114 434 5183 fids
457 5117 572 5172 vivo
610 5114 747 5173 Filii
779 5118 876 5174 Dei
906 5131 954 5187 ο,
987 5121 1074 5190 qui
1103 5123 1285 5176 dilexit
1331 5140 1410 5177 me
1449 5135 1497 5179 et
1539 5128 1758 5182 tradidit

241 5299 265 5373 ξ
299 5292 730 5373 ξᾱεηῃ-ηιεῖηαιᾳι
754 5301 1074 5373 intelligens.

179 5359 518 5488 ηαἲιιιιιειιίἰς)
573 5359 768 5440 libris,
821 5383 869 5427 et
914 5359 967 5428 in
1017 5377 1179 5448 ipsam
1233 5378 1508 5434 observans
1558 5381 1756 5450 passio-

289 5476 306 5488 .
337 5455 367 5488 ε
392 5454 443 5488 c-

289 5476 306 5503 ,
337 5451 443 5494 etc.

246 5516 276 5593 εγ
305 5506 639 5593 Interseruut
682 5515 793 5593 duo
833 5533 964 5572 mss.
1001 5530 1054 5574 et
1083 5521 1378 5576 Rabhanus
1401 5564 1415 5588 ,
1445 5531 1490 5578 et
1517 5520 1749 5593 Christi,

179 5589 287 5654 quae
305 5583 472 5654 verba
499 5585 720 5644 Gnrcus
751 5589 865 5654 ipse
899 5599 1079 5644 textus
1113 5604 1346 5648 recusat.

239 5645 264 5684 ἀ
303 5651 354 5705 In
382 5665 507 5710 ante
534 5675 634 5713 nos
665 5645 830 5714 editis
857 5661 1013 5716 libris
1054 5645 1198 5718 nisi;
1214 5645 1464 5728 additur,
1494 5683 1600 5720 non
1641 5683 1752 5720 cre-

177 5719 522 5808 ftfe‘vcritati,
553 5747 676 5785 cum
703 5731 822 5808 ipse
846 5732 1206 5808 llierunymus
1231 5719 1421 5792 doceat
1443 5719 1746 5796 ha'crverba

174 5803 273 5878 non
297 5792 481 5852 haberi
503 5803 554 5857 in
572 5792 985 5878 exemplaribus
1006 5792 1340 5874 Adamantii,
1369 5827 1488 5878 qua:
1504 5809 1599 5866 Vir
1619 5792 1745 5866 san;

172 5872 281 5920 ctus
322 5880 534 5932 secutus
558 5884 662 5933 est.
696 5875 882 5932 Mur.
913 5905 980 5917 —
1010 5878 1140 5948 Qua:
1171 5882 1298 5938 olim
1328 5872 1417 5938 hic
1447 5881 1740 5954 subjunge-

1880 3349 2063 3403 Cratia
2087 3348 2199 3418 ejus
2228 3348 2281 3400 in
2309 3362 2388 3398 me
2411 3360 2513 3398 non
2542 3344 2642 3412 fuit
2673 3360 2832 3398 racuu
2861 3343 2878 3412 (
2904 3344 2922 3396 l
2951 3340 3070 3396 Cor.
3103 3357 3194 3408 xv,
3231 3339 3343 3411 10),
3377 3340 3478 3394 iste

1877 3451 1932 3495 et
1971 3441 2074 3494 hoc
2112 3437 2354 3506 l0quitur
2402 3437 2745 3492 confidenter
2787 3454 2800 3489 :
2846 3433 2969 3489 Non
3010 3434 3198 3506 abjicio
3251 3433 3475 3505 gratiam

1876 3533 1994 3589 Dei.
2029 3533 2183 3602 Quod
2227 3540 2406 3586 autem
2442 3529 2726 3598 sequitur,
2777 3529 2939 3583 valde
2980 3528 3352 3582 necessarium
3401 3535 3486 3578 cst

1873 3628 2167 3684 adversum
2197 3641 2293 3680 eos
2335 3625 2426 3695 qui
2455 3633 2582 3694 post
2625 3621 2790 3678 fidem
2839 3621 3045 3677 Christi
3084 3630 3274 3691 putant
3317 3619 3481 3690 Legis

1874 3731 2154 3794 praecepta
2187 3719 2478 3776 servanda.
2526 3717 2825 3772 Dicendum
2868 3715 3074 3786 quippe
3104 3715 3184 3770 eis
3227 3732 3241 3768 :
3291 3713 3348 3769 Si
3382 3729 3480 3784 per

1876 3819 2048 3887 legem
2091 3815 2306 3887 justitia
2353 3821 2468 3878 est,
2501 3825 2634 3880 ergo
2656 3808 2673 3882 [
2699 3808 2783 3864 Al.
2808 3809 2950 3879 quod
2979 3807 2999 3882 ]
3028 3809 3280 3864 Chrisuts
3309 3807 3484 3876 gratis

1875 3920 2125 3966 mortuus
2147 3916 2236 3963 est
2267 3906 2395 3980 [ΑΙ.
2433 3905 2501 3960 sit
2527 3903 2569 3977 ].
2603 3907 2707 3958 Aut
2738 3913 2886 3958 certe
2925 3901 3176 3964 doceant,
3200 3900 3475 3970 quomodo

1873 4021 1985 4062 non
2009 4004 2264 4060 Christus
2291 4003 2461 4072 gratis
2491 4009 2743 4054 mortuus
2772 3998 2864 4063 sit,
2892 3997 2935 4051 si
2965 4010 3130 4063 Opera
3170 3995 3475 4064 justiticaut

1875 4099 2004 4173 [Αἰ.
2028 4098 2326 4170 justilicent
2351 4096 2393 4169 ].
2427 4094 2534 4150 Sed
2566 4093 2816 4162 quamvis
2859 4092 2968 4144 sint
2998 4090 3254 4151 hebetes,
3287 4085 3474 4142 dicere

1873 4209 1982 4249 non
2027 4191 2307 4246 audebunt
2357 4189 2637 4244 Christum
2685 4185 2805 4239 sine
2847 4197 3011 4237 causa
3060 4191 3354 4238 mortuum.
3390 4179 3470 4234 Ad

1873 4286 2195 4357 particulam
2225 4283 2408 4352 itaque
2431 4276 2758 4351 syllogismi,
2789 4290 2910 4344 quae
2936 4274 3023 4329 hic
3047 4274 3388 4343 proponitur,
3423 4272 3474 4326 id

1873 4390 1960 4438 est
1991 4398 2004 4435 :
2040 4380 2100 4436 Si
2126 4379 2262 4434 enim
2294 4395 2384 4447 per
2413 4375 2601 4447 Legem
2624 4372 2867 4447 justitia,
2899 4386 3023 4443 ergo
3053 4367 3291 4423 Christus
3317 4367 3479 4442 gratis

1872 4483 2104 4530 mortuus
2148 4483 2254 4538 est,
2301 4471 2566 4526 debemus
2615 4466 2742 4522 illud
2788 4479 3071 4520 assumere
3101 4463 3242 4532 quod
3274 4477 3472 4518 conseo

1873 4577 2104 4639 quenter
2135 4565 2390 4628 infertur,
2417 4572 2472 4618 et
2500 4561 2685 4631 negari
2710 4576 2818 4614 non
2850 4567 3033 4628 potest
3063 4574 3076 4612 :
3103 4556 3355 4611 Christus
3383 4570 3474 4611 att—

1791 4647 1846 4707 D
1874 4675 1980 4720 tem
2031 4678 2136 4716 non
2169 4669 2252 4714 est
2298 4659 2469 4728 gratis
2515 4666 2796 4717 mortuus;
2838 4663 2892 4707 et
2928 4649 3262 4706 concludere
3307 4648 3474 4703 :Nou

1873 4758 2037 4827 igitur
2065 4769 2162 4823 per
2190 4752 2388 4822 Legem
2414 4747 2650 4819 juStitia.
2683 4746 2977 4816 Hucusque
3007 4753 3198 4800 contra
3228 4741 3473 4806 Petrum,

1875 4865 2018 4904 nunc.
2044 4847 2111 4901 ad
2145 4846 2370 4900 Galatas
2403 4843 2714 4897 revertitur.

1942 4944 2116 5012 (Cap.
2147 4940 2237 4996 Ill.
2271 4970 2342 4980 —
2376 4938 2528 4992 Vers.
2554 4939 2611 4993 'i.
2639 4937 2658 5009 )
2695 4934 2739 4990 0
2776 4934 3036 4989 lnsensati
3085 4931 3325 4997 Galatae,
3358 4931 3476 5000 quis

1862 5055 1950 5093 vos
1980 5037 2261 5106 fascinavit
2285 5034 2312 5072 ἀ
2343 5037 2368 5090 ?
2398 5035 2698 5106 Dupliciter
2721 5035 2809 5088 hic
2838 5035 2988 5088 locus
3010 5030 3244 5099 intelligi
3271 5037 3467 5099 potest.

1865 5131 1968 5187 Vel
2001 5131 2124 5187 ideo
2149 5132 2458 5185 insensatos
2489 5127 2716 5185 Galatas
2747 5126 3076 5197 appellatos,
3110 5138 3137 5175 a
3169 5119 3465 5190 majoribus

1865 5310 2163 5386 liantur_e_x
2195 5310 2423 5386 vulgato
2440 5309 2765 5386 interprete
2794 5308 2985 5386 verba,
3016 5322 3118 5360 non
3141 5305 3350 5386 credere
3377 5319 3462 5386 re;

1861 5383 2003 5436 ritati
2023 5425 2037 5449 ,
2069 5376 2343 5438 Victorius
2373 5381 2579 5452 pridem
2608 5376 2734 5451 jure
2765 5383 2970 5449 optimo
2997 5377 3280 5452 espunxit,
3318 5376 3465 5442 quo'd

1862 5469 1930 5509 ex
1959 5455 2243 5524 ipsiusmet
2271 5449 2591 5524 Hieronymi
2610 5449 2959 5524 expositione
2984 5449 3231 5524 subnexa
3250 5456 3472 5501 constet

1860 5542 1886 5578 a
1917 5520 2402 5592 strprmtertnissa,
2429 5520 2718 5594 propterea
2748 5523 2890 5592 quod
2922 5524 2974 5575 in
2998 5520 3252 5594 Qrigenis
3277 5533 3469 5594 exem-

1862 5588 2105 5666 plaribus
2137 5613 2242 5652 non
2268 5588 2712 5651 inveniebantur.
2753 5588 3472 5666 ldipsumluculentissimc

1858 5662 2145 5723 confirmat
2175 5673 2234 5728 S.
2266 5668 2426 5722 Pater
2454 5668 2590 5722 infra
2618 5714 2630 5734 ,
2661 5667 2784 5719 dum
2813 5664 3030 5729 exponit
3078 5680 3138 5717 ea
3181 5662 3344 5715 verba
3376 5676 3468 5714 ca-

1858 5741 1985 5808 pitis
2014 5744 2186 5808 quinti
2226 5761 2236 5793 :
2273 5741 2573 5794 Currebatis
2604 5740 2724 5791 bene
2761 5753 2778 5789 :
2809 5736 2923 5800 quis
2951 5752 3038 5788 ros
3067 5734 3473 5808 llttprtllvlluvc-

1853 5805 1997 5866 ritati
2027 5805 2129 5866 non
2161 5813 2368 5866 obedire
2389 5813 2414 5864 ?
2442 5811 2595 5864 Adde
2629 5808 2773 5878 quod
2816 5822 2998 5878 neque
3028 5808 3080 5863 iit
3111 5805 3197 5861 his
3217 5850 3230 5874 ,
3265 5805 3474 5877 quibus

1853 5898 1953 5940 nos
1984 5886 2208 5952 utimur,
2236 5899 2366 5944 ntss.
2399 5883 2531 5939 sint.
