3978 6338
242 311 340 373 849

736 304 1393 367 COMMENTARIORUM
1431 301 1498 362 ΙΝ
1536 301 1931 363 EPISTOLAM
1959 306 2053 363 AD
2093 306 2419 379 CALATAS
2456 316 2589 375 LIB.
2623 315 2665 375 Ι.
2708 316 2870 377 CAP.
2910 316 3002 376 Ill.

3418 314 3531 385 550

245 434 349 491 ditu
378 432 518 501 iidei,
551 440 607 488 et
635 439 661 469 η
690 430 917 487 naturali
950 430 1105 500 lege,
1139 443 1259 498 quae
1286 427 1526 499 loquitur
1559 427 1611 481 in
1644 422 1823 482 cordi-
1851 428 1905 492 A
1929 448 2090 501 quem
2139 450 2205 491 ex
2250 436 2395 493 dono
2444 437 2539 493 Dei
2569 439 2980 509 consequimur,
3016 445 3067 491 et
3101 452 3207 493 non
3240 434 3479 493 hominis
3510 456 3525 494 :

245 529 337 585 bus
365 523 588 592 nostris,
620 523 760 578 bona
792 534 1025 595 quaeque
1067 518 1347 584 facienda,
1382 522 1435 574 et
1464 518 1679 573 vitanda
1712 514 1827 575 ina-

244 623 287 679 la
316 638 329 676 :
360 634 451 688 per
490 632 652 689 quam
680 617 884 673 dudum
913 630 1129 688 quoque
1156 613 1455 681 Abraham,
1491 614 1739 685 Moysen,
1770 618 1823 671 et

243 724 453 771 cancros
489 722 710 768 sanctos
733 711 1061 783 justilicatos
1092 704 1401 776 retulimus,
1434 720 1595 779 quam
1626 722 1822 781 augere

243 805 484 875 deinceps
522 812 706 875 potest
751 816 976 875 operum
1017 802 1348 866 observatio,
1397 802 1665 874 Li-gisque
1710 794 1819 875 [At

243 900 385 971 Legis
424 897 663 971 quoque]
701 898 910 970 iustitia
952 906 1111 953 :nuu
1146 907 1328 952 tamen
1374 895 1613 953 carnalis
1664 894 1819 967 legis,

242 1002 351 1067 qute
391 980 677 1065 prmia-iit,
723 992 819 1050 sed
848 991 1171 1064 Spiritualis,
1215 992 1341 1063 quia
1381 990 1490 1047 Lex
1523 990 1821 1062 spiritualis

240 1097 330 1146 est.
356 1086 539 1159 Neque
563 1096 717 1155 vero,
742 1089 866 1160 quia
891 1084 1053 1143 ﬁdem
1085 1086 1447 1157 praeferimus,
1472 1086 1633 1158 [θεῖε
1654 1102 1820 1158 opera

238 1178 551 1240 destruimus
580 1183 760 1253 (Rom.
797 1182 903 1256 ut),
932 1192 1032 1241 nec
1058 1182 1293 1240 diciums
1319 1182 1617 1240 secundum
1660 1198 1823 1254 quos-

238 1276 347 1333 dam
376 1292 391 1331 ε
423 1275 710 1333 Faciamus
747 1274 887 1332 mala
907 1320 921 1343 ,
963 1276 1126 1333 donec
1159 1281 1365 1333 veniant
1403 1278 1533 1333 bona
1565 1278 1818 1351 (quorum

236 1369 497 1425 damnatio
518 1368 668 1440 iusta
696 1368 837 1443 est),
870 1368 965 1425 sed
994 1370 1246 1427 servituti
1275 1371 1503 1443 gratiam
1533 1371 1818 1439 anteponi.

233 1472 363 1520 mus.
417 1462 790 1535 DicitnttSque,
822 1462 965 1535 quod
1014 1464 1190 1521 Judaei
1233 1473 1453 1535 propter
1495 1472 1696 1519 metum
1742 1464 1821 1519 tu-

233 1559 389 1625 ciunt,
420 1557 473 1614 id
507 1573 609 1614 nos
637 1556 818 1615 lacere
848 1568 1075 1631 propter
1098 1558 1447 1617 charitatem.
1473 1557 1603 1615 illos
1628 1572 1817 1615 ξονς-οε

233 1664 360 1718 esse,
403 1666 509 1707 nos
556 1650 701 1707 lilios
735 1670 749 1707 :
782 1650 905 1708 illos
933 1655 1055 1723 cogi
1083 1651 1150 1708 ad
1189 1651 1417 1720 bonum,
1468 1666 1568 1708 nos
1609 1650 1813 1707 bonum

229 1754 404 1814 sponte
433 1741 893 1816 suscipere..Non
925 1741 1093 1816 igitur
1120 1750 1185 1801 et
1229 1745 1334 1801 fide
1362 1738 1565 1801 Christi
1596 1744 1812 1805 licentia

230 1840 464 1894 nascitur
492 1838 880 1909 delinquendi;
909 1839 1005 1894 sed
1035 1856 1103 1893 ex
1135 1838 1431 1895 dilectione
1462 1837 1587 1892 fidei
1620 1836 1812 1893 voluu-
1845 1824 1892 1884 Β

232 1941 299 1987 tas
318 1929 440 1986 boni
472 1931 655 2001 operis
680 1936 927 2002 augetur,
954 1931 1083 1986 dum
1117 1930 1257 1986 bona
1282 1930 1404 1986 ideo
1427 1929 1679 1996 facimus,
1706 1938 1814 1984 non

228 2027 336 2097 quia
356 2025 601 2095 iudicem
633 2025 1009 2091 formidamus,
1040 2024 1135 2081 sed
1162 2024 1284 2095 quia
1306 2025 1508 2079 scimus
1536 2032 1598 2079 ea
1625 2024 1671 2079 ci
1703 2024 1817 2093 pla—

227 2132 337 2177 cere
365 2120 419 2176 in
463 2128 626 2192 quem
656 2118 951 2176 credimus.
989 2120 1210 2189 Quaerat
1258 2118 1549 2191 quispiam,
1590 2116 1636 2173 si
1679 2118 1815 2174 iides

228 2216 322 2272 rion
341 2208 427 2273 est
462 2217 565 2272 nisi
589 2230 655 2272 ex
686 2216 898 2281 auditu,
922 2214 1199 2288 quomodo
1225 2212 1318 2286 qui
1350 2214 1497 2271 surdi
1528 2215 1636 2269 nati
1660 2221 1810 2282 sum,

226 2318 437 2380 possunt
490 2306 607 2365 fieri
655 2306 977 2365 ChriStiani.
1029 2309 1195 2364 Deum
1231 2308 1433 2379 quippe
1478 2306 1694 2363 Patrem
1747 2304 1812 2361 cx’

226 2396 591 2473 magnitudine
630 2411 687 2457 et
734 2400 1139 2473 pulchritudine
1206 2408 1583 2457 creaturarum
1636 2402 1816 2471 potest

222 2496 332 2565 quis
361 2490 698 2567 inieliigere,
731 2504 783 2551 et
814 2509 844 2550 a
890 2492 1298 2551 conditionibus
1336 2494 1590 2550 conditor
1617 2502 1814 2550 conse-

223 2586 444 2659 quent'er
488 2589 826 2659 agnoscitur.
856 2587 1061 2645 Christi
1112 2598 1291 2645 autem
1335 2588 1612 2655 nativitas,
1653 2596 1809 2656 crux,

225 2692 378 2749 mors,
412 2682 770 2750 resurrectio,
813 2678 917 2737 nisi
948 2690 1015 2737 ex
1058 2678 1247 2738 auditu
1286 2682 1411 2738 sciri
1455 2696 1561 2737 non
1611 2686 1806 2752 potest.

223 2775 318 2831 Aut
344 2770 502 2832 surdi
531 2776 697 2848 igitur
724 2774 1022 2833 Christiani
1071 2790 1178 2833 non
1227 2784 1353 2833 sunt
1390 2796 1404 2833 :
1453 2784 1544 2833 aut
1585 2776 1629 2833 si
1659 2770 1809 2832 surdi

223 2876 336 2925 sunt
376 2868 701 2939 Christiani,
753 2866 950 2928 falsum
992 2880 1072 2929 est
1116 2870 1257 2945 quod
1308 2870 1434 2928 alibi
1466 2870 1535 2928 ab
1564 2870 1811 2943 apostolo

224 2958 447 3018 dicitur:
491 2958 681 3036 Itaque
725 2958 854 3034 ﬁdes
884 2983 947 3021 ea:
988 2964 1176 3021 auditu
1207 2981 1226 3022 :
1254 2965 1465 3021 auditus
1507 2974 1679 3021 autem
1722 2980 1812 3038 per

222 3057 419 3111 teritum
448 3052 567 3114 Dei.
600 3054 681 3115 Ad
712 3054 857 3130 quod
884 3058 978 3131 ’qul
1021 3054 1254 3133 simplici
1290 3063 1647 3132 rCSponsioue
1675 3072 1809 3117 cuu-

223 3158 392 3206 lentus
425 3159 531 3233 ρει,
564 3150 721 3221 dicit,
758 3161 865 3209 non
894 3162 1019 3210 eum
1053 3154 1387 3226 generaliter
1415 3152 1641 3221 dixisse,
1678 3150 1809 3209 ﬁdes

1928 525 1997 584 de
2023 540 2129 597 quo
2177 520 2309 585 alibi
2351 530 2649 587 scribitur:
2686 520 3032 604 incorruptus
3081 518 3313 601 Spiritus
3357 518 3431 587 cit
3472 526 3526 586 in

1928 620 2162 675 omnibus
2186 622 2345 695 (Sep.
2378 638 2473 691 xu,
2503 622 2577 692 i).
2613 614 2683 680 Et
2716 641 2729 679 :
2764 622 2887 696 Ipse
2917 612 3150 693 Spiritus
3177 620 3525 679 testimonium

1926 716 2095 769 reddit
2122 708 2234 789 [AL
2265 708 2469 792 reddet]
2498 718 2701 791 spiritui
2730 726 2905 773 nostra
2942 710 3121 790 (Rom.
3159 733 3271 783 vm,
3314 710 3427 795 l6).
3459 712 3525 791 Ei

1926 809 1979 864 in
2011 808 2120 865 alio
2149 800 2271 866 loco
2300 828 2319 867 :
2353 808 2517 867 Nemo
2551 814 2644 867 scit
2677 830 2733 868 ea
2763 830 2877 886 qua!
2901 808 2957 868 in
2982 809 3190 869 homine
3216 808 3337 869 sunt
3361 856 3375 876 ,
3425 812 3530 870 nisi

1925 900 2137 973 spiritus
2179 898 2407 958 hominis
2453 905 2541 975 qui
2570 914 2643 983 est
2673 905 2725 960 in
2757 923 2812 961 eo
2854 896 2897 978 (l
2931 906 3049 961 Cor.
3099 921 3159 973 tt,
3358 898 3421 963 Ει
3469 908 3525 964 in

1928 992 2150 1051 Daniele
2184 1009 2201 1049 :
2228 984 2545 1062 Henedicite,
2574 992 2792 1069 spiritus
2814 1004 2858 1054 et
2880 996 3067 1055 anima!
3090 994 3376 1075 justorum,
3413 988 3521 1054 Do-

1925 1086 2120 1141 minum
2146 1080 2312 1156 (Dan.
2338 1096 2421 1155 ill,
2453 1082 2569 1161 86).

1995 1172 2179 1252 (Vers.
2205 1174 2285 1251 3.)
2314 1178 2406 1239 Sic
2433 1180 2584 1239 .qu
2607 1180 2751 1255 estis,
2781 1194 2838 1240 ut
2857 1190 2975 1240 cum
3009 1176 3217 1256 Spiritu
3243 1180 3523 1257 cmperitis,

1924 1284 2059 1329 nunc
2083 1288 2238 1331 carne
2264 1274 2736 1333 consutmuemini?
2764 1270 2820 1333 Si
2850 1276 3099 1335 Sanetum
3140 1274 3400 1349 Spiritum
3432 1274 3523 1335 ac-

1923 1376 2182 1440 ceperant
2216 1364 2446 1439 Galatae,
2479 1366 2752 1441 quomodo
2782 1366 2935 1428 stulti
2960 1364 3151 1428 erant?
3186 1366 3386 1429 Verum
3414 1364 3525 1428 sia-

1923 1460 2015 1519 tim
2044 1462 2295 1527 solvitur,
2326 1464 2561 1537 cmpisse
2591 1466 2812 1537 quidem
2838 1474 2930 1521 cos
2964 1460 3249 1538 Spiritum,
3282 1458 3377 1522 scd
3399 1454 3524 1523 cuti)

1919 1570 2089 1612 carne
2117 1566 2655 1628 consummarentur,
2682 1554 2944 1629 Spiiitutn
2976 1552 3045 1615 ab
3070 1560 3149 1615 eis
3183 1552 3357 1615 falsae
3386 1556 3521 1616 sub-

1921 1648 2110 1704 latum.
2148 1642 2301 1706 Unde
2338 1650 2456 1706 sine
2481 1664 2644 1707 causa
2686 1646 2827 1723 passi
2860 1652 2985 1708 s‘uut
3023 1642 3169 1708 tanta
3213 1648 3334 1723 quae
3400 1634 3528 1723 nisi

1921 1734 2066 1800 sunt.
2100 1743 2258 1803 Quod
2299 1762 2368 1802 ne
2411 1742 2517 1802 sibi
2570 1750 2689 1803 oost
2722 1753 2999 1803 peccatum
3044 1736 3315 1803 ereni'ret.
3353 1656 3523 1803 rimi

1918 1734 2066 1800 sunt.
2100 1743 2258 1814 Quod
2299 1762 2368 1802 ne
2411 1742 2517 1802 sibi
2570 1716 2999 1817 post'peccatum
3044 1716 3315 1814 ereni'r-et,

1920 1844 2198 1913 precatur,
2229 1839 2418 1897 dicens
2444 1858 2457 1896 :
2491 1838 2750 1914 Spiritum
2778 1854 3015 1897 sanctum
3045 1852 3191 1897 tuum
3222 1856 3284 1897 ne
3311 1836 3521 1915 auferai

1919 1951 1951 1990 a
1976 1950 2054 1989 me
2078 1926 2196 2006 (Ps.
2222 1944 2273 2003 ι,
2304 1932 2415 2009 i3).
2456 1932 2755 2009 Diligenter
2786 1929 3055 1995 attendite
3088 1930 3229 2010 quod
3258 1937 3347 2010 Qui
3377 1928 3527 2017 Seri-

1921 2026 2278 2100 pturasjuxu
2305 2028 2541 2086 litteram
2566 2032 2837 2103 sequitur,
2858 2026 3229 2089 consummari
3254 2048 3416 2090 carne
3444 2020 3527 2088 di-

1918 2128 2091 2181 catur.
2119 2122 2485 2191 Quamobrem
2512 2116 2644 2180 illud
2664 2118 2807 2198 quod
2832 2123 2899 2180 ad
2920 2116 3231 2181 Corinthios
3254 2108 3515 2198 sciipiuni

1917 2220 2001 2269 εει
2029 2230 2043 2268 :
2075 2213 2141 2268 In
2171 2224 2323 2271 came
2358 2216 2603 2284 viventes,
2647 2230 2749 2271 non
2783 2214 2945 2290 juxta
2988 2230 3198 2271 carnem
3234 2204 3523 2274 mili/antu?

1921 2307 1987 2379 (ll
2019 2300 2138 2364 Cor.
2185 2312 2238 2375 ἡ,
2268 2300 2349 2380 5),
2379 2308 2571 2364 melius
2601 2308 2677 2365 sic
2707 2302 2934 2380 intelligi
2966 2314 3164 2378 potest,
3197 2294 3252 2363 tit
3294 2298 3345 2363 hi
3378 2294 3519 2364 luiIi-l

1918 2408 2035 2455 tare
2063 2400 2316 2456 dicantur
2348 2400 2401 2456 in
2429 2394 2614 2467 carne,
2643 2402 2735 2473 qui
2774 2408 2929 2458 vetus
2961 2396 3368 2458 Testamentum
3412 2386 3516 2457 hli-

1918 2495 2120 2551 militer
2138 2494 2470 2550 edisseruut.
2497 2494 2598 2563 Qui
2623 2510 2754 2569 vero
2776 2505 3078 2567 sequuntur
3100 2484 3514 2565 intelligentiam

1917 2582 2281 2659 spirianlem,
2308 2578 2416 2643 sint
2440 2585 2657 2659 quidem
2686 2586 2739 2644 in
2771 2604 2957 2657 carne,
2982 2580 3106 2662 quia
3136 2582 3387 2646 eamdem
3421 2589 3517 2645 lia-

1918 2682 2081 2738 beant
2114 2678 2349 2738 litteram
2373 2678 2534 2757 ‘21
2564 2694 2724 2755 quam
2747 2672 2943 2752 iudici,
2978 2672 3073 2739 Sed
3098 2690 3205 2738 nun
3226 2672 3378 2754 iusta
3397 2668 3523 2739 cara

1918 2786 2040 2836 nem
2084 2778 2342 2846 militent,
2377 2794 2405 2832 a
2436 2792 2603 2835 carne
2646 2774 2712 2834 ad
2745 2779 2997 2851 spiritum
3040 2768 3513 2837 trauScendcntes.

1917 2871 2143 2941 Quando
2176 2866 2423 2929 videritis
2454 2882 2576 2927 eum
2614 2870 2705 2942 qui
2738 2868 2974 2943 primum
3005 2864 3178 2928 credit
3229 2864 3297 2929 ei
3328 2862 3520 2929 Centi-

1916 2964 2039 3031 bus,
2087 2970 2143 3019 et
2186 2964 2252 3019 ad
2290 2960 2498 3019 Christi
2544 2968 2784 3019 aratrum
2832 2963 3003 3020 mittit
3038 2976 3279 3034 manum,
3311 2958 3516 3037 prserio

1916 3060 2101 3131 aliquo
2128 3058 2355 3115 dactore
2387 3058 2677 3130 prudente,
2702 3058 2781 3114 sic
2806 3068 2901 3130 per
2924 3058 3083 3131 Legis
3111 3054 3216 3115 iter
3240 3054 3309 3115 ad
3339 3048 3517 3115 iisan-

1916 3154 2114 3225 gelium
2148 3166 2379 3225 pergere
2400 3194 2414 3218 ,
2447 3159 2509 3208 ut
2536 3153 2720 3208 omnia
2750 3150 2837 3208 illa
2870 3162 2991 3224 Qua:
3022 3150 3095 3208 ibi
3135 3144 3334 3223 scripta
3368 3154 3517 3225 sunt;

224 3248 457 3304 omnium
483 3232 553 3304 ex
577 3246 767 3304 auditu
796 3254 909 3317 est;
940 3246 1035 3308 sed
1076 3244 1209 3308 fides
1238 3269 1303 3308 ex
1334 3244 1546 3322 auditu,
1585 3253 1724 3325 Quod
1757 3252 1810 3307 et
1835 3228 1882 3290 C
1914 3247 1983 3304 de
2014 3248 2263 3315 sabbato,
2299 3245 2369 3303 de
2405 3247 2632 3319 azymis,
2660 3246 2731 3303 de
2760 3245 3184 3303 circumcisione
3210 3289 3223 3312 ,
3256 3248 3325 3303 de
3355 3238 3515 3303 victi;

224 3339 271 3394 in
302 3344 473 3410 parte,
540 3346 594 3397 et
635 3340 687 3399 in
732 3344 846 3398 toto
880 3342 1051 3416 accipi
1103 3353 1328 3417 potest:
1378 3361 1567 3403 eorum
1600 3346 1811 3403 scilicet

226 3432 346 3490 fides
376 3448 445 3491 ex
466 3428 679 3505 auditu,
706 3438 796 3508 qui
820 3426 1070 3505 audiunt,
1094 3438 1192 3511 qui
1220 3439 1466 3498 credUnt.
1499 3441 1602 3511 Qui
1626 3448 1807 3498 autem

223 3524 334 3583 huic
358 3527 387 3567 δ
422 3528 681 3599 scrupulo
712 3526 1029 3587 satisfacere
1057 3536 1307 3603 conatur,
1344 3534 1493 3602 prius
1520 3526 1652 3589 illud
1687 3540 1806 3590 ten-

226 3620 341 3677 tabit
364 3618 635 3693 asserere,
682 3616 827 3695 quod
854 3618 1078 3681 nutibus
1301 3632 1515 3699 quoque
1542 3626 1597 3683 et
1624 3627 1808 3699 quoti-

226 3708 363 3769 diana
389 3712 831 3784 conversatione,
860 3720 914 3773 et
945 3722 1003 3774 ut
1033 3710 1106 3773 ita
1137 3716 1391 3785 dixerim,
1427 3712 1590 3775 totius
1610 3734 1807 3790 corpo-

227 3806 294 3862 ris
332 3808 587 3881 loquente
633 3804 829 3880 gestu”,
870 3799 1021 3867 eurdi
1053 3808 1284 3884 poSsunt
1315 3804 1669 3883 Evangelium
1720 3810 1805 3866 dio

227 3892 363 3958 acere
393 3920 407 3958 :
435 3896 635 3959 deiiide
672 3896 838 3959 etiam
868 3894 1169 3976 h0c,‘quod
1201 3902 1299 3961 Del
1338 3912 1522 3961 sermo
1553 3904 1639 3959 eui
1668 3901 1806 3960 nihil

228 3992 427 4053 surdum
456 3996 563 4065 est,
594 3990 663 4065 ad
693 4012 788 4054 eas
819 3996 992 4071 magis
1020 3996 1275 4069 loquatur
1301 4006 1479 4068 aures,
1512 3994 1582 4055 de
1610 3998 1806 4071 quibus

228 4094 277 4144 et
299 4091 403 4160 ipse
436 4092 513 4147 ait
558 4082 615 4147 in
654 4078 989 4163 Evangelia:
1025 4082 1125 4160 Qui
1158 4089 1311 4147 Itabei
1339 4108 1491 4148 aures
1528 4086 1799 4159 audiendi,

230 4186 389 4240 audiat
426 4183 581 4258 (Lac.
612 4200 740 4251 vui,
786 4178 863 4257 8).
909 4184 975 4243 Et
1017 4187 1069 4242 in
1104 4184 1475 4261 Apocalypsi:
1514 4182 1615 4257 Qui
1652 4187 1806 4241 habet

230 4294 380 4333 aurem
403 4320 416 4345 ,
443 4268 626 4335 audiat
656 4274 786 4352 quid
814 4268 1029 4353 spiritus
1067 4280 1209 4337 dicat
1238 4276 1487 4336 Ecclesiis
1512 4280 1696 4354 (Apoc.
1736 4294 1798 4347 tt,

234 4374 324 4447 ll).
370 4374 435 4432 Et
487 4362 659 4433 isaias
706 4394 719 4432 :
772 4370 1029 4432 Dominus
1083 4374 1289 4430 addidit
1336 4370 1467 4429 mihi
1508 4377 1801 4431 auriculam

234 4462 365 4543 (luti.
403 4487 483 4538 τι,
517 4454 589 4529 33
620 4478 667 4526 et
710 4456 828 4542 35).
864 4460 971 4527 lste
1011 4472 1099 4528 est
1136 4471 1276 4527 alius
1309 4464 1494 4539 homo,
1538 4468 1625 4528 eui
1658 4472 1802 4529 Deus

232 4559 443 4633 loquitur
469 4558 522 4621 in
562 4564 801 4629 occulto,
836 4558 926 4636 qui
954 4564 1150 4621 clamat
1180 4565 1233 4621 in
1265 4567 1430 4622 corde
1476 4566 1748 4624 credentis
1784 4587 1796 4623 :

1914 3340 2041 3407 mis,
2075 3336 2236 3411 digne
2260 3339 2373 3395 Deo
2405 3338 2697 3412 intelligat,
2723 3348 2778 3396 et
2799 3338 3062 3411 deinceps
3086 3350 3207 3411 post
3234 3332 3515 3413 Evangelii

1912 3434 2207 3493 lectionem
2236 3444 2264 3490 a
2288 3433 2479 3491 Judaeo
2508 3435 2711 3506 aliquo,
2742 3442 2836 3491 aut
2862 3433 3173 3493 Judmorum
3204 3434 3354 3491 socio
3390 3436 3514 3505 per-

1912 3524 2156 3595 suaderi.
2180 3536 2235 3586 ut
2260 3531 2485 3588 umbras
2509 3530 2565 3586 et
2591 3528 2863 3603 allegoria:
2886 3532 3071 3587 nubila
3096 3524 3507 3603 derelinquens,

1909 3626 1989 3682 sic
2025 3620 2336 3696 Scripturas
2368 3622 2769 3697 interpretetur
2794 3672 2807 3695 ,
2858 3634 2915 3681 ut
2955 3626 3175 3695 scripta:
3220 3628 3345 3683 sunt
3381 3634 3393 3679 :‘
3444 3616 3514 3681 de

1911 3718 2014 3774 hoc
2052 3716 2284 3787 potestis
2321 3716 2505 3774 dicere
2539 3735 2552 3773 :
2585 3710 2677 3775 Sic
2706 3719 2909 3775 stultus
2939 3733 3019 3783 es,
3057 3720 3117 3773 ut
3156 3722 3278 3775 eum
3316 3706 3513 3790 spiritu

1909 3810 2166 3880 cameris,
2196 3818 2343 3867 nunc
2369 3818 2537 3868 carne
2562 3810 2997 3868 consummeriSY

1982 3904 2165 3980 (Vers.
2195 3906 2276 3976 4.)
2308 3900 2478 3961 Tanta
2534 3898 2675 3979 passi
2718 3905 2839 3959 estis
2886 3902 2999 3960 sine
3053 3920 3230 3969 causa,
3262 3902 3309 3958 si
3339 3913 3513 3959 tamen

1908 3998 2019 4054 sine
2044 4008 2218 4054 causa.
2251 3994 2678 4055 Consideremus
2728 3996 2973 4053 infelices
3023 3988 3266 4062 Judzeos‘,
3299 4004 3503 4066 quanta

1909 4094 2299 4165 Superstitione
2341 4098 2393 4149 et
2444 4086 2849 4149 observutloms’
2899 4084 3083 4146 lahore
3129 4090 3313 4146 vivant
3360 4082 3506 4147 inter

1906 4196 2136 4244 caeteras
2156 4184 2429 4253 nationes,
2458 4178 2726 4252 dicentes,
2755 4192 2823 4241 ne
2857 4182 3119 4257 tetigeris,
3152 4200 3219 4240 ne
3249 4178 3506 4263 gustnreg

1908 4280 2003 4349 ris,
2026 4294 2094 4335 ne
2119 4279 2523 4347 attrectaveris,
2546 4282 2598 4335 ct
2628 4272 2978 4347 probabimus
3008 4286 3196 4334 verum
3218 4272 3338 4333 esSe
3360 4270 3508 4349 quod

1906 4372 2105 4430 dicitur
2131 4392 2143 4427 :
2170 4369 2344 4427 Tanta
2379 4366 2525 4441 passi
2546 4368 2668 4428 estis
2696 4372 2807 4427 sine
2828 4368 3023 4437 causa:
3058 4371 3155 4427 s‘ed
3182 4387 3288 4427 non
3318 4360 3503 4427 statim

1904 4468 1971 4523 ad
2004 4482 2098 4523 eos
2156 4465 2428 4523 sententia
2464 4466 2819 4538 temperatur,
2846 4471 2902 4523 et
2945 4456 3107 4521 dubia
3137 4458 3215 4531 iit,
3258 4456 3305 4519 s'i
3331 4458 3505 4518 tamen

1904 4563 2014 4617 sine
2034 4574 2190 4615 causa
2221 4572 2240 4616 :
2273 4556 2393 4630 quia
2426 4559 2496 4615 de
2524 4556 2606 4615 his
2630 4556 2850 4625 dicitur,
2878 4558 2967 4629 qui
3000 4566 3226 4628 possunt
3257 4568 3376 4629 post
3402 4546 3507 4613 Le-

234 4627 368 4725 Δάνα,
396 4655 552 4735 Pater
571 4652 754 4733 (Rom.
782 4627 899 4722 illi,
934 4654 1020 4732 i3)
1052 4676 1065 4715 :
1096 4669 1151 4715 et
1173 4660 1252 4731 (ut
1282 4652 1599 4732 frequenter
1624 4678 1798 4733 expo-
1825 4627 1882 4688 D
1906 4663 2027 4728 geni
2052 4654 2118 4711 ad
2146 4627 2495 4725 Evan'gelium
2516 4652 2734 4709 reverti.
2753 4627 2942 4709 Melius
2968 4660 3146 4707 autem
3175 4627 3507 4722 sic—intelligi

232 4750 428 4824 animus)
452 4750 731 4821 quomodo
753 4769 955 4824 corpus
987 4753 1167 4809 omnia
1201 4756 1468 4821 membra,
1502 4765 1556 4813 et
1605 4772 1800 4815 sensus

234 4835 369 4897 habet
404 4863 415 4899 :
448 4846 515 4900 ita
547 4840 791 4901 animam
824 4853 1041 4920 quoque
1077 4844 1368 4903 universos
1412 4852 1467 4905 et
1499 4862 1716 4914 sensus,
1749 4858 1803 4907 et

232 4928 437 5013 membra
485 4939 713 5010 habere,
770 4951 796 4981 ⁸
846 4949 901 4998 et
953 4934 1097 4998 inter
1143 4946 1343 4999 caetera
1382 4958 1544 4999 aures
1584 4936 1806 5034 etiam:

230 5045 338 5101 quas
365 5034 451 5104 qui
482 5032 755 5102 habuerit,
786 5030 895 5089 non
921 5050 1257 5107 magnopere
1290 5034 1557 5108 indigebit
1589 5037 1672 5092 his
1702 5030 1802 5094 au;

228 5124 348 5180 ribus
366 5125 604 5200 corporis
624 5128 689 5182 ad
715 5122 918 5183 Christi
946 5126 1311 5199 Evangelium
1336 5131 1799 5200 cognoscendum.

192 5204 195 5211 “
226 5204 565 5291 simulantem
604 5223 776 5276 etiam
811 5212 943 5275 illud
980 5221 1279 5289 attendite,
1329 5220 1475 5294 quod
1513 5222 1599 5279 hic
1632 5222 1805 5295 Spiri-

225 5314 293 5367 tus
324 5312 514 5386 absque
566 5313 681 5369 ullo
720 5306 1092 5370 additamento
1148 5313 1385 5372 Sanctus
1438 5310 1796 5391 intelligatur,

266 5449 305 5522 f
341 5442 457 5515 Legi
492 5445 716 5522 Naturae
755 5445 847 5505 hic
896 5446 1020 5515 plus
1061 5447 1235 5522 justo
1250 5448 1497 5522 tribuere
1542 5450 1795 5509 videatur

226 5507 554 5592 iheronimus
580 5535 594 5573 :
624 5518 713 5592 qui
743 5532 849 5572 non
879 5507 964 5592 est
988 5507 1161 5573 tamen
1190 5520 1297 5574 alio
1324 5535 1492 5575 sensu
1520 5507 1795 5592 accipien-

219 5581 331 5662 dtts,
357 5578 506 5662 quam
542 5578 653 5655 quo
681 5584 732 5644 ii
765 5604 885 5656 cap.
920 5578 1072 5643 Ῐςειῐςν
1114 5607 1256 5650 xxn',
1295 5592 1348 5657 ii,
1392 5592 1577 5646 scribit
1607 5636 1618 5653 ,
1641 5578 1795 5656 ira:-

218 5660 317 5735 tuia
350 5660 656 5735 adepturus,
699 5664 1121 5735 quiuatuvalcm
1161 5667 1357 5731 Legem
1404 5670 1791 5721 scrvneriut:

218 5681 317 5707 una
350 5681 584 5731 sumpturi
607 5681 656 5727 ε,
699 5681 787 5731 qut
820 5681 1121 5715 Imunatem
1161 5681 1357 5731 Legem
1404 5681 1749 5721 scrvnermt
1780 5686 1791 5721 :

216 5728 261 5808 gl
297 5681 627 5808 innfrreeuicl.
663 5746 760 5808 at},
793 5732 858 5808 i7
885 5752 896 5785 :
923 5733 1259 5808 Contlemnari
1289 5752 1379 5787 uos
1409 5741 1798 5808 contpn'utioue‘

216 5790 479 5877 ϐεηιίἂὴηέ
496 5844 509 5864 ,
536 5804 621 5880 ΔΛεξ
660 5790 759 5858 λιιί
792 5803 954 5880 [tege
978 5806 1182 5880 faciant
1242 5810 1467 5862 naturali
1488 5851 1501 5873 ,
1525 5790 1651 5880 'rqua
1702 5790 1798 5864 nos

229 5876 397 5941 scripta
433 5876 762 5952 iugtigimus.
808 5876 1188 5939 Confe’reudus
1235 5876 1590 5955 Augustinus,
1637 5883 1797 5956 cujus

1908 4754 2108 4822 potest,
2139 4746 2283 4819 quod
2331 4746 2571 4818 primum
2624 4747 2914 4803 credentes
2961 4738 3169 4803 Galatae
3223 4745 3274 4800 in
3306 4738 3507 4801 Crucia

1911 4842 2103 4913 fixum,
2137 4854 2190 4899 et
2222 4854 2249 4897 a
2292 4838 2520 4910 Judzcis,
2562 4845 2615 4897 et
2642 4856 2671 4897 a
2699 4838 2951 4913 gentibus
2987 4836 3285 4912 Opprobria
3334 4828 3509 4894 multa

1914 4940 2162 5010 perpessi
2197 4938 2327 5003 sint,
2360 4936 2770 5007 persecutiones
2809 4950 2914 4994 non
2949 4932 3200 4993 minimas
3229 4936 3512 4992 susunue-

1914 5031 2042 5087 rint.
2074 5024 2218 5100 Quas
2274 5030 2470 5087 frustra
2522 5036 2823 5100 arguuntur
2876 5026 3045 5086 fuisse
3094 5022 3376 5101 perpessi,
3410 5018 3509 5083 sia

1913 5125 2088 5198 gratia
2116 5118 2321 5181 Christi
2345 5122 2626 5187 recedant,
2653 5132 2877 5195 propter
2898 5118 3058 5195 quam
3084 5131 3228 5178 tanta
3260 5112 3508 5192 perpessi

1909 5232 2057 5279 Sunt.
2094 5214 2270 5280 Simul
2298 5224 2350 5278 et
2381 5216 2409 5259 ά
2440 5218 2528 5275 illa
2556 5214 2866 5291 spes,quod
2896 5218 3221 5291 quicumque
3245 5215 3314 5271 ob
3340 5208 3503 5271 Chri-

1907 5317 1976 5374 sti
2000 5313 2162 5373 lidem
2184 5310 2539 5382 laboraverit,
2566 5316 2621 5370 et
2643 5323 2833 5386 pustea
2864 5310 3051 5384 iapsus
3083 5304 3245 5365 fuerit
3288 5304 3341 5362 in
3378 5310 3508 5378 pec-

1901 5466 2110 5511 summa
2125 5452 2191 5522 in
2223 5450 2323 5517 hac
2352 5452 2661 5522 qumstione
2701 5452 3133 5522 auctoritasest
3143 5449 3236 5503 lib.
3271 5446 3339 5522 de
3379 5449 3505 5522 Spi—

1902 5525 1993 5578 rit.
2029 5536 2081 5579 et
2114 5512 2341 5595 Littera.
2370 5512 2494 5592 cap.
2520 5514 2663 5595 uin
2689 5532 2743 5595 et
2764 5533 2982 5595 chq.ct
3010 5520 3068 5576 S.
3096 5512 3505 5593 Fulgentius'de

1899 5595 2177 5651 lucarnat.
2212 5604 2265 5649 et
2295 5588 2477 5648 Gratia
2509 5588 2737 5659 Christi,
2770 5588 2895 5661 cap:
2923 5600 3069 5647 x‘m.

1973 5665 1999 5705 δ
2031 5668 2081 5720 In
2117 5684 2220 5718 uno
2256 5666 2449 5733 Pal:tt.,
2477 5667 2897 5736 st‘rnpttiusifttie.i
2952 5666 3140 5736 facere.

1976 5746 1998 5807 ξ
2032 5739 2182 5807 ΑυηιΙ
2211 5736 2529 5804 Victorium,
2558 5736 2771 5807 legimus
2802 5744 2847 5789 et
2872 5738 3005 5790 inter
3035 5749 3242 5800 cratera,
3271 5746 3377 5807 etc.

1973 5801 2208 5937 ddPi‘qes
2257 5801 2808 5877 Victoriumfsimui
2868 5817 2917 5865 ct
2959 5808 3046 5865 hic
3094 5804 3496 5886 aspiciendam,

1973 5897 2001 5938 ο
2045 5922 2061 5938 .
2086 5896 2117 5938 e
2142 5894 2192 5938 ο.

1900 5896 2061 5956 quoa,
2086 5896 2192 5939 etc.
2244 5955 2248 5958 ~
