3978 6338
429 337 537 408 85!

436 558 568 617 dum
603 576 809 631 peccat,
841 564 920 619 sic
952 580 1163 620 rursum
1196 583 1301 621 non
1329 568 1522 638 perdat
1548 585 1631 633 ea,
1657 570 1704 625 si
1734 571 1800 625 ad
1851 572 2015 629 orig}

437 666 562 709 nam
588 655 747 710 ﬁdem
779 668 833 712 et
861 656 926 711 ad
958 658 1240 728 antiquum
1281 660 1523 715 studium
1573 670 1899 719 revertatur.
1923 666 2035 720 Ait-

437 752 562 802 ter:
593 744 650 801 Si
682 749 1182 817 circutncisionem,
1213 751 1403 823 inquit,
1446 755 1648 824 putatis
1695 755 2029 826 sequendam

437 855 562 897 esse
592 854 716 914 anL
744 843 974 915 gratiam
1011 863 1022 899 :
1056 860 1190 916 ergo
1223 862 1398 918 usque
1447 847 1514 904 ad
1545 863 1789 921 prmseus
1820 860 2033 921 tempus

434 935 557 993 sine
585 937 1005 996 circumcisiOue
1028 942 1298 1011 viventes,
1335 943 1516 999 omnia
1549 960 1673 1015 quae
1699 944 1846 1017 passi
1875 947 2030 1013 estis,

434 1029 493 1086 in
520 1030 737 1087 irritum
766 1041 894 1087 sunt
921 1033 1178 1091 deducta.
1215 1036 1346 1104 Quae
1374 1038 1592 1108 quidem
1618 1038 1749 1093 mihi
1775 1039 2031 1096 videmini

436 1139 546 1181 non
576 1124 782 1182 frustra
813 1127 1169 1194 sustinuisse,
1197 1131 1286 1201 qui
1337 1133 1449 1187 scio
1472 1132 1671 1203 Legem
1702 1144 1823 1204 post
1854 1135 2034 1190 Evan-

434 1216 638 1289 gelium
671 1234 780 1275 non
828 1221 1033 1277 valere.
1091 1222 1190 1278 Vel
1242 1234 1395 1280 certe
1422 1225 1688 1281 sic:Non
1738 1226 1855 1282 leve
1913 1237 2031 1284 erat

435 1311 739 1383 damnum,
758 1315 803 1369 si
831 1314 1306 1373 circumcisionem
1335 1330 1653 1389 sequentes,
1688 1329 1894 1377 tantum
1918 1324 2033 1392 pri-

435 1403 642 1461 stinum
683 1406 811 1463 ﬁdei
864 1408 1241 1479 perdidissetis
1285 1411 1528 1468 laborem
1562 1430 1575 1467 :
1611 1431 1751 1471 nunc
1799 1432 1934 1471 vero
1964 1416 2032 1471 ad

435 1497 541 1556 hoc
563 1499 955 1558 detrimentum
977 1504 1140 1560 etiam
1171 1506 1640 1575 praevaricationis
1671 1524 1830 1575 poena
1857 1509 2036 1566 socia-

436 1600 550 1663 tur,
580 1600 639 1647 ιιι
668 1603 723 1649 et
753 1596 1027 1664 praeterita
1077 1598 1195 1653 sine
1247 1614 1410 1654 causa
1459 1603 1701 1671 perpessi
1732 1601 1868 1667 sitis,
1903 1614 1959 1660 et
1979 1604 2031 1659 iu

434 1682 600 1758 422
622 1684 809 1742 futuro
830 1688 1178 1745 cruciemini.
1219 1691 1452 1761 Quidam
1486 1695 1730 1751 coactius
1775 1695 1848 1750 ita
1879 1696 2035 1753 intel-

432 1776 611 1849 ligunt
642 1797 655 1833 :
688 1777 1047 1839 Considerate
1076 1784 1366 1856 pristinam
1426 1789 1617 1858 gratia:
1647 1789 1951 1846 libertatem
1982 1801 2036 1846 et

434 1873 729 1943 praesentis
760 1889 926 1932 onera
955 1878 1359 1936 observationis
1410 1883 1460 1936 iu
1494 1883 1660 1955 Lege,
1700 1894 1753 1943 et
1783 1885 2033 1940 videbitis
2066 1889 2110 1949 Β

436 1978 601 2036 quam
630 1969 802 2022 multa
837 1984 996 2026 casso
1025 1971 1213 2027 studio
1260 1974 1542 2030 feceritis:
1579 1977 1706 2032 licet
1741 1994 1847 2034 non
1883 1979 2036 2048 peni-

438 2066 531 2114 tus
552 2058 762 2116 fructus
790 2065 1000 2119 erroris
1031 2065 1188 2121 istius
1235 2068 1614 2139 desperandns
1642 2073 1736 2139 sit,
1760 2074 1885 2128 dum
1916 2074 2036 2128 zelo

440 2150 539 2209 Dei
564 2154 634 2210 ad
660 2156 764 2212 hoc
800 2158 978 2229 ipsum
1026 2162 1165 2218 estis
1203 2163 1446 2220 adducti.
1477 2164 1859 2235 lgnorantibus
1886 2170 2035 2226 enim

432 2244 662 2302 concedi
729 2249 890 2305 venia
927 2260 1141 2319 patest,
1205 2253 1253 2309 si
1319 2254 1385 2311 ad
1452 2257 1675 2312 meliora
1732 2262 2033 2327 conversi,

437 2337 725 2398 scientiam
782 2343 838 2401 in
886 2345 1042 2404 vobis
1100 2349 1342 2406 doceatis
1388 2351 1714 2423 ﬁuctuasse,
1774 2372 1884 2412 non
1917 2366 2034 2412 stu-

438 2428 614 2489 dium.

510 2526 692 2601 (Vers.
725 2530 807 2605 5.)
842 2531 948 2602 Qui
966 2551 1092 2608 ergo
1114 2537 1292 2593 tribuit
1313 2540 1452 2595 vobis
1475 2542 1738 2613 spiritum,
1764 2556 1810 2599 et
1852 2562 2041 2618 apera-

440 2626 525 2673 εω-
552 2620 761 2678 virtutes
783 2624 837 2679 in
875 2626 1037 2695 vobis,
1083 2645 1146 2682 ea:
1171 2630 1410 2705 operibus
1463 2633 1635 2706 Legis,
1669 2653 1737 2689 an
1758 2654 1824 2692 ea:
1852 2639 2040 2693 auditu

436 2711 562 2783 ﬁdei
573 2715 598 2770 7
623 2712 846 2786 Tribuit,
874 2717 979 2775 hoc
1010 2730 1114 2783 est.
1139 2723 1495 2793 administrat,
1514 2735 1805 2797 praesentis
1832 2742 2040 2803 tempo-

436 2808 517 2865 ris
537 2819 622 2867 est
649 2812 936 2885 legendum
968 2834 983 2884 ;
1018 2830 1077 2873 ut
1110 2823 1435 2877 oswndatur
1478 2839 1574 2893 per
1596 2825 1841 2896 singulas
1873 2830 2039 2884 horas

436 2915 605 2980 atque
660 2925 933 2970 momenta
990 2931 1209 2987 semper
1236 2918 1415 2989 dignis
1461 2931 1710 2977 sanctum
1770 2922 2034 2994 Spiritum

440 3002 741 3062 ministrari
772 3024 787 3074 ;
819 3018 875 3065 et
913 3023 1114 3081 quanto
1141 3015 1265 3081 quis
1311 3014 1365 3069 iu
1427 3015 1519 3072 Dei
1553 3031 1718 3085 opere
1748 3028 1805 3073 et
1852 3035 2041 3076 amore

437 3097 759 3171 profecerit,
794 3112 947 3159 tanto
996 3106 1166 3174 magis
1191 3108 1365 3164 sancti
1396 3109 1632 3181 Spiritus
1660 3111 1714 3165 iu
1747 3127 1807 3167 se
1838 3113 2040 3168 habere

437 3191 697 3261 virtutes,
722 3212 858 3264 quas
884 3197 1107 3255 auditus
1138 3201 1285 3270 tidei,
1307 3213 1363 3257 et
1392 3219 1497 3258 non
1528 3203 1687 3276 Lrgis
1708 3220 1875 3276 opera
1908 3222 2041 3262 con-

439 3296 738 3342 summant.
768 3287 887 3344 Non
918 3304 1026 3360 quo
1058 3290 1216 3361 Legis
1248 3309 1410 3364 opera
1466 3297 1875 3352 contemnenda
1905 3298 2035 3361 sint.
2068 3279 2114 3343 (ἶ

440 3386 497 3434 et
521 3378 728 3451 absque
749 3381 828 3437 cis
856 3383 1085 3451 simplex
1132 3385 1265 3441 ﬁdes
1293 3390 1631 3459 appetenda;
1661 3392 1755 3448 sed
1788 3409 1898 3464 quo
1923 3395 2038 3463 ipsa

438 3485 607 3542 opera
639 3470 746 3529 ﬁde
767 3472 967 3530 Christi
992 3477 1354 3534 adorneutur.
1374 3482 1524 3536 Scita
1539 3492 1620 3537 est
1640 3485 1783 3540 enim
1812 3486 2038 3556 sapien-

435 3561 510 3618 tis
531 3562 632 3618 viri
653 3563 745 3620 illa
773 3568 1069 3638 sententia,
1102 3589 1122 3623 ι
1156 3572 1275 3629 Non
1303 3573 1520 3630 ﬁdelem
1544 3576 1730 3632 vivere
1756 3594 1825 3634 ex
1869 3579 2039 3650 juSli-

439 3654 538 3721 tia,
572 3656 668 3715 sed
688 3657 900 3729 justum
929 3678 996 3719 ex
1037 3664 1161 3721 tide.
1196 3686 1215 3720 ι
1248 3668 1423 3725 Simul
1447 3670 1757 3727 ostenditur
1794 3673 2038 3743 Galatas,

442 3760 669 3821 accepto
719 3765 842 3825 post
874 3755 1037 3813 ﬁdem
1089 3770 1280 3818 sancto
1332 3763 1560 3835 Spiritu,
1613 3766 1755 3821 dona
1789 3766 2042 3826 habuisse

441 3842 726 3910 virtutum,
760 3845 813 3901 id
850 3859 954 3914 est,
1014 3851 1359 3924 prophetiam
1388 3900 1403 3925 ,
1459 3871 1662 3925 genera
1708 3857 2039 3929 linguarum,

441 3934 760 3993 morborum
790 3941 1128 4011 curationes,
1153 3954 1208 4001 et
1230 3955 1453 4016 caetera,
1482 3964 1604 4019 quae
1630 3949 1697 4005 ad
1728 3952 2041 4010 Corinthios

441 4028 499 4085 in
544 4029 706 4087 donis
752 4035 1129 4105 Spiritualibus
1157 4050 1547 4099 enumerantur
1574 4045 1618 4118 (l
1673 4044 1796 4101 Cor.
1824 4049 1945 4117 vn).
1974 4049 2043 4105 Et

438 4129 623 4181 tamen
652 4137 778 4197 post
805 4135 955 4185 tanta
1008 4131 1159 4204 (quia
1188 4120 1421 4193 fersitan
1449 4140 1681 4209 gratiam
1711 4141 2036 4199 discernen-

444 4215 641 4273 dorum
674 4221 962 4291 spirituum
996 4241 1103 4282 non
1133 4226 1431 4303 habebant)
1457 4247 1485 4285 a
1519 4231 1672 4288 falsis
1719 4235 2038 4293 doctoribus

440 4309 641 4367 irretiti
665 4324 812 4370 sunt.
842 4317 1256 4377 Observandum
1284 4324 1468 4391 etiam,
1496 4326 1637 4396 quod
1686 4330 1902 4398 operari
1932 4331 2042 4384 vir-

440 4410 588 4460 tutes
615 4404 868 4463 dicantur
906 4410 961 4466 in
994 4410 1103 4478 his,
1136 4416 1231 4484 qui
1260 4432 1365 4471 non
1418 4427 1603 4475 tenent
1650 4421 1926 4493 Evangelii
1956 4440 2045 4480 ve-

442 4494 664 4553 ritatem
698 4516 713 4552 :
741 4500 882 4556 sicut
910 4504 965 4558 in
990 4505 1094 4561 illis
1135 4508 1228 4578 qui
1263 4510 1545 4567 Dominqu
1572 4527 1682 4568 non
1705 4526 2001 4586 sequentes
2025 4560 2040 4585 ,

444 4592 504 4648 in
553 4595 776 4651 nomine
802 4597 918 4669 ejus
948 4602 1100 4670 signa
1132 4602 1422 4673 faciebant,
1447 4604 1661 4663 Joanne
1684 4610 1768 4664 vel
1797 4611 2039 4666 maxime

1673 351 2039 417 SuiZUSlLBll
2080 361 2460 422 ΙΙΙΕΒΟΝΥΜΙ

429 477 641 533 catum,
674 464 817 525 sicut
840 469 1019 541 priora
1051 470 1172 528 sine
1206 487 1367 528 causa
1395 472 1599 530 dicitur
1640 491 1833 546 passus
1867 476 2034 536 fuisse
2061 487 2113 547 Α

3626 375 3734 436 552

2213 484 2396 552 (Vers.
2420 484 2500 559 6.)
2533 486 2684 545 Sicut
2724 489 2982 549 Abraham
3007 495 3237 550 credidit
3266 494 3400 563 Deo,
3428 507 3479 553 et
3519 506 3733 570 repntu-

2137 586 2245 631 tum
2274 592 2347 633 est
2388 581 2471 634 illi
2522 582 2591 635 ad
2622 585 2907 656 justitiam.
2926 588 3007 643 Ab
3039 590 3144 644 hoc
3172 590 3291 645 loco
3319 606 3495 661 usque
3516 594 3583 646 ad
3610 608 3732 646 eum

2137 669 2225 724 ubi
2249 671 2506 728 scribitur
2537 692 2552 730 :
2586 676 2689 742 Qui
2711 694 2778 733 ea:
2793 679 2898 750 ﬁde
2916 690 3056 746 sunt,
3074 682 3436 739 benedicentur
3455 703 3573 740 cum
3591 684 3737 755 ﬁdeli

2134 763 2398 823 Abraham
2432 812 2447 836 ,
2500 771 2742 828 Marcion
2783 776 2851 830 de
2893 784 2993 830 suo
3023 778 3288 848 Apostolo
3343 782 3531 836 erasit.
3571 777 3737 851 423

2135 859 2241 915 Sed
2268 862 2394 932 quid
2420 864 2628 932 profuit
2651 867 2753 921 hoc
2802 868 3019 936 tulisse,
3038 884 3163 925 cum
3212 882 3408 927 caetera
3438 888 3560 942 qua:
3611 872 3740 926 reli-

2136 954 2289 1021 quit,
2349 956 2577 1014 insaniae
2609 960 2729 1029 ejus
2769 961 3001 1018 adversa
3061 965 3221 1021 sint?
3258 965 3503 1023 Credidit
3551 979 3736 1022 autem

2136 1046 2407 1104 Abraham
2440 1050 2572 1117 Deo,
2606 1053 2799 1108 exiens
2821 1055 2889 1109 de
2918 1056 3089 1125 patria
3128 1073 3225 1112 sua
3253 1060 3307 1115 in
3339 1069 3537 1114 terram
3572 1074 3738 1129 quam

2136 1143 2417 1199 nesciebat
2448 1144 2608 1218 (Gen.
2633 1163 2707 1202 xu
2758 1148 2928 1221 seqq.)
2959 1167 2971 1203 :
3001 1149 3136 1206 Sara
3200 1153 3653 1225 nonagenariam,
3684 1162 3741 1207 et

2135 1236 2377 1291 sterilem
2409 1238 2691 1295 conﬁdens
2732 1255 2855 1296 esse
2893 1242 3229 1313 parituram;
3259 1253 3314 1299 et
3338 1243 3521 1299 audita
3548 1258 3742 1311 repro-

2136 1330 2401 1386 missione
2428 1331 2543 1399 Dei,
2583 1333 2727 1405 quod
2778 1334 2832 1389 in
2864 1334 3017 1390 Isaac
3043 1346 3328 1393 vocaretur
3371 1352 3557 1392 semen
3589 1336 3735 1406 ejus,

2138 1432 2163 1461 ιι
2193 1422 2369 1495 ipsum
2402 1426 2549 1482 lsaac
2594 1427 2830 1484 oﬂ‘erens
2877 1431 3178 1496 victimam,
3209 1442 3265 1487 et
3320 1443 3498 1487 tamen
3530 1430 3599 1486 de
3636 1432 3742 1483 llo-

2138 1517 2269 1572 tniui
2301 1522 2727 1588 repromissione
2751 1540 2856 1578 non
2884 1525 3162 1580 dubitans.
3185 1525 3356 1581 Ret-te
3389 1527 3479 1580 tali
3509 1534 3700 1595 reputa
3722 1555 3739 1565 -

2141 1618 2228 1665 tur
2256 1609 2394 1667 ﬁdes
2418 1612 2484 1668 ad
2512 1613 2911 1687 jttstitiatn,qni
2946 1616 3106 1688 Legis
3123 1632 3291 1689 opera
3314 1633 3739 1689 supergressus.

2138 1704 2307 1761 Deum
2331 1721 2439 1762 non
2460 1718 2629 1778 metu,
2654 1710 2751 1766 sed
2773 1710 3069 1767 dilectione
3092 1713 3457 1782 promeruerit
3482 1710 3590 1786 [AL
3616 1729 3745 1783 pro-

2138 1799 2381 1873 meruit].

2212 1894 2390 1965 (Vers.
2427 1895 2504 1964 7.)
2531 1896 2852 1968 Cognoscitis
2890 1916 3034 1972 ergo,
3062 1901 3185 1972 quia
3221 1901 3310 1972 qui
3348 1916 3411 1955 ex
3448 1899 3553 1969 ﬁde
3587 1908 3742 1962 sunt,

2139 1988 2197 2044 hi
2232 1991 2332 2061 ﬁlii
2370 2002 2487 2046 sunt
2516 1993 2805 2050 Abraham.
2845 1995 3070 2053 Plenius
3103 1998 3171 2053 de
3204 1998 3306 2053 hoc
3338 1998 3391 2052 iu
3415 1997 3646 2068 epistola
3671 1997 3745 2052 ad

2141 2083 2417 2140 Romanos
2437 2084 2696 2157 disputat,
2729 2088 2875 2158 quod
2902 2088 3039 2144 ﬁdes
3061 2098 3306 2158 reputata
3328 2086 3648 2143 sitAbraba:
3673 2086 3744 2141 :Itl

2134 2174 2427 2247 justitiam,
2478 2194 2586 2233 non
2650 2180 2700 2234 in
2746 2180 3185 2245 circmncisione,
3232 2178 3329 2235 sed
3378 2179 3429 2233 iu
3474 2180 3746 2249 prtepittio

2142 2267 2322 2342 (Rom.
2366 2272 2465 2341 tv).
2498 2273 2563 2325 Et
2584 2270 2874 2342 diligenter
2902 2274 3223 2338 (Ibeel'Vilns,
3253 2272 3413 2328 docet
3454 2286 3548 2327 eos
3599 2270 3675 2324 tili
3704 2285 3747 2325 is

2140 2377 2262 2418 esse
2312 2364 2582 2429 Abrahae,
2628 2367 2961 2436 quicumque
2991 2365 3091 2420 hac
3140 2378 3325 2421 mente
3365 2364 3743 2426 crediderunt,

2140 2471 2245 2525 qua
2268 2454 2683 2512 incircumcisus
2735 2458 2968 2512 credidit
2993 2458 3294 2522 Abraham,
3325 2459 3415 2528 qui
3447 2456 3748 2511 exsultavit

2143 2558 2200 2601 ut
2227 2547 2437 2603 videret
2494 2548 2637 2604 diem
2689 2548 2933 2614 Domini,
2978 2564 3031 2604 et
3079 2550 3254 2616 vidit,
3303 2560 3354 2604 et
3412 2550 3625 2603 Iit-tatus
3659 2558 3747 2602 est

2142 2637 2325 2710 (Joau.
2357 2640 2492 2711 vut).
2527 2639 2686 2698 Unde
2713 2653 2766 2698 el
2796 2642 2860 2697 ad
2895 2642 3142 2697 inﬁdeles
3172 2641 3388 2697 Judteos
3415 2641 3615 2695 dicitur
3643 2659 3653 2692 :
3684 2638 3748 2694 Si

2142 2733 2244 2801 ﬁlii
2266 2734 2440 2788 essetis
2464 2734 2706 2799 Abrahre,
2742 2752 2897 2807 Opera
2928 2735 3148 2790 Abi-alin:
3169 2736 3403 2807 faceretis
3421 2732 3593 2801 (Ibid.
3622 2734 3745 2802 59).

2141 2826 2272 2895 Quae
2294 2830 2594 2883 autemalia
2622 2829 2743 2902 (illo
2767 2830 2820 2884 iu
2838 2840 3083 2900 tempore
3105 2846 3229 2885 cum
3252 2829 3365 2883 bth
3391 2828 3747 2897 dicebautur)

2141 2923 2211 2976 ab
2237 2923 2318 2976 eis
2342 2937 2509 2991 opera
2558 2923 2822 2979 Dominus
2859 2923 3171 2993 expetebat,
3203 2923 3306 2976 nisi
3360 2918 3746 2975 credulitatrm

2143 3016 2193 3069 in
2222 3013 2421 3070 Filimu
2449 3015 2564 3084 Dei,
2601 3031 2759 3087 quem
2793 3016 2954 3071 Pater
2986 3017 3209 3071 miserat
3236 3015 3546 3085 loquentem
3593 3029 3605 3062 τ
3637 3013 3748 3079 Qui

2141 3109 2299 3163 credit
2330 3110 2381 3163 in
2415 3125 2514 3174 me,
2543 3125 2643 3163 non
2676 3110 2838 3163 credit
2878 3111 2931 3164 in
2960 3127 3061 3175 me,
3079 3109 3171 3163 sed
3202 3109 3257 3163 in
3292 3125 3407 3162 eum
3431 3108 3520 3178 qui
3546 3124 3628 3159 me
3648 3108 3749 3160 mi-

2143 3202 2209 3257 sit
2251 3200 2433 3273 (Joan.
2470 3220 2564 3270 xu,
2606 3201 2745 3275 ΜΠ
2786 3202 2939 3259 Unde
2968 3210 3023 3258 et
3049 3204 3101 3258 in
3133 3203 3239 3257 alio
3264 3202 3385 3257 loco
3416 3200 3484 3255 de
3520 3201 3749 3271 generis

2145 3294 2248 3351 sibi
2279 3295 2622 3365 antiquitate,
2654 3305 2709 3349 et
2758 3296 3039 3351 nobilitate
3089 3293 3472 3363 plaudentibus
3513 3307 3748 3363 respon-

2146 3390 2307 3445 detur
2337 3405 2349 3443 :
2385 3389 2452 3443 Et
2475 3407 2537 3444 ue
2559 3390 2952 3461 dixrritis,quia
2974 3397 3172 3459 patrem
3192 3388 3434 3443 habemus
3455 3386 3747 3441 Abraham.

2147 3481 2324 3537 Potest
2369 3484 2507 3537 enim
2552 3483 2689 3539 Deus
2748 3484 2811 3537 de
2848 3482 3109 3556 lapidibus
3159 3483 3273 3537 istis
3302 3481 3551 3535 suscitare
3603 3481 3751 3551 ﬁlios

2145 3577 2409 3631 Abraham
2457 3575 2673 3648 (Matth.
2701 3592 2783 3642 ut,
2815 3574 2893 3646 9).
2928 3575 3162 3647 Lapides
3202 3574 3276 3629 ibi
3304 3588 3467 3629 nemo
3518 3573 3756 3643 amb'git

2146 3671 2281 3727 dura
2314 3670 2610 3743 signiﬁcari
2649 3671 2815 3725 corda
2844 3668 3159 3736 Gentilium,
3212 3684 3333 3739 qua:
3363 3666 3568 3722 mollita
3620 3678 3751 3721 sunt

2148 3779 2332 3837 postea
2379 3814 2394 3838 ,
2453 3776 2510 3822 et
2564 3764 2687 3820 ﬁdei
2749 3779 3006 3834 recepere
3070 3763 3436 3835 siguaculmn.
3501 3759 3752 3816 Virtutes

2148 3860 2421 3917 Abraham
2466 3860 2518 3914 iu
2551 3858 2747 3930 quibus
2803 3868 2931 3914 ante
2970 3858 3448 3914 circumcisiouem
3490 3855 3605 3909 Deo
3634 3855 3753 3923 pla-

2146 3954 2276 4017 cuit.
2302 3952 2537 4024 diligens
2567 3951 2742 4007 lector
2764 3965 3049 4019 enumera,
3078 3959 3135 4005 et
3175 3962 3541 4018 quoscumque
3589 3946 3644 3999 in
3678 3946 3754 3999 si-

2149 4048 2263 4101 mili
2283 4062 2448 4118 Opere
2470 4045 2765 4116 repereris,
2794 4046 2958 4100 dicito
2990 4044 3130 4100 ﬁlios
3182 4058 3305 4098 esse
3331 4040 3633 4106 Abraham,
3662 4041 3752 4108 ju-

2147 4142 2364 4197 stiﬁcati
2411 4142 2464 4196 in
2520 4141 2807 4210 prteputio,
2841 4140 2934 4210 qui
2992 4139 3467 4195 circumcisionem
3519 4152 3630 4193 non
3681 4136 3753 4189 ob

2148 4236 2402 4291 meritum
2453 4249 2709 4304 operum,
2742 4235 2837 4289 sed
2872 4232 2924 4287 in
2955 4233 3176 4303 signum
3210 4230 3334 4286 ﬁdei
3365 4229 3565 4301 prioris
3591 4244 3756 4283 acce-

2147 4330 2248 4401 pit.
2271 4330 2406 4399 Quia
2434 4330 2578 4384 enim
2610 4343 2678 4383 ex
2713 4325 2922 4382 semine
2952 4326 3069 4395 ejus
3103 4336 3223 4381 erat
3250 4321 3506 4378 Chrisms
3556 4321 3748 4376 oriuuo

2148 4424 2249 4479 dus
2273 4424 2350 4497 (in
2380 4437 2487 4493 quo
2515 4421 2898 4476 universarum
2928 4417 3184 4474 Gentium
3213 4415 3396 4474 fuerat
3436 4412 3755 4470 benedictio

2150 4514 2525 4585 repromissa,
2576 4522 2633 4568 et
2674 4512 2743 4568 ab
2790 4511 3069 4568 Abraham
3117 4526 3287 4581 uSque
3345 4507 3412 4563 ad
3464 4501 3754 4564 Christum

2151 4608 2317 4663 multa
2345 4616 2500 4661 erant
2541 4605 2739 4662 saecula
2770 4601 3117 4676 transitura).
3148 4601 3436 4673 providens
3471 4599 3637 4662 lleus,
3686 4616 3756 4655 ne

444 4697 853 4759 conquerente:
881 4690 1200 4766 Prwceptor,
1226 4697 1447 4754 vidimus
1460 4702 1735 4772 quemdam
1757 4704 1809 4757 in
1839 4704 2046 4760 nomine
2074 4682 2127 4742 Ῑ)
2152 4702 2371 4758 soboles
2395 4700 2579 4755 dilecti
2609 4699 2840 4756 Abraha:
2865 4700 3079 4753 c:rteris
3105 4694 3421 4751 nationibus
3453 4695 3755 4747 miscernu-

448 4788 536 4836 tuo
565 4782 852 4845 eiicientem
882 4786 1161 4855 dwmonia,
1177 4800 1223 4844 et
1254 4792 1612 4864 prohibuimus
1652 4812 1769 4851 eum
1789 4799 1912 4869 quia
1938 4816 2042 4854 nou

446 4875 679 4947 sequitur
695 4876 958 4932 nobiscum
979 4879 1176 4952 (Marc.
1205 4900 1290 4951 rx,
1316 4886 1434 4957 57).
1461 4888 1573 4943 Hoc
1602 4889 1893 4945 adversum
1925 4892 2041 4946 ha:-

445 4968 674 5035 reticos,
720 4969 814 5039 qui
844 4973 1226 5043 probationem
1256 4978 1378 5034 ﬁdei
1424 4994 1537 5035 suae
1563 4997 1630 5036 ex
1658 4998 1722 5038 eo
1747 4986 1792 5037 si
1826 4983 2043 5056 signum

447 5061 667 5134 aliquod
696 5061 948 5134 fecerint,
980 5069 1338 5126 arbitrantur.
1386 5072 1486 5139 Qui
1517 5089 1639 5128 cum
1681 5078 2044 5133 manducave-

449 5157 566 5213 rint
591 5164 648 5213 et
673 5156 911 5215 biberint
929 5160 980 5216 in
1014 5165 1236 5220 nomine
1265 5165 1476 5221 Domini
1510 5166 1735 5238 (habent
1761 5169 1967 5239 quippe
1990 5181 2046 5227 ct

446 5249 554 5322 ipsi
576 5252 749 5309 altare
773 5255 1144 5327 sacrilegum),
1172 5268 1227 5312 et
1251 5260 1404 5328 signa
1418 5260 1621 5326 'multa,
1652 5261 1908 5319 invocato
1925 5264 2049 5321 Sal-

450 5355 658 5412 vatore,
690 5346 891 5404 fecisse
937 5364 995 5404 se
1047 5348 1275 5419 jactent,
1308 5351 1362 5407 in
1409 5352 1499 5407 die
1523 5352 1715 5423 judieii
1749 5356 2045 5412 merebun-

448 5448 539 5496 tur
566 5440 795 5497 audire:
835 5441 959 5497 Non
985 5445 1104 5498 novi
1140 5461 1249 5512 vos,
1290 5446 1540 5503 discedite
1564 5468 1596 5504 a
1641 5467 1719 5504 me
1738 5452 1829 5522 qui
1863 5467 2048 5522 apera-

445 5535 578 5590 mini
602 5536 926 5607 iniquitatem
952 5536 1167 5610 (Matth.
1199 5556 1290 5609 vn,
1328 5540 1441 5613 25).

516 5699 688 5775 ξιξυο
713 5714 870 5767 mss.,
899 5706 955 5755 tu
985 5701 1160 5775 ipsum
1193 5702 1345 5758 Isaac
1383 5706 1668 5773 conferens
1699 5705 1993 5761 uictimam.

455 5828 461 5841 ,
518 5769 547 5811 δ
577 5770 806 5827 Constat
828 5787 961 5846 vero
981 5769 1037 5829 et
1065 5777 1253 5843 plures
1275 5777 1432 5844 alias,
1467 5769 1587 5845 qua:
1614 5792 1680 5831 ex
1710 5780 1913 5846 populo
1948 5778 2043 5834 Dei

444 5860 555 5902 non
586 5855 765 5911 erant,
790 5859 857 5899 ett
895 5844 1122 5904 Oriente
1154 5850 1404 5902 nationes
1435 5844 1921 5907 circumcisionem
1952 5864 2046 5904 su-

443 5914 721 5988 scepisse;
756 5929 856 5973 nec
884 5917 1004 5989 ipse
1047 5918 1315 5976 diftitetur
1338 5919 1703 5990 Hieronymus
1732 5936 1858 5978 cum
1888 5921 2046 5991 alibi‘,

2154 4806 2261 4861 tur,
2290 4805 2346 4849 et
2396 4792 2652 4863 paulatim
2698 4790 2903 4846 fatuilia
2934 4789 3055 4860 ejus
3095 4786 3260 4861 424
3312 4786 3466 4841 ﬁeret
3519 4787 3754 4849 inventa,

2149 4904 2366 4961 gregem
2380 4886 2408 4925 ι)
2428 4886 2783 4942 lsraeliticum
2799 4883 3033 4955 quodam
3047 4880 3486 4938 circumeisiouis
3506 4881 3759 4935 cauterio

2151 4969 2459 5045 denotavit,
2501 4988 2561 5033 ut
2583 4977 2829 5033 viventes
2866 4976 3010 5031 inter
3042 4974 3355 5048 Egyptios,
3410 4974 3548 5029 inter
3585 4974 3761 5046 Assy-

2150 5073 2283 5140 rios,
2316 5069 2644 5143 Babylonios
2671 5080 2834 5138 atque
2875 5066 3309 5135 Chaldmos,hoc
3348 5064 3632 5136 signaculo
3674 5067 3758 5120 tli-

2148 5166 2573 5236 stinguereutur.
2627 5160 2876 5231 Denique
2938 5175 3033 5231 per
3070 5158 3429 5230 quadraginta
3469 5173 3642 5213 annos
3702 5160 3759 5213 in

2148 5273 2335 5312 eremo
2366 5254 2552 5310 nullus
2577 5252 3041 5308 est'cireumcisus
3072 5269 3083 5303 ε
3110 5251 3212 5305 soli
3240 5252 3439 5320 quippe
3465 5251 3586 5304 sine
3609 5249 3706 5305 Ge.
3734 5280 3764 5292 -

2150 5352 2220 5407 tis
2250 5349 2475 5405 alterius
2502 5348 2843 5402 admixtione
2870 5346 3125 5402 vivebant
3155 5363 3170 5399 :
3204 5346 3385 5400 statim
3416 5343 3761 5400 utJordanis

2148 5448 2321 5518 ripam
2375 5453 2749 5513 transgressus
2804 5449 2891 5495 est
2926 5438 3194 5510 populus,
3224 5448 3279 5494 et
3330 5438 3385 5493 in
3442 5437 3760 5493 Pala‘stina:

2155 5556 2353 5601 terram
2378 5540 2627 5598 Judaeum
2661 5554 2721 5595 se
2752 5553 2978 5594 examen
3004 5534 3229 5603 infudit,
3258 5535 3603 5592 circumcisio
3658 5551 3760 5590 ne-

2143 5714 2256 5760 tum
2325 5703 2556 5759 init-rius
2623 5702 2718 5757 lib.
2779 5716 2866 5771 11.;
2909 5713 3032 5769 eap.
3072 5697 3107 5752 4
3138 5717 3151 5754 :
3183 5696 3251 5753 Et
3309 5697 3536 5771 Aggypti
3577 5713 3764 5771 sacer-

2146 5782 2288 5831 dotes
2310 5785 2355 5833 et
2383 5773 2702 5842 Ismaelitas,
2725 5783 2776 5828 et
2810 5767 3139 5827 Madianteos
3168 5767 3485 5843 prteputiu‘m
3526 5786 3627 5825 non
3653 5767 3765 5824 ha-

2147 5851 2284 5905 bere.
