3978 6338
520 316 624 374 3ST)

1784 312 1844 367 Β.
1893 308 2163 366 EUSEBII
2205 309 2588 365 lllEllO-NYMI

3676 308 3774 365 ’300

519 448 691 488 (intra:
725 452 786 486 ω’
817 435 921 504 β’ἶίν
968 450 1102 489 mea
1126 434 1242 487 vivit
1280 430 1468 505 (:lbtnt.
1517 445 1574 497 tt,
1618 428 1712 499 4).
1752 438 1776 464 ει
1819 426 2016 495 Aquila
2062 435 2115 479 et
2148 432 2192 487 Α
2223 427 2275 479 in
2295 423 2727 491 eis,:tddidit:Et
2751 441 2842 496 ego
2872 426 2992 481 dedi
3013 427 3083 478 vis
3103 437 3474 493 pura-ptumi:
3496 425 3773 497 botta,etju.

522 530 821 583 'i‘tte-nlotio
853 546 866 582 :
895 525 1080 582 Justus
1118 536 1290 581 autem
1319 542 1382 579 ea:
1409 523 1517 595 ﬁde
1566 524 1680 589 eius
1724 521 1864 587 vivit,
1910 521 1960 576 id
2008 528 2111 589 est,

520 621 637 677 Dei.
667 621 1141 677 Considerandum
1179 621 1360 690 itaque
1390 618 1515 684 quia
1550 633 1657 671 non
1687 614 1914 679 dixerit,
1948 613 2115 669 homo

515 725 609 771 aut
630 717 709 771 vir
729 732 793 771 ex
821 714 929 771 ﬁde
952 714 1110 779 vivit,
1143 728 1210 768 ne
1234 713 1579 767 occasionem
1611 709 1880 764 tribueret
1911 706 1976 762 ad
2007 707 2118 761 vir-

516 818 689 865 tutum
719 824 882 880 opera
912 804 1351 870 contemnenda;
1387 802 1510 869 sed,
1540 803 1708 870 iustus
1736 817 1802 855 ea:
1828 801 1933 869 ﬁde
1960 799 2115 854 vivit:

518 911 578 958 ut
603 904 933 974 quicumque
962 899 1139 956 ﬁdelis
1182 907 1356 963 esset,
1402 908 1460 953 et
1493 912 1593 968 per
1638 895 1800 952 ﬁdem
1847 895 2113 959 victurus,

520 1011 627 1051 non
658 996 823 1051 aliter
864 1004 1047 1064 posset
1076 991 1200 1067 [ΑΙ.
1249 990 1462 1065 possit]
1495 990 1561 1045 ad
1593 990 1755 1046 ﬁdem
1788 988 1997 1057 venire,
2026 988 2114 1044 vel

515 1090 570 1144 in
628 1105 690 1144 ea
742 1089 961 1153 vivere,
1016 1088 1119 1141 nisi
1181 1086 1333 1156 prius
1388 1084 1568 1155 justus
1617 1084 1838 1153 luisset,
1892 1093 1952 1140 et
2013 1098 2115 1152 pu-

515 1181 677 1236 ritate
730 1180 859 1235 vita:
905 1178 1057 1249 quasi
1111 1176 1442 1247 quihusdam
1503 1175 1568 1228 ad
1634 1174 1796 1231 ﬁdem
1855 1173 2116 1245 gradibus

509 1270 674 1344 433
710 1271 1067 1327 ascendisset.
1110 1269 1300 1325 Potest
1341 1282 1472 1337 ergo
1513 1266 1664 1332 fieri,
1707 1277 1766 1321 ut
1807 1265 1877 1321 sit
1914 1266 2116 1337 aliquis

509 1365 707 1434 justus,
738 1372 795 1419 et
823 1371 1005 1419 tamen
1036 1360 1061 1400 ι’
1092 1376 1202 1416 non
1232 1362 1377 1417 vivat
1421 1361 1627 1431 absque
1659 1360 1765 1416 fide
1799 1359 2025 1414 Christi.
2058 1358 2115 1416 Si

515 1456 712 1528 legenti
737 1457 1024 1525 scrupulus
1040 1464 1439 1523 commovetur,
1466 1454 1614 1510 Pauli
1639 1454 1804 1510 verba
1828 1452 2114 1521 suscipiat,

518 1548 571 1603 in
615 1549 809 1615 quibus
847 1547 917 1603 de
960 1561 1020 1603 se
1064 1549 1142 1602 ait
1189 1564 1203 1600 :
1254 1546 1557 1603 Secundum
1588 1546 1873 1618 justitiam,
1908 1561 2023 1616 qua:
2059 1545 2115 1598 in

519 1641 655 1716 Lege
700 1650 799 1707 est,
829 1642 941 1696 sine
984 1641 1382 1714 reprehensione
1422 1641 1440 1712 (
1470 1639 1669 1714 Philip.
1705 1656 1788 1706 ιιι,
1839 1639 1939 1711 6).
1986 1639 2118 1694 Erat

520 1735 684 1805 igitur
700 1733 905 1790 Paulus
947 1743 1077 1789 tunc
1100 1733 1283 1803 justus
1318 1734 1370 1786 in
1403 1731 1570 1803 Lege,
1617 1732 1715 1787 sed
1755 1730 1987 1787 necdum
2031 1730 2114 1785 vi-

2218 521 2553 591 stiﬁctttiunes
2577 521 2627 573 in
2650 519 2833 585 quibus
2849 536 2949 574 non
2969 522 3132 573 vivent
3152 523 3203 573 in
3222 520 3314 574 eis.
3336 519 3440 575 Sed
3461 520 3574 573 hmc
3596 519 3771 588 plenius

2220 615 2270 669 in
2295 616 2574 669 Ezechiele
2602 633 2614 669 :
2640 628 2780 667 nunc
2801 613 2866 667 ad
2892 612 3139 668 ordinem
3161 611 3413 682 Epistulae
3441 619 3766 668 revertamur.

2290 710 2473 780 (Vers.
2504 709 2617 780 15.)
2829 705 3067 763 Christus
3092 723 3183 761 nos
3206 706 3419 760 redemit
3440 704 3504 761 tle
3529 702 3773 762 maledicto

2217 801 2394 876 Legis,
2423 802 2590 873 factus
2622 816 2714 869 pro
2750 800 2899 854 nobis
2938 798 3299 854 maledictum.
3332 797 3589 867 Subrepit
3615 797 3661 852 in
3688 796 3776 855 hoc

2217 898 2339 952 loco
2363 896 2605 951 Marcion
2633 895 2701 950 de
2738 902 3011 965 potestate
3040 892 3339 960 Creatoris,
3385 907 3545 961 quem
3580 892 3775 964 sangui-

2217 989 2452 1055 narium,
2474 986 2755 1043 crudelem
2775 986 2997 1043 infamat
3015 994 3071 1042 et
3093 985 3363 1042 vindicem
3382 985 3495 1059 [Αι.
3510 984 3771 1059 judicent],

2217 1099 2473 1140 asserens
2500 1097 2598 1137 nos
2626 1081 2940 1154 redemptos
2969 1095 3093 1137 esse
3120 1095 3216 1152 per
3244 1079 3547 1147 Christum,
3568 1080 3652 1150 qui
3668 1080 3782 1137 alts-

2217 1179 2332 1234 rius
2360 1177 2491 1234 boni
2512 1177 2604 1233 Dei
2636 1176 2806 1232 Filius
2826 1177 2917 1232 sit.
2946 1176 3048 1243 Qui
3078 1176 3123 1230 si
3159 1174 3492 1244 intelligeret
3516 1188 3621 1244 quo
3646 1171 3782 1229 dilic-

2219 1282 2342 1327 runt
2372 1269 2485 1345 [Αἰ.
2516 1268 2820 1342 ditlerrent]
2862 1284 3082 1336 emere,
3113 1276 3171 1323 et
3210 1266 3481 1323 redimere
3523 1264 3679 1337 (quia
3701 1265 3780 1337 qui

2219 1365 2384 1430 emit,
2417 1363 2829 1429 alicnumemit;
2859 1361 2951 1434 qui
2977 1370 3162 1417 autem
3189 1358 3431 1427 redimit,
3458 1359 3510 1415 id
3532 1358 3784 1429 emitpro-

2221 1457 2337 1529 prie
2364 1456 2507 1528 quod
2548 1471 2706 1511 suum
2748 1454 2882 1521 fuit,
2922 1463 2980 1510 et
3025 1469 3187 1508 suum
3228 1467 3356 1508 esse
3383 1451 3581 1508 desivit
3606 1452 3625 1523 )
3650 1466 3785 1507 nunt-

2219 1566 2382 1619 quam
2413 1549 2817 1619 Scripturarum
2850 1547 3015 1603 verba
3055 1545 3323 1617 simplicia
3368 1546 3427 1600 in
3474 1543 3781 1600 calumniam

2218 1643 2302 1698 Sui
2335 1642 2603 1714 dogmatis
2631 1642 3005 1711 detorqueret.
3044 1638 3296 1695 Redemit
3347 1652 3477 1709 ergo
3517 1651 3616 1691 nos
3646 1634 3788 1691 Chri-

2220 1747 2340 1793 stus
2364 1737 2433 1793 de
2459 1736 2751 1793 maledicto
2775 1736 2960 1805 Legis,
2987 1734 3130 1807 quod
3160 1733 3515 1806 peccantibus
3542 1731 3786 1788 constitu-

520 1842 648 1880 vere
672 1836 907 1894 poterat,
952 1827 1075 1897 quia
1121 1841 1227 1882 non
1266 1826 1504 1882 habebat
1541 1826 1594 1880 itt
1635 1840 1696 1881 se
1724 1824 1999 1880 Christum
2031 1823 2113 1879 lo-
2146 1830 2197 1891 B
2224 1841 2337 1883 ttttu
2366 1839 2475 1896 est,
2496 1844 2632 1900 quos
2662 1828 2782 1900 ipse
2813 1830 3058 1898 increpat
3087 1843 3187 1897 per
3208 1825 3555 1898 prophetam,
3576 1823 3785 1880 dicens:

518 1925 777 1989 quentem
813 1937 824 1972 :
878 1914 991 1990 Ego
1036 1934 1151 1971 sum
1191 1918 1298 1972 vita
1335 1917 1539 1984 (Joan.
1574 1933 1649 1987 ιι,
1679 1915 1750 1972 25
1775 1920 1816 1986 ).
1848 1919 1907 1973 lu
1950 1933 2116 1989 quem

518 2009 751 2066 credens
792 2020 981 2081 postea
1021 2011 1191 2081 coepit
1230 2019 1286 2066 et
1320 2011 1529 2065 vivere.
1582 2009 1871 2065 Faciamus
1918 2019 1975 2065 et
2017 2024 2117 2065 nos

515 2103 724 2176 aliquid
754 2103 933 2160 simile
955 2103 1081 2160 huic
1101 2088 1247 2175 quod
1271 2104 1493 2171 dicitur,
1517 2106 1696 2176 justus
1724 2122 1789 2160 ea:
1828 2106 1934 2175 ﬁde
1960 2106 2117 2172 vivit;

519 2205 575 2252 et
614 2197 908 2253 dicamus:
941 2205 1128 2252 castus
1169 2212 1238 2252 ex
1279 2196 1385 2253 ﬁde
1416 2197 1587 2263 vivit,
1631 2199 1851 2266 sapiens
1897 2214 1964 2254 ex
2010 2197 2118 2254 ﬁde

517 2292 671 2358 vivit,
705 2291 867 2347 fortis
897 2307 969 2347 ex
1000 2292 1104 2348 ﬁde
1136 2290 1290 2359 vivit,
1322 2301 1376 2347 et
1405 2306 1435 2345 a
1464 2292 1680 2348 caeteris
1709 2292 1970 2347 virtutum
2000 2306 2119 2361 par-

519 2385 666 2442 tibus
693 2385 928 2441 vicinam
954 2385 1287 2441 sententiam
1314 2383 1663 2456 proferamus
1682 2384 1972 2441 adversum
1995 2399 2112 2453 eos,

516 2482 607 2552 qui
642 2481 697 2537 in
721 2481 1002 2536 Christum
1036 2495 1144 2535 non
1174 2479 1486 2544 credentes,
1516 2479 1683 2535 fortes
1732 2489 1788 2536 et
1816 2479 2111 2550 sapientes,

515 2583 885 2645 temperantes
927 2588 989 2630 se
1025 2583 1215 2644 putant
1263 2589 1408 2639 esse,
1450 2572 1538 2628 vel
1580 2573 1803 2643 justos:
1839 2580 1898 2627 ut
1938 2571 2118 2628 sciant

513 2666 725 2722 nullum
753 2664 962 2738 absque
991 2664 1214 2722 Christo
1242 2666 1451 2735 vivere,
1484 2666 1603 2722 sine
1646 2682 1757 2737 quo
1787 2666 1971 2722 omnis
1997 2666 2115 2721 vir-

470 2817 476 2823 ,
516 2767 605 2814 tus
641 2758 694 2815 in
726 2757 860 2814 vitio
887 2766 993 2814 est.
1023 2757 1212 2813 P0lest
1243 2772 1491 2829 praesens
1527 2757 1903 2812 testimonium
1947 2765 2006 2812 et
2033 2755 2116 2812 sic

514 2849 623 2922 legi
665 2869 679 2905 :
709 2854 833 2922 quia
860 2851 1044 2922 justus
1079 2867 1146 2907 ea:
1186 2851 1312 2920 ﬁde,
1341 2858 1402 2907 ut
1424 2851 1691 2922 deinceps
1718 2849 2005 2918 inferatur,
2034 2851 2113 2905 vi-

513 2946 583 2999 vit
608 2943 724 3018 [AL
762 2942 938 3019 vivet].
970 2945 1125 3013 Quod
1153 2956 1334 3002 autem
1366 2947 1443 3001 ait
1475 2961 1491 3001 :
1524 2945 1635 3000 Lex.
1657 2961 1763 3001 non
1789 2954 1866 3000 est
1893 2961 1960 2999 ea:
1984 2944 2110 3016 ﬁde,

514 3035 609 3090 sed
633 3036 723 3108 qui
748 3036 934 3105 fecerit
971 3053 1056 3108 ea,
1080 3037 1215 3092 vivet
1246 3037 1303 3092 in
1343 3037 1472 3104 illis,
1518 3035 1972 3095 manifestissime
2014 3036 2113 3093 de-

513 3136 852 3184 monstratur
878 3143 984 3185 nou
1016 3129 1324 3201 simplicem
1360 3128 1473 3187 dici
1505 3130 1692 3200 vitam,
1723 3130 1820 3187 sed
1848 3144 1969 3186 eam
1991 3145 2112 3200 quae

2220 1919 2357 1976 Ecce
2382 1922 2607 1992 peccatis
2634 1921 2821 1975 vestris
2844 1920 3038 1975 uenditi
3066 1920 3214 1986 estis,
3255 1928 3305 1973 et
3351 1920 3405 1974 in
3449 1915 3789 1989 iniquitatibus

2220 2017 2396 2070 vestris
2413 2015 2587 2070 dimisi
2604 2022 2820 2069 matrem
2836 2023 3058 2068 vestram
3084 2012 3242 2085 (lsai.
3266 2028 3320 2078 ι,
3341 2011 3420 2083 1).
3444 2011 3509 2067 Et
3528 2008 3791 2082 apostolus

2221 2106 2324 2161 hoc
2354 2107 2531 2176 ipsum
2560 2106 2809 2179 replicat,
2833 2105 3024 2161 dicens
3048 2121 3062 2159 :
3092 2102 3208 2177 Ego
3228 2114 3402 2159 autem
3418 2102 3645 2159 carnalis
3670 2116 3789 2170 sunt,

2221 2199 2544 2254 venundatus
2581 2198 2677 2253 sub
2718 2208 2928 2271 peccato
2978 2200 2996 2266 (
3029 2196 3184 2253 Rom.
3216 2211 3314 2264 vn,
3355 2195 3488 2266 14).
3530 2190 3789 2250 Maledicta

2219 2308 2436 2365 quoque
2490 2292 2652 2363 Legis
2699 2308 2823 2363 quae
2873 2295 2928 2347 in
2982 2290 3228 2347 Levitico
3279 2299 3337 2346 et
3387 2285 3795 2347 Deuteronomio

2218 2389 2420 2459 scripta
2448 2395 2599 2454 sunt,
2635 2400 2740 2441 non
2771 2385 2881 2441 Deo
2905 2396 3138 2440 auctore
3165 2382 3538 2453 complentur,
3564 2380 3659 2438 sed
3682 2393 3794 2453 pro-

2218 2479 2439 2551 phetico
2466 2479 2662 2549 spiritu
2702 2477 2787 2533 his
2815 2477 2907 2549 qui
2952 2477 3229 2550 peccaturi
3275 2485 3453 2545 erant,
3483 2491 3550 2533 ea
3577 2490 3694 2548 quae
3717 2471 3792 2530 eis

2220 2582 2453 2630 ventura
2486 2581 2636 2638 sunt,
2664 2570 3004 2626 nuntiantur.
3034 2567 3191 2637 Quod
3234 2567 3281 2624 si
3307 2566 3546 2640 apostoli
3575 2563 3796 2623 voluerit

2220 2685 2320 2725 nos
2365 2666 2684 2725 testimonio
2712 2676 2994 2722 coarctare
3037 2662 3273 2720 dicentis
3312 2680 3327 2718 :
3374 2663 3696 2732 Quicumque
3737 2670 3794 2712 es

2218 2766 2456 2837 aperibus
2486 2762 2641 2833 Legis
2664 2771 2807 2828 sunt,
2827 2762 2921 2816 sub
2947 2759 3229 2813 maledicto
3253 2766 3375 2811 sunt
3405 2771 3423 2810 :
3453 2755 3704 2826 scriptum
3729 2757 3798 2805 est

2216 2861 2352 2914 enim
2377 2874 2397 2913 :
2429 2857 2744 2912 Maledictus
2775 2855 2940 2910 omnis
2972 2853 3063 2926 qui
3092 2870 3197 2908 non
3223 2851 3568 2922 permanserit
3604 2850 3658 2902 in
3692 2861 3797 2901 ont-

2218 2950 2371 3005 nibus
2419 2966 2534 3021 qua:
2576 2946 2772 3021 scripta
2799 2955 2921 3001 sunt
2949 2945 3003 3000 in
3054 2946 3186 3001 libro
3217 2943 3393 3016 Legis,
3436 2951 3493 2997 ut
3545 2940 3703 3013 faciat
3742 2952 3797 2993 ea

2218 3044 2238 3116 (
2267 3044 2423 3099 Deut.
2452 3058 2621 3108 xxvn,
2650 3041 2722 3097 26
2746 3042 2790 3113 ),
2820 3050 2876 3095 et
2909 3054 3160 3095 asserere
3185 3051 3378 3092 omnes
3413 3034 3507 3107 qui
3537 3033 3640 3090 sub
3662 3031 3797 3102 Lego

2219 3140 2461 3204 fuerint,
2530 3136 2697 3205 fuisse
2760 3134 3121 3204 maledictos,
3181 3132 3587 3202 interrogemus
3644 3140 3796 3192 eum,

515 3221 787 3278 referatur
806 3223 876 3278 ad
905 3223 1132 3295 aliquid.
1162 3222 1349 3280 Justus
1378 3226 1583 3297 quippe
1614 3241 1677 3280 ea:
1712 3226 1818 3296 ﬁde
1852 3225 1977 3279 vivit
2009 3240 2028 3279 :
2058 3232 2113 3280 et
2138 3229 2185 3292 Ο
2219 3243 2400 3286 utrum
2446 3229 2503 3285 bi
2548 3230 2643 3301 qui
2682 3229 2783 3285 sub
2829 3228 3130 3298 Evangelio
3159 3223 3363 3281 Christi
3396 3234 3550 3290 sunt,
3594 3231 3650 3279 et
3688 3220 3796 3291 ejus

517 3329 623 3369 non
653 3314 893 3383 additur,
942 3316 996 3371 in
1029 3316 1138 3383 his,
1168 3317 1282 3372 sive
1326 3318 1377 3372 in
1410 3319 1538 3373 illis.
1597 3318 1795 3373 Vivens
1843 3329 2022 3375 autem
2057 3318 2109 3372 io

514 3405 662 3478 Lege
690 3408 780 3478 qui
808 3409 998 3463 fecerit
1019 3424 1107 3475 ea,
1142 3409 1275 3465 vivit
1303 3410 1357 3464 in
1387 3409 1514 3477 illis,
1541 3410 1645 3465 hoc
1668 3419 1778 3477 est,
1810 3410 1863 3465 in
1887 3410 1971 3465 his
1992 3426 2110 3481 quae

515 3497 668 3567 fecit,
699 3514 820 3571 qua:
851 3502 1060 3571 putavit
1085 3502 1227 3557 bona
1275 3520 1288 3556 :
1322 3502 1633 3558 mercedem
1668 3503 1872 3558 laboris
1903 3501 1985 3558 sui
2017 3502 2112 3558 ha-

514 3594 649 3650 bens
681 3610 745 3650 ea
772 3604 983 3651 tantum
1027 3612 1190 3667 opera
1222 3613 1343 3668 qum
1372 3597 1522 3666 fecit,
1562 3597 1682 3653 sive
1711 3596 2107 3667 longitudinem

511 3686 640 3743 vita:
670 3687 772 3760 (ut
797 3686 973 3744 Judaei
1008 3689 1242 3761 putant)
1290 3691 1406 3745 sive
1442 3689 1889 3755 declinationem,
1931 3706 2110 3760 ptenac

509 3794 611 3852 per
637 3795 803 3852 quam
847 3791 1219 3853 transgressor
1258 3782 1421 3854 Legis
1461 3783 1751 3839 occiditur.
1801 3783 1985 3839 Vivere
2008 3802 2106 3839 au-

509 3883 610 3927 tem
640 3873 695 3928 in
722 3873 855 3942 illis,
886 3892 995 3931 tton
1029 3887 1288 3947 putemus
1326 3879 1576 3949 Apostoli
1617 3879 1783 3934 verba
1830 3893 1977 3945 esse,
2009 3880 2105 3936 sed

506 3968 812 4025 Ezechielis
854 3970 1158 4041 prophetae,
1200 3972 1294 4042 qui
1336 3972 1416 4026 ait
1450 3990 1462 4026 :
1496 3971 1564 4027 Et
1603 3974 1762 4028 eduxi
1801 3989 1887 4028 eos
1928 3974 1982 4027 in
2013 3974 2106 4029 de-

505 4072 723 4125 sertum,
771 4074 820 4118 et
870 4063 993 4120 dedi
1034 4065 1107 4120 eis
1158 4075 1419 4138 praecepta
1459 4083 1570 4121 mea
1613 4077 1661 4121 et
1695 4066 2106 4140 justiﬁcationes

505 4169 648 4208 meas
690 4153 1039 4209 demonstravi
1063 4159 1161 4221 eis,
1205 4174 1337 4228 quas
1383 4161 1539 4230 faciet
1580 4158 1756 4228 homo,
1801 4169 1847 4214 et
1877 4161 2009 4215 vivet
2050 4162 2104 4215 in

505 4248 578 4302 eis
605 4246 626 4319 (
650 4246 844 4304 Bacch.
872 4265 966 4318 xx,
996 4250 1084 4317 l0,
1116 4252 1177 4305 11
1206 4251 1247 4323 ).
1280 4252 1382 4319 Qui
1409 4268 1533 4308 cum
1580 4254 1702 4310 illos
1742 4255 1836 4325 qui
1880 4255 1932 4310 in
1963 4270 2104 4323 praa-

503 4340 677 4410 ceptis
705 4341 1266 4411 etjustilicationibns
1288 4344 1686 4411 ambulassent,
1715 4348 1902 4403 vivere
1933 4346 2104 4402 dixis-

501 4442 609 4498 set,
636 4432 841 4504 adjecit
875 4453 886 4489 :
920 4435 987 4489 Et
1018 4435 1137 4491 dedi
1159 4437 1234 4490 eis
1256 4448 1519 4511 pracepta
1547 4457 1651 4494 non
1682 4440 1835 4505 bona,
1872 4448 1919 4494 ct
1936 4440 2105 4511 justi-

503 4528 777 4597 ﬁcationes
805 4530 861 4583 in
889 4528 1078 4599 quibus
1120 4548 1223 4586 non
1255 4544 1277 4572 ο
1312 4535 1534 4590 viverent
1566 4536 1617 4589 in
1650 4536 1725 4591 eis
1760 4534 1951 4607 (Ibid.,
1980 4539 2098 4609 ‘25).

2218 3333 2486 3397 praecepta
2533 3340 2641 3379 non
2687 3322 2935 3390 faciunt,
2983 3317 3264 3375 maledicti
3289 3318 3423 3387 sint,
3470 3333 3541 3371 an
3575 3329 3704 3372 non.
3744 3309 3797 3368 Si

2216 3418 2533 3475 maletlictos
2577 3415 2802 3482 dixerit,
2843 3416 2896 3471 id
2927 3412 3148 3469 habebit
3189 3413 3242 3468 in
3288 3410 3616 3481 Evangelio,
3664 3401 3796 3478 quod

2212 3527 2311 3567 nos
2340 3511 2603 3567 habemus
2634 3510 2686 3565 in
2708 3509 2874 3581 Lege.
2904 3509 2960 3566 Si
2991 3506 3312 3563 maledictos
3338 3504 3659 3576 negaverit,
3695 3500 3801 3555 fru-

2212 3614 2326 3660 stra
2354 3620 2481 3675 ergo
2511 3602 2791 3671 Evangelii
2826 3610 3099 3672 praecepta
3136 3600 3248 3655 sint
3278 3597 3475 3668 posita,
3519 3605 3579 3653 et
3603 3594 3799 3664 absque

2212 3698 2466 3754 mercede
2512 3702 2674 3751 erunt
2725 3694 2781 3750 hi
2829 3695 2922 3766 qui
2956 3693 3046 3747 illa
3084 3690 3506 3763 compleverint.
3568 3685 3801 3746 Solvitur

2213 3790 2391 3861 itaque
2415 3799 2711 3859 utrumque
2748 3789 2850 3844 hoc
2883 3786 3048 3843 modo
3075 3804 3089 3841 :
3131 3782 3405 3857 quomodo
3431 3782 3691 3840 Christus
3714 3778 3799 3835 Je-

2211 3900 2302 3939 sus
2331 3901 2398 3940 ex
2426 3883 2717 3940 maledicto
2744 3899 2843 3939 nos
2870 3881 3034 3953 Legis
3061 3880 3336 3947 liberavit,
3367 3879 3547 3935 factus
3576 3891 3681 3949 pro
3710 3887 3801 3929 no-

2212 3979 2289 4032 bis
2316 3978 2665 4034 maledictum
2692 3994 2707 4032 :
2740 3977 2816 4032 ita
2842 3976 2914 4033 de
2945 3975 3243 4031 maledicto
3270 3988 3492 4045 quoque
3521 3965 3797 4042 Evangelii

2209 4071 2353 4140 quod
2384 4081 2645 4126 statutum
2678 4080 2764 4126 est
2793 4084 2957 4139 super
2983 4082 3079 4125 eos
3116 4068 3207 4138 qui
3246 4066 3364 4138 ejus
3388 4075 3667 4138 praecepta
3697 4076 3798 4118 non

2208 4164 2458 4231 fecerint,
2492 4163 2640 4219 eruit
2686 4178 2806 4230 nos,
2852 4162 3025 4218 lactus
3061 4177 3161 4232 pro
3199 4160 3358 4216 nobis
3398 4158 3521 4231 ipse
3580 4155 3800 4213 maledi-

2206 4272 2375 4320 cmm.
2406 4260 2586 4314 sciens
2610 4257 2797 4313 talenti
2830 4271 3050 4327 quoque
3082 4254 3363 4311 minimam
3388 4268 3499 4308 non
3525 4250 3801 4309 dimittere

2207 4354 2549 4422 portionem,
2618 4358 2674 4405 et
2730 4348 3091 4403 novissimum
3156 4344 3380 4417 exigere
3436 4343 3799 4417 quadrantem

2206 4442 2423 4515 (Matth.
2458 4459 2510 4511 v,
2540 4452 2585 4497 et
2615 4440 2764 4497 Marc
2795 4440 2916 4514 xtl).

2277 4536 2461 4605 (Vcrs.
2499 4536 2612 4606 is.)
2643 4536 2780 4603 Quia
2808 4536 3062 4607 scriptum
3096 4543 3176 4591 est
3216 4548 3238 4590 :
3268 4531 3592 4589 Maledictus
3638 4528 3801 4586 omnis

501 4623 714 4689 Quanta
734 4622 786 4677 in
802 4624 984 4678 verbis
1003 4624 1401 4682 consideratio!
1426 4628 1512 4682 tthi
1536 4629 1672 4683 dixit
1696 4647 1709 4682 :
1733 4628 1866 4683 Dedi
1883 4630 1958 4685 eis
1975 4647 2105 4701 prte-
2128 4626 2180 4688 D
2205 4633 2295 4704 qui
2325 4630 2511 4699 pendet
2537 4631 2592 4683 in
2619 4629 2762 4701 ligno
2795 4646 2813 4683 :
2842 4640 2895 4683 ut
2923 4630 2976 4682 in
3002 4627 3239 4703 gentibus
3267 4626 3555 4682 benedictio
3583 4623 3802 4680 Abrahae

495 4732 649 4793 cepta
684 4730 735 4775 et
762 4720 1171 4791 iustiﬁcationes
1213 4724 1264 4777 in
1302 4725 1487 4796 quibus
1509 4726 1733 4780 viverent
1771 4726 1827 4779 in
1863 4727 1967 4793 eis,
1991 4742 2099 4781 non

495 4813 745 4887 adjunin
767 4814 932 4871 bona.
972 4814 1071 4873 Ubi
1091 4832 1221 4872 vero
1240 4819 1447 4890 posuit,
1471 4820 1527 4874 in
1553 4820 1738 4891 quibus
1758 4837 1862 4876 non
1882 4821 2102 4877 viverent

567 5013 595 5043 ι
638 5002 737 5059 Hic
781 5002 941 5058 locus
983 5003 1037 5058 in
1088 5016 1297 5068 nupera
1348 5002 1717 5072 llexaplorttm
1768 5002 2099 5061 collectione

497 5074 953 5145 prtntermittitur.
988 5076 1085 5130 Est
1114 5090 1243 5130 vero
1274 5088 1398 5128 cum
1428 5074 1523 5128 illo
1548 5074 1916 5129 confercndus
1945 5075 2099 5131 testi-

500 5148 704 5215 monio,
738 5148 879 5215 quod
911 5148 1079 5201 babes
1110 5147 1163 5200 itt
1199 5146 1486 5211 ipsiusmet
1510 5145 1567 5200 S.
1607 5146 1779 5199 Patris
1804 5146 2096 5202 Commen-

502 5221 640 5275 tario
667 5217 735 5272 ad
769 5220 913 5272 hunc
932 5216 1171 5274 Ahacuci
1198 5217 1537 5289 versiculum
1574 5234 1587 5269 :
1620 5216 1721 5270 Ubi
1745 5217 2094 5289 Septuaginta

501 5298 785 5362 posuerunt
811 5304 831 5343 :
856 5289 1043 5362 Justus
1082 5297 1373 5362 autem_ex
1396 5287 1512 5362 ﬁde
1555 5302 1675 5341 mea
1698 5287 2092 5362 vivet,_o'tnnes

478 5357 773 5433 .ezqualiter
817 5360 1213 5433 transtulerunt.
1254 5359 1345 5433 Ex
1387 5360 1494 5415 ﬁde
1523 5373 1621 5414 sua
1661 5358 1823 5433 vivet.
1864 5357 2094 5433 Denique

500 5428 865 5504 Summachus‘
894 5430 1274 5504 signiﬁcantius
1326 5431 1676 5499 interpretans
1739 5431 1812 5482 ait
1851 5428 2090 5504 :_.I_ustus

499 5499 681 5559 autem
710 5517 809 5573 per
839 5499 998 5558 fidem
1040 5499 1201 5556 suam
1233 5505 1511 5571 prepriam
1543 5504 1720 5573 vivet,
1745 5501 1885 5570 quod
1911 5499 2092 5557 Gra’ce

500 5571 725 5641 dicitur,
764 5582 874 5628 etc.
930 5574 1024 5628 llic
1071 5574 1227 5645 vides
1272 5573 1525 5645 Aquilam
1569 5582 1632 5645 ςι
1662 5571 2087 5628 Theodotiouem

500 5647 917 5714 interpretatos,
964 5660 1028 5699 ea:
1055 5643 1158 5715 ﬁde
1196 5642 1413 5716 ejus,'id
1443 5652 1530 5700 est
1556 5642 1679 5706 Dei,
1706 5653 1898 5699 contra
1927 5660 2086 5713 quam

474 5718 576 5785 ibi
621 5717 807 5788 docet,
851 5729 1072 5788 omnes,
1121 5727 1353 5787 excepto
1402 5718 1755 5788 Symmacho,
1803 5719 2089 5785 a-qualtter

503 5787 871 5850 transtulisse,
898 5803 961 5842 ea:
988 5786 1093 5858 ﬁde
1122 5804 1238 5843 sua.
1262 5786 1539 5844 Caeterum
1567 5798 1624 5843 et
1649 5786 1803 5856 vivet,
1838 5789 2086 5858 provivit

500 5858 591 5924 hic
616 5859 690 5921 sit
713 5858 1084 5933 reponendum
1101 5899 1117 5930 ,
1148 5859 1293 5934 quod
1319 5860 1594 5918 Victorius
1621 5858 1889 5918 continuo
1928 5857 2080 5933 iacit,

2207 4726 2350 4797 ﬁeret
2378 4724 2431 4777 in
2458 4721 2662 4778 Christo
2686 4720 2834 4791 Iesu,
2868 4732 2924 4776 ut
2957 4718 2985 4758 ά
3016 4719 3446 4792 pollicitationem
3470 4717 3644 4793 435
3690 4715 3801 4786 spi-

2204 4818 2336 4872 ritus
2365 4817 2683 4888 accipiamus
2732 4831 2823 4887 per
2859 4813 3038 4884 ﬁdem.
3080 4814 3392 4885 Antequam
3425 4811 3499 4867 de
3535 4824 3711 4868 sensu
3749 4815 3803 4864 et

2201 5017 2268 5060 ex
2298 5008 2399 5058 τῶν
2430 4996 2575 5055 LXX
2603 4997 2820 5061 Graeca.
2855 5000 3086 5062 ζήσεται.

2274 5072 2301 5112 δ
2334 5072 2716 5140 Expungenda
2738 5066 2989 5140 videatur
3018 5064 3259 5140 negandi
3298 5064 3595 5135 particula,
3627 5077 3796 5140 quam

2200 5155 2258 5201 et
2283 5136 2497 5200 Victor.
2530 5136 2766 5209 resttuil.
2801 5139 2915 5195 Nec
2955 5149 3133 5193 tamen
3171 5137 3299 5192 inde
3324 5152 3523 5205 arguas
3551 5136 3798 5209 sensisse

2198 5217 2423 5272 Hieron.
2453 5231 2571 5269 eam
2597 5207 2886 5282 justitiam,
2921 5226 3042 5282 qua:
3085 5209 3391 5282 necessaria
3424 5218 3511 5263 est
3535 5207 3608 5261 ad
3638 5207 3799 5282 salu-

2199 5297 2333 5356 tem,
2367 5280 2699 5357 qttelnqtttlllt
2735 5280 2951 5353 absque
2970 5281 3089 5357 ﬁde
3101 5280 3346 5357 __Christ_i_
3377 5281 3678 5357 consequi_
3705 5294 3800 5348 po.

2199 5349 2398 5414 tuisse:
2417 5349 2617 5413 Confer
2660 5357 2718 5412 S.
2755 5349 3042 5419 Augustin.
3078 5354 3173 5408 lib.
3207 5351 3276 5406 de
3306 5350 3495 5406 Natur.
3543 5349 3599 5404 et
3635 5349 3794 5405 Crat.

2195 5445 2315 5500 cap.
2349 5429 2447 5496 44;
2485 5439 2541 5484 et
2568 5428 2666 5485 lib.
2698 5444 2732 5484 lt
2757 5428 2826 5482 de
2852 5427 3130 5500 Peccator.
3156 5425 3395 5500 itemiss:
3421 5437 3471 5477 c.
3498 5421 3707 5500 9_:_lib.
3730 5421 3798 5476 de

2195 5494 2396 5558 Genes.
2429 5494 2495 5555 ad
2531 5501 2613 5555 lit.
2640 5518 2690 5557 c.
2716 5500 2808 5565 33,
2837 5498 3072 5564 denique
3097 5497 3259 5567 epist.
3295 5495 3396 5549 157
3425 5503 3481 5549 et
3509 5494 3645 5549 190.

2269 5585 2291 5613 ο
2328 5574 2424 5627 llic
2452 5583 2614 5642 atque
2650 5570 2811 5633 infra,
2845 5569 2935 5623 ubi
2968 5566 3261 5642 locusiste
3294 5567 3561 5642 recurrit,
3619 5566 3794 5620 vivent

2193 5645 2379 5715 legunt
2430 5636 2563 5699 mss.
2617 5643 2809 5709 nostri,
2859 5656 2957 5711 pro
3000 5641 3241 5694 tiverent.
3287 5636 3513 5694 Graecus
3561 5652 3794 5709 quoque

2195 5726 2277 5770 lex
2290 5730 2395 5778 tus,
2431 5720 2690 5781 ζήσονται.

2260 5784 2289 5823 ά
2320 5788 2440 5843 Duo
2465 5803 2624 5856 ntss.,
2658 5796 2713 5840 ut
2734 5784 3192 5859 repromissiones;
3224 5783 3276 5839 itt
3299 5781 3512 5852 (ΣΙ-ποθ,
3532 5781 3797 5857 ἄπανῃσ·

2186 5858 2309 5917 Matt.
