3978 6338
57 140 439 240 τ-

171 315 253 379 εει
623 307 1274 371 COMMENTARIORUM
1312 309 1381 370 ΙΝ
1416 307 1804 370 ΕῘἾΞΤΟΙΛΜ
1850 312 1935 367 AD
1975 311 2302 370 GALATAS
2342 312 2470 368 LIB.
2515 307 2578 368 ll.
2623 309 2778 370 CAP.
2822 313 2911 371 Ill.
3308 313 3417 376 363

166 435 326 490 verbis
349 431 584 503 Apostoli
617 430 984 500 disputemus,
1025 430 1232 501 justum
1265 431 1486 486 videtur
1519 429 1717 485 Deute-
1746 434 1794 494 Α
1821 445 1890 487 ex
1911 440 2064 501 parte
2095 431 2353 496 instituit,
2384 431 2526 501 quod
2560 433 2735 502 possit
2778 441 2831 488 et
2865 433 2939 487 ita
2963 431 3064 504 legi
3102 453 3110 485 :
3137 435 3258 505 quia
3287 452 3419 493 cou-

169 527 372 586 ronomii
403 525 783 589 tesritnonium,
809 523 877 578 dc
905 540 1012 592 quo
1041 533 1090 577 et
1121 524 1400 592 apostolus
1430 522 1546 577 haec
1573 539 1720 578 szim-
1822 525 2093 578 tumeliose
2117 523 2254 580 Deus
2282 541 2565 593 suspensus
2610 535 2705 581 est.
2740 525 2865 582 llaec
2898 523 3105 582 idcirco
3137 530 3419 600 congessi-

169 624 260 694 psit
282 621 446 692 (Deut.
478 635 582 678 ut.
614 619 708 680 2).,
735 617 850 687 9.5).
882 617 1067 684 paucis
1097 615 1390 688 replicare,
1413 625 1469 671 et
1495 631 1721 686 compo-
1823 631 1969 680 mus,
1998 618 2123 686 quia
2151 617 2513 672 famosissima
2539 617 2768 688 quaestio
2791 629 2896 688 est,
2927 629 2980 674 et
3013 621 3172 675 nobis
3193 620 3364 676 soleat
3389 637 3422 677 ει

170 729 288 770 nere
337 711 459 767 illud
515 711 725 765 caeteris
768 707 1126 764 coitionibus.
1178 710 1530 780 Septuaginta
1590 722 1722 776 ergo
1823 707 2027 765 Judaeis
2056 724 2152 779 pro
2194 709 2420 764 infantia
2453 710 2640 780 obiici,
2679 711 2822 780 quod
2856 712 3107 769 Salvator
3149 723 3337 770 noster
3367 724 3425 770 οι

170 808 470 875 interpretes
503 805 572 859 ita
610 803 755 858 hunc
795 803 974 858 locum
1019 803 1349 858 transtulere
1390 819 1402 856 :
1450 802 1510 858 Si
1551 811 1724 855 autent

173 904 308 974 fuerit
335 902 383 953 iu
407 902 576 970 aliqua
607 910 879 967 peccatunt
910 907 954 952 et
979 897 1239 970 judicium
1281 895 1480 961 ntortis,
1515 905 1560 949 et
1589 911 1729 949 mor-

172 1003 274 1048 tuus
312 992 481 1062 fuerit,
511 991 881 1064 suspenderitis
922 1006 1038 1044 eunt
1085 990 1137 1043 in
1169 989 1334 1060 ligno,
1361 1005 1463 1042 nou
1509 989 1730 1042 dormiet

171 1103 334 1156 corpus
368 1085 508 1138 illius
544 1101 702 1155 super
740 1084 978 1156 lignum,
1015 1083 1104 1137 sed
1148 1083 1453 1150 sepelientes
1481 1082 1732 1155 scpclietis

171 1195 270 1234 eum
299 1179 348 1232 in
371 1177 450 1232 die
474 1176 599 1242 illa;
627 1176 750 1246 quia
781 1175 1088 1230 maledictus
1115 1191 1145 1226 a
1168 1171 1280 1228 Deo
1305 1174 1472 1227 omnis
1501 1175 1590 1245 qui
1617 1190 1735 1244 peu-

173 1273 246 1326 det
268 1272 314 1325 in
342 1272 476 1341 ligno
509 1286 528 1325 :
552 1279 599 1324 et
628 1286 729 1323 non
768 1269 1147 1323 contamiuabis
1190 1279 1379 1322 terram
1409 1277 1547 1321 tuam
1579 1283 1734 1338 quant

174 1363 401 1419 Dominus
464 1371 489 1399 ει
545 1361 682 1418 Deus
734 1371 853 1416 tuus
903 1361 1044 1414 dabit
1095 1359 1187 1414 tibi
1239 1362 1294 1414 in
1363 1358 1732 1414 litereditateut.

172 1459 337 1529 Aquila
368 1476 380 1511 :
410 1454 476 1510 Et
507 1473 625 1510 cum
649 1457 811 1527 fuerit
835 1457 890 1510 in
918 1456 1026 1510 uiro
1049 1462 1315 1524 peccatum
1340 1455 1396 1508 in
1427 1451 1535 1525 [AL
1561 1451 1740 1526 et]ju-

177 1554 342 1607 dicium
387 1552 600 1616 mortis,
655 1561 702 1606 et
739 1550 940 1606 occisus
977 1549 1158 1619 fuerit,
1185 1559 1231 1604 et
1256 1549 1586 1621 suspendet-is
1624 1564 1742 1602 eum

176 1664 308 1719 super
327 1647 537 1716 lignum,
564 1662 665 1700 non
697 1642 1100 1699 commorabitur
1128 1643 1480 1697 morticinium
1510 1644 1625 1710 eius
1656 1659 1744 1696 suo

179 1756 256 1811 per
292 1738 504 1810 lignum.
539 1739 632 1792 sed
682 1737 934 1810 sepelieris
973 1737 1186 1809 sepelies
1235 1751 1349 1790 eum
1394 1735 1449 1788 iu
1488 1734 1572 1788 die
1623 1733 1738 1803 illa,

1826 802 2093 858 Dominus
2120 803 2224 858 sub
2265 803 2356 859 Dei
2403 803 2568 882 fuerit
2610 805 2924 862 maledicto.
2969 807 3212 862 Primum
3261 809 3427 879 igitur

1829 896 2151 952 intttcttdum
2183 906 2286 963 est,
2331 898 2476 967 quod
2523 914 2630 954 non
2679 900 3010 971 quicumque
3057 901 3110 957 in
3154 902 3300 974 ligno
3333 920 3430 974 pe-

1833 988 2085 1060 penderit
2134 988 2456 1045 maledictus
2482 989 2554 1044 sit
2584 992 2727 1061 apud
2768 992 2959 1060 Deum,
2991 993 3086 1048 scd
3115 995 3206 1064 qui
3237 1011 3431 1066 pecca-

1833 1083 2014 1147 verit,
2059 1091 2113 1136 et
2177 1093 2400 1154 propter
2447 1083 2628 1137 scelus
2667 1085 2828 1140 morti
2877 1084 3047 1141 fuerit
3087 1087 3433 1158 adiudicatus

1834 1172 2192 1242 sublatus-que
2241 1174 2296 1229 in
2336 1189 2556 1230 crucem
2589 1193 2601 1229 :
2633 1191 2744 1231 non
2782 1177 2906 1233 ideo
2938 1179 3262 1236 maledictus
3302 1183 3433 1253 quia

1837 1265 2136 1321 crucitisus
2166 1276 2272 1335 est,
2315 1267 2413 1322 sed
2452 1269 2578 1337 quia
2616 1269 2668 1323 in
2709 1270 2868 1325 talem
2903 1271 3162 1328 inciderit
3189 1282 3398 1330 reatum
3422 1316 3437 1340 ,

1839 1369 1895 1413 ut
1947 1360 2216 1414 meruerit
2261 1361 2530 1431 crucifigi.
2579 1359 2790 1418 Deinde
2839 1361 2975 1419 illud
3019 1367 3432 1437 opponendum,

1843 1451 1986 1522 quod
2043 1452 2270 1508 inferius
2323 1467 2489 1508 causa
2543 1453 2771 1523 patibuli
2829 1454 3046 1526 plenius
3094 1469 3440 1530 exponatur,

1846 1544 2127 1616 Scriptura
2147 1545 2450 1611 referente,
2476 1545 2546 1600 ob
2574 1547 2926 1604 maledictum
2960 1558 3015 1605 et
3044 1549 3443 1620 blasphemiam

1850 1636 1948 1692 Dei
1993 1652 2118 1692 eum
2160 1653 2284 1694 esse
2323 1637 2668 1695 crucifixum.
2713 1639 2868 1707 Quod
2909 1643 3155 1712 apertius
3196 1642 3446 1716 Symma-

1850 1733 1989 1787 chus
2027 1731 2342 1799 transtulit,
2375 1731 2567 1788 dicens
2600 1749 2614 1788 :
2653 1735 2777 1804 quia
2816 1743 3029 1806 prapter
3071 1735 3445 1808 blasphemiam

179 1829 322 1902 quiab
348 1829 644 1884 maledictio
689 1828 786 1884 Dei
828 1840 922 1899 est,
955 1830 1044 1899 qui
1085 1845 1366 1899 suspensus
1412 1836 1485 1882 est
1518 1843 1535 1880 :
1564 1837 1616 1883 et
1644 1844 1748 1882 non
1779 1827 1827 1890 Β
1861 1824 1952 1879 Dei
1979 1841 2256 1892 suspensus
2287 1834 2380 1880 est.
2416 1825 2498 1880 Ad
2529 1834 2835 1882 extremum
2878 1827 3288 1898 interrogemus
3330 1844 3452 1897 eos,

181 1923 518 1978 contaminabis
558 1923 773 1977 humum
801 1932 944 1975 tuam
985 1937 1137 1990 quam
1171 1921 1426 1974 Dominus
1454 1918 1596 1974 Deus
1628 1927 1744 1974 tuus

182 2016 300 2070 dabit
329 2017 414 2070 tibi
439 2016 821 2070 hereditatem.
866 2014 1230 2084 Symmachus
1260 2031 1273 2068 :
1307 2014 1370 2068 Si
1401 2025 1572 2068 autem
1588 2014 1746 2085 fuerit

182 2110 351 2162 homini
370 2120 638 2181 peccatum
665 2109 735 2161 ad
759 2108 1025 2178 judicium
1047 2109 1249 2173 mortis,
1276 2118 1321 2162 et
1343 2108 1544 2162 occisus
1565 2108 1746 2178 fuerit,

183 2203 542 2275 etsuspeuderis
566 2219 686 2256 eum
715 2218 869 2273 super
910 2201 1105 2272 lignum
1135 2217 1153 2256 :
1179 2219 1282 2256 non
1314 2199 1634 2271 pcrnoctabit
1657 2216 1747 2254 ca-

185 2295 315 2350 daver
335 2296 498 2367 ipsius
537 2311 700 2364 super
725 2294 945 2366 lignum,
975 2293 1068 2347 sed
1100 2294 1371 2365 sepultura
1399 2294 1610 2365 sepei'ies
1632 2309 1750 2347 eum

186 2386 274 2460 [AL
301 2387 447 2460 illud]
478 2389 532 2443 in
562 2387 651 2442 die
676 2387 816 2460 ipsa,
846 2388 973 2456 quia
1008 2395 1218 2458 prapter
1245 2385 1620 2456 blasphemiam
1653 2384 1751 2440 Dei

182 2497 424 2550 suspensus
450 2490 524 2536 est
556 2497 578 2535 :
610 2490 660 2536 et
692 2497 794 2534 non
815 2479 1198 2534 coutaminabis
1221 2490 1414 2534 terram
1437 2490 1750 2550 (numquam

186 2571 404 2629 Dominus
434 2575 576 2630 Deus
611 2585 730 2628 tuus
764 2573 906 2628 dabit
937 2573 1030 2628 tibi
1059 2573 1128 2626 ad
1155 2574 1534 2628 Itazreditatent.
1567 2572 1751 2627 Theo-

186 2667 346 2725 tlotio:
378 2666 440 2721 Et
467 2668 598 2738 quia
633 2668 729 2722 erit
750 2667 805 2720 in
845 2669 957 2720 viro
984 2674 1252 2738 peccatum
1275 2664 1331 2719 in
1354 2664 1466 2738 [AL
1500 2673 1645 2720 tacet
1675 2663 1751 2737 in]

181 2763 401 2832 judicium
422 2762 632 2827 mortis,
653 2761 993 2828 et-morietur,
1015 2771 1064 2814 et
1084 2761 1362 2831 suspendes
1384 2774 1500 2813 eum
1515 2757 1567 2812 in
1585 2755 1752 2829 ligno,

190 2869 270 2906 non
293 2854 494 2908 dormiet
533 2851 892 2906 morticinium
929 2853 1044 2923 ejus
1087 2866 1247 2920 super
1284 2850 1505 2922 lignum,
1530 2849 1652 2919 quia
1673 2865 1757 2904 se-

189 2946 369 3015 pultura
388 2947 604 3019 sepelies
636 2960 754 2998 eum
785 2942 838 2997 in
865 2941 950 2996 die
977 2943 1118 3015 ipsa,
1157 2943 1282 3014 quia
1316 2941 1622 2996 maledictio
1660 2940 1756 2996 Dei

191 3048 249 3091 est
271 3056 532 3112 suspensus
559 3055 578 3094 :
611 3046 660 3092 et
685 3053 789 3092 non
821 3035 1203 3091 contaminabis
1240 3035 1432 3089 adama
1477 3033 1590 3108 [AL
1625 3034 1758 3089 uda-

191 3131 503 3205 mamltunm
549 3148 710 3205 quam
758 3130 1012 3185 Dominus
1058 3129 1200 3184 Deus
1242 3137 1361 3184 tuus
1411 3129 1614 3184 dederit
1662 3128 1756 3183 tibi

1850 1919 1894 1972 si
1923 1919 2160 1974 Ananias
2201 1928 2256 1974 et
2296 1919 2522 1974 Azarias
2557 1929 2614 1975 et
2656 1920 2874 1988 MiSuel,
2925 1921 3178 1976 nolentes
3219 1921 3456 1979 adorare

1853 2011 2056 2067 idolum
2085 2010 2617 2080 Nabuchodonosor,
2642 2012 2878 2070 fuissent
2922 2013 2979 2069 in
3009 2015 3160 2086 ligno
3191 2017 3452 2086 suspensi

1853 2100 2018 2174 (Dan.
2051 2101 2130 2175 nt)
2156 2121 2170 2172 ;
2205 2104 2497 2160 Eleazarus
2523 2120 2741 2176 quoque
2773 2109 3182 2177 nonagenarius
3209 2109 3312 2164 sub
3342 2107 3458 2164 An-

1853 2197 2040 2252 tiocho
2087 2213 2218 2269 rege
2263 2198 2472 2270 Syrim',
2529 2208 2583 2254 et
2626 2215 2750 2254 cum
2793 2209 3003 2272 septem
3047 2201 3173 2256 ﬁliis
3219 2201 3460 2273 gloriosa

1852 2297 2066 2357 mater,
2141 2299 2322 2346 utrum
2390 2291 2722 2348 maledictos
2789 2309 2886 2348 eos
2947 2295 3268 2351 aestimaturi
3337 2295 3460 2354 fue-

1854 2383 1966 2438 rint
1994 2391 2012 2455 (
2038 2381 2080 2438 ll
2108 2381 2368 2439 Mar/mn
2393 2383 2434 2455 ),
2463 2401 2532 2439 an
2576 2385 2726 2441 omni
2767 2385 3159 2443 benedictione
3194 2387 3457 2458 dignissi-

1857 2478 2010 2532 mos?
2039 2477 2199 2532 Certe
2222 2477 2270 2532 si
2299 2491 2518 2532 crucem
2543 2493 2708 2548 quam
2738 2479 2910 2532 Aman
2937 2490 3226 2548 paraverat
3251 2480 3462 2537 Mardo—

1855 2568 2013 2624 chaeo
2045 2568 2262 2642 (Esther
2288 2567 2407 2640 vn),
2433 2584 2544 2624 non
2577 2569 2694 2640 ipse
2721 2587 2816 2640 pro
2847 2586 2946 2627 suo
2971 2573 3169 2629 merito
3195 2589 3462 2630 conscen-

1857 2664 2052 2732 disset,
2082 2673 2214 2734 puto
2236 2663 2607 2720 Mardochzeus
2630 2665 2684 2719 in
2713 2679 2858 2729 eam,
2890 2681 2995 2722 non
3025 2675 3084 2722 ut
3112 2669 3458 2738 maledictus,

1856 2759 1952 2814 sed
1984 2768 2040 2814 ut
2070 2759 2152 2813 vir
2181 2767 2404 2814 sanctus
2434 2757 2762 2816 ascenderet
2814 2757 2926 2832 [AL
2956 2760 3329 2834 ascenderat].
3358 2761 3455 2818 llis

1858 2863 1914 2908 et
1937 2851 2154 2908 czcteris
2175 2851 2448 2906 similibus
2485 2852 2914 2922 comprobantur
2943 2853 3096 2908 illum
3127 2867 3249 2909 esse
3279 2853 3454 2910 male-

1860 2947 2087 3011 dictum,
2103 2946 2193 3017 qui
2215 2945 2340 3016 dign
2352 2961 2440 3000 um
2460 2945 2672 3001 facinus
2687 2946 2930 3016 patibulo
2945 2947 3284 3018 perpetrarit
3306 2963 3322 3003 :
3346 2963 3458 3004 non

1861 3055 1986 3096 cum
2031 3040 2127 3111 qui
2171 3039 2462 3110 iniquitate
2487 3039 2762 3110 'judicum,
2793 3049 2850 3096 et
2891 3041 3238 3098 inimicorum
3275 3050 3469 3112 poten-

1862 3135 1954 3198 tia,
1984 3134 2067 3187 vel
2099 3133 2340 3188 clamore
2373 3131 2542 3203 vulgi,
2575 3141 2671 3188 aut
2703 3133 2964 3188 virtutum
3001 3133 3230 3200 invidia,
3264 3143 3358 3190 aut
3390 3150 3474 3190 re-

194 3225 525 3282 bareditatcm.
555 3227 734 3282 Porro
758 3241 936 3281 ΑυΑωλ
963 3224 1197 3298 (rima),
1229 3235 1368 3280 terra
1390 3225 1508 3280 sive
1540 3225 1752 3292 humus,
1786 3227 1832 3293 C
1865 3225 1946 3294 gis
1971 3223 2130 3296 437
2163 3225 2239 3278 ira
2265 3223 2430 3280 fuerit
2455 3223 2768 3280 crucifixus.
2805 3224 2872 3278 Et
2901 3224 3112 3280 Naboth
3145 3224 3256 3299 [AL
3289 3225 3473 3282 Nabu-

197 3319 341 3389 liagua
391 3320 627 3376 Hebraea
675 3319 1004 3390 appellatur.
1053 3317 1110 3372 ln
1154 3331 1223 3372 eo
1263 3325 1446 3372 autem
1497 3316 1622 3372 loco
1667 3316 1760 3372 ubi

199 3413 353 3484 Aquila
372 3425 421 3470 et
435 3413 748 3471 Theodotio
767 3411 1024 3468 similiter
1041 3411 1458 3478 transtulerunt,
1475 3411 1722 3468 dicentes
1745 3429 1759 3467 :

201 3509 295 3576 quia
319 3509 611 3563 maledictio
641 3505 741 3561 Dei
766 3515 840 3561 est
867 3521 1174 3580 suspensus,
1203 3504 1259 3559 in
1291 3503 1526 3559 llebrmo
1557 3504 1630 3559 ita
1661 3519 1764 3573 po-

206 3602 321 3654 nitur
342 3611 362 3639 ο
389 3616 470 3655 cm
496 3614 792 3656 cauum
813 3613 972 3653 aeoru
999 3611 1222 3652 THALUI.
1245 3595 1376 3652 Hice
1398 3595 1563 3652 verba
1591 3596 1766 3651 Ebion

207 3691 277 3747 ille
312 3692 704 3750 hrresiarcltes
747 3691 1270 3758 Semichristianus,
1303 3700 1360 3747 et
1399 3690 1769 3762 Semijudazus

208 3783 419 3856 [ﬂeui
451 3789 853 3856 interpretatus
891 3795 998 3850 est,
1045 3783 1123 3840 ὅτι
1161 3785 1313 3862 ὕϐρις
1347 3791 1476 3841 Θεοῦ
1513 3784 1539 3841 ὁ
1573 3787 1766 3863 κρεμά-

212 3900 352 3948 μενος,
381 3881 429 3935 id
463 3892 577 3945 est,
603 3880 729 3950 quia
758 3879 956 3950 injuria
979 3875 1076 3932 Dei
1109 3887 1184 3932 est
1207 3895 1510 3950 suspensus.
1545 3877 1768 3933 Memini

215 3987 282 4026 llic
310 3975 353 4026 in
376 3973 401 4010 ά
431 3974 814 4030 Λιιεγεειιῖοηο
841 3971 1060 4026 Jasonis
1083 3979 1138 4026 et
1165 3969 1402 4041 Papisci.
1426 3985 1549 4041 quze
1576 3969 1770 4026 Graeco

215 4078 426 4123 sermone
452 4064 771 4136 conscripta
797 4074 900 4130 est,
931 4064 1002 4118 ita
1036 4064 1312 4134 reperisse
1340 4081 1354 4118 :
1386 4063 1615 4138 λοιδορία
1642 4071 1771 4120 Θεοῦ

218 4155 563 4232 ὅκρεμὰμενος.
598 4157 652 4212 id
676 4167 780 4220 est,
805 4155 1104 4210 maledictio
1135 4152 1238 4209 Dei
1261 4155 1351 4224 qui
1380 4171 1646 4225 appeusus
1675 4163 1773 4211 est.

224 4247 406 4306 Dicebat
427 4251 560 4307 mihi
594 4259 619 4288 °
652 4248 917 4305 Hebraeus
946 4249 1036 4319 qui
1068 4263 1156 4304 me
1185 4248 1237 4304 in
1270 4248 1568 4320 Scripturis
1597 4248 1776 4320 aliqua

281 4440 302 4467 ι
327 4430 502 4486 Ferme
536 4430 690 4495 iuxta
722 4428 900 4484 Gra-c.
930 4426 1245 4483 Oxoniense
1273 4427 1571 4495 exemplar,
1607 4427 1720 4490 lilii,
1750 4426 1776 4483 ὅ

227 4504 325 4564 Θεὸς
347 4507 477 4575 ἡμῶν
506 4501 861 4575 δίδωσι-ὑμῖν,
900 4499 1034 4553 Deus
1082 4509 1255 4575 noster
1286 4499 1430 4575 dabit
1452 4500 1642 4575 pubis;
1669 4503 1778 4554 duo

230 4595 251 4622 ιι
278 4570 454 4629 nostris
485 4589 644 4636 mss.,
683 4571 825 4625 Dens
871 4582 1034 4624 vester
1059 4570 1202 4624 dabit
1243 4573 1403 4624 vobis.
1452 4571 1618 4624 Paulo
1657 4581 1780 4638 post

1866 3316 2038 3390 ibam]
2064 3316 2358 3388 quondam,
2387 3316 2453 3372 ad
2483 3315 2707 3372 Jezabel
2739 3317 2976 3385 litteras,
3011 3327 3126 3374 tota
3149 3318 3360 3376 Jezrael
3385 3322 3469 3377 ci-

1868 3412 2005 3465 vitas
2033 3419 2210 3465 morte
2233 3410 2512 3465 damnavit
2537 3409 2631 3481 (Ill
2652 3409 2785 3483 Reg.
2813 3410 2962 3483 xxi);
2987 3411 3084 3468 sed
3108 3413 3328 3484 sanguis
3354 3413 3473 3486 ejus

1869 3506 1925 3561 in
1959 3516 2086 3577 typo
2114 3503 2358 3574 Christi,
2395 3506 2562 3561 multa
2597 3515 2721 3577 post
2769 3507 2972 3564 smcula
3018 3508 3348 3578 vindicatur,
3397 3510 3476 3568 di-

1873 3608 2028 3654 cente
2057 3598 2290 3653 Domino
2321 3598 2385 3652 ad
2425 3598 2603 3654 Osee:
2661 3597 2807 3653 Voca
2849 3615 3033 3656 nomen
3084 3604 3196 3675 ejus
3243 3599 3472 3672 Jezrael,

1877 3694 1997 3764 quia
2027 3693 2200 3746 adhuc
2231 3692 2530 3758 modicum,
2575 3700 2623 3746 et
2663 3693 2887 3747 ulciscar
2925 3695 3227 3765 sanguinem
3268 3693 3479 3751 lezrael

1876 3801 2030 3858 super
2047 3784 2255 3840 domum
2276 3785 2397 3840 Jeu.
2425 3783 2580 3858 (Osee
2605 3800 2644 3855 ι,
2669 3786 2753 3855 4).
2781 3785 2906 3841 limo
2928 3785 3213 3843 adversum
3236 3786 3479 3846 Iudaeos.

1877 3879 2149 3936 Casterum
2197 3888 2255 3934 ut
2297 3877 2364 3932 ad
2416 3893 2515 3933 nos
2561 3876 2755 3933 redeat
2805 3877 3122 3948 diSputatio,
3173 3879 3318 3934 scire
3364 3894 3476 3934 non

1880 3986 2098 4042 possum
2125 3986 2295 4042 quare
2339 3969 2634 4040 Apostolus
2662 3971 2715 4024 in
2765 3985 2830 4026 eo
2873 3969 3020 4040 quod
3053 3969 3312 4039 scriptum
3346 3979 3474 4027 est:

1883 4063 2197 4118 Maledictus
2229 4079 2262 4117 a
2290 4059 2400 4115 Deo
2449 4061 2613 4114 omnis
2653 4061 2741 4126 qui
2785 4062 2968 4133 pendet
2995 4061 3048 4114 in
3095 4061 3237 4133 ligno
3291 4059 3476 4134 (Deut.

1882 4173 1997 4220 χχι.
2045 4155 2129 4228 9),
2183 4156 2267 4212 vel
2325 4155 2656 4210 subtraxerit
2715 4155 2916 4224 aliquid
2962 4155 3047 4211 vel
3094 4154 3382 4213 addiderit.
3420 4157 3481 4214 Si

1881 4249 2027 4304 enim
2073 4248 2245 4304 semel
2284 4247 2663 4303 auctoritatem
2713 4247 3068 4319 Septuaginta
3115 4247 3480 4321 interpretum

1886 4427 2062 4497 Opera
2093 4436 2364 4502 [superest
2414 4441 2559 4482 nunc
2605 4426 2750 4481 Celsi
2798 4429 3078 4498 cujuulam
3132 4433 3382 4502 praefatio
3427 4433 3484 4492 in

1887 4515 2008 4554 eam
2055 4499 2492 4565 altercationem,
2529 4515 2689 4562 quam
2727 4503 2866 4554 idem
2912 4506 3026 4566 ipse
3065 4499 3260 4561 Celsus
3291 4505 3483 4564 Latine

1886 4587 1944 4624 se
1963 4579 2196 4645 testatur
2213 4573 2461 4634 vertisse,
2488 4584 2760 4645 suumque
2786 4574 3031 4628 laborem
3067 4575 3262 4645 Vigilio
3295 4579 3480 4634 nescio

233 4656 316 4698 tam
340 4647 398 4698 ad
430 4645 657 4716 Aquilae,
687 4645 944 4716 quaiuatl
979 4643 1293 4713 Symmachi
1324 4644 1629 4716 versionem
1663 4646 1778 4710 plu-
1807 4645 1857 4705 D
1885 4644 2251 4716 cuiepiscnpo
2275 4642 2648 4716 itisrribit._Ex
2675 4645 2836 4696 variis
2855 4645 2973 4712 ejus
2994 4642 3330 4715 [traditionis
3350 4653 3485 4706 locis

235 4720 346 4769 rium
371 4714 614 4772 numero.
645 4714 1038 4783 suspenderitis,
1067 4731 1164 4784 pro
1189 4715 1520 4781 suspenderis
1550 4715 1737 4781 legunt
1764 4732 1776 4768 ε

238 4797 280 4838 at
311 4788 512 4842 (ira-cus
569 4787 762 4840 liorqu
808 4787 1162 4854 interpretum
1207 4795 1384 4839 textus
1421 4786 1782 4839 desideratur.

293 4857 314 4896 δ
343 4858 392 4914 In
413 4859 760 4914 (listcrciensi
781 4872 882 4911 ms.
906 4859 1031 4928 quia
1056 4855 1360 4911 maledictus
1380 4868 1452 4928 est
1475 4859 1787 4928 quisuspeu—

239 4947 320 4985 sas.
345 4943 466 4994 εις..
495 4931 654 4993 falso,
681 4944 804 4984 cum
836 4927 1115 4997 Aquilam,
1149 4936 1202 4982 et
1245 4927 1682 4982 'l'lti-odotionem
1716 4929 1790 4981 si-

244 5001 411 5054 militer
439 5002 823 5065 transtulisse,
855 5000 979 5070 quia
1018 4999 1317 5054 maledictio
1356 4997 1452 5054 Dei
1483 5011 1555 5053 est
1584 5016 1800 5071 suspen-

245 5090 332 5139 S'iS,
361 5079 552 5128 Auctor
585 5075 703 5140 ipse
735 5071 1103 5142 Hieronymus
1130 5073 1220 5124 sit.

307 5175 324 5202 ε
355 5165 568 5221 llebrma
621 5165 740 5220 hnc
773 5163 940 5219 verba
973 5172 1123 5230 sunt,
1154 5146 1275 5223 11".4'1
1309 5146 1489 5222 D‘n'm
1533 5147 1680 5253 nb'ap
1727 5172 1802 5226 Ὁ.

305 5275 326 5314 δ
356 5280 556 5336 Laudat
605 5283 747 5334 hanc
793 5279 1220 5350 disputationem
1274 5279 1596 5350 llieronym.
1639 5280 1808 5335 etiam

255 5348 385 5406 initio
409 5356 606 5418 Quaest.
644 5348 902 5407 Ilebraic.
937 5352 987 5404 in
1015 5349 1297 5413 Geuesim,
1329 5368 1428 5405 nec
1459 5348 1644 5406 tamen
1675 5353 1805 5421 quid

258 5427 319 5473 rei
340 5435 496 5489 esset,
518 5433 610 5479 aut
632 5423 723 5480 coi
742 5439 862 5478 eam
887 5424 1114 5485 tribuat,
1139 5435 1416 5478 attetorem
1445 5433 1617 5478 notat.
1651 5424 1803 5478 Nunc

258 5497 443 5559 quando
483 5512 612 5563 opus
643 5496 785 5550 istud
825 5495 1034 5560 jamdiu
1078 5494 1205 5548 olim
1236 5495 1532 5557 intercidit,
1581 5495 1651 5548 tle
1684 5498 1806 5563 ejus

261 5581 454 5620 auctore
483 5570 759 5632 disputant
781 5567 1002 5620 eruditi.
1034 5564 1287 5620 Clemens
1319 5565 1726 5622 Alexandrinus
1753 5571 1802 5620 iu

265 5650 396 5711 Sexto
422 5642 824 5711 bypotyposeou
845 5638 1007 5711 libro,
1033 5653 1153 5692 eam
1180 5636 1387 5711 tradita
1415 5640 1471 5692 S.
1489 5638 1806 5711 _Lura_ron.

268 5709 528 5775 scriptam;
557 5709 644 5780 qui
675 5727 806 5765 vero
839 5709 957 5777 ejus
985 5710 1362 5763 testimonium
1392 5709 1587 5763 recitat
1629 5709 1806 5762 Maxi-

273 5794 375 5832 mus
403 5789 451 5835 tu
480 5779 707 5838 St'huliis
730 5779 798 5835 ad
826 5780 1140 5852 Dionysium
1163 5782 1232 5852 de
1256 5783 1488 5852 tuystiea
1513 5780 1806 5852 'l‘hcolc-gia

276 5863 380 5924 ηρ.
407 5853 454 5926 l,
484 5855 711 5909 Aristoni
760 5849 1220 5914 Pellaeo'tribuit.
1255 5849 1402 5910 Inter
1439 5851 1498 5910 S.
1551 5849 1809 5927 Cypriani

537 5949 805 6016 Ρλτιιοι..
855 5943 1092 6010 XXVI.

1886 4715 2150 4781 colligere
2175 4725 2274 4773 est,
2308 4714 2526 4766 Celsum
2556 4714 2709 4766 illum
2735 4714 3002 4780 scribere,
3032 4734 3153 4772 cum
3181 4720 3360 4775 adhuc
3382 4724 3482 4777 Sub

1888 4783 2635 4863 persecutiotiilms_Eeclesia
2659 4785 2960 4852 laboraret,
2981 4790 3484 4863 imperatorumque

1892 4859 2263 4980 inﬁnitiorqu
2293 4855 2465 4909 animi
2497 4857 2730 4910 necdum
2759 4869 2943 4913 essent
2973 4855 3178 4917 Christi
3213 4855 3486 4935 religione

1892 4945 1962 4980 ΙΠὶ
2010 4941 2039 4980 ll
2072 4946 2108 4980 Ι.

1889 4928 2108 4984 imbuti.

1976 5010 1999 5035 ο
2027 4998 2166 5054 llinc
2195 4997 2403 5066 colligit
2435 4998 2676 5054 Marinus
2720 5016 2881 5071 quem
2915 5013 2971 5058 et
3007 5003 3354 5061 Martinnazus
3394 5023 3484 5063 se-

1903 5081 2060 5124 cutus
2094 5080 2225 5144 dest,
2266 5073 2433 5144 fuisse
2475 5071 2790 5144 Hieronymi
2839 5085 3228 5144 praeceptorem
3269 5092 3333 5132 ex
3376 5077 3484 5132 lle-

1913 5143 2060 5218 hr_:eo
2082 5140 2476 5218 Christianum;
2502 5140 2880 5218 nequeenim,
2909 5146 3178 5218 inquiunt,
3209 5149 3278 5202 ita
3311 5148 3489 5204 fassus

1915 5213 2106 5285 fuisset
2136 5213 2380 5279 Jiidzntts,
2427 5216 2520 5282 qui
2554 5219 2603 5268 in
2638 5215 2756 5285 lege
2783 5213 3071 5284 persraret.
3121 5219 3313 5274 Verum
3348 5221 3489 5277 hanc

1911 5284 2138 5360 laudem
2161 5291 2570 5360 uon__tacuisset
2603 5284 2732 5360 puto
2776 5288 3160 5359 Hieronymus,
3193 5291 3286 5360 qui
3325 5290 3488 5348 illum

1911 5358 2232 5431 simpliciter
2264 5355 2554 5431 Hebrmum
2599 5358 2749 5412 dicit.
2791 5362 2930 5427 Quin
2973 5355 3137 5415 immo
3176 5355 3280 5417 hoc
3309 5362 3486 5431 ipsum

1909 5428 2056 5499 quod
2087 5441 2249 5502 exeo
2294 5428 2505 5502 profert
2541 5432 2954 5502 Διβςγιὶιιιοιιὶιιηι,
3008 5431 3140 5486 ideo
3181 5437 3299 5502 plus
3329 5428 3494 5492 habet

1910 5497 2390 5573 tiiotuent_i,_quud
2426 5514 2490 5552 ex
2541 5499 2783 5573 llebrgl'a:
2826 5503 3105 5573 religionis
3129 5497 3214 5558 est
3245 5506 3488 5573 homine,

1907 5579 2074 5645 atque
2117 5571 2186 5624 ob
2221 5570 2359 5624 hanc
2405 5585 2623 5645 causam
2656 5571 2758 5645 abs
2800 5570 3130 5645 Hieronymo
3183 5570 3492 5635 adducitur.

1911 5641 2424 5716 Videturprteterea
2458 5641 2545 5696 hic
2575 5643 2671 5716 ille
2712 5644 2854 5698 idem
2896 5641 3047 5708 esse,
3087 5662 3250 5716 quem
3281 5649 3495 5706 Barba-

1909 5713 2190 5788 mnamde
2216 5715 2437 5767 nomine
2469 5715 2685 5788 vocavit
2710 5718 2872 5782 paulo
2891 5728 3020 5788 ante
3048 5713 3394 5788 in'proaemio
3424 5721 3492 5778 ad

1903 5784 2196 5915 lI’i‘mhesios,
2227 5793 2282 5844 et
2306 5799 2470 5856 quem
2499 5783 2744 5842 Judaaum
2793 5787 3076 5847 exstitisse
3105 5783 3239 5851 nihil
3264 5803 3350 5856 est
3397 5793 3502 5867 du:

1945 5871 2076 5915 ium.

1945 5871 2076 5918 ium.
