3978 6338
475 346 584 433 363

478 600 681 643 nomen
708 585 1027 658 adjungere.
1059 584 1155 642 Sin
1182 600 1311 640 vero
1335 594 1392 641 ut
1419 582 1684 640 llebrteus
1709 597 1778 639 ex
1806 580 2074 652 llebraais,

440 722 449 729 .
477 680 530 736 id
558 678 704 752 quod
755 679 808 735 in
850 693 952 735 sua
982 678 1165 750 lingua
1195 679 1421 749 legerat,
1454 679 1681 749 putabat
1708 689 1829 731 esse
1860 673 2079 730 verissi-

477 792 647 843 mum,
680 789 784 832 nec
822 775 1012 841 omnis,
1051 789 1153 830 nec
1188 775 1239 828 in
1272 772 1435 844 ligno,
1466 786 1586 842 qua:
1625 770 1678 825 in
1707 768 1936 825 Hebrum
1967 781 2078 823 non

478 866 771 933 habentur,
818 880 1101 921 assumere
1147 862 1257 938 [Αι.
1291 861 1641 935 assumeret].
1690 860 1770 917 Ex
1805 876 1914 933 quo
1943 859 2079 916 mihi

475 965 713 1032 videtur,
737 973 832 1019 aut
878 971 1094 1019 veteres
1148 962 1503 1018 Hebraeorum
1557 961 1723 1015 libros
1777 960 1937 1014 aliter
1982 957 2082 1012 ha—

474 1056 686 1124 buisse,
712 1072 875 1127 quam
906 1070 1051 1111 nunc
1077 1054 1319 1110 habent:
1352 1062 1447 1109 aut
1469 1052 1792 1124 Apostolum
1834 1050 1928 1125 (ut
1951 1057 2081 1107 ante

466 1148 580 1223 jam
612 1149 749 1222 dixi)
777 1164 1000 1205 sensum
1014 1147 1423 1218 Scripturarum
1441 1146 1711 1217 posuisse,
1741 1159 1851 1201 non
1866 1143 2035 1200 verba
2061 1160 2075 1199 :

472 1253 565 1299 aut
606 1242 750 1315 quod
783 1242 959 1313 magis
1000 1251 1085 1296 est
1130 1238 1510 1295 aestimandum
1535 1280 1550 1305 ,
1594 1246 1720 1309 post
1762 1237 2077 1309 passionem

474 1334 700 1403 Christi,
730 1345 787 1393 et
815 1336 872 1391 in
906 1334 1173 1402 Hebraeis,
1217 1341 1272 1388 et
1319 1331 1375 1387 in
1432 1332 1636 1388 nostris
1684 1330 1965 1387 codicibus
2009 1329 2080 1385 ab

473 1429 660 1499 aliquo
715 1429 813 1485 Dei
842 1442 1048 1483 nomen
1089 1425 1439 1495 appositum,
1486 1433 1548 1480 ut
1593 1422 1872 1479 infamiam
1923 1422 2080 1479 nobis

473 1521 735 1590 iuureret,
766 1520 859 1590 qui
900 1520 956 1575 in
1001 1516 1277 1573 Christum
1315 1517 1663 1574 maledictum
1695 1532 1724 1571 a
1757 1516 1870 1572 Deo
1902 1514 2082 1572 credi-

471 1629 613 1671 mus.
643 1613 851 1670 Audaci
892 1614 1071 1682 itaque
1096 1610 1238 1682 pede
1264 1609 1331 1666 ad
1361 1609 1464 1667 hoc
1492 1609 1735 1682 procedo
1764 1617 2043 1666 certamen
2061 1652 2075 1678 ,

471 1717 534 1764 ut
559 1707 625 1762 ad
652 1705 823 1763 libros
850 1719 1172 1776 provocem,
1205 1702 1356 1759 nullo
1386 1704 1506 1758 loco
1547 1703 1838 1773 scriptum,
1884 1716 1915 1756 a
1964 1699 2079 1755 Deo

473 1816 802 1873 quemquam
824 1814 949 1857 esse
975 1796 1351 1865 maledictum,
1380 1806 1436 1853 et
1467 1795 1797 1867 ubicumque
1824 1793 2083 1851 maledic-

1744 369 1807 428 S.
1846 367 2125 429 EUSEBlI
2162 366 2546 430 HIERONYMI

476 487 834 562 sequebatur,
863 487 1075 559 debuit,
1105 487 1246 546 sicut
1266 486 1338 545 ab
1367 487 1477 545 illis
1498 486 1706 544 editum
1740 493 1847 555 est,
1889 493 1945 542 et
1985 484 2080 543 Dei
2106 486 2163 550 Α
2187 497 2346 543 natus
2395 505 2409 543 :

3674 373 3768 436 διδ

2465 497 2528 544 ιιι
2579 486 2995 545 benedictiones
3043 504 3164 558 qua:
3220 491 3508 562 promissa:
3565 491 3768 551 fuerant

2179 579 2435 651 Abrahae,
2468 580 2588 651 ipso
2634 590 2861 637 auctore
2905 590 2963 637 et
2994 584 3198 652 praevio
3243 584 3674 642 transferrentur
3709 587 3769 644 ad

2178 681 2393 741 gentes,
2427 681 2483 729 et
2505 673 2739 744 spiritus
2769 673 3129 744 repromissio
3154 692 3256 747 per
3279 676 3440 733 ﬁdem
3466 678 3616 735 illius
3635 693 3771 736 com-

2182 764 2433 834 pleretur
2456 765 2512 820 in
2553 765 2751 823 nobis:
2783 783 2945 837 quam
2991 767 3284 839 dupliciter
3327 772 3596 828 debemus
3636 773 3768 828 acci-

2182 872 2341 927 pere,
2373 868 2465 914 aut
2494 859 2549 915 in
2576 862 2837 916 virtutum
2860 860 3437 937 spiritualibusdonis,
3464 866 3632 923 autin
3651 864 3773 923 Scri-

2180 962 2465 1022 pturarum
2495 953 2855 1025 intelligentia
2887 955 3158 1025 Spirituali
3189 957 3232 1030 (Ι
3256 957 3377 1013 Cor.
3403 962 3508 1030 ts).

2250 1044 2436 1117 (Vers.
2463 1046 2530 1102 15
2551 1046 2736 1119 seqq.)
2761 1045 3001 1117 Fratres,
3025 1053 3313 1106 secundum
3345 1052 3607 1107 hominem
3630 1053 3772 1111 dico:

2180 1148 2350 1195 tamen
2377 1139 2603 1196 hominis
2643 1150 3011 1198 testamentum
3039 1145 3405 1214 conﬁrmatum
3451 1162 3603 1202 nemo
3641 1162 3775 1219 sper-

2180 1232 2277 1300 nit,
2309 1241 2400 1287 aut
2427 1235 2799 1306 superordinat
2821 1253 2841 1291 :
2867 1236 3094 1292 Abraha:
3110 1238 3262 1292 dictae
3279 1249 3399 1292 sunt
3422 1241 3774 1312 repromissio-

2178 1342 2290 1394 ues,
2321 1336 2369 1382 et
2386 1329 2573 1383 semini
2604 1331 2739 1401 ejus.
2775 1329 2900 1386 Non
2934 1332 3097 1400 dicit,
3130 1342 3177 1387 et
3206 1334 3514 1404 seminibus,
3543 1337 3697 1406 quasi
3727 1337 3775 1392 in

2179 1421 2379 1485 multis,
2405 1422 2496 1477 sed
2516 1424 2669 1494 quasi
2720 1425 2776 1479 in
2821 1440 2949 1490 uno,
2984 1435 3032 1480 et
3062 1426 3243 1480 semini
3273 1438 3387 1494 tuo,
3420 1428 3511 1497 qui
3536 1438 3615 1482 est
3641 1427 3778 1484 Chri-

2179 1522 2311 1570 stus.
2345 1514 2464 1571 Hoc
2490 1528 2664 1573 autem
2686 1518 2804 1573 dico
2825 1528 3188 1575 testamentum
3208 1522 3575 1591 conﬁrmatum
3600 1540 3634 1576 a
3655 1521 3775 1593 Deo,

2178 1627 2297 1683 quae
2323 1621 2438 1680 post
2466 1612 2873 1685 quadringentos
2897 1622 2946 1670 et
2976 1615 3190 1688 triginta
3210 1633 3373 1671 annos
3402 1621 3541 1688 facta
3562 1628 3640 1674 est
3659 1616 3776 1687 La,

2180 1717 2284 1757 non
2322 1703 2533 1757 irritum
2602 1706 2730 1773 facit
2785 1707 2857 1761 ad
2899 1709 3256 1763 evacuandam
3303 1710 3775 1780 rein-amissionem,

2179 1793 2303 1861 quia
2346 1795 2393 1849 si
2426 1811 2491 1850 ea:
2528 1794 2661 1868 Lege
2699 1797 2997 1859 awreditas.
3035 1800 3157 1871 jam
3197 1817 3298 1854 non
3325 1818 3389 1855 ex
3417 1802 3774 1874 promissione.

471 1895 549 1952 tio
578 1894 825 1965 ponitur,
856 1907 1153 1963 numquam
1175 1890 1270 1947 Dei
1301 1906 1501 1946 nomen
1529 1889 1870 1960 adiunctum.
1906 1887 2078 1945 ιιοιε-
2108 1882 2157 1942 Β
2185 1885 2408 1942 Abrahae
2427 1897 2601 1943 autem
2626 1907 2717 1961 per
2744 1892 3138 1961 promissionem
3179 1893 3393 1948 donarit
3433 1893 3602 1950 Deus.
3644 1898 3779 1967 Apo-

473 1987 642 2044 dictus
666 1998 733 2042 tu
762 1985 826 2041 ab
867 1984 1107 2041 omnibus
1148 1983 1322 2039 bestiis
1373 1981 1586 2054 (Cenes.
1617 1998 1700 2051 ιιι,
1737 1982 1849 2053 14),
1880 1980 2079 2037 dicitur

468 2080 539 2138 ad
562 2088 896 2151 serpentem.
932 2079 1004 2135 Et
1034 2079 1101 2135 ad
1132 2077 1305 2134 Adam
1335 2096 1349 2132 :
1380 2076 1669 2132 Maledicta
1693 2087 1831 2132 terra
1870 2076 1926 2130 in
1956 2091 2079 2146 ope-

467 2175 614 2231 ribus
634 2176 735 2231 tuis
758 2173 952 2247 (Ibid.,
974 2173 1089 2245 i7).
1114 2173 1184 2228 Et
1211 2172 1279 2229 ad
1305 2172 1438 2228 Cain
1465 2189 1478 2226 :
1506 2172 1821 2227 Malcdictus
1844 2181 1901 2226 tu
1922 2187 2081 2241 super

471 2279 661 2325 terram
689 2267 844 2339 (Gen.
873 2285 950 2337 IV,
988 2266 1102 2340 ll).
1145 2268 1215 2323 Et
1244 2267 1374 2323 alibi
1407 2285 1422 2323 :
1470 2266 1789 2322 Maledictus
1827 2264 2078 2320 Chanaan

468 2378 621 2435 puer,
653 2362 884 2434 famulus
912 2360 1010 2416 erit
1040 2359 1293 2432 fratribus
1332 2361 1442 2415 suis
1474 2358 1631 2430 (Gen.
1656 2374 1741 2426 ιιι,
1772 2358 1891 2428 25).
1935 2357 2076 2414 Nec-

469 2470 582 2513 non
597 2464 654 2513 et
666 2455 721 2512 in
731 2456 841 2512 alio
854 2456 973 2513 loco
990 2472 1002 2509 :
1021 2452 1336 2509 Maledictus
1361 2453 1510 2524 furor
1520 2469 1723 2522 eorum,
1738 2453 1862 2524 quia
1875 2451 2077 2519 audax,

469 2558 520 2605 et
547 2550 630 2606 ira
655 2565 858 2617 eorum,
886 2548 1010 2620 quia
1039 2548 1172 2601 dura
1213 2544 1370 2619 (Gen.
1402 2561 1560 2612 xux,
1593 2545 1671 2616 7).
1706 2543 1954 2616 Longum
1997 2552 2082 2599 est

471 2645 516 2702 si
569 2646 854 2702 universas
902 2641 1350 2707 maledictioues,
1382 2655 1505 2711 qua:
1534 2639 1591 2695 in
1618 2637 1889 2703 Levitico,
1926 2644 1984 2692 et
2025 2635 2080 2690 in

469 2738 917 2807 Deuteronomio,
958 2746 1014 2792 et
1043 2737 1096 2791 in
1128 2734 1255 2791 Jesu
1285 2733 1433 2789 Nave
1472 2731 1814 2793 scribuntur.
1851 2743 2080 2787 enume-

471 2847 622 2899 rem;
652 2841 706 2890 et
739 2841 921 2888 tamen
957 2832 1011 2887 in
1041 2830 1187 2886 nulla
1223 2844 1436 2894 earum,
1470 2826 1569 2882 Dei
1597 2842 1797 2882 nomen
1829 2834 1913 2881 est
1937 2824 2086 2880 aitdi-

471 2933 586 2981 tum
611 2942 625 2980 :
655 2925 931 2981 intantum
964 2933 1023 2979 ut
1049 2923 1213 2980 etiam
1244 2921 1365 2992 ipse
1406 2919 1659 2989 Satanas,
1707 2933 1831 2974 cum
1864 2916 1934 2973 de
1978 2915 2084 2973 Job

471 3018 856 3090 polliceretur,
885 3017 1029 3089 quod
1061 3016 1107 3072 si
1136 3014 1437 3088 grandibus
1489 3027 1713 3084 pressus
1751 3009 1947 3066 fuisset
1988 3024 2085 3064 an-

468 3111 688 3185 gustiis,
718 3111 1149 3182 blasphemaret,
1181 3126 1210 3164 a
1243 3108 1458 3164 meliori
1491 3116 1649 3177 parte
1678 3106 1783 3162 hoc
1811 3103 2086 3177 significao

468 3200 634 3273 verit,
655 3200 842 3258 dicens
866 3220 879 3255 :
902 3200 1025 3256 Nisi
1049 3210 1098 3255 te
1119 3198 1440 3256 benedixerit
1470 3200 1525 3254 in
1549 3198 1740 3270 faciem
1764 3196 1888 3270 (Job
1905 3212 1945 3263 ι,
1965 3196 2081 3268 il).

2179 1980 2376 2048 stolus,
2403 1981 2495 2052 qui
2524 1982 2781 2039 omnibus
2811 1985 2992 2040 omnia
3017 1983 3194 2040 factus
3225 1997 3340 2053 est,
3385 1998 3446 2044 ut
3474 2004 3675 2046 omnes
3712 1990 3784 2045 lu-

2179 2073 2492 2140 crifaceret,
2522 2075 2743 2131 debitor
2770 2077 2980 2134 Graecis
3010 2094 3075 2133 ac
3117 2079 3407 2149 Barbaris,
3440 2082 3784 2150 sapientibus

2181 2166 2651 2235 etinsipieutibus,
2668 2168 2876 2225 Calatis
2890 2186 3105 2242 quoque
3117 2187 3253 2242 quos
3268 2174 3429 2243 paqu
3444 2186 3573 2230 ante
3590 2176 3784 2232 stultos

2181 2256 2419 2325 dixerat,
2446 2258 2619 2315 factus
2640 2270 2726 2315 est
2737 2263 2960 2317 stultus.
2977 2262 3096 2318 Non
3111 2264 3255 2320 enim
3270 2264 3338 2320 ad
3350 2281 3448 2322 eos
3459 2266 3547 2322 his
3566 2283 3700 2323 usus
3712 2279 3788 2325 est

2183 2352 2738 2423 argumentisquibus
2770 2353 2836 2410 ad
2865 2354 3172 2426 Romanos,
3197 2357 3294 2413 sed
3317 2358 3784 2429 simplicioribus;

2182 2454 2240 2499 et
2282 2460 2403 2515 quia:
2428 2446 2581 2502 stulti
2622 2456 2850 2518 possent
2887 2449 3222 2521 intelligere,
3261 2461 3316 2507 et
3341 2467 3483 2522 pene
3511 2454 3583 2509 de
3610 2457 3786 2510 trivio.

2183 2540 2341 2608 Quod
2366 2557 2437 2598 ne
2467 2542 2751 2599 videretur
2786 2545 3063 2616 imperitia
3101 2556 3156 2601 et
3190 2563 3300 2602 non
3340 2556 3365 2585 θ
3412 2557 3531 2604 arte
3574 2548 3785 2618 fecisse,

2187 2636 2512 2708 prudentem
2555 2640 2735 2709 placat
2774 2649 2901 2696 ante
2952 2642 3237 2711 lectorem,
3271 2652 3327 2697 et
3372 2658 3496 2713 quae
3542 2643 3790 2699 dicturus

2192 2739 2301 2798 est,
2334 2729 2501 2804 5.39
2544 2743 2812 2803 temperat
2846 2735 3173 2805 prtefatione
3202 2736 3483 2806 praemissa
3510 2754 3526 2792 :
3554 2737 3790 2802 Fratres,

2185 2827 2470 2881 secundum
2499 2828 2759 2883 hominem
2801 2829 2941 2883 dico.
2971 2828 3128 2897 Quod
3174 2830 3322 2885 enim
3364 2830 3619 2887 dicturus
3657 2848 3791 2896 sum,

2185 2936 2293 2976 non
2324 2920 2450 2976 dico
2479 2922 2783 2978 secundum
2814 2924 2981 2979 Deum
3025 2941 3039 2978 :
3067 2940 3179 2981 non
3213 2924 3338 2980 dico
3368 2925 3676 2981 secundum
3706 2942 3790 2982 re-

2187 3013 2467 3069 conditam
2498 3014 2845 3084 sapientiam,
2872 3026 2928 3073 et
2949 3032 3045 3073 eos
3068 3018 3159 3089 qui
3183 3017 3361 3074 solido
3388 3028 3631 3089 possunt
3652 3021 3791 3075 vesci

2188 3104 2337 3175 cibo,
2353 3105 2450 3161 sed
2467 3107 2764 3163 secundum
2780 3124 2875 3164 eos
2888 3110 2980 3179 qui
2997 3111 3067 3165 ob
3082 3111 3507 3167 teneritudinem
3524 3112 3795 3169 stomachi

2188 3197 2366 3253 lacteo
2390 3214 2519 3255 rore
2547 3212 2882 3270 pascuntur,
2921 3211 2977 3257 et
3006 3218 3352 3275 nequaquam
3392 3206 3583 3259 valent
3615 3206 3799 3261 audire

469 3296 540 3354 Et
572 3297 625 3352 in
655 3294 971 3367 Regnorum
1004 3295 1176 3363 libris,
1210 3293 1425 3351 Naboth
1459 3292 1569 3366 [Αι.
1600 3289 1930 3363 Nabutbam]
1958 3306 2083 3361 pro-
2111 3272 2156 3337 ί]
2187 3306 2308 3362 qua:
2334 3291 2564 3362 grandia
2588 3302 2716 3348 sunt
2748 3292 2792 3365 (l
2823 3293 2945 3349 Cor.
2978 3297 3057 3367 v).
3094 3272 3253 3353 lJnde
3282 3309 3337 3353 et
3368 3296 3435 3352 ad
3473 3296 3800 3353 Corinthios

468 3396 668 3462 pterea
698 3388 971 3460 lapidatus
1000 3386 1286 3444 refertur:
1317 3386 1436 3457 quia
1463 3384 1785 3439 benedixerit
1823 3382 1993 3437 Deum
2032 3392 2082 3437 et

467 3499 644 3559 regem
681 3480 772 3555 (lll
804 3481 937 3556 Reg.
986 3478 1121 3552 XXI).
1176 3479 1396 3536 Nullum
1441 3485 1625 3534 autem
1668 3476 1833 3533 debet
1858 3490 2083 3532 movere

470 3574 621 3648 quod
648 3572 898 3631 Christus
930 3589 1028 3645 pro
1055 3571 1213 3628 nobis
1241 3568 1595 3625 maledictum
1624 3566 1800 3623 factus
1832 3567 1923 3632 sit,
1955 3566 2083 3637 quia

467 3678 527 3730 et
570 3670 717 3727 Deus
747 3667 842 3740 qui
870 3683 995 3726 eum
1024 3666 1228 3723 dicitur
1271 3663 1473 3721 fecisse
1499 3660 1666 3735 438
1704 3660 2080 3728 maledictum,

468 3762 591 3836 ipse
634 3762 787 3835 (cum
842 3759 1086 3818 nesciret
1134 3756 1388 3813 Christus
1438 3750 1749 3826 peccatum)
1793 3769 1891 3825 pro
1923 3751 2083 3808 nobis

474 3871 601 3915 eum
628 3866 914 3928 peccatum
943 3853 1096 3919 fecit,
1126 3861 1181 3907 et
1211 3850 1463 3907 Salvator
1500 3848 1569 3904 de
1610 3846 1941 3918 plenitudine
1975 3846 2080 3901 Pa—

464 3950 568 4006 tris
586 3948 890 4008 exinanivit
914 3962 998 4015 se,
1025 3944 1259 4000 formam
1274 3940 1709 4011 serviaccipicns
1730 3938 1959 4009 (Philip.
1986 3936 2045 4008 ιι)
2066 3956 2077 3990 :

469 4045 583 4100 vita
615 4052 834 4100 mortua
864 4040 974 4115 [ΑΙ.
1010 4035 1287 4109 mortuus]
1316 4044 1423 4102 est,
1459 4042 1520 4089 et
1563 4034 1831 4104 sapientia
1863 4032 1956 4087 Dei
1998 4031 2079 4086 fu-

467 4136 638 4193 tuitas
664 4143 752 4194 est
770 4135 1065 4206 appellata,
1101 4140 1161 4188 ut
1180 4128 1325 4202 quod
1348 4128 1574 4184 stultum
1599 4137 1717 4183 erat
1740 4126 1838 4182 Dei
1862 4126 2079 4196 sapien-

468 4228 580 4284 tius
632 4228 784 4285 fieret
835 4227 1153 4284 hominibus
1182 4223 1229 4297 (1
1269 4220 1391 4279 Cor.
1422 4220 1482 4294 ι).
1514 4220 1586 4277 Ει
1625 4220 1681 4276 in
1730 4220 2076 4290 sexagesimo

465 4329 662 4377 octavo
696 4320 907 4391 psalmo
940 4319 1007 4375 de
1035 4334 1095 4374 se
1126 4313 1576 4387 loquiturzbeus,
1607 4322 1662 4368 tu
1690 4313 1790 4367 scis
1822 4312 2074 4382 insipien-

469 4416 597 4468 tiam
621 4430 806 4481 meam,
830 4423 880 4467 et
904 4413 1095 4468 delicta
1123 4427 1237 4466 mea
1277 4427 1309 4465 a
1357 4420 1405 4463 te
1452 4426 1555 4464 non
1598 4416 1721 4462 sunt
1774 4406 2073 4462 abscondita

470 4502 649 4579 (Psal.
685 4519 872 4572 vam,
903 4504 982 4575 7).
1019 4502 1221 4573 lujuria
1249 4501 1430 4572 itaque
1456 4500 1700 4568 Domini,
1734 4512 1922 4554 nostra
1956 4499 2074 4570 glo-

470 4600 552 4657 ria
580 4608 686 4656 est.
717 4598 816 4655 llle
845 4606 1095 4653 mortuus
1128 4604 1233 4663 est,
1263 4605 1320 4651 ut
1351 4609 1453 4651 nos
1478 4595 1820 4650 viveremus.
1854 4592 1951 4648 Ille
1977 4592 2073 4647 dt."

2184 3384 2240 3439 in
2254 3384 2453 3453 quibus
2465 3385 2788 3443 audiebatur
2802 3386 3117 3453 fornicatio,
3136 3398 3191 3444 et
3211 3391 3333 3445 talis
3357 3389 3653 3447 fornicatio
3674 3406 3791 3463 qua:

2185 3479 2612 3550 neintergentes
2634 3480 3133 3555 quidem,ait:Ego
3158 3484 3296 3547 dico,
3335 3495 3383 3538 et
3409 3501 3513 3538 non
3548 3484 3801 3540 Dominus

2184 3572 2229 3646 (l
2244 3571 2366 3627 Cor.
2382 3589 2477 3639 vn,
2512 3573 2622 3643 12).
2645 3574 2707 3628 Ει
2724 3575 2790 3629 ad
2813 3575 3038 3630 eosdem
3056 3575 3108 3630 in
3125 3575 3396 3631 secunda:
3422 3576 3581 3642 Quod
3596 3576 3797 3649 loquor,

2186 3682 2292 3720 non
2304 3666 2585 3721 secundum
2598 3666 2885 3723 Dominum
2907 3670 3114 3738 loquor,
3139 3671 3228 3724 sed
3250 3672 3401 3739 quasi
3420 3671 3473 3723 in
3498 3671 3800 3742 insipientia

2186 3757 2254 3833 (ll
2272 3758 2393 3813 Cor.
2421 3776 2497 3829 ιι,
2524 3760 2639 3831 l7).
2659 3761 2861 3816 Putant
2892 3763 3062 3833 aliqui
3090 3763 3234 3833 quod
3260 3764 3325 3818 de
3345 3773 3685 3819 testamento
3707 3763 3801 3819 ho-

2185 3849 2371 3921 minis,
2398 3862 2455 3907 et
2492 3853 2564 3908 de
2602 3854 2884 3910 testatoris
2907 3854 2938 3894 ιδ
2969 3865 3168 3925 morte,
3207 3864 3262 3912 et
3291 3858 3509 3912 caeteris
3549 3858 3801 3913 humana:

2184 3944 2559 4000 similitudinis
2591 3945 2974 4017 disputaturus
3014 3951 3304 4021 exemplis,
3352 3949 3554 4005 dixerit
3588 3969 3602 4005 :
3661 3949 3799 4003 Fra-

2183 4048 2307 4107 tres,
2339 4037 2625 4092 secundum
2662 4037 2920 4095 hominem
2963 4043 3080 4096 dico
3113 4059 3132 4097 :
3164 4042 3299 4097 mihi
3328 4054 3510 4097 autem
3546 4042 3794 4111 videtur,

2180 4139 2239 4186 et
2269 4139 2494 4201 propter
2525 4130 2632 4187 hoc
2676 4134 2897 4204 quidem
2950 4135 3096 4206 quod
3147 4135 3229 4190 illi
3276 4136 3650 4205 arbitrantur,
3704 4138 3796 4192 sed

2179 4222 2418 4278 maxime
2466 4234 2690 4294 propter
2738 4225 2871 4280 illud
2917 4226 3062 4297 quod
3108 4227 3354 4295 sequitur
3394 4243 3517 4283 esse
3548 4229 3801 4300 praemis-

2178 4327 2301 4369 sum
2334 4313 2440 4386 [ΑΙ.
2476 4316 2852 4390 promissum],
2881 4317 2935 4373 id
2964 4328 3049 4375 est
3080 4337 3094 4373 :
3126 4318 3251 4374 Non
3293 4321 3443 4391 dicit,
3484 4330 3539 4376 et
3588 4322 3801 4377 semini-

2179 4407 2295 4476 bus,
2327 4408 2478 4478 quasi
2502 4410 2553 4462 in
2585 4411 2783 4476 multis,
2817 4412 2909 4465 sed
2934 4414 3086 4484 quasi
3124 4414 3179 4468 in
3219 4431 3346 4482 uno,
3371 4424 3419 4468 et
3448 4417 3643 4469 semini
3688 4426 3796 4479 tuo,

2176 4499 2268 4568 qui
2294 4507 2370 4553 est
2392 4500 2647 4556 Christus.
2676 4503 2879 4560 Omnes
2907 4503 3219 4574 Scripturas
3242 4521 3409 4561 sensu
3433 4522 3498 4562 ac
3527 4508 3802 4562 memoria

2181 4607 2503 4664 peragrans,
2531 4610 2822 4665 numquam
2858 4597 3056 4667 plurali
3086 4614 3319 4654 numero
3350 4600 3563 4654 semina
3590 4601 3802 4671 scripta

471 4687 686 4746 Sceudit
715 4688 781 4744 ad
811 4688 1038 4758 inferos,
1072 4696 1134 4743 ιιι
1161 4702 1258 4743 nos
1289 4686 1709 4743 ascenderemus
1751 4684 1816 4739 ad
1846 4685 2073 4741 coelum.
2104 4663 2157 4724 D
2183 4684 2386 4755 reperi,
2419 4686 2518 4740 sed
2546 4686 2660 4742 sive
2692 4688 2744 4742 in
2780 4687 2980 4743 bonam
3011 4700 3247 4761 partem,
3296 4692 3414 4746 sive
3458 4691 3512 4746 in
3564 4693 3799 4756 malam,

467 4782 564 4842 llle
589 4783 766 4839 factus
785 4789 870 4837 est
893 4781 1144 4848 stultitia,
1172 4789 1232 4836 ut
1252 4795 1354 4836 nos
1374 4778 1639 4851 sapientia
1672 4776 1946 4832 lieremus.
1981 4777 2075 4832 llic

463 4893 527 4937 se
553 4877 621 4935 de
644 4875 980 4949 plenitudine
1009 4885 1063 4931 et
1088 4875 1155 4931 de
1186 4874 1359 4930 forma
1390 4875 1481 4929 Dei
1507 4872 1813 4937 evacuavit,
1844 4870 2072 4926 formant

463 4970 610 5029 servi
638 4969 935 5040 accipiens,
958 4980 1017 5023 ut
1051 4968 1107 5023 in
1137 4966 1295 5022 nobis
1316 4965 1595 5020 habitaret
1618 4963 1904 5036 plenitudo
1935 4963 2072 5018 divi-

461 5065 673 5132 uitatis,
703 5072 761 5121 et
800 5062 1019 5120 Domini
1051 5064 1311 5120 fieremus
1360 5076 1392 5116 e
1444 5058 1642 5114 servis.
1689 5058 1785 5113 llle
1813 5057 2075 5129 pependit

457 5159 516 5217 in
544 5160 712 5231 ligno,
745 5166 805 5214 ut
836 5168 1119 5229 peccatum
1166 5154 1314 5226 quod
1347 5153 1800 5209 commiseramus
1830 5151 1885 5205 in
1922 5150 2069 5220 ligno

459 5251 708 5311 scientiae
737 5251 868 5308 boni
896 5260 950 5308 et
978 5250 1134 5315 mali,
1167 5249 1315 5320 ligno
1342 5246 1558 5303 deleret
1593 5260 1890 5316 appeusus.
1919 5246 2066 5300 Crux

457 5347 577 5420 ejus
606 5362 821 5403 amaras
849 5360 1020 5418 aquas
1044 5342 1209 5399 vertit
1247 5342 1301 5396 in
1328 5339 1540 5394 dulcem
1572 5351 1853 5407 saporem,
1890 5344 1947 5392 et
1979 5350 2066 5392 se-

455 5442 632 5499 curim
662 5441 959 5513 perditam,
988 5440 1039 5494 in
1066 5434 1511 5509 profundumque
1534 5431 1863 5501 demersam,
1898 5429 2063 5486 missa

452 5535 514 5595 in
534 5536 737 5592 ﬂuenta
767 5535 1026 5592 Jordanis
1057 5529 1258 5588 levavit
1287 5527 1377 5600 (ιν
1425 5524 1556 5598 Reg.
1604 5522 1709 5597 γι).
1740 5525 1821 5581 Ad
1849 5533 2063 5596 postre-

449 5645 600 5689 mum
631 5628 807 5689 lactus
832 5642 920 5688 est
950 5628 1043 5686 ille
1071 5622 1409 5692 maledictio,
1433 5621 1642 5689 factus,
1673 5619 1919 5691 inquam,
1952 5635 2059 5678 non

513 5837 549 5883 λ
588 5842 770 5902 Penes
816 5839 1025 5903 Victor.
1061 5878 1079 5907 ,
1133 5839 1256 5892 ante
1299 5828 1485 5906 fecisse
1528 5824 1813 5905 prudenti,
1888 5824 2063 5898 placat

449 5923 597 5982 ante,
617 5921 729 5973 etc.

1104 6092 1143 6099 ..ο

2181 4792 2400 4849 semper
2429 4778 2482 4834 in
2512 4779 2772 4852 singulari
2818 4798 3068 4839 munero.
3112 4779 3348 4839 Necnon.
3380 4793 3438 4839 et
3467 4784 3612 4840 illud
3654 4801 3746 4855 qui
3768 4785 3800 4838 tl

2179 4870 2350 4929 infert
2380 4892 2393 4928 :
2430 4874 2549 4931 Hoc
2577 4885 2749 4930 autem
2788 4876 2907 4931 dico
2955 4886 3316 4933 testamentum
3346 4879 3727 4950 conﬁrmatum
3772 4898 3802 4931 ιι

2178 4964 2313 5034 Deo,
2343 4968 2388 5024 si
2416 4969 2538 5040 quis
2566 4968 2860 5039 diligenter
2887 4969 3115 5026 Hebraea
3141 4971 3442 5038 Volumina,
3473 4983 3529 5028 et
3559 4981 3801 5028 cazteras

2177 5047 2451 5117 editiones
2479 5079 2602 5118 cum
2632 5064 2988 5135 Septuaginta
3020 5065 3384 5137 interpretum
3414 5067 3793 5123 translatione

2176 5157 2498 5225 contulerit,
2532 5158 2776 5213 inveniet
2811 5159 2902 5213 ubi
2932 5166 3321 5215 testamentum
3369 5161 3643 5232 scriptum
3693 5171 3800 5223 est,

2176 5264 2287 5304 non
2317 5259 2677 5305 testamentum
2704 5265 2906 5307 sonare
2927 5294 2941 5319 ,
2975 5252 3070 5307 sed
3102 5264 3336 5325 pactum,
3379 5252 3523 5323 quod
3556 5250 3804 5308 Hebrum

2173 5355 2431 5398 scrmone
2453 5342 2655 5398 dicitur
2677 5358 2871 5399 ιιειιιτιι
2894 5340 3107 5413 (ΠΊὫ).
3133 5344 3287 5398 Unde
3306 5341 3669 5397 manifestum
3690 5352 3799 5409 est,

2173 5433 2229 5491 id
2260 5436 2456 5493 fecisse
2497 5436 2827 5509 Apostolum
2857 5438 3001 5508 quod
3035 5435 3321 5507 promisit,
3350 5452 3454 5497 nec
3482 5436 3803 5491 reconditis

2173 5528 2241 5583 ad
2272 5527 2496 5586 Galatas
2527 5546 2687 5586 usum
2717 5546 2843 5587 esse
2871 5529 3147 5599 sensibus,
3196 5529 3293 5583 sed
3340 5529 3721 5600 quotidianis,
3749 5539 3805 5584 et

2170 5620 2396 5692 vilibus,
2425 5631 2483 5680 et
2507 5638 2630 5696 qua:
2659 5631 2886 5695 possent
2916 5620 3047 5697 (nisi
3076 5619 3470 5693 praemisisset,
3499 5619 3803 5674 secundum

2248 5823 2277 5869 δ
2308 5825 2567 5898 Voculas,
2594 5836 2792 5899 morte,
2820 5835 2870 5887 et
2900 5825 3122 5897 carioris,
3151 5824 3384 5886 Palatin.
3415 5839 3518 5884 ms.
3545 5823 3802 5896 ignorat.
