3978 6338
243 356 336 417 565

243 476 463 532 hominem
482 469 613 544 dico)
633 470 987 543 prudentibus
1023 469 1336 541 displicere.
1369 466 1711 540 Supputandi
1735 464 1790 522 in
1818 466 1867 527 Α

241 570 326 627 hoc
340 570 448 623 loco
470 567 592 623 anni
604 567 669 623 ab
685 583 751 623 eo
764 576 1009 636 tempore
1032 580 1141 636 quo
1154 564 1415 620 Dominus
1430 564 1495 618 ad
1509 562 1783 618 Abraham

238 663 421 720 locutus
442 670 542 731 est,
589 659 818 716 dicens:
849 658 918 715 Et
967 659 1021 713 in
1067 659 1261 714 semine
1307 668 1394 712 tuo
1421 656 1787 711 benedicentur

236 774 384 813 omnes
400 764 565 827 gentes
590 751 651 827 (G
662 770 798 808 cnes.
829 768 962 819 xxtt,
991 752 1101 824 18),
1123 767 1302 824 usque
1318 750 1387 806 ad
1410 749 1785 822 legislaturem

238 848 430 919 Moysen
460 864 475 901 :
506 856 677 900 utrum
708 844 1086 915 quadringenti
1119 843 1342 914 triginta
1367 842 1500 911 sint,
1534 841 1617 897 vel
1647 855 1786 913 quo-

238 938 374 994 modo
410 937 460 992 in
490 936 685 993 Genesi
717 936 818 1005 ipsi
852 936 1089 1003 Abraha:
1133 933 1401 991 Dominus
1441 933 1788 1007 polliceatur,

234 1031 356 1101 quod
398 1040 512 1100 post
554 1029 982 1100 quadringentos
1024 1043 1198 1083 annos
1224 1027 1291 1083 de
1320 1037 1467 1085 terra
1509 1024 1789 1084 servitutis

237 1124 314 1178 lilii
339 1122 449 1194 ejus
476 1122 668 1178 exituri
709 1122 838 1178 sint.
870 1121 985 1178 Non
1019 1123 1165 1178 enim
1200 1137 1367 1193 parva
1400 1138 1489 1178 res
1527 1129 1633 1190 est,
1676 1129 1732 1178 et
1760 1137 1791 1178 a

233 1217 393 1270 multis
422 1215 670 1289 qutesila,
703 1216 893 1273 nescio
936 1232 1005 1272 an
1049 1217 1119 1271 ab
1147 1215 1329 1288 aliquo
1374 1214 1541 1290 αθ
1582 1216 1656 1271 sit
1706 1215 1788 1271 in-

233 1318 386 1366 venta.
416 1309 544 1366 Illud
575 1312 738 1366 etiam
770 1308 915 1383 quod
944 1312 998 1365 in
1038 1309 1228 1366 eodem
1269 1309 1411 1365 libro
1440 1309 1511 1366 de
1554 1307 1795 1365 Thamar

229 1413 277 1460 cl
307 1405 506 1460 duobus
566 1406 685 1476 ejus
735 1405 983 1476 parvulis
1030 1404 1231 1484 legitur
1275 1402 1485 1479 (Cenes.
1538 1404 1791 1477 xxxvtn),

230 1499 351 1567 quod
380 1496 585 1554 scilicet
610 1496 822 1569 primus
853 1497 944 1568 qui
994 1496 1196 1553 dicitur
1224 1496 1385 1565 Zara,
1417 1498 1633 1554 miserit
1673 1513 1793 1553 ma-

229 1608 335 1647 num
356 1607 523 1661 suam,
550 1601 607 1648 et
627 1592 889 1649 obstetrix
915 1590 1175 1663 ligaverit
1196 1592 1246 1648 ei
1272 1590 1584 1659 coccinum,
1617 1598 1674 1648 et
1694 1590 1793 1646 de-

230 1690 334 1740 hinc
369 1686 455 1740 illo
496 1700 719 1741 manum
768 1685 1105 1741 intrinsecus
1148 1683 1490 1754 retrahente,
1522 1693 1549 1723 ι
1575 1698 1794 1741 manum

230 1778 484 1845 posterior,
519 1778 614 1849 qui
644 1777 848 1833 Phares
880 1788 1129 1845 vocatur,
1180 1777 1509 1848 porrexerit,
1539 1776 1796 1848 praesenti

229 1871 328 1926 loco
353 1872 621 1942 congruit,
655 1870 801 1943 quod
835 1870 1140 1927 ostenderit
1162 1869 1329 1928 Israel
1359 1873 1415 1927 in
1442 1869 1604 1939 Legis
1628 1885 1794 1942 opere
1828 1854 1871 1918 Β

228 1981 417 2019 autumn
444 1981 627 2033 suam,
659 1974 716 2020 et
735 1979 853 2021 eam
880 1963 1290 2036 prophetarum,
1321 1972 1380 2020 et
1403 1964 1572 2036 ipsius
1600 1961 1791 2021 Salva-

227 2057 334 2111 toris
356 2058 614 2127 pollutam
635 2073 838 2114 cruore
853 2057 1209 2113 contraxerit.
1229 2056 1426 2114 Postea
1439 2072 1572 2113 vero
1594 2071 1762 2127 proru
1775 2083 1792 2096 -

226 2151 339 2219 perit
361 2149 587 2220 pupulus
617 2148 897 2216 Gentium,
926 2160 1150 2224 propter
1173 2166 1333 2222 quem
1368 2150 1570 2206 dicitur
1594 2147 1795 2221 smpius

224 2257 325 2298 esse
346 2242 645 2311 deStructa,
673 2253 730 2299 et
760 2243 972 2298 medius
1003 2244 1185 2314 paries
1210 2241 1303 2315 qui
1332 2242 1473 2299 inter
1493 2241 1714 2299 Iudaeos
1739 2252 1797 2299 et

222 2333 433 2391 Gentiles
471 2341 656 2392 fuerat
690 2334 1010 2407 dissipatus,
1060 2348 1118 2392 ut
1169 2336 1325 2394 lieret
1374 2351 1514 2392 unus
1563 2351 1699 2408 grex
1742 2343 1799 2392 et

222 2442 342 2483 unus
367 2438 574 2498 pastor,
599 2439 657 2485 et
686 2437 837 2486 esset
856 2429 1059 2501 gloria,
1092 2437 1147 2485 et
1177 2427 1376 2497 honor,
1419 2439 1475 2486 et
1515 2444 1622 2501 pax
1647 2428 1795 2483 orrtni

219 2526 441 2594 Operanti
474 2524 711 2590 bonum,
743 2524 937 2580 Judmo
968 2522 1205 2594 primum
1231 2531 1286 2578 et
1313 2520 1526 2580 Grmco.
1554 2521 1799 2594 Simplex

221 2628 375 2675 autem
400 2634 600 2675 sensus
630 2618 721 2690 qui
752 2619 807 2673 in
842 2617 947 2674 hoc
968 2617 1090 2674 loco
1123 2618 1346 2685 texitur,
1390 2616 1531 2672 hanc
1558 2615 1666 2671 vim
1696 2613 1799 2671 ha-

221 2711 313 2779 bet,
350 2721 404 2768 ut
438 2713 643 2769 doceat
683 2710 1003 2781 Apostolus,
1049 2726 1159 2767 non
1214 2725 1382 2783 posse
1426 2725 1526 2783 per
1568 2708 1797 2781 Legem,

221 2821 321 2875 qua:
350 2817 535 2878 postea
561 2804 691 2860 data
715 2814 825 2871 est,
853 2805 1320 2876 repromissiones
1343 2819 1467 2875 qua:
1498 2813 1623 2859 ante
1647 2802 1802 2859 factae

220 2909 326 2952 sunt
351 2899 412 2952 ad
447 2895 737 2956 Abraham
785 2895 1026 2965 destrui,
1068 2905 1124 2953 et
1171 2897 1482 2968 posteriora
1533 2893 1803 2966 prioribus

223 2990 583 3061 praeiudicare,
617 3005 744 3046 cum
781 2988 1241 3061 repromissioues
1269 2989 1338 3044 ad
1371 2987 1649 3045 Abraham
1677 2995 1804 3044 ante

221 3086 633 3157 quadringentos
662 3083 890 3155 triginta
918 3096 1093 3139 annos
1116 3082 1262 3139 data:
1290 3083 1425 3150 sint,
1458 3079 1608 3154 quod
1638 3080 1806 3138 bene-

222 3177 507 3234 dicereutur
556 3179 611 3233 in
652 3178 749 3233 illo
792 3177 1065 3233 universae
1116 3176 1387 3232 nationes.
1418 3172 1581 3246 Legis
1624 3179 1803 3229 autem

223 3270 539 3342 observatio,
569 3273 716 3346 quod
738 3273 828 3344 qui
855 3272 1074 3329 iecisset
1093 3287 1237 3341 eam,
1260 3270 1470 3327 viveret
1490 3269 1545 3325 in
1568 3283 1655 3336 ea,
1679 3274 1803 3342 post
1829 3254 1877 3323 C

224 3366 639 3439 quadringentos
659 3366 879 3437 triginta
899 3381 1077 3422 annos
1102 3363 1274 3438 Moysi
1299 3365 1423 3420 data
1447 3363 1519 3420 sit
1542 3364 1596 3420 in
1620 3374 1803 3419 monte

225 3459 355 3517 Sina.
401 3460 734 3518 Eeuntrario
781 3460 873 3516 hic
911 3459 1020 3516 dici
1048 3469 1261 3531 poterat
1304 3476 1319 3514 :
1361 3457 1504 3526 Quid
1535 3471 1667 3528 ergo
1709 3470 1804 3512 ne-

225 3571 355 3612 cesse
382 3557 484 3613 luit
516 3557 724 3629 Legem
756 3564 883 3627 post
933 3560 1140 3610 tantum
1183 3563 1398 3625 tempus
1424 3550 1809 3625 repromissio-

228 3649 301 3704 nis
322 3648 456 3717 dari,
485 3665 617 3705 cum
644 3658 701 3704 et
730 3647 1029 3719 dataLege,
1060 3645 1302 3717 suspicio
1334 3644 1627 3701 destructze
1648 3660 1811 3717 spon-

230 3741 377 3799 sionis
404 3745 655 3816 potuerit
700 3740 809 3816 [AL
853 3737 1149 3814 putaverit]
1195 3738 1429 3808 aboriri,
1472 3747 1531 3795 et
1556 3749 1810 3796 manente

231 3838 641 3909 repromissione
684 3851 793 3892 non
841 3832 1125 3906 profutura
1171 3830 1283 3889 Lex
1328 3830 1455 3890 data
1494 3831 1602 3889 sit?
1639 3832 1808 3901 Quam

233 3931 524 3999 prendens
566 3927 867 4000 Apostolus
910 3927 1270 3999 quaestionem
1295 3965 1313 3994 ,
1360 3925 1416 3983 in
1459 3925 1814 4000 sequentibus

231 4019 335 4093 ipse
352 4023 452 4078 sibi
483 4022 750 4095 proponit
772 4031 826 4076 et
847 4020 1103 4091 explicat,
1135 4017 1323 4075 dicens
1349 4036 1363 4075 :

294 4115 468 4189 (Vers.
506 4115 599 4181 i9,
631 4115 751 4185 Q0.)
781 4112 919 4181 Quid
944 4112 1105 4184 igitur
1128 4113 1153 4165 1’
1177 4111 1286 4166 Lea:
1304 4120 1511 4184 prepter
1533 4122 1820 4186 transgres-

232 4209 381 4267 siones
426 4212 602 4285 posita
630 4217 707 4264 est
735 4208 899 4262 donec
936 4207 1131 4261 veniret
1175 4221 1346 4260 semen
1382 4207 1465 4260 cui
1506 4209 1819 4279 promissum

690 349 1343 412 COMMENTARIORUM
1382 346 1453 411 1N
1490 344 1892 408 EPISTULA]!
1929 344 2023 406 λι)
2060 346 2386 413 GALATAS
2419 349 2551 413 LIB.
2597 349 2663 415 ll.
2704 352 2861 416 CAP.
2900 355 2991 416 III.

3384 358 3495 424 566

1900 475 2013 522 erat
2042 483 2063 524 :
2092 470 2336 526 ordinata
2362 487 2453 543 per
2481 473 2694 543 angelos
2733 474 2785 530 in
2830 491 2990 531 manu
3031 475 3350 549 mediatoris,
3387 476 3503 537 Me-

1898 560 2080 616 diator
2109 571 2282 620 autent
2310 562 2338 603 δ
2369 566 2526 620 unius
2552 582 2657 620 non
2703 576 2801 634 est,
2851 565 2992 623 Deus
3038 578 3211 624 autem
3240 586 3374 626 unus
3402 578 3506 645 est.

1889 651 2029 721 Quia
2060 666 2316 712 manente
2357 657 2818 728 repromissione,
2858 676 2981 732 qua:
3024 660 3163 717 {acta
3209 660 3385 719 fuerat
3428 662 3498 719 ad

1890 747 2192 813 Abraham.
2223 749 2333 807 Lex
2362 760 2548 822 postea
2573 752 2694 808 data
2723 769 2820 823 per
2855 754 3077 827 Moysen
3111 755 3316 813 frustra
3344 757 3499 815 video

1890 842 2053 898 batur
2070 843 2243 910 illata,
2260 859 2357 900 cur
2368 846 2493 901 data
2521 846 2597 901 sit
2620 846 2893 917 explicat:
2913 859 3123 921 propter
3136 852 3501 922 transgressio-

1892 953 2002 1003 nes,
2019 936 2216 1008 inquit.
2244 936 2378 994 Post
2401 936 2670 995 oll‘ensam
2696 940 2840 996 enim
2865 939 2918 996 in
2940 956 3129 999 eremo
3154 943 3361 1015 populi,
3378 940 3504 1015 post

1893 1028 2180 1085 adoratum
2192 1029 2444 1098 vitulum,
2461 1034 2843 1089 etmurmurin
2856 1031 3181 1102 Dominum,
3194 1034 3306 1091 Lex
3320 1043 3496 1092 trans-

1892 1123 2206 1193 gressiones
2228 1123 2567 1193 prohibitura
2596 1122 3046 1183 suecessitJusto
3068 1129 3258 1202 quippe
3282 1127 3367 1184 lex
3390 1145 3496 1185 non

1894 1214 2055 1292 441
2087 1226 2163 1272 est
2177 1217 2371 1291 posita,
2398 1217 2592 1291 iniquis
2620 1226 2790 1274 autem
2827 1229 2877 1276 et
2902 1237 3006 1276 non
3029 1222 3298 1290 subiectis,
3321 1223 3497 1293 impiis

1893 1318 1945 1365 et
1972 1311 2333 1383 peccatoribus
2370 1309 2418 1382 (l
2449 1308 2587 1366 Tim.
2631 1327 2691 1379 ιι,
2724 1312 2780 1384 9)
2814 1330 2828 1367 :
2865 1321 2921 1369 et
2947 1322 3008 1369 ut
3034 1313 3199 1371 altius
3223 1325 3497 1387 repetam,

1896 1412 2023 1474 post
2051 1404 2439 1474 idololatriam,
2471 1405 2562 1463 cui
2588 1405 2642 1462 in
2666 1403 2907 1480 Egypto
2932 1406 3153 1465 fuerant
3180 1411 3496 1482 mancipati,

1897 1495 1971 1553 ita
2025 1506 2082 1552 ut
2137 1497 2309 1554 Deum
2362 1506 2577 1569 patrum
2628 1513 2855 1555 suorum
2904 1500 3384 1572 obliviscerentur,
3441 1511 3500 1560 et

1899 1588 2156 1661 deinceps
2183 1590 2435 1648 dicerent
2466 1608 2482 1648 :
2515 1589 2619 1647 Isti
2643 1600 2763 1647 sunt
2790 1592 2866 1648 dii
2895 1593 2993 1661 tui,
3023 1591 3214 1664 Israel,
3237 1595 3326 1667 qui
3370 1595 3501 1651 edu—

1898 1692 2089 1739 xerunt
2134 1693 2183 1740 te
2221 1685 2285 1740 de
2332 1694 2473 1741 terra
2502 1683 2749 1759 Egypti,
2798 1684 2937 1742 ritus
2984 1685 3201 1743 colendi
3250 1686 3418 1744 Deum
3445 1697 3505 1744 et

1901 1775 2331 1848 delinquentium
2361 1791 2521 1849 paena
2553 1778 2762 1832 sancito
2797 1787 2880 1834 est
2909 1778 2964 1835 in
2987 1793 3152 1834 manu
3183 1778 3502 1837 mediatoris

1900 1866 2103 1925 Christi
2132 1868 2295 1936 .Iesn,
2344 1871 2479 1942 quia
2527 1874 2711 1925 omnia
2743 1884 2841 1942 per
2870 1871 3051 1942 ipsum
3082 1872 3224 1927 facta
3257 1880 3418 1941 sunt,
3449 1874 3507 1928 et

1900 1963 2023 2020 sine
2053 1962 2174 2035 ipso
2196 1963 2397 2019 factum
2418 1961 2658 2021 estnihil
2690 1981 2702 2020 :
2735 1977 2841 2019 non
2867 1963 3050 2020 solum
3080 1963 3302 2032 coelum,
3331 1973 3502 2035 terra,

1900 2071 2052 2113 mare
2078 2063 2135 2112 et
2162 2057 2418 2114 universa
2445 2071 2571 2129 quae
2597 2056 2875 2114 cernimus
2892 2098 2908 2125 ,
2941 2057 3039 2114 sed
3065 2056 3230 2114 etiam
3264 2058 3355 2113 illa
3380 2072 3503 2129 quae

1903 2165 2000 2221 per
2028 2149 2249 2223 Moysen
2277 2150 2418 2207 duro
2445 2150 2646 2223 populo
2672 2149 2830 2222 quasi
2848 2149 3035 2223 jugum
3060 2151 3220 2224 Legis
3250 2151 3503 2223 imposita

1901 2253 2031 2300 sunt
2056 2242 2243 2317 (Joan.
2275 2243 2339 2318 t).
2373 2242 2649 2302 Scribitur
2685 2251 2743 2300 et
2792 2243 2861 2300 ad
2910 2243 3258 2301 Timotheum
3308 2262 3322 2300 :
3360 2244 3507 2301 Unus

1902 2336 2040 2392 enim
2066 2334 2231 2405 Deus,
2279 2353 2415 2392 unus
2455 2347 2506 2393 et
2535 2337 2791 2392 mediator
2819 2336 2918 2393 Dei
2947 2345 2994 2392 et
3035 2336 3322 2408 hominum,
3349 2337 3505 2393 homo

1904 2429 2138 2485 Christus
2157 2427 2314 2485 Iesus
2340 2428 2384 2502 (Ι
2405 2427 2542 2485 Tim.
2572 2444 2634 2495 tt,
2666 2427 2745 2502 5).
2776 2427 3072 2502 Postquam
3106 2440 3129 2469 ο
3159 2431 3231 2487 01)
3261 2440 3505 2488 nostram

1903 2524 2135 2580 salutem
2163 2523 2231 2580 de
2268 2521 2509 2595 Virginis
2556 2531 2717 2580 utero
2756 2523 3012 2596 dignatus
3056 2533 3144 2581 est
3190 2526 3344 2581 nasci
3391 2542 3512 2581 me-

1905 2616 2084 2673 diator
2129 2615 2227 2673 Dei
2273 2625 2330 2674 et
2372 2616 2656 2673 hominum
2706 2616 2872 2672 homo
2920 2614 3178 2673 Christus
3204 2616 3388 2687 Jesus,
3417 2634 3507 2676 se-

1906 2720 2131 2783 quester
2154 2721 2239 2767 est
2268 2709 2468 2768 dictus.
2519 2710 2827 2783 Antequam
2874 2726 3005 2769 vero
3050 2713 3349 2771 humanum
3379 2730 3508 2772 eor-

1908 2820 2009 2876 pus
2033 2813 2376 2872 assumeret,
2408 2812 2464 2860 et
2489 2811 2637 2861 esset
2669 2802 2813 2877 apud
2860 2803 3080 2861 Patrem
3130 2805 3186 2863 in
3233 2806 3510 2879 principio

1909 2898 2053 2955 Deus
2075 2894 2312 2955 Verbum
2332 2939 2348 2966 ,
2379 2896 2450 2954 ad
2479 2911 2670 2954 omnes
2696 2908 2917 2955 sanctos
2941 2898 3010 2954 ad
3040 2914 3179 2969 quos
3207 2898 3381 2958 factus
3418 2910 3507 2960 est

1908 3008 2094 3051 sermo
2133 2988 2260 3059 Dei,
2295 2989 2487 3048 Enoclt
2512 2990 2797 3062 videlicet,
2831 2990 2969 3063 Noe,
3002 2991 3304 3063 Abraham,
3331 2994 3506 3064 lsaac,

1909 3097 1965 3144 et
1991 3085 2195 3153 Jacob,
2228 3094 2278 3140 et
2311 3093 2499 3156 postea
2532 3083 2755 3157 Moysen
2798 3094 2854 3140 et
2897 3094 3127 3142 cunctos
3176 3085 3506 3158 PrOphetas,

1909 3192 2051 3251 quos
2077 3176 2359 3248 Scriptura
2388 3184 2824 3246 commemorat,
2853 3176 2975 3234 sine
3003 3178 3376 3237 additamento
3404 3180 3510 3237 ho-

1909 3270 2069 3327 minis
2092 3314 2108 3341 ,
2139 3284 2299 3341 quem
2341 3268 2574 3325 necdum
2620 3276 2997 3339 assutnpserat
3020 3310 3039 3340 ,
3088 3272 3357 3329 mediator
3392 3283 3515 3329 tan-

1908 3366 2191 3424 tummodo
2220 3373 2586 3437 nuncupatur.
2628 3364 2785 3433 Quod
2829 3374 3010 3422 autem
3055 3366 3177 3424 ait:
3226 3366 3337 3423 Lex
3364 3368 3514 3423 ardr-

1909 3473 2036 3516 nata
2082 3475 2173 3533 per
2200 3458 2410 3531 angelos
2436 3499 2452 3526 ,
2485 3457 2590 3513 hoc
2622 3457 2740 3513 vult
2771 3457 3005 3530 intelligi
3031 3500 3046 3526 ,
3075 3459 3218 3531 quod
3252 3461 3305 3516 in
3352 3462 3508 3521 omni

1913 3552 2087 3610 veteri
2107 3550 2484 3619 Testamento,
2516 3549 2610 3605 ubi
2639 3549 2868 3621 angelus
2898 3550 3135 3621 primum
3168 3551 3314 3610 visus
3337 3553 3513 3612 refer-

1914 3653 2027 3714 tur,
2065 3653 2123 3701 et
2164 3653 2356 3716 postea
2402 3642 2559 3712 quasi
2597 3640 2749 3698 Deus
2792 3642 3022 3715 loquens
3054 3644 3329 3703 inducitur
3360 3666 3373 3703 :
3404 3652 3518 3706 An-

1915 3739 2070 3812 gelus
2097 3736 2319 3810 quidem
2349 3749 2483 3792 vere
2509 3749 2576 3792 ex
2611 3734 2877 3791 ministris
2898 3736 3146 3809 pluribus
3185 3740 3516 3813 quicumque

1918 3832 1987 3888 sit
2013 3829 2192 3899 visus,
2221 3828 2323 3885 sed
2367 3828 2422 3884 in
2464 3827 2559 3884 illo
2586 3824 2613 3865 ά
2639 3827 2911 3885 mediator
2934 3827 3189 3900 loquatur
3210 3830 3302 3903 qui
3327 3832 3515 3890 dicat:

1921 3920 2038 3997 Ego
2064 3938 2183 3980 sum
2205 3918 2348 3977 Deus
2372 3917 2661 3989 Abraham,
2702 3920 2847 3978 Deus
2894 3918 3074 3991 Isaac,
3103 3932 3153 3979 et
3178 3921 3322 3981 Deus
3349 3922 3517 3982 Iacob

1923 4018 2123 4094 (Exod.
2157 4032 2242 4084 ιιι,
2269 4014 2349 4087 6).
2392 4013 2503 4071 Nec
2531 4014 2727 4071 mirum
2773 4014 2819 4070 si
2867 4014 3012 4071 Deus
3053 4015 3307 4087 loquatur
3334 4019 3388 4074 in
3417 4036 3519 4075 an-

1922 4113 2094 4187 gelis,
2147 4126 2270 4168 cum
2326 4109 2496 4166 etiam
2552 4121 2654 4178 per
2710 4107 2935 4178 angelos
2962 4107 3054 4179 qui
3103 4109 3157 4164 in
3199 4110 3517 4168 hominibus

1927 4216 2076 4276 sunt,
2105 4205 2361 4276 loquatur
2415 4201 2560 4257 Deus
2617 4198 2672 4255 in
2726 4197 2891 4272 “3
2941 4200 3246 4273 prophetis,
3301 4203 3521 4263 dicente

296 4379 321 4408 ³
348 4370 443 4426 Hic
494 4382 719 4440 quoque
739 4380 955 4443 _vocen_t
978 4379 1167 4443 ,__qu:e
1220 4366 1490 4443 repetitur
1516 4408 1531 4433 ,
1581 4385 1828 4440 manum,
1859 4377 1906 4438 ι)
1934 4368 2236 4443 hominum;
2272 4363 2501 4443 unde__et
2545 4362 2672 4443 data
2702 4360 2812 4418 Le:
2860 4377 2971 4443 per
3004 4366 3240 4437 angelos,
3275 4368 3329 4425 in
3356 4370 3522 4443 ipsius

237 4439 365 4496 idem
390 4457 496 4496 ms.
516 4436 706 4496 'tacet.
739 4436 798 4493 In
826 4436 1041 4515 periodi
1092 4437 1198 4491 line
1242 4436 1514 4515 Victorius
1552 4436 1829 4515 rescribit,

235 4515 557 4579 subtraxeris,
596 4508 1080 4582 pro_contra.reris,
1108 4523 1176 4562 ex
1199 4524 1269 4563 eo
1296 4511 1439 4582 quod
1477 4514 1732 4582 superius
1747 4508 1831 4569 di;

237 4595 378 4706 zerat
424 4585 487 4642 S.
536 4579 648 4640 PI:
692 4579 899 4645 Dehinc
924 4580 1015 4635 illo
1047 4596 1257 4634 manum
1304 4579 1615 4639 intrinsecus
1658 4588 1833 4641 detra-

270 4666 391 4706 cule.

270 4666 391 4710 cute.

302 4724 329 4765 ι’
351 4726 703 4808 Cor-reximus
726 4734 856 4795 post
874 4722 1205 4808 yictorium,
1234 4723 1525 4808 unius‘pro
1548 4742 1710 4808 una},
1735 4744 1832 4786 ne-

242 4797 357 4851 dum
381 4816 449 4852 cx
474 4798 721 4867 Vulgata,
746 4795 891 4868 quod
915 4795 991 4849 illi
1016 4797 1153 4850 satis
1173 4804 1278 4860 est,
1303 4795 1542 4868 editione
1562 4808 1618 4854 et
1638 4799 1832 4857 Grazco

243 4866 595 4944 ipsopodiee,
647 4866 1041 4944 sed'cxnntss.
1076 4882 1308 4944 quoque
1358 4866 1824 4944 Hieronymianis,

244 4934 343 4995 uno
366 4941 631 5002 Palatino,
663 4938 840 4995 altero
859 4934 1233 4992 Cistereiénsil

310 5021 333 5051 ε
363 5012 497 5085 illaec
515 5027 584 5067 ex
614 5010 849 5082 Origene
880 5023 1017 5085 pene
1047 5008 1113 5085 ad
1142 5007 1369 5085 verbttm
1397 5009 1710 5085 descripsit.
1740 5013 1830 5070 ln-

243 5082 410 5153 signis
435 5084 586 5157 locus
614 5080 867 5157 servatur
893 5080 946 5135 in
979 5081 1242 5157 Apologia
1272 5080 1600 5157 Pamphyli,
1633 5102 1826 5157 qu_em,

246 5152 305 5208 ut
327 5170 446 5211 cum
477 5154 914 5224 Hieronymiano
959 5152 1238 5224 cenl'eras,
1269 5152 1607 5223 apponeinus
1636 5152 1830 5212 {Data

246 5234 313 5279 est
335 5236 506 5282 autem
542 5224 652 5281 Lex
696 5223 875 5296 Moysi
903 5239 996 5294 per
1041 5223 1255 5296 angelos
1284 5224 1339 5278 in
1370 5243 1585 5282 manum
1634 5230 1833 5283 media-

250 5298 372 5373 toris
396 5297 617 5363 Christi,
643 5304 693 5352 et
717 5295 942 5373 virtute;
980 5295 1067 5364 qui
1112 5295 1232 5349 eum
1263 5308 1417 5373 _esset
1464 5300 1519 5352 in
1563 5300 1832 5373 principio

258 5365 502 5438 Yabum,
528 5379 578 5424 et
622 5368 770 5438 apud
801 5366 968 5423 Deum
992 5376 1145 5431 esset,
1170 5374 1219 5438 et
1254 5366 1392 5422 Deus
1413 5379 1545 5426 esset
1566 5365 1832 5438 'Verbum,

252 5436 401 5495 Patri
433 5443 498 5515 in
513 5436 756 5496 omnibus
784 5439 1119 5515 ministrauit.
1153 5436 1344 5493 Omnia
1376 5456 1469 5510 per
1492 5443 1668 5515 ipsum
1692 5436 1840 5513 facta

254 5521 405 5577 sunt,
446 5512 499 5567 id
545 5523 658 5577 est,
688 5526 794 5567 non
846 5508 1017 5565 solum
1065 5508 1589 5577 creaturtepsed'et
1638 5508 1747 5570 Lex
1796 5523 1843 5569 et

254 5577 547 5655 Propheta;
576 5595 625 5639 et
648 5586 862 5654 ipsemet
888 5591 967 5638 est
1012 5582 1267 5655 mediator
1296 5583 1439 5655 Dei,
1469 5594 1523 5640 et
1551 5586 1843 5640 hominum.

260 5651 408 5728 Quod
433 5651 657 5728 Verbum
674 5651 904 5728 quidem
921 5655 977 5708 in
1014 5653 1118 5728 ﬁne
1147 5651 1460 5728 steculorum
1499 5658 1655 5713 homo
1677 5656 1848 5728 factus

263 5733 338 5800 est
360 5722 504 5783 Iesus
523 5722 787 5794 Christus,
813 5724 905 5781 sed
930 5722 1048 5800 ante
1077 5726 1215 5779 hunc
1246 5727 1581 5800 manifestum
1606 5722 1850 5783 in'carne

263 5794 521 5868 adventum
567 5801 826 5855 mediator
854 5797 1062 5868 quidem
1108 5806 1220 5853 erat
1251 5794 1522 5855 hominum
1551 5843 1566 5868 ,
1599 5800 1687 5857 sed
1717 5817 1852 5855 non-

266 5864 392 5926 dum
423 5880 523 5929 erat
549 5870 730 5931 homo.
775 5864 909 5928 Erat
939 5878 1112 5927 tamen
1141 5877 1189 5926 et
1234 5878 1359 5929 tunc
1389 5864 1650 5932 mediator
1675 5871 1777 5931 Dei
1804 5879 1853 5930 et

1936 4438 2238 4498 mediatoris
2276 4433 2512 4490 manibus
2564 4434 2687 4488 data
2719 4450 2827 4490 esse
2862 4433 3095 4507 dicitur;
3136 4448 3192 4492 ut
3224 4433 3387 4495 esset'
3411 4442 3527 4499 ιιι

1938 4518 2237 4583 δαηοιακει
2266 4506 2881 4583 mandatumsanctum,
2905 4515 2953 4561 et
2980 4506 3188 4583 justum
3213 4523 3262 4565 et
3294 4513 3523 4583 bonum,

1933 4597 1984 4641 et
2034 4581 2211 4638 omnia
2261 4579 2370 4635 htec
2420 4577 2873 4646 sanctiﬁcarentur
2920 4595 2954 4632 a
2980 4577 3235 4638 'Christo.
3289 4577 3526 4642 Tantum

1938 4658 2303 4725 Hieronymus
2335 4650 2573 4725 priorem
2602 4649 3021 4725 mediationem,
3055 4653 3200 4725 quod
3228 4656 3340 4710 sine
3363 4658 3526 4713 addi-

1936 4720 2165 4804 tamento'
2217 4720 2441 4791 hominis
2457 4762 2472 4786 ,
2499 4731 2875 4804 .nuncupet‘ttr
2897 4722 2941 4804 _(
2962 4720 3180 4794 quando
3227 4739 3527 4804 antequam

1937 4801 2243 4856 humanum
2271 4807 2474 4867 corpus
2499 4791 2753 4867 indueret
2780 4791 3057 4867 ChriStus,
3102 4791 3428 4867 patriarchis
3470 4810 3532 4858 et

1934 4867 2224 4943 prophetis
2272 4864 2371 4943 D_e_i
2410 4863 2652 4943 parentis
2679 4866 2935 4943 mandata
2967 4863 3210 4943 detulit,
3255 4874 3533 4942 praecipua

1936 4936 2119 4998 autem
2152 4938 2324 5009 Moysi
2343 4936 2566 5018 legem),
2596 4936 2913 5018 expressius
2934 4937 3004 4994 ab
3028 4936 3527 5018 alteradistiuguit,

1935 5022 2223 5084 postquam
2254 5023 2353 5078 per
2383 5010 2668 5084 utri_usque
2688 5015 2899 5084 natura:
2920 5010 3532 5084 conjunctionemfcum

1936 5077 2411 5208 utrtn'rltquetesset
2430 5120 2447 5148 ,
2474 5077 2620 5135 Deus
2648 5088 2706 5134 et
2738 5078 2927 5148 homo,
2957 5077 3238 5141 hominem
3263 5077 3389 5143 cum
3418 5085 3534 5143 Deo

1936 5171 2089 5208 canet
2120 5168 2225 5208 ιίινι
2260 5192 2272 5205 .

1936 5153 2272 5213 conciliavit.

2009 5223 2037 5263 ἀ
2078 5224 2232 5282 Unus
2267 5220 2500 5278 Palatio.
2545 5221 2716 5278 verba
2761 5222 2987 5292 istlttee,
3027 5242 3144 5281 uere
3184 5244 3248 5283 ea:
3286 5227 3537 5287 ministris

1943 5297 2200 5375 pluribus
2219 5297 2570 5375 quicumque)
2596 5296 2997 5375 praetermittit.
3035 5298 3546 5375 Cmterutn__vulga-

1944 5363 2162 5426 tissima
2189 5363 2304 5421 hinc
2333 5363 2475 5436 apud
2505 5363 2734 5420 Veteres
2760 5368 3035 5423 sententia
3064 5381 3205 5436 erat,
3239 5363 3541 5429 Filium'ab

1948 5438 2192 5515 exordiis
2218 5436 2409 5515 mundi
2434 5438 2537 5515 sub
2560 5436 2740 5505 angeli
2763 5437 2950 5515 specie
2978 5438 3295 5498 hominibus
3320 5459 3383 5499 se
3414 5459 3546 5515 spe-

1951 5512 2209 5587 ctabilem
2258 5506 2584 5587 przebuisse,
2633 5506 2875 5587 quodet
2906 5515 3156 5580 superius
3185 5515 3254 5570 ad
3294 5506 3549 5587 Origénis

1956 5583 2223 5641 llomilias
2253 5579 2603 5636 Observatum
2657 5592 2763 5635 est.
2797 5579 2894 5635 Hic
2942 5579 3109 5636 unum
3164 5595 3255 5641 aut
3304 5579 3548 5645 altérum

1958 5656 2335 5727 lidejussorem
2364 5667 2432 5708 ex
2452 5649 2714 5727 Antiquis
2753 5650 3068 5727 adjungam.
3122 5654 3181 5711 S.
3212 5656 3549 5716 Athanasius

1954 5719 2110 5785 Orat.
2157 5725 2190 5781 ι
2221 5733 2413 5798 contra
2437 5719 2668 5777 Arianbs
2703 5739 2715 5775 :
2750 5719 3044 5798 ‘ls‘quidem
3094 5733 3183 5798 qui
3230 5729 3550 5786 sentiebatur

1955 5800 2149 5876 oculis,
2192 5794 2434 5876 jngelus
2460 5802 2631 5876 crat-,2
2672 5792 2764 5847 sed
2791 5791 3031 5876 DettLin
3065 5791 3273 5876 _A'ngelo
3296 5801 3550 5876 loquelas:

1957 5880 2062 5930 tur.
2095 5862 2166 5929 Et
2189 5868 2249 5930 S.
2286 5862 2544 5928 'ﬂilarius
2574 5863 2670 5924 lib.
2716 5878 2797 5926 xu
2823 5862 2896 5923 de
2922 5862 3198 5934 Trinitat'e
3225 5890 3241 5935 :
3283 5862 3435 5936 ϐείω
3456 5868 3554 5953 Μ

3255 6053 3303 6064 μ..
3428 6056 3533 6074 μδ-
3557 6054 3571 6071 ι
