3978 6338
422 312 531 371 367

1672 293 2048 384 seuseu"
2085 290 2483 360 utanonvut,

3611 292 3717 359 563

418 440 448 469 ι
475 426 740 484 Zacharia
776 438 787 480 ;
843 422 913 478 Et
959 419 1033 477 ait
1086 418 1306 494 angelus
1354 420 1443 491 qui
1484 418 1794 490 loquebatur
1840 417 1895 471 in
1940 430 2023 471 me
2047 414 2104 476 Δ
2128 424 2320 473 centes
2347 414 2635 472 sententiae
2665 430 2779 472 suae
2809 412 3138 473 auctoritate
3167 414 3508 488 pronuntiat,
3534 423 3597 470 ut
3624 414 3721 471 de-

426 525 617 601 (Zach.
654 540 717 589 tt,
745 522 842 593 5);
874 536 939 577 ac
963 520 1223 589 deinceps
1254 517 1528 573 inferente
1560 533 1575 571 :
1611 514 1736 571 Htec
1754 513 1879 568 dicit
1903 511 2019 569 Do-

426 620 601 673 minus
632 617 977 686 omnipotens.
1005 613 1193 682 Neque
1220 612 1365 667 enim
1393 609 1617 682 angelus
1644 608 1735 679 qui
1761 623 1883 664 esse
1911 606 2021 663 dic-

427 722 515 767 tus
548 710 727 766 fuerat
760 707 813 763 in
858 706 1155 778 prepheta,
1187 721 1252 761 ex
1284 719 1379 759 sua
1423 718 1653 773 persona
1686 700 1918 757 audebat
1946 700 2024 755 lo-

429 806 520 876 qui
553 823 565 858 :
600 804 728 858 [hec
757 802 882 856 dicit
904 798 1162 855 Dominus
1190 798 1536 871 omnipotens.
1569 796 1784 852 Manum
1814 794 2023 850 media-

427 899 586 966 toris,
619 899 922 968 potentiam
947 903 1005 950 et
1032 896 1289 949 virtutem
1314 893 1431 963 ejus
1459 891 1724 947 debemus
1751 889 2018 961 accipere.

426 992 533 1059 Qui
577 1005 701 1046 cum
746 988 1044 1044 secundum
1077 986 1249 1042 Deum
1278 1027 1293 1053 ,
1326 1001 1487 1041 unum
1520 984 1592 1039 sit
1623 984 1742 1050 ipse
1769 997 1892 1038 cum
1923 981 2026 1037 Pa-

428 1081 869 1148 tre,'secundum
919 1077 1247 1135 mediatoris
1278 1077 1519 1134 ofﬁcium
1564 1076 1705 1131 alius
1732 1074 1800 1130 ab
1828 1089 1897 1130 eo
1942 1074 2026 1129 in-

426 1165 714 1247 telligitur.
759 1174 899 1243 Quia
932 1187 1062 1229 vero
1092 1172 1347 1229 lectionis
1374 1172 1510 1227 ordo
1538 1171 1800 1227 confusus
1825 1177 1938 1229 est.
1971 1178 2029 1224 et

427 1270 733 1343 hyperbato
767 1266 1139 1339 perturbatur,
1182 1266 1262 1322 sic
1309 1266 1472 1321 nobis
1515 1264 1831 1321 reddendus
1875 1260 2029 1318 vide-

426 1376 517 1418 tur
547 1382 560 1418 :
590 1364 701 1419 Lex
729 1364 904 1434 posita
935 1371 1021 1419 est
1049 1378 1146 1433 per
1167 1362 1392 1431 angelos
1420 1362 1472 1415 in
1498 1376 1658 1416 manu
1684 1357 2023 1428 mediatoris,

426 1463 653 1526 propter
682 1455 1154 1526 transgressiones
1177 1454 1423 1509 ordinata
1453 1468 1549 1522 per
1577 1453 1824 1522 angelos,
1853 1450 2029 1505 donec

429 1550 642 1606 veniret
671 1564 859 1604 semen
896 1548 982 1602 cui
1013 1546 1409 1617 repromissum
1438 1554 1578 1603 erat.
1613 1544 1814 1602 Semen
1841 1551 2026 1600 autem

430 1640 572 1695 haud
603 1639 826 1695 dubium
859 1640 991 1710 quin
1020 1637 1303 1695 Christum
1334 1638 1631 1710 signiﬁcet,
1673 1638 1764 1708 qui
1795 1652 1862 1693 ex
1896 1638 2029 1692 Mat-

431 1733 557 1788 thaei
609 1748 830 1805 quoque
888 1732 1163 1803 principio
1235 1731 1623 1802 comprobatur
1687 1744 1815 1787 esse
1881 1730 2026 1785 ﬁlius

2125 507 2272 565 bilos
2293 524 2469 580 pmnte
2497 508 2835 582 indulgentia
2863 518 3049 581 postea
3079 509 3126 565 si
3151 509 3408 578 voluerit,
3440 507 3720 581 principa-

2124 601 2194 658 lis
2218 601 2484 659 absolvat.

2198 692 2381 769 (Vers.
2411 694 2482 751 24
2508 692 2695 767 seqq.)
2728 692 2916 768 Itaque
2943 692 3055 751 Lex
3072 691 3391 767 padagogus
3417 698 3592 748 noster
3621 689 3726 764 fuit

2125 791 2180 845 in
2230 788 2441 845 Christo
2462 832 2478 858 ,
2513 802 2536 831 ο
2583 799 2636 846 ιιι
2686 807 2752 847 ea:
2796 791 3348 866 ﬁdejustilicaremur.
3379 788 3448 845 At
3477 789 3559 843 ubi
3587 787 3729 843 venit

2126 883 2280 954 ﬁdes,
2304 887 2420 952 jam
2441 900 2543 939 non
2570 884 2664 940 sub
2688 887 2972 958 padagogo
3017 902 3213 941 sumus.
3248 885 3442 941 Omnes
3467 885 3602 939 enim
3625 883 3731 952 ﬁlii

2126 974 2228 1032 Dei
2252 977 2372 1031 estis
2402 993 2497 1040 per
2527 977 2702 1048 (idem,
2732 994 2849 1051 qua:
2874 990 2949 1034 est
2973 981 3025 1034 in
3046 977 3254 1035 Christo
3274 977 3427 1033 Iesu.
3461 977 3734 1047 Ptcdago-

2127 1084 2228 1141 gus
2283 1071 2524 1140 parvulis
2576 1071 2906 1144 assignatur,
2966 1084 3024 1128 ut
3077 1073 3369 1129 lasciviens
3420 1073 3737 1129 refrenetur

2129 1172 2286 1232 artas,
2313 1173 2369 1219 et
2397 1179 2567 1235 prona
2599 1165 2652 1220 in
2682 1165 2814 1221 vitia
2838 1166 3005 1222 corda
3040 1176 3350 1232 teneantur,
3382 1166 3511 1222 dum
3537 1177 3733 1223 tenera

2128 1256 2326 1313 studiis
2354 1258 2603 1314 eruditur
2630 1257 2885 1327 infantia,
2912 1268 2967 1314 et
2992 1259 3058 1314 ad
3101 1259 3340 1331 majores
3365 1257 3738 1330 philosppltite

2128 1364 2196 1407 ac
2254 1351 2506 1423 regenda:
2560 1352 2882 1423 reipublicae
2934 1352 3291 1423 disciplinas.
3355 1362 3502 1410 metu
3555 1367 3743 1423 poena:

2130 1445 2366 1501 coercita
2396 1454 2759 1517 praeparatur.
2795 1445 2911 1501 Non
2943 1454 3127 1501 tamen
3169 1443 3500 1517 pa-dagogus
3531 1445 3743 1515 magis-

2134 1548 2218 1594 ter
2244 1548 2299 1595 et
2329 1550 2487 1610 pater
2516 1549 2624 1610 est,
2658 1555 2761 1596 nec
2785 1538 3161 1595 hmreditatem
3202 1549 3259 1595 et
3302 1539 3592 1599 scientiam
3625 1553 3747 1607 pa:—

2131 1631 2329 1703 dagogi
2373 1633 2421 1689 is
2449 1632 2541 1703 qui
2582 1632 2859 1700 eruditur,
2886 1643 3200 1705 exspectat;
3231 1632 3330 1690 sed
3372 1632 3609 1688 alienum
3637 1649 3749 1689 cu-

2130 1725 2299 1782 stodit
2332 1726 2501 1782 ﬁlium
2533 1714 2891 1799 pmdngogus,
2919 1725 2989 1782 ab
3016 1742 3083 1782 eo
3108 1734 3397 1798 postquam
3430 1725 3525 1781 ille
3554 1725 3618 1779 ad
3651 1725 3740 1781 le-

432 1799 753 1894 Abraham,
808 1799 1089 1895 Scriptura
1137 1799 1456 1882 referente:
1502 1823 1656 1880 Liber
1681 1824 2029 1896 generationis
2056 1799 2384 1891 Bgitimum
2429 1818 2713 1890 capienda:
2762 1820 3103 1876 harreditatis
3155 1830 3369 1889 tempus
3409 1820 3746 1884 advenerit,

426 1919 557 1976 Jesu
586 1918 779 1975 Christi
804 1918 906 1981 ﬁlii
930 1916 1121 1983 David,
1147 1917 1247 1988 ﬁlii
1273 1916 1558 1972 Abraham.

500 2010 685 2083 (Vers.
717 2010 783 2065 21
817 2006 1000 2081 seqq.)
1052 2008 1161 2064 Lex
1186 2024 1309 2082 ergo
1340 2008 1588 2064 adversus
1617 2007 1874 2078 promissa
1897 2005 2032 2062 Dei?

431 2102 597 2157 Absit.
636 2101 698 2157 Si
730 2102 867 2155 enim
896 2102 1021 2155 data
1051 2108 1185 2155 esset
1216 2099 1329 2154 Lex
1355 2116 1470 2169 qut?
1516 2109 1688 2173 posset
1738 2099 2027 2170 viviﬁcare,

424 2210 539 2247 vere
586 2191 809 2264 exLege
855 2202 989 2247 esset
1026 2191 1262 2263 justitia.
1311 2190 1420 2246 Sed
1448 2191 1704 2245 conclusit
1754 2191 2031 2263 Scriptura

428 2284 606 2337 omnia
644 2282 738 2337 sub
762 2291 973 2353 peccato
995 2324 1011 2350 ,
1038 2290 1094 2336 ut
1130 2282 1407 2354 promissio
1437 2298 1502 2337 ea:
1546 2282 1650 2351 ﬁde
1683 2278 1810 2337 Jesu
1839 2281 2033 2337 Christi

432 2379 646 2432 daretur
671 2376 1017 2432 credentibus.
1069 2375 1232 2432 Prius
1263 2386 1436 2431 autem
1460 2393 1615 2447 quam
1657 2378 1849 2432 veniret
1875 2377 2028 2446 ﬁdes,

429 2469 523 2523 sub
553 2468 665 2539 lege
690 2469 1140 2537 custodiebantur,
1181 2468 1421 2523 conclusi
1467 2468 1522 2522 in
1575 2484 1690 2523 eam
1729 2469 1886 2539 ﬁdem
1914 2484 2032 2541 quae

425 2563 707 2618 revelanda
733 2572 867 2618 erat.
901 2563 1056 2620 Sicut
1083 2562 1354 2619 mediator
1397 2562 1492 2618 Dei
1519 2572 1575 2619 et
1605 2562 1908 2632 hominum,
1942 2563 2029 2618 itt-

431 2668 514 2714 ter
544 2658 762 2714 dantem
790 2667 848 2713 et
876 2657 1239 2727 accipientem
1272 2657 1473 2727 Legem
1522 2657 1737 2714 medius
1780 2656 1880 2713 fuit
1907 2674 1921 2711 :
1951 2658 2029 2713 ita

430 2752 542 2808 Lex
568 2751 710 2821 ipsa,
742 2766 864 2822 qua:
893 2760 1018 2822 post
1046 2750 1533 2821 repromissionem
1581 2751 1706 2807 data
1737 2762 1851 2822 est,
1887 2752 2031 2808 inter

426 2846 919 2917 repromissionem
950 2854 1006 2901 et
1031 2845 1457 2914 completionem
1486 2846 1605 2914 ejus
1635 2846 1812 2902 media
1844 2846 2031 2903 subre-

2137 1927 2480 1968 recessurus.
2512 1912 2759 1983 Denique
2785 1923 2839 1967 et
2869 1927 3071 1968 nomen
3104 1912 3387 1984 pmdagogi
3419 1912 3524 1969 hoc
3555 1915 3745 1984 ipsum

2134 2014 2339 2073 sonat,
2372 2012 2430 2061 et
2460 2014 2548 2061 est
2566 2006 2931 2074 compositum
2970 2007 3040 2062 ab
3066 2022 3133 2063 eo
3175 2008 3322 2078 quod
3356 2023 3558 2077 pueros
3589 2019 3749 2080 agat,

2134 2096 2188 2151 id
2219 2106 2335 2164 est,
2382 2096 2592 2153 ductet.
2632 2097 2820 2163 Itaque
2862 2106 2918 2153 et
2954 2098 3125 2170 Moysi
3176 2098 3296 2164 lex,
3338 2100 3544 2171 populo
3576 2099 3753 2158 lasci-

2132 2189 2330 2256 vienti,
2350 2187 2417 2243 ad
2443 2188 2921 2261 instarptedagogi
2950 2190 3248 2247 severioris
3265 2202 3514 2262 apposrta
3545 2203 3657 2259 est,
3696 2202 3753 2249 ιιι

2129 2283 2560 2347 custodireteos,
2586 2293 2643 2339 et
2672 2282 2870 2339 futura:
2899 2282 3023 2339 ﬁdei
3058 2293 3418 2355 praepararet,
3442 2299 3563 2355 qua:
3595 2296 3755 2355 post-

2135 2391 2299 2449 quam
2321 2377 2475 2432 venit
2499 2422 2512 2446 ,
2545 2384 2605 2432 et
2641 2376 2974 2433 credidimus
3012 2376 3066 2432 in
3124 2376 3446 2442 Christum,
3487 2377 3601 2449 j‘sm
3635 2395 3753 2435 non

2132 2484 2324 2526 Sumus
2347 2468 2453 2524 sub
2484 2469 2807 2541 paedagogo,
2839 2480 2984 2525 tutor
3026 2485 3056 2524 a
3087 2469 3247 2526 nobis
3273 2481 3603 2541 curatorque
3628 2471 3749 2527 dis-

2132 2564 2354 2631 cedunt,
2370 2561 2536 2637 ω
2551 2577 2600 2618 et
2615 2564 2914 2634 legitimum
2930 2564 3106 2620 aetatis
3123 2576 3335 2637 tempus
3351 2565 3752 2631 ineuntes,veri

2133 2659 2229 2715 Dei
2256 2657 2351 2714 lilii
2369 2658 2742 2723 nominamur,
2766 2658 2852 2712 cui
2875 2671 2977 2714 nos
3005 2669 3358 2729 generatnon
3384 2658 3494 2714 Lex
3513 2659 3750 2726 abolita,

2131 2756 2230 2813 sed
2260 2763 2437 2810 mater
2463 2753 2653 2817 Fides,
2684 2768 2808 2826 qtue
2834 2762 2917 2810 est
2963 2753 3017 2809 in
3061 2753 3290 2809 Christo
3317 2754 3471 2810 Iesu.
3499 2753 3667 2823 Qnrd
3701 2754 3750 2810 si

2130 2851 2252 2922 quis
2279 2859 2401 2922 post
2424 2858 2865 2906 consummatum
2894 2850 3072 2904 mtatis
3100 2864 3216 2905 suae
3249 2862 3485 2920 tempus.
3515 2850 3751 2922 quando

426 2941 558 3012 psit.
590 2939 722 3008 Quae
750 2954 857 2993 non
887 2937 1092 2994 idcirco
1122 2936 1438 2992 arbitranda
1480 2947 1566 2993 est
1610 2936 2025 3009 promissionem
2125 2944 2241 3013 jam
2293 2943 2469 2998 haeres
2519 2953 2573 2998 et
2614 2941 2759 2999 liber
2824 2950 2881 2998 et
2927 2939 3075 2997 ﬁlius
3122 2944 3445 3013 appellatur,
3497 2944 3753 2999 voluerit

428 3031 720 3088 excludere
746 3072 761 3098 ,
790 3030 913 3102 quia
944 3036 1136 3101 postea
1182 3027 1474 3085 subsecuta
1507 3044 1625 3085 eam
1650 3070 1668 3097 ,
1720 3044 1843 3099 quae
1880 3027 2028 3099 prius

429 3126 560 3192 fuit,
587 3125 804 3181 videtur
835 3125 1093 3193 abolere;
1146 3123 1245 3179 sed
1298 3139 1362 3180 ex
1414 3138 1480 3180 eo
1524 3124 1669 3195 quod
1713 3139 1820 3178 non
1854 3122 2029 3194 potuit

430 3216 735 3286 viviﬁcare,
765 3232 869 3273 nec
909 3216 961 3272 id
1006 3216 1249 3272 tribuere
1279 3215 1424 3288 quod
1470 3217 1829 3285 repromissio
1855 3215 2029 3286 prima

430 3311 675 3383 pollicita
722 3318 846 3377 est,
904 3311 1257 3366 manifestum
1315 3321 1398 3366 est
1446 3308 1608 3383 M3
1640 3311 1693 3365 in
1724 3310 2030 3366 custodiam

432 3420 555 3461 eam
603 3404 1047 3476 repromissionis
1070 3447 1087 3471 ,
1139 3420 1246 3460 non
1291 3404 1344 3459 in
1375 3403 1795 3460 subversionem
1822 3404 2026 3459 datam.

436 3499 495 3555 Si
530 3499 675 3555 enim
703 3498 826 3555 data
860 3508 1006 3554 esset
1031 3496 1144 3554 Lex
1174 3513 1293 3569 qum
1324 3505 1513 3568 posset
1538 3504 1802 3567 praestare
1832 3499 2029 3566 vitam,

433 3602 489 3650 et
520 3593 570 3648 id
599 3592 742 3663 quod
772 3593 1129 3665 repromissio
1166 3591 1538 3664 spoponderat
1566 3591 1828 3648 exhibere
1849 3636 1863 3661 ,
1903 3606 2033 3648 vere

430 3683 729 3757 promissio
757 3700 855 3755 per
901 3682 1100 3755 Legem
1149 3692 1434 3756 putaretur
1462 3682 1702 3739 exclusa.
1749 3682 1903 3739 Nunc
1928 3698 2029 3738 au-

437 3788 545 3832 tem
575 3784 798 3846 propter
827 3776 1318 3844 transgressiones,
1350 3782 1413 3829 ut
1441 3788 1604 3844 supra
1636 3773 1900 3844 diximus,
1937 3791 2031 3844 po-

435 3869 564 3929 sita,
593 3867 764 3940 magis
786 3866 964 3938 arguit
989 3880 1087 3921 eos
1107 3874 1446 3937 peccatores,
1472 3867 1668 3938 quibus
1696 3875 1819 3938 post
1841 3882 2031 3938 reproo

438 3960 762 4015 missionem
795 3960 851 4014 in
882 3958 1211 4028 custodiam,
1240 3969 1318 4027 et,
1348 3971 1407 4015 ut
1441 3960 1510 4014 ita
1545 3960 1741 4025 dicam,
1766 3960 1818 4014 in
1847 3973 2034 4016 carce-

440 4078 556 4118 rem
587 4062 711 4117 data
740 4068 849 4129 est,
884 4069 943 4115 ut
973 4060 1097 4132 quia
1127 4074 1227 4130 per
1256 4059 1470 4117 arbitrii
1498 4060 1808 4118 libertatem
1836 4063 2031 4119 nolue-

438 4175 563 4220 rant
611 4165 931 4219 innocentes
980 4173 1302 4234 exspectare
1351 4163 1719 4235 promissum,
1771 4165 2033 4236 legalibus

430 4266 461 4306 δ
496 4267 730 4322 vinculis
762 4265 1046 4337 prtepcditi
1071 4306 1088 4333 ,
1117 4274 1173 4323 et
1202 4267 1255 4323 in
1303 4267 1621 4323 servitutem
1654 4270 2030 4327 mandatorum

437 4372 675 4436 redacti,
747 4369 1162 4425 custodirentur
1235 4368 1291 4424 in
1357 4369 1651 4426 adventum
1713 4371 1911 4427 futurae
1976 4373 2031 4429 in

437 4472 660 4529 Christo
701 4469 864 4539 ﬁdei,
909 4486 1031 4540 qua:
1082 4468 1248 4527 ﬁnem
1296 4471 1739 4542 repromissionis
1782 4470 2030 4530 afferret.

436 4570 549 4628 Nec
603 4585 736 4626 vero
792 4568 1172 4625 mstimandum
1222 4569 1564 4641 Scriptorum
1606 4584 1884 4628 auctorem
1913 4575 2115 4639 esseD

437 4671 680 4742 peccati,
720 4669 844 4740 quia
878 4669 1065 4725 omnia
1112 4669 1214 4725 sub
1261 4679 1486 4740 peccato
1511 4672 1846 4731 conclusisse
1873 4673 2028 4731 dica-

435 4784 552 4839 tur,
575 4787 697 4827 eum
721 4770 1033 4827 mandatum
1064 4769 1207 4842 quod
1236 4786 1301 4826 ex
1327 4771 1454 4842 jure
1484 4765 1819 4845 ptimcipitur,
1848 4784 2029 4833 osten-

2131 3051 2254 3091 csse
2292 3035 2395 3091 sub
2424 3034 2741 3106 paedagogo.
2774 3034 2914 3091 sciat
2938 3050 2997 3091 se
3029 3049 3136 3090 non
3169 3049 3332 3106 posse
3361 3034 3580 3108 legibus
3612 3052 3748 3105 par-

2130 3129 2245 3185 vuli
2272 3129 2479 3185 vivere.
2530 3127 2632 3183 Ubi
2678 3128 2824 3183 enim
2872 3141 3017 3183 nunc
3045 3128 3307 3197 compleri
3340 3136 3523 3199 potest
3556 3128 3697 3183 illud
3733 3148 3748 3183 :

2139 3223 2239 3281 Ter
2256 3226 2311 3279 in
2335 3240 2477 3279 anno
2506 3223 2777 3297 apparebit
2798 3239 2951 3278 omne
2979 3224 3324 3278 masculinum
3356 3231 3503 3277 tuum
3530 3225 3587 3279 in
3619 3242 3753 3279 con-

2134 3328 2313 3390 spectu
2348 3316 2561 3371 Domini
2610 3315 2712 3370 Dei
2754 3317 2833 3370 tui
2885 3314 3088 3385 (Exod.
3134 3331 3290 3381 χχιιι,
3326 3316 3442 3386 l7),
3469 3319 3751 3373 subversa

2133 3408 2476 3474 Jerusalem,
2518 3416 2575 3463 et
2608 3407 2811 3476 templo
2844 3420 3012 3477 nSque
3057 3406 3123 3461 ad
3174 3410 3392 3463 cineres
3431 3408 3754 3478 dissipato?

2133 3500 2237 3558 Ubi
2268 3501 2535 3557 salutares
2567 3511 2618 3556 et
2650 3515 2748 3571 pro
2773 3509 2996 3570 peccato
3021 3497 3251 3554 hostiae?
3283 3498 3384 3556 Ubi
3410 3499 3477 3555 ad
3509 3500 3755 3558 simula-

2133 3611 2289 3651 crum
2333 3594 2639 3651 coelestium
2688 3593 2980 3661 siderum,
3024 3594 3470 3649 holocauStorum
3499 3606 3758 3652 teternus

2133 3687 2293 3759 ignis,
2344 3688 2502 3743 altari
2573 3686 2799 3742 omnino
2847 3684 3165 3742 destructo?
3215 3684 3402 3741 Noxiis
3447 3703 3585 3743 vero
3613 3705 3750 3758 qua:

2134 3780 2338 3851 poterit
2378 3795 2540 3852 pruna
2586 3780 2849 3845 decerni,
2878 3778 3164 3850 Scriptura
3191 3778 3410 3835 dicente
3435 3796 3449 3833 :
3473 3778 3758 3853 Aufereris

2132 3873 2332 3928 malum
2363 3874 2428 3928 de
2451 3873 2624 3928 medio
2651 3884 2871 3928 vestrum
2896 3871 3077 3946 (Deut.
3103 3887 3223 3938 xm,
3248 3872 3329 3943 5),
3362 3875 3753 3933 servientibus

2134 3967 2368 4034 Judazis,
2392 3979 2444 4023 ct
2485 3968 2751 4024 Romanis
2781 3965 3176 4039 regnantibus?
3205 3972 3381 4039 Atque
3413 3968 3488 4023 ita
3519 3969 3613 4025 ιιι-ι
3636 4013 3654 4036 ,
3691 3982 3759 4027 ut

2136 4076 2238 4118 nec
2264 4062 2369 4117 sub
2422 4073 2577 4133 patre
2626 4075 2727 4118 nec
2766 4060 2869 4117 sub
2919 4060 3216 4132 paedagogo
3244 4062 3439 4117 vivant
3482 4079 3497 4117 :
3530 4062 3669 4119 dum
3701 4074 3765 4121 ct

2134 4156 2248 4214 Lex
2274 4156 2491 4230 impleri
2524 4173 2630 4211 non
2668 4165 2849 4229 potest
2879 4165 3000 4226 post
3040 4150 3447 4213 successionem
3494 4159 3658 4229 ﬁdei,
3696 4170 3764 4217 et

2135 4251 2269 4307 ﬁdes
2292 4251 2420 4305 dum
2454 4249 2745 4320 paedagoga
2774 4248 2886 4305 Lex
2915 4249 3217 4319 appetitur,
3244 4265 3352 4306 non
3385 4260 3632 4309 tenetur.

2211 4343 2391 4416 (Vcrs.
2431 4343 2523 4409 27,
2555 4342 2676 4415 28.)
2712 4342 3037 4414 Quicumque
3067 4346 3204 4398 enim
3242 4344 3297 4398 in
3323 4342 3535 4400 Christo
3566 4346 3761 4416 bapti-

2134 4436 2240 4489 καιί
2268 4437 2415 4502 estis,
2460 4433 2729 4490 Christum
2775 4435 3043 4491 induistis.
3099 4433 3223 4490 Non
3251 4447 3328 4491 est
3367 4436 3617 4505 Judtetts,
3656 4457 3767 4494 rte—

2136 4546 2235 4603 que
2264 4527 2498 4585 Graecus.
2537 4526 2660 4583 Non
2712 4536 2792 4583 est
2838 4543 3036 4595 servus,
3089 4545 3253 4599 neque
3292 4527 3447 4583 liber.
3506 4528 3635 4586 Non
3672 4543 3770 4586 est

2140 4620 2425 4690 masculus,
2453 4636 2618 4691 neque
2648 4621 2865 4692 femina.
2915 4619 3106 4675 Omnes
3147 4620 3286 4675 enint
3306 4636 3396 4675 eos
3417 4638 3586 4677 unum
3615 4625 3768 4679 estis

2136 4718 2191 4771 in
2222 4714 2430 4770 Christo
2454 4713 2602 4769 .Iesu.
2636 4711 2920 4781 Quomodo
2960 4710 3085 4766 Filii
3128 4711 3225 4768 Dei
3256 4727 3357 4782 per
3380 4711 3547 4768 ﬁdem
3570 4755 3586 4780 ,
3619 4730 3771 4784 quae

2133 4818 2217 4865 est
2273 4810 2325 4863 in
2372 4806 2590 4863 Christo
2636 4806 2800 4871 Jesn,
2845 4820 3160 4871 nascamnr,
3210 4803 3451 4860 ostendit
3494 4806 3711 4862 dicens
3749 4826 3767 4865 :

433 4876 529 4930 dat
550 4874 729 4944 potius
752 4883 1049 4944 arguatque
1072 4880 1352 4943 peccatum
1375 4915 1389 4938 ,
1419 4889 1578 4944 quam
1620 4874 1690 4931 sit
1711 4890 1871 4934 causa
1899 4894 2024 4951 pec-

431 4979 560 5035 cati.
594 4976 880 5047 Quomodo
901 4976 965 5032 ει
985 4976 1153 5047 judcx
1185 4991 1292 5031 non
1320 4984 1407 5033 est
1426 4986 1619 5034 auctor
1645 4981 1889 5054 sceleris,
1924 5000 2020 5043 ne-

427 5096 587 5153 quam
615 5078 863 5135 homines
884 5076 1205 5133 vinciendo:
1237 5076 1334 5135 sed
1365 5078 1647 5137 concludit
1668 5096 1764 5139 eos
1787 5125 1804 5153 ,
1835 5093 1893 5142 et
1921 5104 2019 5146 no-

2134 4904 2459 4973 Quicuntque
2498 4901 2634 4956 enim
2665 4900 2718 4953 in
2766 4898 2970 4954 Christo
2991 4896 3247 4965 baptizati
3281 4898 3439 4963 estis,
3474 4897 3773 4956 Christusne

2127 4995 2391 5051 induistis.
2415 4992 2571 5062 Quod
2601 5001 2783 5048 autem
2805 4990 3059 5046 Christus
3085 4990 3158 5045 sit
3183 4990 3589 5057 indumentum,
3629 5010 3769 5050 non

2125 5091 2301 5147 solum
2332 5089 2401 5145 de
2426 5088 2684 5160 praesenti
2718 5086 2866 5154 loco,
2894 5099 3083 5140 verum
3115 5084 3281 5141 etiam
3325 5083 3396 5140 de
3424 5084 3536 5140 alio
3567 5099 3764 5143 com-

424 5252 545 5297 ante
599 5240 848 5312 angelus,
895 5254 1036 5294 nunc
1080 5238 1237 5312 etiam
1276 5238 1433 5295 homo
1477 5251 1583 5311 est,
1624 5260 1687 5299 ne
1728 5252 2018 5309 naturalem

422 5314 558 5389 hanc
581 5311 688 5367 esse
711 5314 798 5365 Dei
831 5313 1059 5389 spectent
1071 5311 1349 5389 diversitas
1376 5314 1536 5386 hujus
1564 5331 1847 5389 assumpta:
1869 5341 2017 5381 crea.

424 5388 583 5462 tionis
622 5393 882 5462 pateretur
930 5382 1201 5462 iutelligi._
1234 5384 1386 5438 Adde
1430 5382 1791 5455 Augustinum
1849 5398 2012 5462 epist.

426 5456 539 5533 Ml
560 5468 615 5512 et
645 5456 740 5533 lib.
776 5471 817 5533 tt
840 5463 1030 5533 contra
1064 5454 1279 5533 biaxim.
1301 5497 1315 5519 ,
1346 5454 1598 5533 sanetum
1632 5475 1846 5533 quoque
1877 5454 2016 5524 Cre-

424 5530 638 5602 goriunt
673 5526 888 5582 Prmfal.
922 5527 973 5579 in
1002 5524 1321 5602 Job,_nlqtte
1350 5528 1492 5583 alios
1522 5524 1717 5602 tttagt-m
1758 5524 2009 5596 huntero,

497 5610 524 5638 ι
564 5601 644 5654 Ad
677 5608 989 5667 nostrorum
1022 5597 1184 5667 codd.
1216 5598 1376 5653 ﬁdem
1405 5640 1420 5665 ,
1468 5612 1522 5653 et
1550 5597 1791 5661 Rzibbani
1820 5609 2012 5667 lectio-

421 5688 546 5729 nem
578 5672 920 5748 restinximus
949 5666 1233 5747 Zacharia.
1270 5668 1347 5725 Ita
1374 5682 1427 5725 et
1460 5671 1751 5748 _\:ictorius
1799 5666 2010 5748 pridem

420 5744 810 5799 emendaverat
854 5741 924 5796 ad
972 5744 1323 5811 antiquorum
1372 5741 1533 5797 codd.
1586 5741 2013 5811 auctoriiatem:

421 5816 482 5903 in
530 5812 795 5903 Zacharia
843 5813 990 5881 enim
1042 5827 1162 5885 cap.
1198 5827 1237 5875 ιι
1269 5827 1435 5895 penes
1466 5812 1611 5874 LXX
1646 5820 2010 5903 testimonium

2129 5253 2234 5311 hoc
2258 5253 2500 5324 legitur;
2533 5251 2585 5306 in
2620 5250 2819 5321 Aggteo
2844 5261 3025 5307 antem
3047 5262 3344 5322 nusquam.
3374 5247 3780 5310 Martianmus

2132 5337 2319 5384 tamen
2346 5326 2606 5380 vitiosnnt
2636 5324 3108 5395 Aggtemretinuit.

2198 5401 2228 5437 ι’
2271 5398 2387 5453 lIuc
2440 5392 2762 5451 referendus
2822 5392 3251 5466 CltrySostomns
3322 5392 3512 5448 homil.
3566 5394 3648 5451 Η)
3709 5397 3782 5454 in

2126 5469 2292 5540 epist.
2328 5468 2398 5524 ad
2448 5466 2760 5540 Romanos,
2796 5465 3122 5540 nbijdeirco
3168 5465 3368 5540 Legem
3401 5468 3609 5540 asserit
3654 5469 3787 5525 da-

2124 5535 2269 5608 tam,
2301 5549 2360 5594 ut
2388 5540 2561 5594 multo
2587 5539 2773 5592 acrius
2813 5535 3036 5592 Judmos
3065 5545 3262 5606 sponte
3286 5538 3398 5605 jam
3432 5536 3603 5593 illibt‘l
3624 5544 3782 5594 ales

2120 5629 2187 5669 ae
2222 5612 2523 5668 dissolutos
2571 5621 2911 5680 coatgueret.
2968 5608 3246 5664 \‘idendns
3289 5618 3344 5664 et
3376 5608 3436 5665 S.
3472 5613 3785 5678 Augusti-

2119 5701 2226 5741 nus
2264 5683 2357 5739 lib.
2391 5698 2426 5737 ll
2455 5693 2647 5737 contra
2675 5680 2976 5736 lulianum.

2196 5767 2219 5796 ο
2261 5756 2439 5835 addit
2465 5753 2840 5835 l’ala_tin._nms.
2877 5766 3077 5809 nomen
3122 5750 3273 5809 Jesu.
3307 5751 3445 5812 Tum
3464 5751 3776 5835 ,ἐπαίρεσ-

2117 5844 2237 5889 mur
2267 5827 2424 5906 legit,
2458 5840 2557 5903 pro
2576 5824 3016 5905 iustiﬁcaremur.
