3978 6338
295 389 384 450 369
431 363 554 381 ”““””

747 383 1401 442 ΟΟΜΜΕΝΤΑΒΙΟΠΟΜ
1443 382 1510 440 IN
1548 381 1838 442 EPISTOL

1979 387 2073 443 AD
2113 386 2435 446 CALATAS
2475 388 2602 444 LIB.
2646 389 2712 445 ll.
2754 388 2906 447 CAP.
2950 388 3040 446 IV.

3446 390 3554 449 570

293 508 544 584 probatur,
571 504 734 562 Paulo
760 503 954 560 eodem
981 503 1308 560 ctthortantc
1333 520 1344 557 :
1378 502 1594 558 Induite
1623 519 1710 557 vos
1734 501 1848 555 Do-
1875 506 1925 565 Α
1952 504 2118 578 446
2145 506 2247 562 hoc
2273 507 2742 563 considerandum
2760 549 2776 574 ,
2805 507 2947 579 quod
2975 507 3195 578 quando
3224 507 3293 564 de
3321 507 3558 566 Domino

290 607 461 659 mittunt
499 601 675 656 letum
720 597 990 654 Christum
1021 597 1200 669 (Rom.
1249 613 1339 652 χιιι
1366 638 1382 664 ,
1435 596 1549 667 Η).
1581 596 1639 652 Si
1684 597 1846 666 igitur

290 697 368 768 qui
403 695 449 750 in
477 692 687 749 Cbtisto
726 691 981 761 baptizati
1013 701 1166 755 sont,
1197 687 1474 745 Christum
1526 686 1844 753 induerunt,

290 792 607 847 manifestum
634 795 718 844 est
752 801 850 842 eos
871 787 964 858 qui
997 800 1106 841 non
1155 793 1282 839 sunt
1326 782 1500 839 induti
1531 782 1805 838 Christum
1830 822 1846 848 ,

292 899 382 938 non
411 881 566 938 fuisse
595 880 896 950 baptizatos
937 879 989 932 in
1020 875 1266 932 Christo.
1310 875 1390 932 Ad
1429 890 1527 931 eos
1563 876 1712 930 enim
1755 873 1849 944 qtti

287 976 454 1033 fideles
500 982 553 1030 ct
596 973 865 1042 baptisma
909 971 1110 1027 Christi
1166 971 1449 1027 consecuti
1493 970 1846 1040 putabantur,

285 1068 462 1122 dictum
487 1076 568 1121 est
598 1082 611 1120 :
657 1065 869 1120 lndnite
911 1081 999 1120 vos
1031 1063 1309 1119 Dominum
1339 1061 1522 1118 Iesum
1553 1062 1847 1120 Christum.

282 1163 330 1217 Si
355 1161 464 1233 quis
493 1159 594 1214 hoc
620 1175 943 1229 corporeum
975 1169 1030 1214 et
1059 1158 1203 1230 quod
1234 1158 1414 1214 oculis
1441 1157 1620 1213 carnis
1646 1155 1850 1225 aSpici-

285 1267 376 1322 tur,
403 1269 546 1323 aqua:
575 1261 788 1307 tantum
816 1251 1014 1318 accipit
1037 1251 1336 1320 lavacrum,
1370 1265 1478 1305 non
1511 1259 1592 1304 est
1622 1248 1849 1304 indutus

283 1345 546 1402 Dnttinum
585 1343 774 1400 Jesum
811 1343 1116 1399 Christum.
1156 1341 1290 1397 Nam
1338 1352 1394 1397 et
1436 1341 1623 1396 Simon
1667 1340 1755 1396 ille
1781 1341 1850 1396 de

281 1438 480 1493 Actibus
531 1435 926 1507 apostolorum,
985 1441 1278 1502 acceperat
1327 1434 1598 1487 lavacrum
1656 1447 1846 1499 aqum;

280 1546 448 1587 verum
474 1530 597 1600 quia
620 1537 869 1584 sanctum
901 1527 1164 1597 Spiritum
1197 1540 1302 1580 non
1337 1525 1591 1593 habebat,
1621 1522 1848 1578 indutus

284 1637 375 1678 nco
403 1620 812 1678 eratChristum
841 1619 1045 1692 (Actor.
1080 1616 1220 1689 vttt).
1258 1617 1326 1672 Et
1358 1617 1605 1672 ltzcretiei
1635 1617 1717 1670 vel
1753 1618 1851 1686 hy-

279 1713 502 1785 pocritaa,
535 1720 592 1767 et
625 1713 678 1766 bi
704 1713 794 1781 qui
823 1710 1044 1766 sordide
1083 1710 1372 1775 victitant,
1400 1707 1563 1782 445
1591 1709 1849 1764 videntur

276 1804 470 1874 quidem
499 1807 754 1875 accipere
799 1803 1126 1874 baptismum
1147 1844 1163 1868 ,
1208 1803 1304 1857 sed
1333 1804 1518 1857 nescio
1542 1818 1610 1857 an
1644 1802 1847 1858 Christi

1951 599 2230 669 loquitur:
2292 599 2518 656 Abrahw
2547 610 2723 656 autem
2754 603 2911 657 dicta:
2947 613 3067 657 sunt
3112 604 3484 672 promissiones
3513 613 3564 658 et

1949 691 2130 745 semini
2155 695 2268 766 ejus
2289 736 2304 761 ,
2358 692 2460 749 hoc
2492 705 2599 761 est,
2632 693 2854 749 Christo
2876 693 3008 750 Jcsu
3035 736 3050 758 ,
3096 696 3558 765 repromissiones

1950 783 2235 854 pluraliter
2269 795 2455 856 ponat.
2499 788 2728 856 Quando
2754 803 2886 845 vero
2924 788 2992 844 de
3024 788 3111 843 his
3148 790 3240 860 qui
3273 805 3372 861 per
3394 788 3559 845 Chri-

1951 887 2091 932 stum
2123 893 2306 934 semen
2341 889 2466 934 sunt
2493 881 2757 945 Abrahae,
2803 882 3158 953 singulariter
3189 882 3556 952 repromissio

1953 984 2314 1042 nUocupetur,
2347 985 2404 1030 ut
2431 976 2480 1027 in
2502 977 2893 1045 pra'scntiloco
2921 994 2934 1030 :
2969 976 3358 1050 ErgoAbrahw
3379 995 3554 1035 semen

1950 1066 2090 1131 estis,
2123 1069 2402 1122 secundum
2425 1071 2817 1138 promissionem
2836 1071 3087 1127 haztedes.
3118 1071 3332 1127 Deccns
3348 1073 3556 1142 quippe

1951 1170 2068 1217 erat
2093 1171 2149 1214 ut
2172 1161 2311 1227 quod
2335 1162 2385 1215 in
2408 1161 2624 1218 Christo
2641 1179 2749 1218 uno
2774 1163 3059 1233 pluraliter
3084 1163 3393 1228 dicebatur,
3422 1165 3472 1218 id
3500 1165 3556 1220 in

1953 1252 2134 1307 multis
2159 1252 2471 1308 hominibus
2504 1255 2856 1325 singulariter
2886 1267 3203 1326 poneretur.
3247 1256 3551 1327 Sequitur:

2025 1343 2182 1416 (Cap.
2202 1345 2546 1402 IV.—Vcrs.
2582 1349 2634 1413 l,
2663 1349 2746 1418 9..)
2783 1348 2913 1402 Dico
2935 1358 3103 1403 autent
3133 1395 3147 1417 ,
3189 1361 3383 1421 quanto
3423 1358 3553 1404 temo

1953 1456 2076 1508 pore
2102 1439 2263 1494 Itrrres
2293 1442 2540 1509 parvulus
2565 1452 2666 1506 est,
2713 1443 2844 1497 nihil
2874 1442 3052 1510 cli/fert
3076 1461 3109 1496 a
3134 1459 3300 1511 cerro,
3335 1461 3454 1497 cum
3484 1445 3552 1497 sit

1951 1532 2210 1588 Dominus
2236 1537 2465 1588 omnium
2489 1578 2504 1602 ,
2553 1535 2642 1590 sed
2686 1535 2778 1590 sub
2810 1535 3070 1589 tutoribus
3097 1544 3175 1589 est
3219 1545 3266 1590 et
3291 1535 3552 1590 actoribus

1953 1643 2113 1693 usque
2136 1628 2204 1680 ad
2234 1629 2547 1700 praeﬁnitum
2575 1637 2778 1695 tempus
2801 1647 2832 1682 a
2856 1637 3025 1695 patre.
3072 1628 3262 1682 llmt‘es
3292 1629 3392 1681 iste
3427 1645 3552 1696 par-

1953 1719 2130 1785 vulus,
2161 1720 2250 1790 qui
2278 1719 2409 1774 nihil
2433 1719 2617 1775 differt
2641 1735 2668 1773 a
2694 1735 2860 1776 servo
2887 1735 3009 1776 cum
3036 1719 3105 1774 sit
3141 1719 3402 1774 Dominus
3434 1736 3553 1774 om-

1953 1812 2131 1877 nium,
2171 1813 2265 1868 sed
2293 1813 2393 1869 sub
2418 1813 2690 1869 tutoribus
2719 1823 2774 1869 et
2799 1815 3086 1868 actoribus
3114 1821 3235 1880 est,
3285 1827 3454 1883 usque
3482 1815 3554 1869 ad

277 1896 485 1952 lubeant
514 1894 917 1951 indumentum.
953 1895 1138 1966 Itaque
1167 1893 1578 1950 consideremus
1605 1910 1673 1950 ne
1707 1894 1846 1950 forte
1878 1893 1925 1954 B
1952 1907 2276 1976 praeﬁnitum
2305 1915 2521 1977 tempus
2551 1924 2580 1961 a
2613 1915 2768 1978 patre
2791 1949 2808 1974 ,
2858 1916 3030 1962 totum
3060 1906 3354 1962 humanum
3383 1922 3556 1978 genus

275 2003 319 2048 et
345 1993 393 2047 in
421 1991 570 2046 uobis
597 1983 800 2061 aliquis
845 1989 1314 2060 deprehendatur,
1365 1989 1455 2060 qui
1507 2003 1573 2044 ex
1602 2003 1668 2043 eo
1699 1989 1845 2059 quod

272 2084 447 2140 Christi
479 2099 585 2138 non
621 2083 786 2139 habet
832 2082 1239 2149 indumentum,
1292 2090 1551 2153 arguatur
1577 2096 1683 2136 non
1717 2081 1850 2152 bap-

272 2184 442 2232 ltlalus
469 2175 524 2231 itt
547 2175 798 2233 Christo.
830 2173 964 2229 Cum
992 2184 1178 2229 autem
1208 2173 1335 2244 quis
1365 2172 1538 2229 semel
1564 2172 1844 2229 CluiStum

270 2267 464 2322 indutus
517 2267 727 2336 fuerit,
785 2275 840 2322 et
884 2268 1088 2323 missus
1132 2267 1190 2322 in
1239 2265 1556 2333 flammam,
1610 2265 1848 2336 Spiritus

268 2360 416 2415 sancti
439 2360 640 2416 ardore
683 2358 996 2426 canduerit,
1028 2375 1136 2414 non
1180 2359 1508 2430 intelligitur
1553 2373 1747 2413 aurum
1775 2359 1849 2413 sit

267 2470 322 2507 an
345 2465 642 2525 argentum.
672 2452 949 2521 Quamdiu
977 2453 1127 2508 calor
1176 2467 1415 2507 massam
1446 2452 1528 2507 sic
1571 2451 1844 2522 possidet,

267 2561 386 2601 unus
415 2548 607 2617 igneus
632 2546 790 2601 color
815 2554 900 2601 est
920 2584 940 2613 ,
963 2556 1019 2601 et
1060 2547 1241 2600 omnis
1265 2544 1562 2601 diversitas
1588 2544 1808 2616 generis
1827 2585 1842 2610 ,

264 2639 570 2695 conditionis
623 2648 682 2695 et
728 2653 1026 2710 corporum
1077 2636 1327 2693 aufertur
1382 2637 1697 2692 istiusmodi
1754 2652 1849 2692 vc-

265 2733 517 2789 stimento.
546 2733 666 2789 Non
699 2741 786 2788 est
813 2732 960 2789 enim
987 2731 1233 2797 Judaeus,
1261 2746 1440 2802 neque
1463 2730 1708 2787 Graccus.
1742 2732 1847 2786 Pro

265 2825 431 2882 Gut-eo
461 2836 485 2863 ἰ
519 2825 794 2882 Gentilem
844 2827 1094 2896 accipere
1141 2825 1432 2892 debemus,
1483 2826 1609 2896 quia
1644 2823 1843 2893 Ἕλλην,

265 2918 574 2976 etGrzceum
605 2930 661 2975 et
708 2918 1002 2976 Ethnicum
1051 2932 1346 2989 utrumque
1389 2918 1680 2990 signiﬁcat.
1733 2918 1846 2975 Nec

187 2998 201 3020 ⁸
263 3011 454 3068 ,ΙιιιΙειξυε
502 3012 713 3069 idcirco
760 3012 958 3068 melior
1002 3020 1108 3079 est,
1161 3011 1285 3084 quia
1332 3011 1696 3068 circumcisus
1723 3022 1842 3079 est;

267 3121 352 3160 nec
375 3105 603 3161 Gentilis
655 3105 780 3162 ideo
827 3104 1096 3173 deterior,
1128 3108 1258 3176 quia
1293 3107 1614 3176 prmputium
1645 3105 1840 3170 habet;

265 3199 345 3252 sed
383 3215 478 3267 pro
528 3199 796 3270 qualitate
841 3198 1003 3266 ﬁdei,
1056 3198 1144 3253 vel
1193 3197 1449 3267 .ludteus,
1479 3199 1569 3254 vel
1619 3199 1845 3254 Graecus

1955 2013 2126 2068 usque
2139 1997 2206 2053 ad
2218 1997 2510 2054 adventum
2522 1999 2724 2054 Christi
2736 2045 2748 2068 ,
2765 2010 2814 2055 et
2828 2040 2842 2064 ,
2857 2009 2913 2055 ut
2926 1999 3160 2070 amplius
3174 1999 3348 2054 dicant
3360 2015 3554 2070 ,usque

1951 2093 2019 2148 ad
2039 2093 2761 2150 mundimnsummationetn
2790 2095 3081 2164 signiﬁcat.
3103 2093 3389 2161 Quomodo
3405 2096 3554 2149 enim

1950 2204 2144 2246 omnes
2165 2191 2219 2245 in
2237 2191 2574 2260 protoplasto
2589 2191 2786 2258 Adam,
2819 2191 3051 2247 necdum
3074 2191 3185 2246 nati
3205 2189 3548 2244 moriuntur:

1951 2281 2025 2337 ita
2047 2290 2103 2338 et
2131 2297 2320 2338 omnes
2337 2283 2590 2350 etiamhi,
2614 2283 2702 2354 qui
2723 2293 2852 2340 ante
2879 2283 3172 2340 adventura
3204 2283 3404 2338 Christi
3431 2283 3547 2338 nati

1951 2387 2099 2445 sunt,
2133 2376 2187 2432 in
2216 2378 2454 2432 secundo
2478 2378 2649 2432 Adam
2679 2378 3040 2433 viviﬁcantttr.
3077 2379 3250 2448 Atque
3280 2378 3350 2431 ita
3381 2377 3458 2444 ﬁt,
3491 2384 3552 2430 ut

1950 2478 2006 2526 et
2035 2483 2132 2525 nos
2174 2470 2302 2540 Legi
2337 2471 2694 2526 servieritttus
2723 2472 2778 2526 in
2809 2471 3086 2541 patribus:
3129 2479 3185 2525 et
3237 2470 3316 2524 illi
3366 2471 3547 2540 gratia

1951 2563 2228 2619 solventur
2249 2565 2304 2619 in
2329 2563 2470 2619 ﬁliis.
2504 2563 2613 2620 Iste
2641 2564 2948 2620 intellectus
2973 2564 3232 2619 Ecclesiae
3256 2562 3549 2618 catholicae

1949 2656 2244 2725 convenit,
2275 2674 2395 2726 qua:
2420 2666 2475 2713 et
2523 2656 2728 2713 veteris
2757 2666 2811 2712 et
2840 2657 2964 2711 novi
2993 2656 3328 2711 Testatnenti
3385 2671 3546 2709 unam

1949 2750 2146 2805 asserit
2175 2749 2610 2819 providentiam:
2663 2767 2766 2806 nec
2809 2750 3096 2820 disdognit
3147 2749 3205 2804 in
3261 2758 3535 2818 tempore,

1949 2857 2085 2911 quos
2100 2841 2413 2896 conditione
2428 2840 2890 2896 sociavit.0tnnes
2905 2841 3154 2894 aediﬁcati
3169 2855 3360 2895 sumus
3379 2855 3545 2908 super

1949 2933 2354 2988 fundamentum
2395 2933 2772 3003 apostolorum
2798 2944 2853 2988 ct
2883 2933 3274 3003 prophetarum
3307 2973 3322 2996 ,
3365 2933 3544 2987 conti-

1951 3039 2114 3084 nente
2144 3044 2243 3083 nos
2277 3028 2528 3097 angulari
2560 3028 2740 3098 lapide
2768 3027 2898 3083 Jesu
2924 3027 3147 3082 Christo
3171 3027 3406 3082 Domino
3442 3041 3546 3080 no-

1949 3129 2064 3174 stro
2088 3161 2102 3188 ,
2146 3121 2237 3191 qui
2265 3119 2394 3175 fecit
2416 3129 2649 3191 utraque
2681 3137 2850 3176 unum
2881 3165 2894 3191 ,
2928 3129 2982 3175 et
3013 3119 3252 3174 medium
3281 3121 3546 3189 parietem

1950 3212 2244 3284 dissipans,
2277 3213 2929 3284 inimicitiamutriusque
2954 3214 3143 3283 pOpuIi
3166 3214 3221 3268 in
3251 3228 3345 3268 sua
3376 3228 3547 3268 carne

265 3291 460 3359 ιιιυιίοτ.
491 3291 608 3347 sive
648 3291 892 3347 deterior
922 3301 1027 3346 esl-
1060 3290 1265 3348 Scl'vus
1309 3307 1526 3362 quoque
1573 3300 1630 3348 et
1676 3291 1840 3361 liber.
1869 3289 1914 3353 C
1949 3305 2240 3372 desttuxil,
2273 3316 2328 3361 et
2346 3308 2583 3378 antiqua:
2613 3307 2775 3376 Legis
2801 3307 3224 3369 dtflicultalcm,
3258 3307 3547 3377 Evangeli-

265 3398 356 3438 non
390 3384 709 3439 cotidittone
739 3391 1086 3453 separantur,
1129 3383 1225 3439 sed
1255 3383 1386 3452 ﬁde,
1417 3383 1542 3452 quia
1575 3393 1751 3455 potest
1784 3393 1842 3439 et

265 3493 433 3533 servus
463 3478 645 3535 libero
687 3492 812 3532 esse
855 3477 1070 3545 melior,
1102 3485 1153 3531 et
1199 3475 1340 3531 liber
1369 3490 1586 3531 servum
1627 3475 1679 3531 in
1715 3475 1841 3532 fidei

266 3571 508 3638 qualittte
537 3579 885 3640 praevertere.
921 3569 1194 3624 Masculus
1240 3569 1494 3623 similiter
1515 3577 1572 3624 et
1603 3568 1800 3623 femina
1821 3610 1837 3636 ,

264 3663 559 3720 fortitudine
609 3672 668 3721 et
707 3663 1087 3719 imbecillitate
1141 3677 1436 3733 corporum
1486 3672 1836 3732 separantur.

264 3755 512 3811 Cmtcrum
555 3757 693 3811 ﬁdes
723 3771 824 3827 pro
867 3756 1068 3811 mentis
1115 3755 1408 3812 devotione
1453 3765 1733 3822 censetur,
1785 3763 1842 3811 et

265 3865 391 3923 saepe
418 3853 606 3908 evenit
635 3860 697 3906 ut
723 3862 778 3907 et
805 3851 1004 3907 mulier
1034 3849 1154 3904 viro
1196 3864 1360 3904 causa
1390 3849 1582 3904 salutis
1614 3850 1742 3920 ﬁat,
1784 3857 1842 3906 et

271 3947 537 4003 mulierem
566 3946 651 4001 vir
677 3945 732 4000 in
765 3929 1031 4016 religione
1061 3943 1355 4015 praecedat.
1386 3941 1523 3999 Cum
1551 3954 1732 4000 autem
1765 3945 1838 3999 ita

267 4051 317 4092 se
344 4054 425 4094 res
455 4038 682 4105 habeat,
714 4046 770 4094 et
809 4048 919 4092 tota
963 4037 1253 4093 diversitas
1279 4037 1499 4107 generis
1522 4078 1537 4102 ,
1560 4037 1838 4092 conditio-

265 4133 338 4187 nis
359 4142 412 4188 et
435 4147 728 4203 corporum
750 4174 765 4199 ,
797 4130 1002 4188 Christi
1044 4131 1398 4202 baptismate,
1429 4139 1486 4186 et
1515 4131 1839 4187 indumento

266 4224 397 4281 illius
433 4227 740 4293 auferatur,
799 4240 992 4281 omnes
1045 4241 1213 4280 unum
1261 4238 1449 4280 sumus
1506 4224 1560 4279 in
1616 4223 1841 4281 Christo

263 4317 378 4376 Jesu
411 4339 425 4376 :
457 4331 516 4378 ut
544 4321 820 4394 quomodo
847 4321 1012 4377 Pater
1036 4328 1092 4374 et
1125 4319 1295 4375 Filius
1325 4319 1380 4374 in
1410 4333 1470 4375 se
1497 4334 1662 4375 unum
1689 4330 1838 4387 sunt,

267 4413 328 4468 ita
355 4424 407 4471 et
441 4432 538 4472 nos
569 4417 624 4471 in
659 4414 797 4484 ipsis
827 4429 996 4468 unum
1020 4413 1216 4467 simus.

324 4507 474 4578 (lich
497 4509 614 4578 29.)
657 4507 719 4563 Si
747 4517 920 4561 autem
949 4522 1038 4561 vos
1061 4505 1256 4560 Christi
1299 4521 1316 4560 :
1349 4523 1470 4580 ergo
1503 4506 1727 4561 Abrahae
1757 4523 1840 4561 se-

264 4615 362 4654 men
389 4602 523 4666 estis,
549 4600 833 4656 secundant
866 4599 1262 4666 promissionem
1284 4597 1536 4654 hwredes.
1578 4599 1715 4668 Quia
1749 4614 1838 4654 re-

266 4695 625 4760 prmuissiones
653 4691 723 4748 ad
759 4691 1032 4747 Abraham
1090 4699 1146 4748 et
1189 4691 1257 4746 ad
1308 4705 1494 4746 semen
1523 4691 1643 4762 ejus
1675 4693 1832 4748 factm
1869 4679 1921 4740 D

267 4795 402 4846 sttnt,
430 4787 564 4853 quod
593 4794 678 4842 est
701 4783 950 4840 Christus
978 4783 1139 4841 Jesus
1162 4826 1179 4852 ,
1229 4794 1634 4855 consequenter
1655 4785 1712 4840 bi
1746 4785 1843 4851 qui

264 4875 446 4931 Christi
479 4879 592 4945 ﬁlii,
627 4879 681 4934 id
710 4887 820 4945 est,
849 4891 1038 4933 semen
1071 4878 1190 4947 ejus
1215 4888 1366 4948 sunt,
1401 4892 1591 4934 semen
1619 4894 1840 4950 quoque

267 4971 496 5028 dicuntur
533 4973 812 5029 Abraham
841 5011 858 5035 ,
903 4972 1058 5040 cujus
1088 4981 1215 5027 sunt
1261 4986 1449 5027 semen
1498 4987 1566 5027 ex
1599 4973 1838 5028 semine.

269 5061 449 5119 Verum
478 5067 927 5137 quotiescumque
955 5063 1218 5119 Dominus
1245 5075 1434 5120 tt05ter
1465 5063 1623 5120 Jesus
1646 5079 1838 5122 semen

271 5155 482 5213 Abraha:
526 5159 878 5225 nominatur,
925 5157 1285 5229 corporaliter
1333 5157 1683 5213 sentiendum
1731 5169 1837 5226 est,

272 5248 486 5316 quodex
513 5251 628 5322 ejus
656 5253 832 5320 stirpe
864 5263 1180 5321 generetur.
1221 5249 1448 5318 Quoties
1495 5261 1676 5307 autem
1711 5269 1838 5322 nos,

273 5340 356 5410 qui
373 5341 653 5400 Salvatoris
676 5358 937 5402 sermone
958 5351 1237 5414 suscepto,
1261 5341 1593 5399 credidimus
1617 5344 1670 5400 in
1693 5360 1840 5416 eum,

275 5445 326 5492 et
352 5441 667 5501 nobilitatem
711 5443 932 5516 generis
961 5446 1194 5503 Abrahze
1218 5489 1235 5514 ,
1274 5446 1341 5501 ad
1369 5463 1530 5517 quem
1582 5454 1668 5502 est
1716 5460 1842 5515 pro-

277 5530 444 5590 missio
470 5536 626 5603 facta,
680 5541 1063 5610 suscepimus:
1110 5551 1237 5598 tunc
1263 5540 1627 5611 spiritualiter
1653 5555 1842 5597 semen

280 5623 388 5684 fidei
403 5633 858 5704 etpraedicationis
872 5635 1121 5708 accipere
1133 5635 1420 5694 debemus.
1450 5635 1660 5693 Deinde
1678 5635 1843 5691 etiam

347 5844 660 5922 ‘Sicpassim
686 5851 915 5906 Veteres
942 5851 1247 5916 accipiunt:
1277 5866 1308 5906 e
1337 5853 1534 5922 quibus
1554 5865 1612 5908 ut
1641 5863 1695 5909 et
1717 5854 1822 5910 Ec-

287 5910 604 5980 clesiasticttut
630 5925 939 5997 quempiam
967 5910 1248 5983 auctorem
1275 5910 1574 5999 nominem,
1606 5925 1833 5985 Calche-

1944 3417 2135 3456 corum
2163 3401 2479 3469 dogntatunt
2510 3402 2823 3472 integritate
2840 3405 3068 3457 mutavit
3097 3401 3316 3473 (Ep/tes.
3346 3418 3406 3464 tt,
3427 3403 3540 3470 20).

1943 3492 2084 3550 Vere
2123 3495 2176 3549 in
2206 3493 2430 3551 Christo
2483 3513 2673 3552 omnes
2713 3514 2854 3553 unus
2884 3497 3041 3568 panis
3081 3513 3307 3563 sumus,
3349 3506 3406 3551 et
3435 3497 3544 3551 duo

1942 3592 2320 3648 coasensimus
2360 3607 2525 3660 super
2557 3600 2782 3646 terram.
2825 3592 2892 3646 Et
2924 3592 3202 3661 quomodo
3233 3607 3332 3646 nos
3375 3606 3542 3660 super

1945 3685 2237 3753 prophetas
2268 3685 2481 3740 fundati
2509 3701 2728 3740 sumus:
2781 3688 2852 3741 ita
2884 3695 2942 3742 et
2970 3686 3295 3754 patriarchae
3325 3687 3377 3740 in
3409 3701 3544 3757 apo-

1941 3779 2206 3833 stolorum
2231 3779 2544 3836 fundamine
2569 3781 2960 3837 constiterunt.
3000 3782 3238 3836 Tutores
3267 3789 3449 3835 autem
3485 3791 3540 3835 et

1942 3883 2178 3937 actores,
2211 3883 2439 3942 possunt
2459 3883 2514 3928 et
2542 3875 2824 3943 propltettc
2862 3874 3058 3943 accipi,
3089 3889 3318 3942 quorum
3358 3873 3542 3927 verbis

1942 3965 2183 4036 quotidie
2210 3967 2262 4020 in
2287 3967 2578 4022 adventum
2609 3968 2914 4022 Salvatoris
2940 3967 3326 4023 erudiebamttr
3352 3986 3363 4020 :
3397 3967 3543 4021 sicut

1943 4059 2231 4130 pmdztgoga
2251 4061 2420 4133 Moysi
2443 4061 2552 4116 Lex
2567 4078 2727 4132 supra
2742 4063 2970 4117 disserta
2995 4071 3106 4126 est;
3138 4071 3192 4116 et
3212 4062 3388 4132 angeli
3410 4076 3538 4127 par-

1941 4155 2190 4209 vulorum
2215 4156 2305 4225 qui
2329 4156 2569 4226 quotidie
2597 4157 2782 4212 vident
2809 4155 3002 4211 faciem
3032 4156 3206 4210 Patris
3233 4195 3248 4222 ,
3277 4166 3329 4208 et
3361 4154 3540 4208 inter-

1943 4248 2148 4319 pellant
2172 4265 2267 4318 pro
2295 4249 2392 4304 eis.
2413 4249 2919 4320 Dequibusdiclum
2945 4259 3056 4304 est:
3091 4248 3344 4303 Immittet
3373 4247 3538 4320 447

1941 4342 2151 4413 angelos
2188 4341 2395 4394 Domini
2422 4343 2472 4394 in
2503 4343 2722 4396 circuitu
2751 4343 3032 4397 timentium
3047 4360 3183 4407 eum,
3217 4353 3264 4396 et
3291 4354 3430 4396 eruet
3456 4359 3540 4395 eos

1943 4435 2062 4506 (Ps.
2090 4451 2279 4499 χχχιιι,
2304 4434 2384 4504 8).
2412 4434 3291 4503 Possuntintelligietsacerdotes
3306 4443 3362 4490 et
3386 4433 3540 4504 prin-

1944 4530 2116 4599 cipes,
2148 4528 2240 4600 qui
2274 4537 2386 4582 tum
2418 4527 2618 4597 potiulo
2645 4525 2934 4592 dominati,
2970 4543 3114 4582 nunc
3139 4527 3366 4582 formam
3399 4542 3543 4596 pra:-

1947 4625 2075 4679 berc
2101 4627 2416 4677 censentur.
2445 4620 2680 4676 Etrecte
2703 4620 2755 4674 hi
2782 4619 2883 4675 sub
2912 4619 3544 4676 tutoribusetactoribus

1947 4732 2068 4773 esse
2081 4716 2354 4774 dicuntur.
2373 4714 2462 4785 qni
2487 4715 2749 4770 habentes
2767 4715 3018 4786 spiritum
3040 4714 3273 4779 timoris,
3306 4714 3537 4769 necdum

1948 4826 2203 4868 meruere
2230 4809 2481 4878 spiritum
2516 4809 2785 4864 libertatis
2811 4818 2864 4862 et
2901 4807 3210 4879 adoptionis
3263 4808 3537 4877 accipere.

1946 4903 2100 4960 Aitas
2125 4901 2528 4959 eniminfantia:
2548 4900 2611 4954 ad
2635 4913 2858 4969 peccata
2879 4900 3156 4962 formidat,
3189 4899 3538 4970 prcdagogum

1947 5001 2161 5064 metuit,
2191 5013 2296 5052 non
2323 4997 2544 5054 conlidit
2571 5011 2691 5051 esse
2719 5013 2781 5052 se
2814 4996 3036 5052 liberam
3063 5037 3077 5060 ,
3107 4996 3234 5050 licet
3269 5011 3362 5065 per
3387 5005 3540 5046 uatu-

1947 5109 2060 5148 ram
2091 5091 2308 5147 domina
2349 5091 2439 5146 sit.
2483 5090 2546 5144 Et
2575 5089 2871 5145 secundum
2905 5099 3192 5158 utramque
3228 5087 3539 5156 intelligen-

1950 5188 2076 5241 tiam
2101 5202 2202 5256 qua
2231 5195 2438 5239 tutores
2460 5193 2513 5236 et
2535 5193 2769 5248 actores,
2785 5183 2866 5236 vel
2885 5183 3196 5252 prophetas,
3212 5182 3298 5236 vel
3316 5180 3536 5251 angelos

1948 5282 2206 5345 diximus,
2233 5276 2827 5350 parvulusiSIetamdiu
2843 5275 2943 5328 sub
2974 5273 3248 5329 actoribus
3273 5283 3354 5327 est
3378 5283 3540 5343 atque

1950 5372 2236 5440 tutoribus,
2269 5371 2445 5426 donec
2479 5369 2774 5439 legitimum
2803 5368 3032 5437 perfecti
3065 5365 3167 5419 viri
3200 5375 3413 5431 tempus
3439 5365 3545 5420 im-

1949 5467 2196 5538 pleverit.
2250 5463 2570 5534 Legitimum
2622 5471 2799 5518 autem
2832 5473 3041 5529 tempus
3062 5504 3076 5526 ,
3110 5461 3247 5513 sicut
3278 5457 3541 5513 ltomanis

1946 5559 2177 5630 legibus,
2211 5557 2398 5628 viginti
2423 5557 2666 5626 quinque
2694 5569 2960 5609 annorum
2975 5551 3156 5619 Spatia
3189 5550 3536 5617 terminatur,

1950 5656 2020 5710 ita
2043 5654 2110 5708 ad
2136 5652 2356 5708 humani
2381 5649 2596 5723 generis
2612 5643 3225 5721 perfeCtionemChristi
3256 5654 3543 5717 reputatur

1931 5851 2188 5932 dotteusis
2211 5851 2428 5932 c‘oncilij
2461 5850 2648 5932 Fatue:
2679 5865 2698 5932 Ξ
2714 5919 2728 5932 “
2749 5853 2876 5920 μήτε
2905 5851 3180 5909 συνάπτειν
3209 5849 3340 5932 πρὸς
3375 5850 3542 5927 γάμον

1943 5925 2200 6004 αἱρετικῷ,
2231 5923 2262 5984 ἦ
2285 5922 2536 5993 Ἰουδαίῳ,
2567 5918 2599 5980 ἦ
2623 5918 2840 5988 Ἐλλὴνι,
2869 5931 2974 5979 etc.
