3978 6338
409 301 513 367 871

1630 303 1732 363 ίε.
1772 265 2048 364 EUSEBII
2087 301 2475 362 HIERONYMI

3585 310 3672 368 572

410 425 698 482 adventus.
729 422 926 482 Statim
955 429 1012 478 ut
1041 420 1140 480 ille
1163 419 1374 478 venerit
1405 465 1418 490 ,
1451 427 1506 476 et
1526 433 1720 477 omnes
1750 420 1805 477 in
1833 421 2011 476 virum
2039 421 2096 483 Α
2118 418 2339 492 quirant
2362 427 2546 474 utrum
2573 416 2626 474 in
2651 415 2762 474 alio
2813 417 3021 474 mundo
3043 458 3058 485 ,
3104 417 3172 474 de
3199 432 3307 490 quo
3331 417 3562 479 Salvator
3584 427 3671 483 ait:

409 519 716 591 perfectum
747 518 1084 576 creverimus
1107 558 1122 583 ,
1155 516 1482 588 paedagogus
1512 530 1542 570 a
1575 516 1731 572 nobis
1757 523 2014 588 tutorque

414 611 728 668 discedunt.
769 610 923 667 Tunc
967 610 1294 664 auctoritate
1327 607 1538 664 Domini
1584 617 1639 663 et
1679 608 2014 664 hereditatis

415 709 766 778 possessione
791 704 1135 778 perfruentur
1160 745 1175 771 ,
1211 705 1261 758 in
1289 719 1390 775 qua
1426 701 1576 775 prius
1604 703 1714 758 nati
1745 702 2014 774 quodam-

418 801 583 857 modo
613 801 938 872 putabamur
959 799 1146 854 alieni.

483 894 647 969 (Vers
676 893 757 965 5.)
795 893 884 947 Ita
911 904 958 947 et
983 909 1096 961 nos,
1127 909 1245 948 cum
1272 909 1499 949 essemus
1525 893 1730 967 parvuli
1755 934 1770 959 ,
1797 893 1892 948 sub
1913 891 2017 948 ele-

413 988 598 1043 mentis
617 987 769 1056 hujus
785 985 966 1038 mundi
977 1001 1183 1040 eramus
1195 987 1487 1041 servientes.
1509 986 1785 1041 Elementa
1801 984 2014 1054 mundi,

416 1079 640 1134 eosdem
667 1092 804 1148 quos
825 1093 990 1148 supra
1010 1086 1219 1133 tutores
1241 1086 1526 1133 etactores
1553 1077 1791 1142 dixerat,
1823 1078 2014 1148 appel-

411 1171 547 1230 lavit
571 1189 585 1226 :
616 1173 760 1244 quod
786 1173 888 1228 sub
917 1172 1054 1243 ipsis
1078 1173 1318 1243 primum
1347 1173 1676 1243 praesidibus
1705 1171 2012 1238 constituti,

413 1265 538 1336 quia
569 1265 802 1321 necdum
837 1263 932 1320 Dei
964 1263 1082 1319 Filii
1108 1279 1311 1335 capere
1340 1264 1410 1320 ad
1441 1279 1542 1320 nos
1575 1274 1898 1334 poteramus
1921 1263 2021 1318 ad-

415 1371 677 1428 ventum,
725 1360 1108 1416 erudiebamur
1149 1361 1201 1414 in
1235 1357 1437 1414 medio.
1481 1358 1742 1414 Nonnulli
1768 1374 1867 1415 eos
1894 1374 2019 1414 esse

413 1454 637 1525 angelos
667 1455 1010 1508 arbitrantur
1035 1493 1052 1518 ,
1113 1451 1202 1522 qui
1233 1461 1469 1522 quatuor
1495 1452 1680 1506 mundi
1726 1451 2020 1508 elementis

415 1546 784 1617 praesideant:
819 1555 981 1599 terra:
1001 1544 1283 1612 videlicet,
1314 1559 1490 1614 aquae,
1525 1543 1659 1614 igni,
1691 1552 1748 1599 et
1776 1543 1891 1599 aeri
1919 1561 1931 1596 :
1964 1551 2023 1599 et

415 1653 647 1694 necesse
668 1651 790 1693 esse
811 1678 827 1700 ,
873 1646 932 1691 ut
972 1638 1292 1708 priusquam
1321 1636 1446 1708 quis
1474 1636 1664 1692 credat
1692 1637 1746 1691 in
1779 1636 2018 1706 Christo,

418 1731 531 1785 illis
559 1731 776 1784 arbitris
797 1729 1154 1799 gubernetur.
1189 1729 1480 1785 Elemeuta
1521 1728 1713 1784 mundi
1737 1729 1941 1786 ctelum
1966 1737 2022 1785 et

2119 510 2234 585 Ego
2264 530 2367 568 non
2392 529 2509 568 sum
2528 511 2592 566 de
2616 512 2806 568 mundo
2831 512 2933 566 isto
2974 509 3161 581 (Joau.
3191 527 3308 579 vttt,
3333 513 3444 586 ‘23),
3471 518 3674 584 primum

2118 605 2332 676 parvuli
2355 605 2549 673 simus,
2578 613 2633 661 et
2659 605 2762 661 sub
2783 605 3372 662 elementisinitiorum
3397 611 3672 681 constituti,

2117 696 2378 769 paulatim
2422 698 2784 769 procedamus
2813 697 2884 754 ad
2909 712 3178 752 summum
3207 738 3222 763 ,
3279 707 3335 752 et
3380 700 3673 772 recipiamus

2120 792 2431 863 adoptionis
2457 792 2643 849 locum
2673 807 2837 864 quem
2867 792 3144 862 quondam
3177 792 3474 848 amisimus.

2193 887 2371 958 (Vers.
2395 887 2481 958 4.)
2518 886 2586 942 At
2623 887 2713 942 ubi
2758 887 2898 942 venit
2943 887 3215 960 plenitudo
3249 887 3484 959 temporis
3509 929 3522 953 ,
3563 891 3680 946 misit

2121 979 2263 1036 Deus
2280 979 2481 1036 Filium
2503 997 2654 1035 suum
2677 985 2870 1053 factum
2883 997 2947 1036 ea:
2960 982 3198 1048 muliere,
3224 979 3422 1052 factum
3436 981 3523 1036 sub
3539 983 3682 1055 Lege:

2121 1083 2179 1130 ut
2223 1092 2308 1130 eos
2343 1077 2430 1148 qui
2479 1074 2572 1130 sub
2601 1074 2736 1146 Lege
2784 1085 2929 1130 erant
2955 1117 2969 1142 ,
3019 1077 3331 1142 redimeret,
3372 1086 3426 1131 ut
3472 1077 3682 1151 adoptio.

2123 1184 2239 1224 nem
2268 1169 2495 1238 ﬁliorum
2539 1168 2900 1239 reciperemus.
2957 1168 3257 1239 Diligenter
3281 1167 3536 1224 attendite
3557 1172 3681 1241 quod

2123 1275 2232 1315 non
2275 1260 2516 1327 dixerit,
2565 1261 2764 1333 factum
2802 1277 2894 1334 per
2942 1263 3249 1316 mulierem:
3295 1261 3438 1332 quod
3469 1261 3678 1318 Marcion

2124 1363 2182 1412 et
2207 1364 2422 1412 caetera:
2468 1354 2710 1411 haereses
2734 1355 2962 1422 volunt,
3013 1371 3132 1426 qua;
3181 1357 3472 1424 putativam
3502 1353 3685 1413 Christi

2124 1463 2344 1504 carnem
2374 1449 2636 1504 simulant
2678 1466 2691 1504 :
2747 1449 2840 1504 sed
2869 1465 2933 1504 ea:
2971 1450 3205 1516 muliere,
3261 1457 3321 1504 ut
3365 1463 3474 1504 non
3504 1464 3593 1519 per
3635 1449 3692 1504 il-

2124 1542 2263 1609 lam,
2293 1541 2459 1616 449
2489 1541 2581 1595 sed
2632 1559 2696 1595 cx
2748 1542 2836 1596 ilta
2879 1551 3038 1597 natus
3090 1556 3214 1597 esse
3257 1540 3528 1596 credatur.
3558 1540 3694 1608 Quod

2126 1647 2308 1691 autem
2341 1645 2586 1691 sanctam
2619 1646 2672 1691 ct
2705 1636 2919 1691 ltcn'am
2957 1635 3182 1690 Matrem
3225 1635 3472 1699 Domini,
3517 1635 3693 1690 mulie-

2127 1746 2268 1798 rem,
2293 1745 2400 1785 non
2430 1730 2708 1801 Virginem
2731 1729 3052 1796 nominavit,
3084 1729 3187 1783 hoc
3211 1727 3354 1783 idem
3383 1737 3436 1782 et
3465 1727 3515 1782 in
3537 1727 3695 1781 Evan-

416 1833 648 1889 tcrram,
671 1834 724 1879 ct
747 1839 812 1880 ea
842 1840 960 1895 qua:
979 1825 1122 1879 intra
1152 1824 1269 1879 haec
1295 1834 1446 1892 sunt,
1476 1822 1727 1896 plerique
1755 1823 2022 1894 appellata
2053 1814 2101 1876 Β
2129 1823 2274 1895 gelio
2300 1825 2436 1882 κατὰ
2459 1825 2718 1881 Ματθαῖον
2758 1823 3020 1893 scriptum
3062 1830 3146 1877 est
3175 1838 3188 1875 :
3219 1820 3436 1892 quando
3463 1835 3592 1876 uxor
3613 1835 3696 1889 ap—

418 1927 651 1988 putant:
681 1916 825 1988 quod
860 1917 1119 1972 videlicet
1148 1917 1344 1981 solem,
1379 1916 1590 1982 lunam,
1628 1917 1826 1980 maria,
1857 1915 2024 1970 silva-

418 2023 560 2072 rum,
593 2018 648 2062 et
679 2007 946 2062 montium
975 2007 1134 2073 deos,
1156 2017 1214 2062 et
1234 2005 1776 2076 sapientesGrteciaa,
1804 2015 1862 2062 et
1892 2005 2025 2061 Bar-

420 2102 571 2156 barae
599 2100 870 2166 nationes,
898 2099 1261 2170 Romanique,
1292 2100 1534 2155 omnium
1565 2100 2022 2170 superstitionum

416 2193 636 2248 sentina
659 2237 672 2258 ,
725 2199 1089 2248 venerentur:
1125 2192 1324 2264 quibus
1347 2207 1472 2248 cum
1495 2191 1752 2248 Christus
1778 2193 2022 2261 venerit,

422 2287 748 2354 liberamur,
780 2287 1150 2357 intelligentes
1178 2302 1242 2343 ea
1275 2296 1556 2344 creaturas
1578 2302 1702 2344 esse
1727 2329 1742 2353 ,
1794 2303 1904 2343 non
1929 2303 2029 2342 nu-

424 2385 592 2438 mina.
626 2381 733 2437 Alii
773 2383 1049 2439 elementa
1077 2382 1309 2450 mundi,
1361 2382 1559 2454 Legem
1589 2382 2030 2454 interpretantur

424 2477 595 2552 Moysi
622 2485 676 2534 et
699 2478 915 2550 eloquia
945 2479 1334 2550 prophetarum
1372 2495 1385 2532 :
1420 2477 1569 2550 quod
1599 2492 1699 2549 per
1727 2477 1845 2534 haec
1872 2475 2029 2547 quasi

423 2571 581 2627 initia
603 2580 657 2626 et
677 2571 902 2628 exordia
921 2573 1250 2640 litterarum,
1273 2572 1368 2628 Dei
1392 2573 1671 2638 timorem,
1699 2575 1793 2644 qui
1817 2570 2033 2641 sapien-

423 2667 516 2721 tite
539 2666 866 2737 principium
893 2674 1001 2732 est,
1034 2667 1426 2738 suscipiamus.
1457 2665 1705 2737 Denique
1731 2666 1796 2719 ad
1821 2681 1918 2720 eos
1940 2665 2033 2736 qui

423 2758 534 2830 jam
561 2759 830 2817 deberent
845 2774 966 2817 esse
980 2760 1231 2832 perfecti,
1262 2768 1319 2817 et
1335 2758 1568 2816 veritate
1583 2761 1851 2831 neglecta,
1869 2758 2036 2832 448

425 2853 606 2908 adhuc
650 2852 1065 2924 disciplinarum
1117 2851 1400 2923 principiis
1432 2851 1815 2918 inhaerebant,
1847 2856 2036 2908 scribit

425 2944 486 2998 in
510 2945 750 3014 Epistola
784 2945 851 3000 ad
877 2944 1140 3002 Hebraeos
1169 2945 1468 3016 Apostolus
1509 2963 1521 3000 :
1554 2945 1764 3002 Etenim
1797 2963 1916 3001 cum
1945 2949 2038 3002 de-

429 3035 613 3094 beretis
639 3054 748 3093 esse
775 3039 1018 3110 magistri
1043 3049 1256 3111 prapter
1285 3047 1521 3110 tempus,
1573 3056 1784 3096 rursum
1827 3057 2037 3096 necesse

430 3130 629 3184 habetis
668 3138 724 3184 ut
761 3130 1053 3185 doceamini
1074 3147 1194 3204 qua:
1218 3132 1324 3186 sint
1362 3134 1616 3190 elementa
1643 3134 1893 3208 principii
1921 3151 2033 3190 ser-

431 3238 649 3276 monum
672 3221 768 3276 Dei
793 3222 1042 3293 (Hebr.v,
1069 3223 1185 3296 1‘2).
1212 3224 1539 3281 Econtrario
1561 3227 1722 3282 nobis
1750 3205 1916 3298 obiici
1940 3243 2037 3297 po-
2061 3205 2110 3272 δ

432 3325 562 3384 test,
592 3315 738 3385 quod
763 3315 1201 3373 adColossenses
1226 3316 1434 3373 Paulus
1463 3321 1751 3388 apostolus
1764 3321 2036 3388 scribens,

433 3411 706 3466 elementa
737 3409 920 3465 mundi
952 3411 1054 3465 alia
1081 3411 1447 3481 nuncuparit:
1508 3411 1715 3478 Videte,
1740 3415 1953 3480 dicens,
1979 3431 2042 3470 ne

436 3504 555 3577 quis
577 3519 667 3558 vos
698 3504 1022 3577 deprwdetur
1047 3521 1138 3576 per
1158 3506 1546 3579 philosOphiam
1574 3549 1590 3574 ,
1641 3515 1689 3563 et
1714 3508 1926 3563 inanem
1954 3509 2045 3563 de-

439 3597 1039 3666 ceptionem,secundum
1061 3599 1399 3654 traditionem
1420 3599 1689 3654 hominum
1711 3615 1731 3655 :
1760 3601 2045 3656 secundum

437 3688 690 3742 elementa
729 3687 910 3742 mundi
934 3730 950 3756 ,
981 3696 1032 3742 et
1054 3705 1160 3744 non
1188 3690 1476 3744 secundum
1503 3688 1768 3745 Christum
1797 3690 2042 3764 (Coloss.

437 3795 499 3847 ιι,
530 3781 611 3849 8).
642 3781 750 3838 Sed
777 3797 847 3838 ex
869 3797 938 3838 eo
968 3783 1113 3852 quod
1144 3783 1380 3849 addidit,
1411 3783 2046 3840 secundumtraditionem

440 3877 732 3945 hominum,
754 3885 803 3932 et
823 3877 1031 3932 inanem
1051 3877 1428 3948 deceptionem,
1453 3877 1700 3934 ostendit
1723 3893 1834 3933 non
1855 3879 2048 3935 eadem

442 3970 712 4025 elementa
735 3970 801 4024 ad
823 3969 1184 4027 Colossenses
1215 3980 1270 4026 et
1293 3970 1362 4026 ad
1393 3970 1614 4028 Galatas
1643 3971 1940 4028 nominari.
1964 3972 2050 4028 Ab

445 4066 531 4122 his
581 4069 782 4137 quippe
830 4066 1124 4122 elementis
1180 4075 1472 4137 postquam
1522 4067 1738 4123 venerit
1782 4067 2051 4138 temporis

441 4159 724 4229 plenitudo
747 4159 1090 4224 redimimnr,
1105 4159 1238 4214 etad
1254 4160 1458 4230 majora
1475 4160 1787 4231 gradientes
1801 4160 2054 4232 adoptio-

443 4265 569 4305 nem
591 4251 894 4321 recipimus
921 4252 1182 4307 ﬁliorum.
1215 4253 1298 4308 Ab
1327 4253 1436 4308 illis
1451 4268 1586 4308 vero
1608 4253 1746 4309 nihil
1779 4253 1888 4310 tale
1917 4254 2053 4310 dici-

445 4351 538 4398 tur
557 4343 685 4412 quid
712 4354 1008 4414 sequatur;
1040 4345 1135 4402 sed
1149 4346 1470 4416 simpliciter
1484 4346 1759 4402 elementa
1787 4362 1888 4418 pro
1909 4347 2058 4403 litte-

447 4437 525 4491 ris
550 4437 908 4506 accipiuntur.
927 4438 1117 4495 Potest
1137 4439 1391 4510 igitur,ut
1413 4440 1672 4508 diximus,
1688 4441 1856 4513 Moysi
1873 4441 1981 4497 Lex
2001 4452 2056 4498 et

451 4533 731 4602 prophetae
743 4547 845 4603 pro
860 4533 1148 4589 elementis
1161 4535 1330 4603 accipi
1346 4535 1674 4600 litterarum,
1691 4537 1836 4608 quod
1852 4551 1950 4608 per
1963 4551 2054 4592 eas

2133 1919 2370 1989 pellatur
2400 1917 2606 1987 Joseph
2649 1915 2804 1988 (Luc.
2849 1917 2948 1985 ιι),
2982 1921 3039 1971 et
3067 1915 3136 1970 ab
3165 1914 3288 1986 ipso
3315 1913 3544 1970 Domino
3565 1915 3700 1986 quasi

2131 2011 2332 2068 mulier
2361 2013 2677 2080 increpatur
2707 2008 2893 2082 (Joan.
2925 2003 3007 2079 tt).
3038 2007 3158 2063 Non
3190 2008 3336 2062 enim
3369 2021 3579 2062 necesse
3604 2013 3704 2060 erat

2130 2118 2350 2174 semper
2378 2103 2533 2174 quasi
2563 2112 2724 2158 caute
2761 2111 2816 2158 et
2859 2100 3044 2156 timide
3067 2101 3347 2170 Virginem
3377 2099 3571 2164 dicere,
3597 2113 3702 2152 cum

2132 2199 2334 2255 mulier
2363 2213 2556 2254 sexum
2598 2198 2770 2271 magis
2797 2197 3070 2270 signiticet
3099 2211 3262 2266 quam
3295 2194 3542 2267 copulam
3579 2193 3702 2249 viri:

2132 2300 2189 2347 et
2252 2291 2552 2347 secundum
2591 2291 3012 2363 intelligentiam
3059 2289 3392 2355 Graecitatis,
3429 2292 3552 2362 γυνή
3611 2295 3706 2341 tam

2134 2399 2297 2450 uxor,
2353 2399 2514 2456 quam
2580 2383 2778 2438 mulier
2833 2382 3015 2436 valeat
3073 2379 3444 2452 interpretari.
3503 2378 3603 2436 Sed
3659 2387 3710 2432 ut

2135 2483 2326 2530 cuncta
2367 2484 2689 2545 prmtereatn
2733 2493 2748 2529 :
2790 2473 3063 2544 quomodo
3103 2472 3206 2527 sub
3237 2473 3357 2543 lege
3397 2471 3565 2527 factus
3598 2478 3705 2537 est,

2135 2577 2200 2622 ut
2272 2583 2371 2623 eos
2444 2569 2535 2639 qtti
2587 2569 2690 2623 sub
2763 2567 2881 2638 lege
2951 2574 3131 2631 erant,
3209 2566 3510 2620 redimeret
3573 2582 3585 2617 :
3643 2562 3711 2619 sic

2137 2669 2359 2732 propter
2417 2661 2542 2717 illos
2596 2661 2688 2732 qui
2734 2661 2846 2714 uati
2894 2668 3052 2714 erant
3107 2673 3175 2713 ex
3230 2659 3486 2725 muliere,
3516 2671 3576 2710 ex
3604 2671 3711 2710 mu-

2137 2755 2275 2810 liere
2311 2755 2458 2810 nasci
2505 2754 2698 2808 voluit.
2747 2752 2880 2808 Nam
2929 2761 2984 2808 et
3013 2751 3348 2821 baptismum
3390 2752 3440 2805 in
3485 2748 3713 2806 Jordanis

2138 2847 2573 2905 ﬂuentoidcirco
2601 2846 2759 2918 quasi
2786 2829 3081 2916 ptenitens,
3113 2860 3234 2898 cum
3269 2853 3467 2900 esseta
3498 2841 3714 2914 peccatis

2141 2942 2304 3010 liber,
2333 2942 2546 3012 accepit
2574 2959 2586 2995 :
2616 2952 2678 2996 ut
2708 2949 2937 2996 caeteros
2955 2939 3215 2994 edoceret
3244 2937 3585 2991 mundaudos
3612 2949 3718 2989 esse
3767 2975 3779 2994 .

2141 3051 2237 3108 per
2269 3035 2625 3105 baptismum,
2657 3043 2712 3088 et
2746 3035 2799 3088 in
2829 3031 2975 3088 illius
3001 3047 3143 3086 uova
3174 3031 3418 3100 Spiritus
3449 3028 3720 3099 adeptione

2140 3131 2415 3202 generari.
2449 3127 2607 3197 Quod
2637 3141 2982 3198 nequaquam
3023 3124 3341 3196 intelligens
3379 3123 3612 3179 Joannes
3637 3121 3724 3176 Ba-

2143 3225 2308 3297 ptista
2331 3269 2346 3293 ,
2393 3239 2516 3279 eum
2561 3223 2626 3278 ad
2662 3223 2942 3277 lavacrum
2974 3219 3303 3291 prohibebat
3331 3217 3614 3279 accedere,
3649 3213 3721 3268 di-

2143 3332 2314 3373 cens:
2346 3316 2459 3389 Ego
2499 3333 2532 3369 a
2570 3323 2618 3370 te
2659 3315 2814 3370 debeo
2857 3315 3110 3388 baptizari
3154 3312 3342 3386 (Matt.
3394 3326 3484 3380 ut,
3533 3310 3638 3381 14).
3667 3308 3727 3362 Et

2145 3412 2327 3468 statim
2355 3421 2758 3467 sacramentum
2790 3408 2899 3484 [ΑΙ.
2925 3407 3298 3481 sacramento]
3325 3408 3588 3464 docetur:
3620 3404 3730 3459 Sine

2144 3505 2302 3561 modo
2335 3521 2354 3561 :
2383 3507 2455 3560 sic
2477 3507 2614 3560 enim
2647 3506 2787 3560 decet
2813 3521 2906 3560 nos
2933 3504 3216 3574 adimplere
3240 3519 3447 3557 onmem
3470 3499 3728 3574 justitiam,

2147 3615 2216 3656 ne
2253 3601 2347 3672 qui
2375 3605 2445 3654 ob
2490 3599 2779 3654 hominum
2811 3600 3044 3654 salutem
3083 3609 3338 3664 venerat,
3371 3596 3578 3669 aliquid
3619 3593 3679 3649 de
3706 3592 3729 3632 δ

2148 3695 2566 3752 conversatione
2623 3695 2905 3750 hominum
2949 3696 3280 3765 praeteriret.
3341 3695 3564 3764 Qumrat
3602 3690 3733 3763 quis-

2149 3789 2395 3860 piant,et
2419 3790 2567 3846 dicat
2596 3807 2610 3845 :
2641 3789 2697 3847 Si
2732 3790 2859 3846 ideo
2890 3789 2992 3845 sub
3025 3789 3166 3860 Lege
3199 3788 3378 3844 factus
3422 3797 3530 3849 est,
3568 3795 3620 3841 ut
3650 3799 3734 3838 eos

2151 3883 2240 3956 qui
2271 3883 2372 3938 sub
2399 3883 2540 3950 Lege
2567 3890 2764 3950 erant,
2797 3881 3140 3939 redimeret:
3173 3881 3319 3953 quod
3354 3880 3611 3936 videlicet
3649 3879 3740 3930 im-

2154 3975 2416 4044 possibile
2453 3973 2621 4030 l‘uerit
2651 3973 2844 4030 redimi
2876 3989 2975 4030 eos
3002 3973 3096 4045 qui
3125 3983 3282 4028 erant
3313 3974 3422 4029 sub
3452 3972 3616 4044 Lege,
3649 3969 3739 4023 nisi

2155 4064 2340 4122 factus
2368 4065 2562 4121 fuisset
2602 4067 2722 4138 ipse
2761 4067 2861 4122 sub
2900 4065 3091 4137 Lege:
3125 4073 3219 4120 aut
3247 4065 3369 4121 sine
3401 4064 3548 4135 Lege
3591 4063 3744 4116 iactus

2156 4169 2268 4226 cst,
2300 4171 2359 4216 ut
2389 4160 2681 4214 redimeret
2717 4177 2832 4226 cos,
2865 4163 2954 4233 qui
2987 4161 3088 4216 sub
3113 4161 3252 4232 Lege
3281 4177 3393 4215 non
3440 4168 3595 4216 erant
3623 4175 3634 4211 :
3665 4164 3746 4210 aut

2157 4254 2203 4308 si
2237 4270 2342 4306 non
2369 4261 2455 4308 est
2480 4253 2656 4307 factus
2683 4254 2802 4322 ipse
2825 4256 2944 4310 sine
2972 4254 3137 4327 Lege,
3171 4270 3276 4309 non
3301 4254 3529 4310 redimit
3551 4268 3642 4308 eos
3667 4250 3746 4321 qui

2158 4345 2258 4400 sub
2285 4344 2430 4416 Lege
2455 4360 2564 4401 non
2587 4345 2825 4400 fuerant.
2852 4346 3008 4412 Quod
3043 4345 3089 4402 si
3119 4345 3383 4417 possibile
3406 4354 3532 4402 erat
3551 4359 3644 4400 eos
3666 4341 3746 4412 qui

2158 4437 2278 4494 sine
2317 4437 2460 4510 Lege
2496 4447 2684 4503 erant,
2717 4423 2946 4504 redimi;
2986 4438 3058 4494 ita
3094 4448 3151 4493 ιιι
3183 4438 3302 4494 sine
3333 4438 3485 4509 Lege
3517 4437 3629 4508 ipse
3656 4451 3748 4489 nou

2161 4530 2316 4586 ﬁeret
2348 4547 2362 4584 :
2392 4545 2523 4602 ergo
2549 4531 2825 4602 superﬂue
2855 4532 2958 4588 sub
2987 4531 3132 4602 Lege
3163 4531 3342 4588 lactus
3375 4540 3502 4597 est;
3535 4539 3590 4584 ut
3621 4527 3750 4584 redi-

452 4623 1064 4695 syllabaejunganturet
1092 4627 1329 4690 nomina,
1363 4637 1415 4682 et
1447 4637 1474 4666 ιι
1500 4644 1608 4684 non
1630 4606 1738 4684 tam
1758 4606 1867 4697 sui,
1887 4645 2050 4701 quam
2084 4606 2136 4668 D
2162 4632 2334 4680 meret
2361 4638 2458 4679 eos
2485 4626 2580 4696 qui
2614 4626 2716 4680 sub
2746 4625 2893 4697 Lege.
2915 4635 3094 4680 erant.
3129 4625 3386 4680 Breviter
3415 4626 3598 4680 solvet
3628 4623 3753 4675 hanc

451 4715 686 4770 alterius
705 4717 784 4771 rei
805 4716 1040 4771 utilitate
1057 4718 1365 4774 discantur:
1392 4729 1444 4772 ut
1463 4722 1734 4790 possimus
1747 4723 2052 4778 orationem

451 4811 634 4880 legere
655 4819 996 4877 contextam,
1014 4813 1066 4867 in
1091 4827 1195 4883 qua
1226 4828 1423 4870 sensus
1444 4816 1614 4886 magis
1631 4825 1687 4872 et
1711 4815 1848 4872 ordo
1859 4815 2053 4872 verbo-

448 4916 571 4955 rum
611 4917 773 4970 quam
805 4902 1106 4957 litterarum
1139 4904 1400 4975 principia
1430 4907 1868 4962 considerantur.
1894 4907 2050 4977 Quod

449 5003 631 5050 autem
647 4994 844 5064 Legem
867 5004 924 5052 et
941 4996 1260 5067 prophetas,
1287 4999 1556 5054 elementa
1580 5001 1764 5054 mundi
1783 5000 2050 5071 interpre-

447 5089 547 5144 tati
568 5103 780 5160 sumus,
799 5090 1032 5147 mundus
1053 5108 1155 5160 pro
1180 5091 1268 5148 his
1290 5094 1376 5161 qui
1400 5093 1449 5147 in
1473 5093 1675 5149 mundo
1700 5104 1848 5163 sunt,
1875 5097 2047 5164 accipi

451 5181 616 5251 solet,
632 5183 825 5238 eodem
840 5182 1011 5239 Paulo
1027 5184 1273 5240 dicente:
1306 5183 1446 5239 Deus
1463 5194 1570 5239 erat
1585 5187 1637 5239 in
1653 5184 1878 5252 Christo,
1896 5204 2051 5242 mun-

451 5273 578 5328 dum
597 5273 940 5330 reconcilians
958 5275 1054 5330 sibi
1079 5275 1152 5348 (ll
1186 5275 1307 5332 Cor.
1330 5293 1384 5345 v,
1418 5276 1496 5345 9).
1533 5277 1604 5333 Et
1635 5278 1691 5333 in
1712 5277 2050 5350 Evangelio:

452 5364 526 5420 Et
544 5369 768 5422 mundus
781 5385 872 5440 per
888 5385 1003 5424 eum
1014 5370 1179 5442 factus
1190 5381 1287 5434 est,
1311 5380 1357 5423 et
1371 5371 1593 5426 mundus
1611 5388 1728 5428 eum
1746 5389 1849 5428 non
1870 5375 2053 5448 recipit

455 5457 638 5531 (Joan.
661 5462 737 5529 χ).
768 5463 1007 5530 Quidam
1049 5465 1212 5520 etiam
1251 5464 1304 5518 in
1338 5464 1430 5520 illa
1459 5465 1688 5523 liberius
1711 5477 2046 5538 evagantur:

453 5563 513 5607 ut
540 5554 665 5626 quia
696 5553 807 5610 Lex
843 5557 1091 5611 umbram
1122 5556 1286 5612 habet
1307 5555 1614 5614 futurorum
1643 5560 1935 5630 bonorum,
1962 5578 2049 5620 re-

463 5701 495 5714 Α

527 5746 554 5775 ι
585 5736 762 5792 Palat.
792 5753 923 5805 ms.,
944 5747 992 5794 et
1022 5754 1123 5796 non
1145 5751 1251 5797 tam
1268 5741 1488 5805 alterius
1509 5740 1583 5796 rei
1593 5743 1815 5801 utilitate
1834 5747 2047 5804 discan-

453 5816 540 5867 ων
570 5824 724 5880 quam
747 5819 802 5864 ut
831 5827 1113 5884 possemus,
1145 5825 1254 5872 etc.

2156 4717 2548 4787 quaestionem,
2573 4719 2617 4774 si
2642 4718 2766 4789 quis
2797 4717 2894 4772 illo
2925 4727 3110 4773 utatur
3135 4719 3391 4789 exemplo
3421 4736 3435 4771 :
3469 4727 3518 4772 et
3551 4733 3663 4771 cum
3685 4717 3753 4767 his

2154 4814 2244 4884 qui
2273 4814 2382 4868 sine
2405 4811 2540 4887 Lege
2560 4821 2728 4880 eram,
2751 4821 3020 4886 reputatus
3044 4821 3136 4867 est.
3161 4811 3297 4868 Nam
3323 4813 3460 4868 licet
3487 4815 3540 4867 in
3563 4811 3754 4867 Latinis

2152 4908 2438 4965 eodicibus
2484 4917 2702 4979 propter
2748 4908 3158 4976 simplicitatem
3202 4908 3575 4979 interpretum
3625 4904 3755 4958 male

2154 5005 2357 5060 editum
2391 5004 2459 5057 sit
2485 5020 2498 5055 :
2534 5003 2598 5058 Et
2628 5020 2744 5057 cum
2771 5003 2966 5074 iniquis
2995 5012 3263 5076 reputatus
3293 5013 3370 5056 est
3421 5002 3587 5074 (Luc.
3620 5013 3754 5061 χιιι,

2160 5099 2284 5166 37);
2321 5103 2499 5152 tamen
2531 5097 2816 5152 sciendum
2850 5095 3000 5152 aliud
3033 5096 3174 5166 apud
3200 5095 3430 5153 Grmcos
3454 5095 3757 5164 signiﬁcare

2159 5189 2367 5264 ἄνομον,
2397 5190 2540 5262 quod
2568 5192 2654 5246 hic
2678 5191 2942 5260 scriptum
2972 5199 3053 5246 est
3078 5208 3093 5256 ;
3120 5190 3265 5246 aliud
3288 5189 3505 5258 ἄδικον,
3542 5190 3682 5261 quod
3710 5187 3756 5241 in

2158 5285 2375 5342 Latinis
2419 5283 2791 5339 voluminibus
2833 5283 3086 5339 habetur.
3120 5281 3337 5358 Ἀνομος
3385 5283 3538 5338 enim
3567 5281 3759 5337 dicitur

2155 5379 2272 5446 ille,
2317 5379 2408 5450 qui
2441 5378 2561 5434 sine
2610 5378 2728 5448 lege
2779 5385 2887 5446 est,
2939 5387 2994 5432 et
3050 5378 3200 5432 nullo
3246 5376 3417 5450 450
3459 5377 3586 5447 jure
3635 5390 3758 5430 ccu-

2156 5474 2462 5544 stringitur.
2503 5471 2702 5534 ’Λδικος
2741 5486 2872 5526 vero
2895 5471 3140 5541 iniquus,
3171 5470 3576 5541 siveinjustus.
3610 5465 3755 5523 Unde

2154 5575 2210 5623 et
2263 5566 2383 5637 ipse
2429 5565 2728 5636 Apostolus
2780 5564 2834 5620 in
2879 5564 2988 5619 alio
3040 5564 3162 5620 loco
3205 5580 3220 5618 :
3260 5578 3384 5617 cum
3430 5580 3540 5617 non
3565 5577 3756 5625 essem,

2227 5747 2256 5788 ιι
2284 5745 2759 5827 Fortasse'verius
2788 5746 2841 5803 in
2873 5743 2999 5802 uno’
3012 5745 3283 5815 Palatino,
3306 5745 3374 5801 de
3402 5748 3761 5820 conversione,

2164 5837 2262 5893 pro
2285 5826 2682 5874 conversatione.
