3978 6338
291 204 381 263 375

750 194 1398 255 COMMENTARIORUM
1439 194 1503 250 IN
1545 193 1934 252 EPISTOLAM
1973 195 2067 252 AD
2108 193 2428 252 ΕΛΕΑΤΑὸ
2470 194 2595 251 LIB.
2640 194 2703 253 ll.
2744 195 2900 252 CAP.
2943 197 3033 253 IV.

3437 197 3543 257 574

288 322 383 387 ait,
408 317 507 374 sine
540 314 673 389 Lege
707 314 843 380 Dei;
868 315 960 371 sed
986 315 1043 369 in
1074 313 1212 386 Lege
1239 328 1403 368 essem
1424 309 1622 366 Christi
1645 308 1689 385 (ι
1720 309 1845 368 Cor.
1875 315 1929 378 Α
1952 311 2231 369 vocabulis
2266 309 2633 384 personisque
2672 312 3033 379 dissentiant,
3058 309 3362 370 substantia
3394 319 3550 370 natu-

288 412 388 483 ts):
430 420 480 465 et
517 417 661 463 certe
698 407 756 463 in
801 406 905 462 hoc
934 409 1170 477 jquoque
1211 403 1530 461 testimonio
1575 399 1764 479 ἄνομος
1789 403 1847 460 in

290 509 457 565 ϐιωοο
483 503 739 574 scriptum
771 510 890 568 est;
930 508 987 557 et
1015 500 1106 572 qui
1148 498 1241 555 hic
1282 499 1423 556 bene
1452 498 1848 571 interpretatus

289 610 381 663 est,
401 598 565 670 potuit
587 596 731 651 idem
752 595 978 651 verbum
1001 601 1058 649 et
1077 592 1151 649 ibi
1173 592 1426 649 similiter
1455 591 1805 664 interpretari
1833 610 1845 647 :

291 694 384 750 nisi
413 705 526 746 eum
571 689 895 760 ambiguitas
924 687 1235 743 fefellisset.
1286 685 1441 742 Alius
1486 700 1621 742 vero
1669 685 1849 757 ipsum

288 786 485 842 verbum
504 824 520 850 ,
550 783 853 847 redimeret,
886 782 1099 838 acutius
1129 778 1468 845 intuebitur;
1499 786 1554 833 et
1579 778 1725 835 dicet
1753 792 1851 835 eos

290 876 558 949 signiﬁcari
586 874 928 946 redemptos,
953 872 1047 945 qui
1065 873 1300 945 primum
1328 871 1396 927 de
1422 871 1517 927 Dei
1548 881 1699 942 parte
1728 869 1850 925 fue-

288 972 399 1037 rint,
426 980 475 1025 et
503 976 688 1040 postea
733 983 860 1024 esse
890 970 1231 1022 cessaverint
1263 983 1276 1021 :
1311 966 1434 1021 illos
1457 979 1594 1021 vero
1623 964 1716 1034 qui
1749 963 1853 1020 sub

289 1066 409 1137 Lege
429 1079 528 1119 non
555 1063 781 1130 fuerint,
804 1078 913 1118 non
944 1070 1052 1117 tam
1081 1061 1310 1129 redimi,
1344 1076 1503 1129 quam
1529 1058 1660 1116 emi.
1698 1058 1851 1117 Unde

286 1171 331 1217 et
357 1160 415 1213 ad
444 1157 777 1225 Corinthios,
808 1157 864 1211 in
889 1157 1088 1229 quibus
1112 1155 1436 1211 audiebatur
1466 1154 1774 1220 fornicatio,
1797 1160 1854 1209 et

288 1254 395 1309 talis
464 1252 753 1307 fornicatio
814 1266 938 1320 quae
1009 1264 1080 1305 ne
1146 1249 1296 1305 inter
1362 1247 1567 1304 Gentes
1629 1246 1850 1319 quidem

291 1348 432 1417 (Ibid.
468 1345 544 1417 v),
564 1345 867 1401 scribitur:
896 1342 1073 1399 Pretio
1090 1344 1248 1415 empti
1263 1342 1407 1411 estis,
1431 1357 1540 1397 non
1564 1341 1851 1410 redempti:

287 1442 373 1496 sub
393 1439 527 1512 Lege
546 1439 751 1509 quippe
779 1452 892 1492 non
924 1435 1164 1492 fuerant.
1191 1434 1509 1502 Recipimus
1531 1433 1696 1504 igitur
1720 1432 1853 1487 ado-

287 1534 501 1605 ptinnem
528 1530 773 1585 ﬁliorum
819 1528 915 1584 Dei
947 1543 963 1583 :
994 1537 1050 1583 et
1094 1526 1367 1595 redempti
1400 1542 1431 1580 a
1463 1525 1713 1594 Christo,
1751 1524 1854 1581 sub

286 1626 526 1684 servitute
550 1627 948 1682 elementorum
977 1622 1167 1679 mundi
1198 1630 1255 1677 et
1294 1629 1535 1678 tutorum
1582 1628 1853 1691 potestate

1952 422 2121 479 raque
2160 405 2367 462 sociata
2397 416 2527 462 sunt
2556 423 2571 461 :
2597 415 2653 463 et
2694 405 3074 464 indidereuter
3128 405 3274 461 idem
3307 404 3549 477 Spiritus

1950 501 2022 557 ob
2063 511 2273 557 naturae
2318 501 2673 568 societatem,
2720 515 2865 557 nunc
2912 498 3099 556 Patris
3144 497 3351 561 dicitur
3399 508 3549 566 esse,

1953 594 2663 667 nuneFilii.Argumentum
2695 603 2875 652 autem
2898 609 3007 669 quo
3022 608 3274 651 asserere
3293 603 3547 664 conatur,
3604 612 3615 615 -

1950 703 2052 745 uos
2077 689 2187 761 jam
2221 705 2327 745 non
2355 704 2478 746 esse
2503 691 2605 746 sub
2630 689 2809 763 Lege,
2851 688 2949 746 sed
2978 687 3081 745 sub
3123 687 3297 761 gratia
3332 688 3547 745 Domini

1951 781 2105 851 Jesu,
2132 782 2223 838 tali
2248 783 2355 839 line
2397 782 2695 839 concludit.
2730 782 2999 854 Superius
3046 781 3300 850 dixerat,
3331 789 3385 836 ut
3421 783 3552 837 ado-

1952 879 2176 950 ptionem
2197 879 2432 948 ﬁliorum
2475 879 2816 951 reciperemus
2842 893 2860 931 :
2890 891 3035 933 nunc
3067 875 3164 932 Dei
3191 890 3317 933 esse
3348 889 3451 932 nos
3480 874 3548 931 ti-

1952 971 2076 1039 lios,
2103 987 2171 1028 ex
2194 962 2391 1042 spiritu
2414 971 2611 1044 probat
2636 987 2798 1044 quem
2822 970 3090 1028 habemus
3116 970 3171 1026 in
3194 969 3373 1025 nobis.
3389 969 3553 1025 Num-

1952 1080 2114 1138 quam
2143 1064 2313 1133 enim,
2339 1064 2535 1136 inquit,
2572 1064 2900 1120 auderemus
2927 1063 3112 1121 dicere
3138 1081 3152 1119 :
3187 1061 3349 1118 Pater
3378 1069 3555 1118 noster

1953 1160 2043 1232 qui
2080 1174 2132 1213 es
2173 1158 2229 1213 in
2268 1156 2856 1228 etelis:Saneli/icetur
2895 1174 3082 1213 nomen
3122 1166 3306 1227 tuum,
3337 1156 3442 1213 nisi
3486 1154 3556 1212 de

1954 1249 2291 1306 conscientia
2343 1248 2582 1322 Spiritus
2614 1248 2911 1305 habitantis
2949 1248 3007 1304 in
3050 1248 3242 1313 nobis,
3275 1258 3331 1303 et
3358 1260 3556 1318 magna

1955 1356 2215 1398 sensuum
2264 1349 2321 1397 et
2353 1341 2668 1412 dogmatum
2691 1355 2831 1397 voce
2856 1340 3134 1396 clamante
3158 1357 3171 1394 :
3206 1338 3370 1406 Abba,
3395 1336 3558 1393 Pater

1956 1434 2130 1510 (Rom.
2161 1451 2281 1502 vm,
2312 1434 2423 1508 15).
2456 1437 2603 1492 Abba
2629 1436 2961 1492 Hebraieum
2992 1442 3097 1502 est,
3119 1435 3356 1507 idipsum
3385 1433 3560 1507 signi-

1958 1531 2126 1586 ﬁcans
2153 1529 2298 1601 quod
2327 1541 2382 1586 et
2402 1530 2584 1586 Pater.
2619 1532 2685 1586 Et
2711 1531 2850 1586 hanc
2872 1529 3331 1588 consuetudinem
3353 1529 3407 1586 in
3435 1530 3558 1600 plu-

1959 1624 2113 1681 ribus
2143 1625 2277 1680 locis
2309 1623 2591 1693 Scriptura
2624 1632 2952 1690 conservat,
2985 1633 3045 1680 ut
3072 1622 3403 1681 Hebraieum
3432 1638 3562 1679 ver-

285 1734 388 1778 esse
411 1719 741 1775 desistimus.
775 1715 1067 1785 Quomodo
1112 1724 1291 1769 autem
1324 1713 1470 1767 inter
1499 1712 1773 1767 redimere
1800 1717 1857 1767 et
1884 1722 1933 1784 Β
1959 1719 2084 1775 bum
2110 1734 2230 1773 cum
2263 1719 2718 1789 interpretatione
2766 1734 2866 1774 sua
2917 1726 3106 1790 ponat.
3136 1716 3462 1783 Bartimeus,
3496 1716 3563 1788 ﬁ-

287 1827 448 1870 emere
472 1812 597 1884 quid
630 1813 946 1876 interesset,
975 1806 1341 1875 ostendimus,
1367 1806 1449 1861 sic
1469 1803 1595 1874 quid
1616 1804 1689 1860 sit
1711 1805 1854 1860 inter

288 1907 527 1976 accipere,
560 1913 615 1961 et
644 1904 899 1974 recipere
929 1898 1281 1971 adoptionem
1309 1896 1571 1965 ﬁliorum,
1600 1895 1856 1953 conside-

292 2015 472 2056 remus.

352 2093 516 2165 (Vers.
539 2091 622 2161 6.)
650 2089 918 2157 Quoniam
940 2097 1110 2143 autem
1136 2086 1260 2142 estis
1286 2085 1385 2153 ﬁlii
1415 2083 1531 2154 Dei,
1553 2084 1693 2138 misit
1714 2082 1856 2138 Deus

292 2186 507 2255 spiritum
531 2182 662 2238 Filii
708 2183 791 2237 sui
820 2184 876 2236 in
897 2180 1060 2236 corda
1102 2188 1280 2234 nostra
1318 2176 1658 2241 clamantem,
1688 2173 1855 2242 Abba,

294 2278 451 2334 Pater.
479 2275 766 2332 Manifeste
792 2276 1078 2347 apostolus
1112 2273 1316 2328 Paulus
1356 2280 1470 2327 tres
1510 2269 1736 2338 Spiritus
1761 2284 1861 2324 no-

292 2376 458 2437 minat,
486 2370 746 2442 Spiritum
778 2370 906 2424 Filii
939 2369 1058 2436 Dei,
1090 2377 1150 2422 ut
1175 2367 1228 2421 in
1255 2364 1521 2438 praesenti
1542 2364 1687 2429 loco,
1714 2363 1860 2418 Misit

295 2465 416 2522 Deus
441 2464 692 2537 Spiritum
725 2460 857 2516 Filii
885 2462 941 2516 in
965 2461 1125 2515 corda
1152 2468 1331 2514 nostra
1368 2457 1543 2531 (Rom.
1570 2471 1667 2511 vm
1686 2501 1700 2525 ,
1738 2455 1854 2527 14).

296 2557 352 2613 Et
375 2555 622 2627 Spiritum
671 2555 809 2623 Dei,
859 2562 919 2609 ut
960 2554 1015 2609 in
1065 2553 1160 2608 illo
1194 2569 1208 2607 :
1240 2551 1500 2623 Quotquot
1529 2550 1733 2622 Spiritu
1763 2547 1864 2603 Dei

297 2651 577 2723 agunturJri
600 2650 698 2719 ﬁlii
730 2649 825 2703 Dei
842 2656 983 2703 sunt.
1009 2648 1072 2702 Et
1096 2646 1362 2718 Spiritum
1386 2653 1637 2701 sanctum
1666 2653 1728 2699 ut
1746 2644 1817 2699 ibi
1845 2662 1859 2700 :

299 2740 502 2813 Corpora
528 2751 694 2798 vestra
725 2742 977 2810 templum
1004 2740 1171 2795 sancti
1214 2739 1443 2809 Spiritus
1471 2746 1621 2805 sunt,
1660 2738 1749 2807 qui
1788 2744 1865 2791 est

300 2837 345 2892 in
367 2837 555 2909 vobis“
581 2835 705 2892 Cor.
736 2850 811 2901 v1,
837 2834 955 2905 i9).
991 2834 1175 2889 Alium
1205 2841 1383 2887 autem
1413 2838 1657 2886 sanctum
1686 2830 1862 2900 Spiri-

303 2942 397 2987 tum
418 2946 535 2990 esse
560 2945 718 3003 quam
747 2929 953 2985 Filium
990 2928 1108 2994 Dei,
1139 2924 1429 2982 manifeste
1458 2934 1511 2980 et
1542 2923 1595 2979 in
1625 2925 1867 2994 Evange-

301 3026 363 3081 lio
385 3026 754 3098 comprobatur
788 3041 804 3080 :
839 3022 945 3092 Qui
974 3022 1163 3077 dixerit
1200 3020 1408 3075 verbum
1444 3026 1629 3074 contra
1667 3015 1867 3072 Filium

1957 1816 2057 1871 lius
2090 1813 2273 1871 Timei.
2310 1815 2474 1883 Aser,
2503 1814 2718 1872 divitiis.
2742 1814 3001 1884 Tabitba,
3038 1813 3243 1869 Dorcas
3269 1812 3408 1885 (Act.
3438 1808 3558 1882 tx):

1958 1921 2013 1965 et
2036 1908 2089 1964 in
2117 1908 2344 1975 Genesi,
2364 1905 2926 1973 Mesech,vernaculus
2947 1905 3106 1978 (Gen.
3134 1906 3253 1979 xv),
3281 1912 3338 1962 et
3361 1912 3562 1961 caetera

1958 2001 2047 2058 his
2087 2001 2308 2058 similia.
2340 2001 2475 2058 Cum
2509 2011 2693 2059 autem
2734 2002 2889 2058 Abba
2935 2001 3101 2058 Pater
3131 2000 3367 2057 llcbraeo
3394 1998 3564 2072 Syro-

1958 2111 2063 2169 que
2093 2110 2348 2151 sermone
2379 2094 2593 2150 dicatur
2627 2111 2641 2151 :
2675 2101 2731 2149 et
2760 2093 3025 2149 Dominus
3053 2101 3244 2148 noster
3292 2091 3346 2148 in
3385 2090 3569 2146 Evan—

1958 2189 2104 2263 gelio
2129 2187 2440 2260 prmcipiat,
2459 2188 2665 2243 nullum
2696 2196 2909 2258 patrem
2927 2185 3235 2243 vocandum
3259 2183 3364 2240 nisi
3387 2185 3563 2241 Deum

1960 2278 2141 2354 (Matt.
2175 2277 2357 2353 xxtn),
2394 2279 2581 2335 nescio
2612 2293 2720 2351 qua
2751 2278 2976 2334 licentia
3009 2277 3064 2332 in
3095 2274 3447 2333 monasteriis
3477 2275 3564 2333 vel

1960 2390 2222 2432 vocemus
2265 2374 2370 2430 hoc
2410 2373 2635 2431 nomine
2665 2373 2804 2429 alios
2826 2415 2840 2439 ,
2871 2372 2961 2428 vel
2990 2371 3175 2427 vocari
3208 2385 3310 2426 nos
3339 2369 3563 2442 acquie-

1963 2485 2050 2527 sea
2064 2487 2207 2526 mils.
2233 2469 2299 2525 Et
2326 2479 2483 2525 certe
2518 2469 2637 2540 ipse
2664 2468 2925 2540 prmcepit
2959 2467 3063 2523 hoc
3088 2466 3180 2538 qui
3212 2467 3427 2522 dixerat
3456 2479 3565 2522 non

1964 2578 2087 2621 esse
2114 2562 2407 2634 jurandum
2434 2560 2658 2636 (Matth.
2693 2561 2775 2632 v).
2808 2560 2868 2618 Si
2896 2575 3004 2615 non
3031 2560 3305 2632 juramus,
3328 2573 3440 2615 nec
3467 2573 3566 2629 pa-

1966 2666 2102 2713 trem
2135 2657 2354 2727 quidem
2388 2655 2696 2728 quempiam
2729 2654 3099 2710 nominemus.
3128 2653 3184 2710 Si
3207 2653 3276 2710 de
3304 2662 3459 2725 patre
3487 2653 3567 2707 in-

1967 2751 2391 2823 terpretabimur
2415 2751 2598 2815 aliter,
2629 2748 2775 2805 et'de
2798 2747 3038 2818 juraudo
3061 2747 3222 2801 aliter
3251 2745 3457 2802 sentire
3477 2758 3572 2799 co-

1967 2862 2160 2919 gemur
2185 2843 2296 2919 [Αι.
2328 2840 2633 2916 cogemus].
2663 2841 2969 2898 Notandum
2995 2840 3185 2905 etiam,
3211 2838 3334 2910 quia
3361 2828 3570 2893 clamor

1969 2943 2022 2996 in
2052 2939 2386 3008 Scripturis,
2421 2952 2529 2993 non
2560 2935 2724 3010 552
2754 2950 2968 3007 magna:
3003 2933 3155 2989 vocis
3183 2932 3407 2989 emissio
3427 2974 3441 2999 ,
3471 2929 3571 2986 sed

1970 3031 2211 3087 scientiae
2239 3030 2590 3101 intelligatur
2620 3040 2677 3084 et
2713 3028 3026 3098 dogmatum
3063 3024 3401 3097 magnitudo.
3432 3023 3570 3079 Nam

306 3120 522 3188 hominis,
549 3118 839 3175 dimittetur
868 3118 935 3172 ei.
971 3115 1295 3185 Quicumque
1327 3120 1501 3168 autem
1529 3111 1719 3166 dixerit
1748 3124 1866 3165 con-

1974 3133 2029 3181 et
2059 3124 2112 3180 in
2145 3123 2339 3179 Exodo
2369 3121 2659 3194 respondit
2698 3121 2970 3177 Dominus
3014 3119 3082 3175 ad
3126 3118 3346 3191 Moysen
3383 3135 3394 3171 :
3431 3114 3573 3182 Quid

306 3223 373 3269 tra
390 3216 629 3289 Spiritum
650 3223 913 3281 sanctum,
942 3228 1034 3267 nec
1057 3211 1163 3278 hic,
1186 3225 1279 3265 nec
1305 3209 1357 3263 in
1380 3212 1562 3280 futuro
1583 3207 1887 3262 dimittetur

306 3308 504 3379 εἰμες.
539 3322 646 3373 xu,
680 3306 795 3379 10).
830 3306 947 3361 Hoc
971 3304 1093 3359 ideo
1120 3322 1135 3358 :
1165 3304 1289 3374 quia
1333 3302 1491 3356 multi
1525 3316 1623 3372 per
1651 3299 1873 3371 imperi-

305 3399 417 3454 tiam
442 3399 851 3470 Scripturarum
901 3396 1076 3470 (quod
1108 3404 1163 3452 et
1198 3394 1513 3451 Firmianus
1543 3395 1596 3449 in
1626 3402 1654 3432 κ
1680 3401 1872 3449 octavo

308 3491 363 3546 ad
401 3492 798 3549 Demetrianum
844 3490 1222 3559 Epistolarum
1256 3487 1395 3542 libro
1440 3484 1590 3558 facit)
1621 3493 1873 3541 asserunt

308 3584 538 3655 Spiritum
557 3594 809 3642 sanctum
841 3598 988 3653 stupe
1021 3583 1262 3647 Patrem;
1290 3595 1439 3650 saepe
1466 3579 1668 3635 Filium
1700 3577 1871 3634 nomi-

310 3679 429 3733 nari.
464 3680 525 3734 Et
549 3695 670 3734 cum
698 3679 990 3748 perspicue
1016 3676 1071 3731 in
1100 3674 1372 3730 Trinitate
1397 3671 1723 3738 credamus,
1757 3680 1872 3726 ter-

313 3772 416 3826 tiam
439 3787 716 3843 personam
740 3770 1072 3834 auferentes,
1106 3784 1212 3823 non
1237 3767 1603 3821 substantiam
1626 3765 1749 3836 ejus
1778 3778 1877 3820 vo-

314 3864 415 3920 lunt
440 3881 572 3937 esse,
597 3866 694 3922 sed
717 3879 942 3921 nOmen.
960 3864 1038 3919 Ne
1058 3872 1239 3918 autem
1270 3862 1491 3932 longum
1522 3859 1716 3915 faciam
1740 3859 1873 3933 (non

314 3960 437 4015 enim
448 3960 705 4033 dialogus,
728 3960 823 4016 sed
848 3958 1009 4034 45],
1030 3959 1461 4016 commentarius
1482 3955 1790 4026 scribitur),
1806 3955 1875 4011 de

1971 3218 2168 3273 clamas
2196 3217 2265 3270 ad
2303 3232 2381 3270 me
2420 3214 2619 3286 (Exod.
2648 3230 2763 3281 xtv,
2799 3213 2936 3286 l5)?
2981 3228 3108 3269 cum
3152 3211 3376 3283 penitus
3401 3209 3573 3283 Moysi

1972 3326 2085 3367 vox
2114 3310 2263 3366 nulla
2306 3308 2675 3381 prmcesserit.
2708 3307 2915 3363 Verum
2962 3312 3356 3377 compunctum
3398 3318 3495 3359 cor
3522 3309 3580 3359 et

1971 3419 2072 3477 pro
2116 3402 2326 3475 populo
2357 3400 2793 3474 lacrymabiliter
2847 3400 3245 3471 ingemiscens,
3294 3396 3578 3466 Scriptura

1973 3498 2270 3554 clamorem
2316 3496 2558 3551 vocavit.
2608 3493 2896 3562 Quomodo
2925 3493 3116 3563 igitur,
3164 3490 3255 3562 qui
3306 3489 3575 3560 Spiritum

1975 3591 2100 3647 Filii
2124 3590 2425 3651 Deihabet,
2462 3587 2607 3644 (ilius
2633 3589 2726 3643 Dei
2757 3596 2870 3654 est;
2897 3588 2974 3642 sic
3004 3587 3058 3641 in
3089 3580 3578 3656 reciprocum,qui

1976 3686 2230 3757 Spiritum
2264 3683 2387 3739 Filii
2422 3683 2515 3738 Dei
2549 3698 2656 3738 non
2686 3681 2882 3752 habet,
2913 3680 3007 3736 Dei
3041 3679 3188 3735 illius
3236 3693 3345 3733 non
3396 3680 3581 3747 potest

1976 3775 2264 3850 appellari.

2050 3870 2233 3943 (Vers.
2280 3870 2362 3943 7.)
2391 3868 2578 3941 Itaque
2627 3873 2735 3941 iam
2784 3885 2889 3923 non
2933 3874 3008 3922 est
3046 3881 3240 3935 servus,
3273 3864 3364 3919 sed
3409 3862 3580 3932 ﬁlius.

1983 3962 2135 4032 Quod
2153 3964 2199 4017 si
2224 3963 2387 4034 ﬁlius,
2410 3972 2457 4019 et
2482 3961 2649 4017 Iueres
2675 3972 2696 3999 "-
2730 3977 2823 4034 per
2851 3958 3138 4015 Christum.
3172 3955 3475 4021 Habentes,
3500 3955 3584 4011 in-

317 4053 730 4126 quinquagesimo
761 4058 973 4125 psalmo
1018 4060 1131 4107 tres
1161 4051 1388 4122 spiritus
1418 4050 1731 4104 nominatos
1756 4049 1880 4102 bre—
1980 4056 2126 4124 quit,
2157 4053 2405 4126 spiritum
2435 4054 2556 4109 Filii
2601 4052 2697 4107 Dei
2726 4053 2778 4107 in
2809 4050 2970 4105 vobis
3008 4048 3368 4113 clamantem,
3398 4046 3581 4113 Abba,

318 4147 438 4202 riter
458 4148 749 4213 ostendam,
777 4145 1043 4216 prapheta
1068 4145 1320 4200 dicente:
1349 4143 1452 4198 Cor
1480 4141 1730 4197 mundum
1761 4157 1879 4194 erea
1981 4146 2164 4213 Pater,
2192 4163 2301 4202 non
2343 4147 2484 4203 servi
2527 4145 2774 4217 cmpistis
2813 4156 2966 4208 esse,
3001 4140 3096 4197 sed
3131 4140 3247 4196 filii.
3288 4137 3425 4207 Quia
3456 4145 3584 4193 ante

318 4239 363 4293 in
386 4256 457 4295 me
476 4282 489 4308 ,
514 4239 648 4296 Deus
669 4284 684 4310 ,
717 4249 765 4295 et
797 4239 1037 4312 spiritum
1067 4247 1261 4292 rectum
1291 4237 1481 4290 innova
1518 4237 1573 4288 in
1601 4233 1880 4288 visceribus
1983 4238 2117 4294 nihil
2144 4236 2483 4294 diﬂ’erebatis
2510 4252 2539 4291 a
2565 4250 2733 4292 servo
2761 4248 2887 4290 cum
2917 4231 3115 4289 essetis
3145 4238 3336 4286 natura
3363 4229 3581 4301 quidem

319 4334 445 4386 meis.
473 4333 549 4388 Ne
592 4334 840 4408 projicias
876 4349 957 4386 me
992 4349 1024 4385 a
1054 4332 1186 4404 facie
1213 4339 1302 4384 tua
1335 4346 1354 4385 :
1385 4339 1430 4382 et
1458 4328 1716 4403 Spiritum
1762 4343 1883 4381 san—
1986 4333 2078 4388 Dei
2106 4350 2120 4400 ;
2150 4332 2247 4389 sed
2275 4332 2380 4389 sub
2412 4331 2689 4387 tutoribus
2721 4338 2773 4385 et
2802 4327 3086 4384 actoribus
3115 4326 3326 4400 parvuli
3355 4325 3589 4396 degeba—

321 4434 440 4478 ctum
459 4435 586 4481 tuum
608 4444 672 4482 ne
698 4431 908 4494 auferas
930 4442 959 4478 a
981 4441 1087 4478 me.
1122 4422 1297 4478 Redde
1319 4424 1444 4476 mihi
1470 4421 1704 4476 ltetitiam
1731 4420 1877 4474 saluo

1985 4426 2053 4480 tis
2081 4443 2093 4479 :
2123 4425 2268 4497 quod
2295 4425 2343 4478 si
2391 4423 2490 4479 lilii
2519 4424 2675 4490 estis,
2705 4431 3107 4493 consequenter
3151 4420 3306 4477 vobis
3348 4418 3584 4475 debetur

322 4521 434 4571 laris
457 4521 545 4589 tui,
573 4530 617 4577 et
645 4523 839 4591 spiritu
871 4518 1150 4592 principali
1181 4519 1433 4583 conﬁrma
1461 4532 1560 4571 me.
1594 4515 1877 4584 Principa-
1906 4515 1961 4577 D
1989 4519 2309 4585 Itmreditas,
2341 4526 2402 4575 ut
2430 4517 2709 4591 quomodo
2741 4516 2993 4588 spiritum
3024 4513 3155 4571 Filii
3184 4512 3280 4570 Dei
3309 4513 3591 4584 accipien-

323 4608 412 4666 lem
439 4614 686 4685 spiritum,
713 4616 928 4670 Patrem
956 4614 1189 4685 appellat
1213 4632 1225 4667 :
1248 4613 1370 4684 quia
1395 4612 1564 4667 Filius
1589 4627 1653 4666 ex
1677 4610 1869 4677 Patre,

324 4712 369 4756 et
402 4719 495 4759 non
522 4706 675 4763 Pater
703 4722 771 4761 ex
800 4705 960 4762 Filio.
993 4705 1259 4777 Spiritum
1291 4712 1474 4759 autem
1509 4713 1749 4773 rectum,
1780 4718 1877 4757 ve-

327 4800 479 4856 ritatis
499 4803 920 4876 atquejustitize,
951 4802 1227 4859 Christum
1257 4800 1544 4856 Dominum
1570 4800 1876 4871 signiﬁcat:

332 4893 448 4960 Quia
475 4895 615 4953 Pater
643 4915 792 4953 omne
814 4897 1074 4968 judicium
1104 4896 1246 4951 dedit
1286 4894 1425 4949 Filio
1466 4895 1648 4959 (Joan.
1678 4908 1732 4959 v,
1764 4894 1876 4961 ‘22),

330 4989 619 5048 utDavidait
644 5011 658 5048 :
686 4992 849 5054 Deus,
870 4991 1137 5065 judicium
1157 4999 1305 5044 tuum
1332 4989 1439 5061 regi
1468 4988 1557 5055 da,
1577 4996 1624 5043 et
1647 4985 1676 5025 δ
1702 4995 1883 5058 poten-

334 5083 440 5139 tiam
475 5096 597 5144 tuam
640 5090 751 5158 ﬁlio
778 5089 915 5160 regis
956 5086 1080 5157 (Ps.
1107 5100 1254 5152 Lxxt,
1288 5082 1363 5156 1).
1412 5083 1584 5137 Porro
1612 5081 1882 5151 Spiritum

334 5190 538 5237 sanctum
566 5192 757 5251 aperto
806 5183 1031 5237 nomine
1076 5187 1265 5235 vocat.
1310 5178 1447 5248 Qua:
1494 5176 1716 5248 quidem
1761 5190 1885 5231 eum

398 5326 419 5355 °
451 5318 688 5388 Suspicor
713 5334 1001 5377 numerum
1034 5318 1241 5374 cubare
1273 5318 1324 5370 in
1357 5315 1593 5380 mendo;
1619 5313 1888 5370 Lactantii

345 5388 462 5444 enim
492 5392 647 5449 libros
673 5392 1053 5464 epismlarutn,
1081 5390 1149 5443 ad
1186 5388 1575 5464 Demet_r_i_anum
1599 5388 1890 5464 auditorem

346 5475 494 5530 suum.
521 5456 726 5519 nonnisi
758 5465 897 5517 duos
928 5470 1182 5517 recenset
1212 5462 1327 5530 ipse
1358 5459 1723 5530 Hieronymus
1754 5456 1892 5512 libro

347 5528 401 5584 de
424 5533 542 5589 Viris
569 5537 901 5601 illustribus,
927 5549 1049 5601 cap.
1085 5532 1174 5588 80.
1217 5528 1453 5586 Proinde
1493 5528 1681 5584 malim
1713 5545 1780 5583 ex
1813 5531 1896 5584 in-

348 5604 475 5675 genio
494 5606 571 5663 hic
603 5611 789 5675 altera,
815 5621 914 5674 pro
945 5615 1122 5659 octavo
1150 5604 1377 5660 rescribi
1404 5619 1418 5656 :
1448 5610 1898 5675 quamquamﬂta-

352 5673 714 5751 sentibusgmss‘.
750 5671 887 5733 nihil
916 5687 1088 5734 muto.
1115 5675 1384 5732 Czeterum
1409 5672 1640 5729 consule
1669 5672 1728 5729 S.
1752 5671 1899 5730 Hila-

352 5748 467 5801 rium
483 5748 542 5806 de
556 5748 849 5811 Trinitate.
1544 5779 1555 5786 η

1982 4623 2088 4685 tes,
2118 4613 2243 4669 facti
2269 4614 2402 4669 estis
2427 4613 2631 4669 illiiDei
2659 4630 2673 4669 :
2698 4612 2770 4669 ita
2802 4611 2855 4666 in
2884 4609 3195 4667 libertatem
3222 4607 3291 4665 de
3320 4609 3587 4663 servitute

1985 4709 2210 4775 mutati,
2261 4706 2504 4763 haeredes
2547 4706 2668 4761 sitis
2711 4721 2835 4761 cum
2885 4702 3110 4759 hmrede
3153 4700 3331 4757 Patris
3361 4698 3589 4755 Christo

1985 4803 2139 4869 Iesu,
2173 4802 2264 4874 qui
2308 4817 2374 4856 ex
2413 4815 2644 4871 persona
2679 4799 2918 4855 hominis
2958 4796 3233 4867 assumpti
3263 4795 3505 4864 loquitur
3533 4793 3588 4848 in

1990 4894 2201 4964 psalmo
2230 4910 2243 4947 :
2278 4893 2530 4948 Dominus
2555 4892 2686 4946 dixit
2713 4890 2782 4945 ad
2804 4906 2902 4958 me,
2933 4887 3107 4943 Filius
3131 4904 3271 4942 meus
3311 4902 3361 4941 es
3393 4894 3467 4950 tu,
3494 4899 3591 4955 ego

1992 4985 2142 5040 hodie
2164 4986 2315 5057 genui
2341 4994 2407 5041 te.
2441 4982 2665 5039 Postula
2686 5000 2718 5036 a
2741 4997 2844 5048 me,
2872 4989 2918 5035 et
2945 4979 3076 5033 dabo
3107 4978 3199 5032 tibi
3226 4984 3398 5051 gentes
3425 4973 3592 5030 hare-

1994 5081 2209 5135 ditatem
2253 5089 2428 5146 tuam,
2473 5085 2519 5131 et
2562 5076 2937 5147 possessionem
2980 5082 3123 5127 tuam
3160 5070 3402 5124 terminos
3442 5077 3593 5124 terrm

1993 5174 2112 5249 (Ps.
2142 5190 2202 5244 ιι,
2233 5174 2287 5242 7,
2318 5173 2396 5243 8).
2444 5170 2598 5239 Quod
2627 5177 2811 5225 autem
2850 5169 2903 5223 in
2939 5169 3041 5223 hoc
3078 5166 3205 5221 loco
3248 5162 3509 5232 dicimus,
3536 5164 3594 5219 in

2065 5310 2095 5350 ι)
2126 5311 2365 5367 Palatin.
2407 5325 2537 5378 ms.,
2569 5318 2615 5363 et
2636 5308 2903 5381 justitiam
2932 5314 3095 5381 tuam,
3130 5300 3590 5381 quemadmodum

1998 5383 2217 5455 pridem
2258 5375 2944 5455 rescripsera(Victorius,
2974 5375 3278 5441 codicibus,
3310 5381 3372 5429 ut
3398 5375 3505 5442 ait,
3538 5381 3598 5449 et

1998 5443 2326 5511 editionibus
2361 5443 2764 5522 adjuvantibus.
3054 5515 3104 5522 Δ-
3153 5518 3163 5522 _
3376 5515 3406 5522 _
3542 5443 3549 5449 δ

2076 5537 2097 5564 ο
2132 5526 2248 5580 Duo
2271 5515 2545 5595 mss.,'per
2564 5521 2751 5587 Deum,
2769 5534 2901 5595 pro,
2931 5535 3020 5588 per
3042 5515 3304 5595 Ch‘ristttm
3328 5532 3344 5569 :
3367 5515 3593 5595 Grtecus

2000 5607 2295 5667 utrumque
2325 5587 2520 5660 habet,
2569 5592 2906 5668 κλιιιλίξονόμιος⁸
2927 5587 3056 5668 θεοῦ
3217 5593 3477 5668 Χριστοῦ,
3521 5587 3595 5646 ad

2003 5684 2165 5743 quem
2197 5658 2353 5739 reﬁgi
2385 5658 2645 5740 placeret,
2661 5658 2832 5718 nm.
2864 5661 2963 5718 Dei
2995 5676 3085 5732 per
3103 5658 3389 5716 Chrisium.
