3978 6338
376 313 487 378 375

1589 314 1597 323 ’
1639 313 1696 372 S.
1740 308 2013 372 EUSEBII
2049 310 2431 371 HIERONYMI

3569 309 3668 372 576

383 433 603 495 ceteris
631 449 851 508 quoque
889 432 1184 490 observare
1213 428 1496 498 debemus,
1529 427 1599 485 de
1628 437 1746 484 toto
1777 443 1977 498 genere
2006 433 2056 491 Α
2083 426 2474 497 prophetarum
2511 443 2524 480 :
2560 425 2634 480 ita
2670 433 2726 482 et
2751 435 2972 481 sanctos
3017 423 3168 482 viros
3223 425 3418 483 fecisse
3460 425 3676 497 quidem

386 530 670 586 hominum
701 527 971 599 singulari
1006 541 1235 582 numero
1276 524 1565 595 disputari.
1609 524 1810 578 Omnes
1838 524 1983 577 eniut

387 623 706 690 credentes,
738 637 904 676 unum
931 636 1120 676 sumus
1150 619 1203 673 in
1231 617 1448 674 Christo
1473 618 1623 682 .lcsu,
1655 626 1711 672 et
1742 616 1984 672 membra

389 716 640 784 corporis
671 712 814 783 ejus,
845 721 902 767 et
949 711 1002 764 in
1037 711 1334 780 perlectum
1363 709 1536 762 virum
1560 708 1795 770 redacti,
1830 709 1985 762 illum

391 805 659 862 habemus
688 813 874 876 caput,
902 802 1027 874 quia
1053 811 1219 873 caput
1247 801 1346 857 viri
1375 799 1628 856 Christus
1668 807 1753 856 est
1784 799 1827 872 (ι
1859 799 1982 854 Cor.

389 915 468 967 XI,
492 900 576 968 2).

460 993 646 1068 (Vers.
675 994 729 1058 8,
759 991 842 1062 9.)
873 990 980 1046 Sed
1007 1003 1128 1046 tunc
1157 991 1363 1059 quidem
1385 991 1664 1046 nescientes
1691 990 1856 1046 Deum
1881 1005 1991 1045 ser-

392 1088 535 1143 vittis
562 1086 643 1142 Itis
668 1087 758 1157 qui
801 1093 989 1140 natura
1021 1103 1120 1140 non
1149 1094 1293 1140 erant
1315 1087 1413 1139 dii.
1449 1085 1605 1139 Nune
1644 1102 1760 1139 vero
1801 1101 1990 1157 cogno-

393 1187 589 1235 scentes
639 1177 842 1243 Deum,
887 1179 1049 1250 magis
1076 1188 1248 1233 autem
1285 1179 1474 1250 cogniti
1504 1178 1568 1232 ab
1600 1195 1688 1243 eo,
1733 1178 1990 1249 quomodo

394 1273 754 1329 convertimini
785 1273 970 1326 iterum
998 1273 1068 1324 ad
1094 1271 1306 1341 inﬁrma
1331 1281 1376 1325 et
1401 1288 1560 1343 egena
1587 1269 1854 1337 elementa,
1880 1272 1994 1342 qui-

393 1367 490 1422 bus
514 1383 721 1420 rursum
749 1366 938 1419 servire
975 1365 1132 1419 vultis
1153 1367 1176 1419 ?
1200 1364 1426 1420 Galatas
1463 1379 1598 1435 quos
1626 1366 1694 1419 ab
1722 1363 1992 1419 idolorum

395 1458 548 1516 cultu
572 1457 637 1512 ad
671 1457 833 1514 ﬁdem
867 1457 964 1512 Dei
995 1458 1108 1512 veri
1151 1459 1588 1521 transtulerunt,
1620 1459 1830 1528 arguit,
1861 1473 1996 1526 quo-

396 1551 561 1607 modo
593 1549 755 1606 idolis
781 1549 1084 1618 derelictis,
1119 1566 1241 1621 quae
1269 1563 1463 1607 natura
1497 1568 1604 1606 non
1632 1563 1789 1607 erant
1818 1552 1914 1618 dii,
1941 1559 1998 1606 et

397 1651 794 1716 cognoscentes
821 1643 1014 1709 Deum,
1061 1645 1231 1713 magis
1273 1657 1452 1701 autem
1499 1646 1705 1716 c0gniti
1747 1645 1819 1700 ab
1856 1647 1994 1716 ipso,

399 1735 596 1804 spiritu
644 1749 868 1806 quoque
907 1735 1219 1806 adoptionis
1274 1747 1530 1808 accepto,
1575 1753 1790 1793 rursum
1839 1737 1996 1810 quasi

2088 535 2152 575 ea
2179 537 2299 590 quae
2331 521 2489 591 Legis
2512 531 2691 588 erant,
2723 520 2820 576 sed
2862 536 3082 577 sensum
3136 523 3305 590 magis
3333 521 3493 592 Legis
3523 538 3677 575 seen-

2091 630 2175 676 tos
2205 636 2327 676 esse
2352 636 2512 690 quam
2548 621 2804 676 litteram.
2836 620 2936 688 Qui
2969 635 3077 674 non
3104 620 3286 674 minus
3314 635 3474 688 quam
3506 618 3681 672 Abra-

2090 711 2216 766 ham
2248 713 2464 768 sublato
2485 713 2553 767 de
2585 713 2725 768 faeie
2755 713 3100 780 velamento,
3153 713 3447 782 cupierunt
3498 709 3684 765 videre

2091 805 2235 861 diem
2259 806 2485 871 Christi,
2512 817 2566 862 et
2590 807 2848 862 viderunt
2867 805 3034 879 454
3061 816 3115 862 et
3145 807 3312 862 ltelali
3336 815 3465 860 sunt
3494 823 3506 858 :
3534 805 3684 859 Facti

2092 903 2309 958 inﬁrmo
2360 903 2559 974 populo
2599 903 2798 959 inﬁrtni
2832 945 2846 969 ,
2880 915 2936 957 ut
2993 901 3239 958 inﬁrmos
3296 900 3687 956 lucrifacerent

2099 997 2143 1069 (ι
2168 997 2288 1052 Cor.
2323 997 2418 1068 ιχ),
2459 1009 2514 1052 et
2540 998 2624 1052 his
2653 998 2744 1068 qui
2777 999 2879 1053 sub
2932 997 3075 1065 Lege
3099 1007 3259 1052 erant
3307 997 3460 1066 quasi
3499 1003 3687 1049 essent

2095 1090 2198 1160 ipsi
2230 1091 2330 1145 sub
2356 1090 2531 1161 Lege,
2567 1101 2624 1145 ut
2649 1105 2747 1146 eos
2797 1091 2864 1144 ab
2895 1090 3054 1144 idolis
3080 1131 3093 1149 .
3126 1091 3321 1160 quibus
3354 1090 3405 1142 itt
3454 1089 3688 1159 .l'gypto

2095 1194 2472 1252 assueverant,
2500 1191 2846 1252 separarent.
2874 1181 3185 1236 Absurdum
3207 1183 3404 1249 quippe
3429 1189 3513 1232 est
3544 1179 3691 1248 Moy-

2095 1287 2190 1328 seu
2219 1285 2274 1329 et
2299 1283 2534 1330 cznteros
2560 1274 3010 1330 confabulatores
3039 1273 3138 1329 Dei
3171 1271 3225 1328 in
3251 1289 3316 1327 ea
3348 1271 3519 1326 fuisse
3559 1285 3684 1324 cou-

2095 1365 2330 1434 ditione,
2367 1378 2424 1421 ut
2449 1377 2470 1405 ε
2499 1381 2610 1421 ηοη
2642 1367 2932 1422 credamus
2965 1367 3045 1422 eis
3067 1409 3082 1433 ,
3112 1377 3166 1421 et
3198 1364 3525 1436 prmﬁnitum
3557 1373 3688 1417 tem-

2100 1474 2198 1530 pus
2228 1476 2257 1513 a
2289 1459 2450 1514 Patre
2478 1460 2721 1526 venisse,
2755 1466 2808 1514 et
2833 1458 3145 1529 redemptos
3198 1473 3292 1513 eos
3323 1473 3445 1512 esse
3476 1457 3545 1511 de
3577 1472 3690 1510 ser-

2100 1557 2274 1611 vitute
2315 1553 2494 1625 legali,
2529 1563 2584 1608 et
2635 1554 2987 1622 adoptionem
3044 1552 3284 1608 ﬁliorum
3341 1561 3686 1618 citnsecutos,

2103 1648 2560 1703 etltznreditatem
2599 1647 2817 1717 cepisse
2870 1661 2994 1701 cum
3025 1644 3267 1701 Christo.
3320 1645 3691 1713 Quaecumque

2098 1743 2241 1795 enim
2272 1748 2388 1794 toto
2413 1736 2609 1809 generi
2638 1739 2876 1792 ltumano
2921 1736 3188 1807 sapientia
3223 1736 3315 1790 Dei
3359 1734 3516 1804 qttasi
3538 1728 3567 1769 ιι
3599 1731 3691 1786 uni

400 1826 654 1899 parvuli,
687 1836 744 1882 et
769 1826 872 1882 sub
907 1828 1180 1883 tutoribus
1207 1837 1261 1884 et
1288 1829 1585 1900 pmdagogo
1623 1845 1744 1886 esse
1774 1834 1997 1900 cupien-

2106 1837 2241 1892 Ftlio
2273 1835 2564 1907 praestitit.
2621 1833 2742 1889 haec
2789 1832 2981 1888 eadem
3033 1831 3328 1902 unicuique
3376 1838 3691 1884 sanctorum

401 1929 509 1988 tes,
533 1920 602 1975 ad
629 1920 842 1975 inﬁrma
867 1928 923 1974 et
941 1928 966 1957 ⁸
983 1920 1303 1991 paupertina
1334 1932 1687 1978 revertantur
1703 1924 1994 1989 elementa,

401 2029 524 2084 qua:
551 2023 846 2085 propterea
877 2012 1098 2068 inﬁt-mo
1127 2022 1181 2070 et
1209 2014 1618 2085 pauperisensu
1652 2016 1852 2086 populo
1873 2015 1996 2070 data

399 2116 528 2164 sunt
553 2105 715 2180 553
745 2107 796 2161 itt
829 2106 1076 2175 deserto,
1102 2106 1226 2178 quia
1262 2123 1369 2162 non
1397 2118 1612 2178 poterat
1647 2109 1898 2178 accipere
1942 2118 1999 2166 et

399 2199 677 2256 sustinere
699 2198 927 2268 majora.
945 2198 1149 2254 Eadem
1177 2208 1359 2254 autem
1387 2199 1684 2266 elementa,
1702 2215 1825 2270 qua:
1854 2215 1998 2255 nunc

403 2293 618 2349 inﬁrma
652 2301 707 2348 et
735 2306 904 2362 egenzt
936 2292 1256 2362 appellavit,
1289 2292 1542 2362 superius
1571 2303 1780 2347 tantum
1811 2293 1999 2348 mundi

400 2386 672 2443 elementa
701 2385 907 2456 posuit.
937 2385 1006 2439 Et
1035 2386 1126 2440 ubi
1151 2386 1422 2441 elementa
1450 2386 1636 2441 mundi
1669 2388 1812 2442 dicta
1844 2397 1996 2455 sunt,

400 2478 474 2534 ibi
505 2494 612 2534 non
645 2485 728 2534 est
749 2477 1019 2544 additum,
1056 2478 1265 2548 infirma
1296 2487 1344 2532 et
1370 2497 1552 2552 egena.
1604 2480 1741 2536 llinc
1781 2497 1998 2537 rursum

401 2573 494 2629 ubi
528 2571 744 2628 inﬁrma
767 2580 954 2627 vocata
985 2580 1139 2636 sunt,
1167 2574 1384 2639 mundi,
1439 2580 1497 2627 ttt
1521 2588 1686 2642 supra
1736 2574 1998 2641 diximus,

403 2681 604 2722 nomen
629 2672 714 2721 est
745 2665 990 2720 tacitum.
1024 2663 1164 2719 Puto
1193 2667 1379 2736 itaque
1403 2667 1664 2736 quamdiu
1699 2667 1821 2737 quis
1874 2685 1999 2737 par-

402 2759 562 2814 vulus
586 2767 693 2825 est,
729 2773 829 2814 nec
858 2767 1123 2813 stalulunt
1156 2775 1185 2812 a
1215 2771 1370 2828 patre
1403 2768 1618 2830 tempus
1647 2761 1910 2831 implevit,
1945 2772 2002 2817 ut

405 2852 550 2912 ﬁlius
575 2862 632 2907 et
665 2852 843 2906 haeres
871 2849 1138 2920 appellari
1163 2860 1351 2922 queat,
1383 2853 1485 2906 sub
1531 2853 1824 2908 elententis
1877 2870 1998 2909 cum

408 2945 616 3012 mundi,
650 2943 796 3014 Lege
822 2944 1090 3000 videlicet
1112 2959 1238 2999 esse
1279 2944 1473 3017 Moysi.
1512 2943 1646 3000 Cum
1673 2957 1854 3001 autem
1883 2963 1934 3004 ut
1950 2957 2004 3006 st

2099 1946 2318 2001 semper
2350 1943 2450 1984 suo
2479 1928 2675 1982 ordine
2715 1937 2768 1981 et
2800 1926 3211 1997 dispensatione
3239 1925 3428 1994 largita
3461 1932 3564 1977 εει.
3594 1920 3696 1976 Le-

2097 2041 2219 2098 gem
2244 2024 2402 2078 nobis
2425 2021 2595 2094 Moysi
2628 2019 2846 2075 inﬁrma
2902 2029 2957 2073 et
3008 2033 3180 2088 egena
3238 2015 3554 2071 dicentibus
3581 2014 3698 2068 ele-

2100 2125 2302 2183 menta,
2331 2115 2677 2170 occasionem
2713 2113 2997 2167 inveniunt
3015 2110 3285 2174 lneretici,
3317 2117 3378 2162 ut
3405 2106 3699 2162 detrahant

2099 2209 2365 2274 Creatori,
2393 2209 2521 2279 quia
2550 2205 2813 2262 mundum
2840 2203 3172 2269 condiderit,
3197 2213 3251 2258 et
3302 2201 3500 2271 Legem
3555 2215 3686 2255 san-

2101 2304 2264 2359 xerit.
2297 2302 2502 2370 Quibus
2535 2317 2634 2356 nos
2676 2299 3132 2371 respondebimus
3160 2342 3173 2366 ,
3229 2295 3280 2351 id
3327 2293 3472 2367 quod
3525 2308 3692 2364 supra

2103 2395 2364 2463 diximus,
2395 2394 2617 2449 inﬁrma
2641 2393 2726 2448 bis
2747 2407 2871 2447 esse
2898 2401 2954 2446 et
2976 2405 3143 2460 egena
3175 2389 3471 2450 elementa,
3506 2387 3598 2457 qui
3630 2384 3699 2441 ad

2108 2503 2170 2544 ea
2215 2495 2342 2560 post
2388 2485 2668 2556 Evangelii
2710 2485 2939 2556 gratiam
2981 2493 3354 2538 revertuntur.
3391 2483 3701 2550 Antequam

2102 2597 2234 2639 vero
2277 2579 2606 2652 prazﬁnitum
2652 2589 2867 2649 tempus
2914 2577 3125 2634 veniret
3167 2591 3199 2630 a
3236 2575 3420 2641 Patre,
3453 2589 3561 2629 non
3595 2585 3702 2630 tam

2107 2676 2322 2730 inﬁrma
2371 2683 2427 2728 et
2469 2687 2641 2743 egena
2689 2672 2964 2744 appellata
3014 2685 3140 2726 esse
3188 2669 3493 2736 elementa,
3541 2682 3705 2736 quam

2107 2767 2316 2824 mundi.
2372 2768 2620 2836 Denique
2668 2767 2982 2836 priusquam
3033 2763 3236 2819 Christi
3290 2763 3344 2816 in
3399 2769 3514 2815 toto
3574 2759 3711 2816 orbe

2107 2861 2462 2932 Evangelium
2506 2868 2845 2924 coruSCaret,
2889 2858 3199 2913 habuerunt
3238 2869 3394 2910 suum
3437 2853 3708 2923 fulgorem

2107 2963 2379 3024 prtecepta
2414 2952 2608 3022 legalia
2645 2969 2658 3005 :
2689 2961 2978 3021 postquam
3009 2965 3146 3004 vero
3173 2947 3350 3018 majus
3379 2946 3711 3016 evangelica:

399 3039 719 3096 libertatem
769 3038 883 3092 ﬁlio
913 3035 1153 3092 debitam
1214 3051 1405 3093 rursus
1435 3053 1698 3094 reversus
1744 3039 1908 3094 fuerit
1933 3039 2005 3096 ad
2107 3047 2300 3119 gratim
2340 3046 2520 3101 lumen
2561 3044 2784 3108 eﬂ‘ttlsit,
2831 3052 2886 3098 et
2923 3042 3006 3097 sol
3033 3040 3255 3112 iustitiae
3287 3040 3382 3094 tuli
3416 3038 3622 3093 tttuudo
3651 3050 3715 3091 se

402 3133 632 3204 Legem.
660 3129 980 3186 είτοιιηιείάί
1011 3130 1226 3195 νοιθηδ,
1252 3139 1305 3185 Cl
1331 3139 1495 3184 ῑυιτιιιι
1535 3130 1774 3187 διιάθίεω
1809 3145 2007 3202 ευμεν·
2044 3201 2080 3210 _
2108 3137 2373 3210 prodidit,
2417 3137 2701 3194 stellarum
2748 3135 2934 3190 lumen
2981 3132 3366 3188 absconditum
3398 3139 3504 3195 est,
3534 3137 3593 3182 et
3621 3142 3715 3182 ea-

405 3225 648 3284 stilionis
680 3223 918 3279 litteram
945 3224 1128 3295 sequi.
1156 3231 1285 3277 tunc
1337 3239 1456 3292 dum
1511 3225 1661 3293 prius
1708 3226 1757 3279 ei
1814 3201 2082 3281 tumidic
2111 3201 2236 3290 rum
2264 3201 2400 3288 radii
2428 3229 2826 3301 caligaveruttt,
2859 3229 2933 3282 ita
2967 3236 3025 3280 ut
3053 3225 3345 3296 Apostolus
3370 3223 3423 3277 in
3453 3221 3563 3275 aut.
3592 3220 3715 3274 loco

408 3326 621 3373 tantum
653 3315 868 3371 fuerant
889 3316 1183 3384 elementa,
1220 3315 1437 3372 inﬁrma
1471 3332 1686 3388 quoque
1727 3328 1780 3372 et
1833 3332 2008 3389 egena

412 3409 675 3466 dicuntur
705 3407 953 3464 exordia.
989 3407 1267 3462 lnlantum
1295 3409 1440 3464 enim
1469 3408 1603 3464 nihil
1632 3421 1859 3479 prosunt
1887 3412 2008 3465 eul-

413 3503 630 3560 toribus
652 3504 791 3571 suis,
816 3511 966 3558 utne
995 3502 1097 3558 hoc
1130 3503 1347 3573 quidem
1380 3503 1460 3558 eis
1497 3505 1760 3560 exhibere
1793 3507 2008 3560 valeant

423 3597 571 3670 quod
603 3608 731 3653 ante
759 3584 1154 3668 praestiterant,
1189 3595 1556 3668 Jerosolyma,
1585 3599 1790 3666 templo
1823 3599 2012 3653 altari-

416 3707 526 3764 que
551 3690 866 3747 destructis.
897 3689 1251 3760 Respondeat
1278 3689 1497 3759 aliquis,
1528 3699 1580 3744 et
1604 3690 1749 3744 dicat
1781 3708 1795 3744 :
1831 3691 1887 3746 Si
1917 3691 2007 3745 lex

417 3793 475 3840 et
502 3794 772 3854 prtecepta
803 3796 920 3853 qua:
948 3782 1000 3836 in
1058 3782 1202 3852 Lege
1232 3784 1542 3853 conscripta
1590 3792 1757 3850 sunt,
1792 3780 2010 3837 inﬁrma

417 3887 473 3932 et
494 3891 660 3948 egena
684 3875 954 3932 elementa
978 3883 1126 3938 sunt,
1144 3883 1199 3929 et
1220 3873 1272 3928 bi
1297 3875 1386 3944 qui
1415 3883 1795 3944 cognoverunt
1817 3875 2006 3943 Deum,

415 3973 591 4044 ntagis
619 3982 802 4027 autem
845 3969 1053 4041 cogniti
1077 3979 1203 4024 sunt
1241 3970 1307 4022 ab
1337 3985 1432 4038 eo,
1461 3967 1661 4036 Legem
1708 3968 2010 4024 observare

414 4083 520 4122 non
551 4066 750 4122 debent
779 4067 872 4137 (ne
899 4063 1161 4134 incipiant
1203 4077 1313 4117 non
1364 4070 1476 4116 tam
1517 4061 1688 4116 Deum
1745 4062 1928 4117 colere
1979 4078 2009 4116 a

418 4174 528 4230 quo
566 4160 770 4230 cogniti
801 4166 974 4224 sunt,
1027 4171 1188 4226 quam
1232 4155 1298 4208 ad
1331 4170 1426 4209 eos
1455 4155 1659 4209 reverti
1691 4155 1782 4223 qui
1816 4167 2009 4210 natura

415 4265 526 4307 non
558 4259 684 4305 sunt
720 4250 850 4319 dii),
883 4257 979 4304 aut
1007 4249 1207 4318 Legem
1247 4247 1678 4303 observaverunt
1712 4246 1925 4318 Moyses
1955 4256 2011 4301 et

414 4343 721 4414 prophetae,
770 4351 954 4397 etnon
1000 4349 1375 4412 cognoverunt
1407 4341 1579 4394 Deum
1612 4385 1625 4408 ,
1660 4354 1763 4394 nec
1807 4341 2011 4410 cogniti

420 4446 550 4492 sunt
575 4434 644 4491 ab
669 4450 765 4500 eo;
808 4445 903 4489 aut
926 4436 970 4490 si
997 4443 1372 4504 cognoverunt
1399 4433 1598 4497 Deum,
1628 4431 1880 4487 mandata
1910 4433 2013 4488 Le-

423 4529 506 4599 gis
534 4527 760 4583 minimc
783 4528 1216 4598 compleverunt.
1261 4525 1418 4593 Quod
1447 4535 1741 4594 utrumque
1795 4526 2014 4594 pericu-

2114 3327 2324 3382 diceret
2352 3343 2366 3378 :
2396 3323 2538 3378 Nam
2569 3339 2658 3376 nec
2689 3320 3044 3394 gloriﬁcatum
3073 3326 3166 3379 est,
3194 3316 3332 3387 quod
3359 3313 3714 3394 gloriﬁc'atum

2112 3421 2214 3491 fuit
2244 3421 2300 3473 in
2331 3417 2429 3472 hac
2461 3428 2640 3489 parte,
2675 3423 2885 3488 propter
2907 3415 3236 3468 excellentem
3259 3410 3472 3481 gloriam
3495 3407 3560 3476 (ll
3588 3404 3716 3461 Cor.

2110 3512 2218 3583 tu).
2260 3511 2414 3578 Quod
2458 3510 2585 3564 aliis
2627 3508 2808 3563 verbis
2849 3521 2993 3560 nunc
3024 3506 3284 3574 loquitur,
3319 3512 3376 3556 ut
3403 3502 3570 3563 dicat,
3602 3499 3715 3555 Lex

2112 3605 2282 3678 Moysi
2325 3619 2446 3674 qua:
2485 3613 2610 3658 ante
2655 3601 3017 3669 Evattgelium
3058 3599 3234 3662 dives,
3263 3606 3318 3652 et
3343 3596 3628 3666 opulenta,
3661 3604 3718 3648 et

2113 3701 2258 3752 clara
2289 3696 2408 3762 fuit,
2441 3705 2564 3766 post
2591 3695 2885 3750 adventum
2909 3691 3117 3748 Christi
3146 3689 3213 3744 ad
3244 3687 3713 3758 comparationem

2113 3790 2234 3860 ejus
2275 3791 2431 3860 quasi
2475 3788 2690 3843 inﬁrma
2734 3795 2788 3841 et
2832 3797 3038 3857 egena,
3087 3782 3370 3838 imminuta
3409 3792 3573 3851 atque
3615 3779 3718 3835 de-

2113 3893 2317 3940 strueta
2359 3891 2444 3938 est
2482 3882 2552 3936 ab
2590 3895 2656 3936 eo
2688 3879 2777 3950 qui
2809 3879 2984 3949 major
3015 3877 3117 3934 fuit
3145 3877 3460 3938 Salomone,
3491 3882 3547 3930 et
3572 3883 3716 3930 tem-

2115 3979 2230 4049 plo,
2260 3987 2315 4032 et
2342 3976 2500 4031 Jona.
2533 3974 2685 4042 Quod
2717 3973 2862 4028 enim
2892 3973 3153 4041 scriptum
3181 3980 3262 4024 est
3289 3987 3300 4024 :
3334 3967 3493 4022 Illum
3517 3975 3718 4038 oportet

2115 4085 2362 4135 crescere,
2406 4083 2486 4122 me
2527 4075 2699 4121 autem
2743 4064 2906 4118 minui
2945 4064 3127 4134 (Joan.
3172 4078 3249 4126 ιιι,
3292 4060 3384 4131 ΞΟ)
3416 4077 3429 4112 :
3460 4073 3570 4113 non
3604 4069 3715 4113 tant

2115 4179 2182 4218 ex
2224 4160 2474 4226 Joannis,
2517 4174 2679 4230 quato
2725 4173 2796 4212 ex
2837 4155 2997 4225 Legis
3041 4161 3270 4226 persona
3312 4154 3517 4208 dictum
3559 4161 3716 4223 puto,

2115 4256 2238 4328 quia
2279 4269 2496 4324 semper
2537 4253 2736 4307 cedunt
2776 4250 2988 4306 minora
3034 4248 3359 4317 majoribus,
3391 4257 3446 4302 et
3474 4243 3718 4314 petl'ecta

2116 4349 2283 4405 initiis
2327 4355 2738 4418 praeponuntur.
2785 4343 2932 4398 Alias
2973 4351 3157 4398 autem
3202 4341 3416 4394 inﬁrma
3458 4347 3514 4393 et
3543 4354 3715 4409 egena

2117 4442 2408 4505 elementa,
2449 4438 2769 4494 Judteorum
2811 4435 3150 4500 traditiones,
3193 4442 3246 4487 et
3285 4431 3588 4487 secundum
3625 4431 3720 4485 lit-

2120 4546 2288 4589 teram
2315 4534 2476 4588 vilem
2507 4531 2920 4599 intelligentiam
2947 4525 3418 4590 conﬁrmabimus,
3442 4540 3560 4594 qua:
3587 4531 3722 4579 sunt

420 4623 603 4680 losum
633 4630 720 4677 est
748 4621 933 4677 dicere
965 4637 978 4678 :
1014 4621 1120 4674 Aut
1148 4619 1273 4674 illos
1296 4633 1403 4673 non
1435 4617 1637 4674 fecisse
1685 4633 1805 4688 quae
1853 4617 2008 4688 Legis
2039 4603 2532 4695 Djustitieationes
2580 4638 2686 4676 non
2732 4623 2889 4676 bona:
2915 4663 2930 4689 ,
2979 4627 3035 4674 et
3081 4626 3348 4687 pra'cepta
3390 4632 3495 4671 non
3547 4615 3717 4670 bona.

417 4724 568 4780 sunt,
599 4722 656 4771 et
682 4713 759 4768 sic
787 4713 1113 4784 cognovisse
1151 4711 1319 4766 Deum
1351 4729 1364 4766 :
1400 4720 1494 4766 aut
1529 4727 1638 4765 non
1691 4714 2012 4780 cognovisse

416 4810 611 4874 Deum,
640 4806 766 4861 dum
791 4805 1004 4860 inﬁrma
1036 4814 1091 4860 et
1111 4818 1280 4873 egena
1310 4803 1471 4873 Legis
1512 4803 1782 4858 elementa
1829 4812 2012 4858 custo-

415 4902 593 4959 diunt.
623 4899 780 4970 Quod
808 4899 1030 4970 quidem
1062 4897 1140 4952 sic
1165 4897 1301 4952 solvi
1333 4906 1535 4966 potest,
1565 4905 1623 4950 ut
1655 4897 1904 4953 dicamus
1949 4899 2012 4952 il-

416 4995 502 5052 los
528 5036 545 5062 ,
612 4991 888 5064 quomodo
920 4991 1119 5046 Paulus
1156 4989 1331 5044 laetus
1360 4997 1446 5046 est
1508 4988 1713 5045 Judzeis
1765 4990 2010 5058 Judaeus,

417 5097 476 5144 ut
496 5087 714 5144 Judzeos
744 5085 1094 5141 lucrifaceret
1118 5082 1160 5156 (l
1184 5081 1306 5138 Cor.
1341 5081 1448 5154 ιι),
1498 5091 1554 5139 et
1606 5084 1662 5136 iu
1691 5082 1914 5138 Cencris
1941 5100 2009 5139 ex

415 5192 548 5238 voto
572 5196 783 5238 comam
818 5178 1052 5235 totondit
1081 5178 1220 5247 (Act.
1254 5176 1430 5250 xvm),
1460 5187 1515 5232 et
1553 5177 1901 5247 nudipedalia
1930 5188 2010 5231 at.

415 5291 522 5347 que
547 5274 824 5332 calvitium
846 5271 1201 5342 Jerosolymis
1225 5271 1276 5325 in
1306 5271 1508 5342 templo
1537 5272 1799 5337 exercuit,
1832 5281 1884 5325 ut
1914 5287 1944 5326 e
1965 5292 2007 5323 ›-

413 5383 535 5424 rum
562 5366 780 5424 sedaret
807 5366 1091 5433 invidiam,
1118 5366 1207 5436 qui
1238 5365 1265 5404 δ
1288 5365 1604 5420 eatechisati
1645 5365 1714 5419 de
1762 5379 1829 5418 eo
1873 5364 1966 5419 fue
1986 5394 1998 5405 ο

409 5472 565 5532 rant,
591 5461 735 5535 quod
766 5470 958 5518 contra
1005 5460 1205 5532 Legem
1248 5460 1417 5532 Moysi
1442 5501 1456 5528 ,
1486 5470 1539 5515 et
1573 5460 1740 5514 Deum
1797 5460 2003 5517 laceret

484 5631 511 5692 ἒ
540 5623 707 5677 Iidem
745 5637 901 5690 mss.,
935 5621 1005 5674 ad
1031 5621 1238 5689 infirma
1261 5628 1307 5674 et
1329 5635 1488 5692 egena
1515 5627 1857 5692 rerertmttur.

479 5691 508 5730 ι’
555 5693 830 5749 Rescribit
871 5694 1139 5748 Victorius
1177 5692 1246 5747 ad
1275 5690 1496 5763 suorum
1528 5705 1669 5763 mss.
1693 5690 1874 5757 tidem,
1906 5695 2002 5763 qui

405 5766 617 5908 ἓιέιῆιῖιὲ
646 5766 710 5822 de
736 5782 818 5836 eo,
849 5773 957 5825 etc.
989 5763 1174 5823 Nostri
1201 5778 1324 5822 cum
1352 5762 1618 5834 impressa
1660 5762 1895 5823 lectione
1920 5762 2002 5821 l'a-

2114 4718 2280 4791 455
2311 4717 2550 4771 Robusta
2576 4715 2779 4785 quippe
2808 4721 2864 4768 et
2892 4711 3046 4767 dives
3071 4720 3154 4765 est
3177 4710 3336 4780 Legis
3361 4708 3720 4778 intelligentia

2115 4815 2412 4883 spiritualis
2443 4806 2660 4880 (Ezech.
2694 4807 2810 4878 xx),
2843 4807 2914 4861 ita
2946 4816 3119 4861 utaut
3144 4807 3364 4876 penitus
3385 4804 3717 4860 elementum

2119 4922 2223 4961 non
2268 4903 2468 4960 debeat
2507 4901 2815 4971 appellari,
2862 4909 2958 4956 aut
3001 4900 3334 4955 elementum
3380 4898 3596 4969 quidem
3644 4900 3722 4953 sit

2115 4997 2524 5068 comparatione
2555 4993 2722 5049 futuri
2751 4995 2962 5058 saeculi,
2993 5003 3048 5048 et
3075 4994 3202 5048 vitae
3235 4995 3288 5047 itt
3318 4992 3537 5046 Christo
3558 4991 3718 5056 Jesu,

2114 5108 2217 5162 qua
2250 5105 2390 5146 nunc
2417 5089 2605 5144 vivunt
2631 5088 2807 5158 angeli
2834 5101 3204 5157 superumque
3233 5088 3480 5142 virtutes.
3519 5084 3717 5140 Sensui

2115 5199 2248 5241 vero
2289 5183 2517 5240 Judaico
2563 5188 2902 5253 comparata,
2938 5195 3046 5234 non
3089 5187 3198 5233 tam
3230 5178 3581 5244 eletnentum,
3612 5178 3720 5235 hoc

2114 5289 2218 5344 est,
2264 5278 2500 5341 initium,
2541 5289 2701 5344 quam
2747 5271 3011 5342 perfectio
3041 5282 3399 5341 nuncupetur.
3431 5269 3587 5337 Quod
3619 5286 3719 5324 au-

2113 5379 2222 5428 tem
2249 5371 2326 5425 ait
2357 5389 2370 5425 :
2395 5369 2548 5424 Nunc
2585 5384 2705 5422 vero
2736 5375 3096 5439 cognoscentes
3128 5364 3318 5429 Deum,
3349 5364 3513 5435 magis
3540 5372 3717 5417 autem

2111 5463 2304 5535 saguii
2333 5463 2395 5518 ab
2423 5477 2505 5531 eo,
2537 5460 2666 5516 illud
2696 5458 2960 5526 ostendit,
2989 5457 3133 5528 quod
3162 5467 3286 5528 post
3308 5456 3574 5511 idolorum
3598 5457 3717 5511 cul-

2108 5694 2143 5752 ά
2189 5632 2214 5662 ο
2245 5622 2464 5704 Absque
2494 5620 2725 5693 negandi
2756 5618 3021 5691 particula
3054 5616 3288 5675 Palatia.
3321 5631 3478 5688 ntss.,
3516 5625 3574 5672 ut
3601 5634 3727 5672 ere-

2145 5710 2294 5748 amus
2321 5711 2415 5747 ets.

2106 5710 2497 5840 famii'iiuu
2519 5764 2664 5835 libri,
2686 5763 2838 5839 quasi
2854 5763 2910 5820 in
2933 5761 3076 5820 Filio
3097 5761 3362 5835 prtertitit,
3385 5771 3495 5818 etc.
3582 5795 3698 5826 ηερ..
