3978 6338
218 394 307 456 577
678 386 1332 449 COMMENTARIORUM
1372 388 1439 479 ιῃ
1475 387 1789 448 EPISTOL!

1904 389 1998 448 AD
2035 388 2364 452 GALATAS
2401 390 2530 451 LIB.
2568 391 2641 451 ιι.
2676 389 2830 452 esp.
2871 368 2964 455 tv.
3365 393 3472 458 δτι

218 525 331 577 tum,
354 511 507 567 Deum
552 508 927 565 intellexerint
956 508 1183 574 Galatze,
1212 508 1295 562 vel
1330 507 1510 577 potius
1537 507 1637 578 ipsi
1669 522 1734 560 co
1793 512 1844 572 Α
1873 508 2022 577 poris
2064 508 2356 579 quamdam
2384 508 2732 580 particulam,
2761 512 2856 567 sed
2887 520 3060 567 totum
3106 509 3233 568 vita;
3273 520 3474 570 nostra

213 611 423 679 gnitione
466 605 584 675 ejus
628 604 778 675 digni
821 605 927 659 sint
968 604 1216 673 jttdiCali.
1259 602 1378 659 Non
1425 602 1573 675 quod
1626 602 1766 657 Deus
1869 608 2101 675 spatium
2135 618 2410 678 pcrpetua:
2433 609 2486 662 in
2509 608 2729 664 Christo
2755 610 3123 666 Solemnitatis
3152 610 3467 668 habeamus.

213 702 409 756 Creator
448 698 693 752 omnium
732 697 931 767 aliquid
961 697 1204 767 ignoret;
1234 696 1325 750 sed
1354 694 1498 767 quod
1523 708 1619 750 eos
1650 704 1762 749 tatt-
1869 697 1934 753 Et
1978 707 2036 752 ttt
2068 699 2465 765 posterioribus
2494 701 2678 771 priora
2710 711 3055 771 conuectant,
3085 702 3214 774 qttid
3256 702 3323 757 de
3354 703 3475 774 lege

212 806 308 851 tum
337 793 470 849 scire
495 791 730 860 dicatur,
766 792 855 861 qui
885 807 1133 847 errorem
1181 792 1381 861 pietate
1416 789 1763 845 mutaverint.
1867 791 2040 865 Moysi
2068 801 2124 847 et
2149 792 2217 849 de
2241 793 2513 866 superﬂua
2542 795 2790 851 ciborum
2819 797 3142 855 curiositate
3165 797 3217 851 in
3251 796 3352 852 hac
3376 812 3473 852 ea-

212 886 447 959 Cognoscit
492 885 749 941 Dominus
777 887 865 955 qui
895 895 1017 941 sunt
1055 890 1169 958 eius
1196 886 1267 958 (ll
1290 885 1427 941 Tim.
1461 901 1519 949 tt.
1556 886 1667 955 19).
1698 884 1770 940 Et
1869 883 1991 938 dem
2031 884 2271 955 Epistula
2310 887 2531 956 sentiat,
2562 889 2747 943 statim
2794 888 3077 961 subjungit
3105 901 3158 946 et
3189 890 3475 960 loquitur:

207 982 428 1036 Salvator
455 981 508 1033 in
542 978 848 1050 Evangelia
882 998 893 1034 :
934 977 1045 1051 Ego
1076 997 1216 1051 sum,
1245 978 1342 1046 ait,
1372 987 1551 1052 pastor
1579 977 1764 1044 bonus,
1871 976 1932 1033 Si
1951 977 2088 1031 enim
2117 980 2309 1033 mortui
2337 981 2460 1034 estis
2493 996 2609 1034 cum
2640 978 2870 1048 Christo,
2902 980 2968 1037 ab
2996 981 3258 1036 elementis
3287 981 3474 1037 mundi

206 1086 245 1129 et
264 1089 491 1146 cognosco
510 1089 679 1140 meas,
705 1082 753 1128 et
774 1083 1087 1143 cognoscunt
1110 1089 1189 1128 me
1208 1088 1334 1129 mete
1355 1071 1537 1145 (Joan.
1568 1088 1623 1141 κ,
1651 1071 1765 1142 lt).
1867 1070 2043 1144 hujus,
2070 1072 2195 1141 quid
2216 1071 2392 1127 adhuc
2420 1080 2680 1143 tamquam
2710 1074 2931 1130 viventes
2950 1077 3007 1130 in
3034 1076 3131 1130 hoc
3155 1076 3349 1129 mundo
3381 1075 3473 1129 de-

206 1166 409 1222 Econtra
450 1165 515 1221 ad
551 1167 751 1236 impios
786 1182 800 1221 :
836 1164 1026 1221 Nescio
1054 1183 1163 1236 vos,
1192 1166 1417 1221 recedite
1442 1184 1474 1221 a
1507 1182 1608 1235 me,
1643 1182 1770 1235 ape-
1868 1165 2111 1219 cernitis?
2141 1163 2224 1219 Ne
2253 1164 2540 1236 tetigeritis,
2572 1181 2735 1237 neque
2760 1168 3109 1235 gustareritis,
3140 1183 3304 1239 neque
3344 1183 3472 1221 ron-

201 1260 307 1314 rarii
328 1258 605 1329 iniquitatis
626 1258 786 1331 (Luc.
811 1274 926 1323 xttt,
954 1258 1072 1328 9.7).
1102 1258 1166 1313 Et
1190 1258 1254 1311 ad
1282 1259 1478 1315 stultas
1497 1256 1764 1329 virgines:
1869 1258 2228 1319 trectareritis,
2253 1274 2371 1327 qua:
2403 1266 2522 1312 sunt
2553 1259 2728 1313 omnia
2754 1259 2809 1312 in
2836 1260 3048 1315 interitu
3087 1260 3200 1333 ipso
3229 1275 3350 1323 usu,
3391 1276 3473 1313 se-

204 1348 368 1405 Nescio
390 1364 476 1405 vos
506 1365 625 1421 qua
644 1352 768 1404 estis
793 1348 903 1422 [AL
939 1348 1077 1421 Silio]
1099 1348 1317 1424 (Matth.
1348 1365 1473 1419 xxv,
1509 1348 1620 1419 12).
1868 1352 2099 1408 cundum
2146 1360 2405 1426 praecepta
2449 1360 2496 1406 et
2539 1352 2804 1407 doctrinas
2835 1353 3123 1409 hominum.
3174 1352 3327 1408 Dicat
3372 1352 3474 1408 ali-

260 1441 428 1515 (Vers.
465 1443 554 1508 10,
584 1440 702 1514 11.)
741 1438 867 1497 Dies
897 1442 1198 1510 observatis,
1240 1452 1289 1498 et
1318 1459 1537 1509 menses,
1562 1453 1611 1498 et
1640 1450 1769 1498 tem-
1868 1449 2028 1518 quis:
2054 1446 2112 1500 Si
2158 1445 2277 1502 dies
2320 1445 2619 1501 observate
2671 1460 2781 1501 non
2834 1445 2983 1513 licet,
3032 1456 3089 1501 et
3132 1459 3369 1511 menses,
3416 1451 3474 1500 et

200 1518 328 1607 pera,
352 1541 399 1588 et
432 1550 626 1603 unitos,
650 1534 803 1589 timeo
831 1551 951 1603 ros,
974 1552 1037 1590 ne
1067 1538 1202 1607 forte
1229 1536 1341 1591 sine
1366 1552 1524 1591 causa
1555 1536 1766 1591 labora-
1870 1547 2138 1610 tempora,
2164 1547 2220 1595 et
2241 1553 2435 1604 annos,
2469 1552 2569 1594 nos
2596 1553 2815 1610 quoque
2837 1537 3022 1595 simile
3050 1539 3254 1595 crimen
3289 1540 3474 1595 incur-

198 1627 333 1681 rerim
369 1626 421 1681 in
461 1627 628 1682 vobis.
657 1627 763 1695 Qui
809 1643 917 1683 non
948 1628 1141 1683 adorat
1166 1628 1379 1686 Patrem
1406 1630 1460 1684 in
1492 1629 1688 1701 spiritu
1715 1637 1770 1684 et
1869 1636 2041 1692 rimus
2076 1646 2321 1706 quartato
2361 1633 2572 1690 sabbati
2604 1634 2985 1700 observantes,
3018 1643 3074 1689 et
3110 1647 3467 1703 parasceven,

199 1719 414 1787 veritate,
459 1720 638 1776 nescit
681 1720 1075 1777 sabbatismum
1115 1724 1319 1779 sanctis
1346 1724 1668 1795 repositum,
1700 1722 1769 1780 de
1870 1740 1927 1786 et
1954 1730 2097 1785 diem
2128 1728 2488 1793 Dominicam,
2529 1735 2587 1783 et
2616 1727 2881 1798 jejunium
2913 1726 3383 1798 Quadragesima‘,
3415 1733 3473 1783 et

197 1825 287 1881 quo
325 1811 560 1882 loquitur
604 1811 750 1867 Deus
780 1829 795 1866 :
824 1812 886 1869 Si
919 1813 1226 1870 introierunt
1255 1815 1309 1869 in
1340 1816 1568 1887 requiem
1605 1831 1769 1870 meam
1870 1823 2095 1881 pascha;
2117 1822 2493 1890 festivitatem,
2525 1831 2579 1877 et
2606 1820 2958 1878 Pentecostcs
2982 1820 3249 1887 ltetitiam,
3283 1830 3335 1873 et
3367 1832 3465 1888 pro

200 1902 344 1974 (ρωι.
371 1919 514 1971 xcrv,
544 1904 635 1976 11)
659 1922 674 1960 :
697 1916 752 1961 et
784 1921 889 1961 non
917 1908 986 1963 de
1014 1908 1124 1964 illis
1156 1910 1488 1980 temporibus
1516 1910 1763 1966 recorda-
1798 1908 1845 1968 Β
1873 1916 2139 1972 varietate
2181 1916 2487 1987 regionum,
2530 1913 2749 1969 diversa
2795 1914 2849 1968 in
2902 1912 3113 1968 honore
3166 1921 3467 1983 martyrum

195 2006 284 2064 tur,
320 1997 384 2054 de
417 1999 620 2071 quibus
661 2002 920 2070 scriptum
959 2013 1046 2059 est
1091 2022 1105 2060 :
1154 2005 1523 2062 Recordamini
1561 2009 1763 2063 dierum
1870 2018 2113 2080 tempora
2142 2008 2459 2063 constituta.
2494 2006 2576 2062 Ad
2605 2006 2747 2076 quod
2773 2003 2868 2076 qui
2894 2004 3214 2073 simpliciter
3234 2018 3468 2072 respon-

194 2090 343 2145 διετηιὶ
366 2091 526 2164 (lsai.
555 2110 712 2163 XLVI,
740 2094 822 2170 9).
853 2097 919 2154 Et
948 2099 1081 2157 alibi
1115 2119 1129 2156 :
1162 2099 1484 2157 Memoratus
1509 2119 1622 2157 sum
1653 2103 1762 2156 dies
1865 2102 2034 2169 debit,
2059 2101 2244 2157 dicet:
2277 2115 2384 2155 non
2405 2100 2626 2156 eosdem
2653 2097 2896 2155 Iudaica:
2921 2097 3324 2153 observationis
3350 2096 3471 2153 dies

192 2185 415 2255 antiquos,
466 2200 522 2245 et
565 2207 733 2248 annos
779 2202 999 2251 tetanos
1046 2197 1101 2250 in
1151 2206 1318 2253 mente
1367 2196 1526 2251 habui
1572 2196 1757 2271 (Psnl.
1865 2210 1987 2253 esse
2013 2211 2152 2269 quos
2182 2203 2421 2252 nostros.
2453 2194 2564 2250 Nos
2605 2194 2750 2250 enim
2781 2208 2887 2248 non
2917 2206 3233 2263 azymorum
3261 2189 3467 2262 pascha

194 2292 345 2347 ωτι,
386 2280 459 2352 6).
512 2282 644 2340 Dies
680 2285 943 2343 Iudaicos
984 2289 1281 2360 observat,
1330 2301 1389 2347 et
1433 2307 1672 2361 menses,
1705 2302 1761 2348 ct
1862 2292 2225 2356 celebramus,
2254 2289 2349 2346 sed
2373 2288 2794 2345 resurrectionis
2818 2294 2873 2342 et
2896 2285 3096 2341 erucis.
3121 2283 3235 2339 Nec
3256 2294 3464 2354 septem

193 2380 424 2441 tempora.
469 2386 533 2432 et
570 2394 765 2436 annos.
814 2381 962 2449 Dies,
993 2393 1055 2439 ut
1081 2385 1289 2441 sabbati
1323 2395 1401 2452 ,et
1430 2388 1756 2454 neomenizc,
1857 2385 2010 2457 juxta
2061 2399 2268 2439 morem
2323 2382 2488 2439 Israel
2556 2394 2905 2436 numeramus
2963 2375 3338 2434 hebdomadas
3407 2378 3463 2431 in

190 2471 233 2517 et
265 2478 290 2516 a
331 2463 542 2523 decima
587 2473 797 2528 mensis
841 2475 1005 2545 primi
1037 2491 1208 2548 usque
1233 2476 1300 2532 ad
1330 2487 1580 2549 quartam
1608 2478 1762 2535 deci-
1864 2477 2223 2540 Pentecoste,
2287 2473 2385 2529 sed
2450 2471 2687 2543 Spiritus
2750 2470 2923 2526 sancti
2977 2484 3309 2525 veneramur
3360 2468 3462 2523 ad-

188 2572 327 2624 mam,
352 2577 451 2632 qua
476 2578 657 2636 agnus
684 2581 985 2638 corporeus
1015 2570 1248 2627 victima:
1276 2584 1615 2641 reservatur,
1644 2580 1755 2628 eta
1861 2580 2105 2625 ventum.
2171 2567 2236 2623 Et
2293 2583 2363 2623 ne
2424 2565 2730 2622 inordinata
2788 2572 2816 2602 ιι
2863 2563 3212 2635 congregatio
3279 2563 3464 2633 pepuli

188 2663 346 2723 quarta
369 2656 586 2714 decima
615 2677 789 2732 usque
813 2663 880 2719 ad
909 2664 1219 2721 vicesimam
1250 2667 1478 2738 primam
1506 2668 1753 2739 ejusdem
1858 2663 2023 2718 tidem
2071 2662 2342 2717 minueret
2385 2661 2441 2716 in
2495 2658 2744 2728 Christo,
2792 2673 3080 2729 propterea
3134 2657 3254 2713 dies
3292 2658 3462 2727 aliqui

189 2750 382 2819 mensis,
406 2754 633 2822 quando
662 2771 852 2828 azyma
877 2760 1257 2826 come-duntur,
1288 2778 1396 2818 non
1424 2761 1756 2819 sinceritatis
1857 2755 2138 2811 constituti
2186 2760 2341 2819 sunt,
2397 2761 2455 2808 ut
2503 2754 2554 2807 itt
2605 2766 2768 2806 unum
2814 2764 3007 2807 omnes
3049 2750 3257 2820 pariter
3302 2748 3458 2805 veni-

190 2850 237 2894 et
268 2842 513 2910 veritatis,
559 2847 660 2902 Setl
702 2849 756 2904 in
789 2849 1060 2907 fermento
1097 2856 1264 2910 κει-ιι·τί
1311 2856 1534 2911 malitia:
1573 2864 1628 2911 ct
1655 2873 1754 2913 ne-
1857 2863 2063 2904 remus-
2111 2845 2232 2903 Non
2286 2861 2396 2917 quo
2440 2844 2711 2900 εειθιπίθτ
2757 2842 2829 2899 Sil
2867 2843 2985 2898 dies
3022 2841 3114 2897 illi
3159 2857 3266 2911 illia
3320 2855 3454 2896 αθη-

184 2934 340 3004 quiti:e
368 2936 797 2996 Pharisznorum.
844 2942 1062 3014 Septem
1109 2961 1328 3017 quoque
1373 2949 1747 3020 scptimanas,
1858 2944 2130 3007 venimus,
2162 2939 2259 2997 sed
2314 2955 2421 3009 quo
2477 2951 2820 3008 quacumque
2873 2935 2963 2991 die
3014 2932 3454 2991 conveniendum

183 3025 257 3092 qui
288 3029 380 3083 ritu
414 3029 650 3088 Judaico
688 3044 810 3104 post
838 3053 1025 3109 azyma
1056 3050 1353 3109 computat,
1385 3041 1504 3097 dies
1536 3043 1750 3097 Israeli-
1854 3036 1946 3100 sit,
1974 3033 2134 3107 557
2167 3048 2233 3087 ex
2264 3045 2557 3102 conspectu
2582 3028 2705 3102 [ΑΙ.
2731 3038 2788 3085 et
2810 3025 3066 3101 aspectu]
3097 3038 3286 3081 mutuo
3312 3026 3453 3081 licti-

184 3117 279 3173 ticat
303 3120 653 3181 Pentecostes
668 3128 820 3184 colit.
838 3129 949 3187 Nec
970 3146 1077 3187 non
1098 3143 1150 3188 ct
1170 3134 1480 3203 clangorem
1499 3137 1747 3192 tubarum
1854 3128 1924 3183 tia
1956 3129 2130 3197 major
2159 3127 2385 3182 oriatur.
2419 3123 2521 3193 Qui
2565 3139 2694 3179 vero
2721 3122 2987 3195 opposita:
3012 3121 3296 3193 quaestioni
3325 3135 3457 3177 acu-

183 3225 336 3267 mense
351 3218 583 3287 septimo
600 3226 775 3289 prima
795 3226 1017 3278 mensis.
1039 3226 1257 3282 Decima
1272 3230 1742 3301 quttqueejtpdcm
1783 3294 1816 3301 _
1855 3223 1962 3279 tius
2003 3222 2338 3293 respondere
2373 3229 2622 3285 conatur,
2653 3219 2782 3274 illud
2824 3220 3083 3283 allitmat,
3114 3230 3307 3270 omnes
3333 3214 3367 3269 d
3391 3229 3453 3271 es

183 3309 371 3376 mensis,
400 3313 772 3380 expiationem
810 3326 867 3373 et
890 3318 1176 3387 jejunium,
1207 3334 1264 3377 et
1294 3294 1651 3394 scenopegias
1677 3341 1738 3381 es
1771 3294 1817 3359 Ο
1849 3320 2087 3389 aequales
2126 3333 2269 3383 esse,
2311 3332 2412 3371 nee
2449 3330 2544 3384 per
2575 3328 2903 3382 patascevcn
2934 3322 3140 3366 tantum
3169 3310 3448 3366 Christum

181 3401 846 3473 moreligentes,.luclaicos
866 3411 1742 3473 observantdies.Mensesautem
1848 3412 2123 3481 crttctilgi,
2174 3420 2228 3465 et
2278 3409 2368 3465 die
2411 3407 2688 3463 Dominica
2743 3419 3047 3475 ῐθευτιζετθν
3102 3403 3196 3457 Sed
3237 3417 3455 3471 se"'l‘l‘l‘

181 3494 578 3570 custodiunt,qui
608 3515 840 3570 primum
865 3514 922 3559 et
944 3510 1749 3576 sejttunummensem,uonin-
1848 3515 2093 3560 sanctum
2145 3500 2564 3559 resurrectionis
2611 3512 2737 3554 esse
2782 3497 2925 3553 diem
2965 3505 3021 3552 et
3068 3509 3286 3566 semper
3321 3509 3448 3550 eum

182 3587 445 3657 lclligemes
473 3593 802 3659 mysterium
835 3598 1106 3664 veritatis,
1130 3601 1447 3655 observant.
1471 3602 1743 3673 Tempora
1846 3617 2008 3656 carne
2029 3599 2174 3654 vesci
2207 3597 2503 3661 Dotniniea,
2534 3594 2748 3667 Jejunia
2777 3604 2955 3649 autem
2979 3601 3035 3648 et
3060 3593 3442 3663 congregatio-

178 3693 360 3749 quoque
376 3681 541 3757 556
569 3686 786 3752 colunt,
816 3689 905 3758 qui
940 3698 1022 3744 ter
1048 3705 1148 3760 per
1175 3707 1349 3748 annos
1377 3694 1620 3764 singulos
1650 3693 1743 3750 Je-
1847 3711 1942 3750 nes
1993 3696 2135 3749 inter
2183 3693 2303 3748 dies
2362 3701 2582 3761 propter
2634 3703 2730 3743 eos
2768 3702 2799 3742 a
2839 3685 2972 3741 viris
3010 3682 3039 3723 δ
3089 3683 3450 3754 prudentibus

179 3773 463 3847 rosolyutam
494 3782 803 3846 venientes,
825 3790 1011 3850 putant
1030 3799 1089 3840 se
1115 3786 1325 3843 1)οιηῇΙί
1350 3787 1575 3857 intp'ere
1600 3803 1739 3857 prm-
1844 3791 2187 3851 constitutos,
2222 3786 2309 3855 qui
2334 3785 2503 3854 magis
2530 3783 2730 3838 sarculo
2756 3786 2968 3845 vacant,
2995 3792 3157 3848 quam
3184 3776 3316 3839 Deo,
3344 3787 3448 3829 nec

178 3875 377 3933 ceptum,
402 3869 644 3926 dicentis
668 3889 682 3925 :
705 3871 895 3928 Tribus
919 3877 1236 3947 temporibus
1257 3880 1380 3933 anni
1400 3881 1533 3934 diem
1556 3881 1740 3950 festum
1844 3892 2092 3953 possunt,
2122 3882 2287 3934 immo
2307 3881 2501 3934 nolunt
2519 3888 2631 3931 toto
2660 3875 2714 3929 in
2744 3872 2985 3929 Ecclesia
3009 3871 3134 3926 vita:
3165 3885 3278 3925 sua:
3308 3876 3450 3923 tem-

178 3960 308 4025 agetis
330 3962 469 4029 mihi,
502 3967 886 4025 solemnitatem
929 3987 1249 4042 azymorum,
1281 3983 1327 4029 et
1368 3975 1740 4030 solemnitatem
1846 3991 1978 4046 pore
2003 3974 2342 4043 congregari,
2370 3979 2427 4027 et
2447 3979 2574 4025 ante
2602 3969 2872 4022 humanos
2898 3974 3071 4032 actus,
3100 3963 3214 4019 Deo
3236 3962 3444 4017 oratio-

179 4053 324 4107 messis
349 4058 753 4127 primitirorum;
782 4069 830 4115 et
867 4064 1247 4121 solemnitatem
1281 4070 1740 4124 consummationis
1840 4081 1971 4122 tium
2002 4080 2222 4121 suarum
2262 4062 2462 4119 oll'erre
2500 4059 2852 4117 sacriﬁcium.
2883 4057 3089 4126 Quotus
3116 4055 3262 4111 enim
3299 4054 3445 4126 quis-

175 4140 218 4193 in
232 4145 355 4199 exitu
378 4150 500 4203 anni
522 4150 732 4221 (Exod.
758 4168 914 4217 χχιιι,
939 4156 1026 4223 14,
1051 4157 1240 4231 seqq.).
1267 4159 1332 4214 Et
1360 4160 1490 4215 alibi
1516 4178 1528 4214 :
1556 4159 1738 4216 Tribus
1842 4179 1948 4235 que
1976 4173 2079 4227 est,
2106 4161 2197 4232 qui
2230 4159 2423 4213 saltem
2455 4156 2572 4211 haec
2602 4168 2771 4225 pauca
2799 4167 2919 4223 qna:
2947 4159 3151 4206 statuta
3179 4157 3323 4216 sunt,
3357 4148 3446 4205 vel

174 4240 451 4304 tenuioribus
477 4244 610 4299 anni
656 4247 932 4319 apparebit
964 4251 1312 4307 ntascult'num
1342 4264 1492 4308 tuum
1520 4257 1576 4308 in
1614 4272 1739 4310 con-
1840 4256 2030 4313 orandi
2062 4265 2329 4322 tempora,
2354 4251 2438 4306 vel
2472 4247 2749 4320 jejunandi
2777 4261 2998 4317 semper
3025 4243 3315 4301 exerceat?
3339 4243 3447 4299 Ita-

173 4338 313 4394 Spretis
338 4329 542 4389 Domini
583 4334 682 4392 Dei
712 4339 790 4393 tui
830 4338 998 4411 (Ibid.
1030 4344 1183 4415 xvn).
1226 4346 1381 4412 Quod
1413 4355 1595 4402 autem
1635 4349 1733 4416 ait,
1840 4364 1946 4422 que
1968 4348 2102 4403 sicut
2133 4344 2289 4401 nobis
2315 4344 2435 4399 licet
2457 4343 2542 4398 vel
2566 4341 2817 4412 jejunare
2843 4353 3080 4408 semper,
3106 4337 3196 4393 vel
3224 4352 3443 4407 semper

172 4428 395 4489 uanitas,
424 4440 563 4496 puto
586 4428 659 4483 de
689 4432 923 4498 septimo
954 4437 1292 4492 remissionis
1326 4454 1474 4494 anno
1516 4441 1644 4509 diei,
1680 4451 1734 4498 et
1839 4459 2019 4509 orare,
2052 4453 2105 4497 et
2132 4440 2275 4496 diem
2309 4436 2644 4494 Dominicam
2686 4441 2912 4503 accepto
2945 4431 3156 4487 Domini
3205 4444 3440 4503 corpore

172 4508 225 4608 δὲ
254 4517 711 4608 (ιτιίηίιυειεεείπιο,
738 4540 900 4597 quem
930 4529 1007 4584 illi
1038 4529 1312 4588 Jubileum
1354 4544 1567 4590 vocant.
1605 4508 1732 4592 Ple-
1838 4508 2207 4594 indesinenter
2237 4532 2512 4591 celebrare
2549 4528 2909 4601 gaudentibus
2940 4542 2955 4583 :
2989 4540 3097 4580 non
3145 4525 3214 4579 ita
3252 4538 3307 4580 et
3344 4523 3441 4581 Ju-

171 4606 266 4701 lius
292 4606 424 4667 hunc
454 4614 639 4670 locum
667 4619 735 4671 ad
760 4616 1117 4678 Colossenses
1144 4624 1441 4696 Apostolus
1470 4629 1725 4700 eaplicat,
1760 4683 1804 4701 n
1837 4632 1969 4689 dicis
1999 4631 2078 4686 fas
2106 4640 2187 4685 cst
2221 4628 2367 4683 omni
2394 4637 2640 4696 tempore
2668 4622 2956 4677 immolare
2985 4634 3202 4692 agnum,
3230 4619 3435 4675 Pente-

170 4695 354 4756 dtcens:
385 4704 557 4763 Nemo
594 4726 719 4783 ergo
743 4729 833 4767 vos
864 4717 1060 4784 iudicet
1096 4718 1151 4771 in
1181 4695 1316 4783 cibo,
1349 4730 1442 4774 aut
1483 4695 1556 4776 inv
1578 4735 1724 4792 potu,
1757 4695 1807 4743 υ
1832 4738 2036 4780 costem
2064 4737 2253 4793 agere,
2285 4695 2625 4775 tabernacula
2658 4716 2849 4785 figere,
2888 4713 3138 4783 jejunare
3166 4710 3433 4782 qumidie.

168 4802 239 4845 ⁸⁸⁸⁸
261 4794 306 4848 ίη
326 4809 469 4868 parte
495 4804 603 4856 diei
634 4806 775 4874 festi,
806 4817 899 4861 aut
923 4812 1225 4881 neomenfte,
1250 4820 1341 4866 aut
1371 4812 1726 4883 sabbatorum,
1832 4818 1976 4875 Satis
2003 4830 2137 4871 vero
2163 4813 2479 4869 eauteiuter
2503 4812 2878 4866 auctoritatem
2898 4805 3169 4877 Apostoli,
3190 4815 3241 4860 et
3259 4803 3436 4860 sancti

167 4899 258 4979 es:
289 4903 400 4947 sunt
443 4896 629 4950 uttcbra
669 4899 961 4969 futurorum
1005 4902 1226 4975 (Coloss.
1263 4921 1321 4970 tt,
1355 4906 1467 4979 16).
1511 4907 1727 4964 Partem
1833 4910 2069 4967 hominis
2117 4910 2393 4964 lenitatem
2440 4905 2605 4961 verba
2638 4900 2953 4957 moderatus
2989 4908 3095 4963 est,
3142 4897 3434 4954 inferens:

168 4976 250 5036 diei
272 4982 385 5041 f-su
414 4988 481 5043 ad
511 4990 920 5050 distinctionem
965 5010 1244 5069 perpetua:
1287 4976 1599 5059 festivitatis
1640 5004 1728 5060 hic
1832 5004 2010 5060 Timeo
2039 5017 2150 5065 vos,
2182 5017 2246 5055 ne
2277 5002 2411 5073 forte
2452 4999 2565 5052 sine
2602 5010 2757 5050 causa
2789 4991 3128 5047 laboraverim
3172 4989 3224 5043 in
3265 4988 3430 5044 vobis.

170 5077 330 5144 Ρυευὶι.
366 5090 425 5136 ιιι
446 5098 558 5141 non
599 5088 853 5158 brevem,
874 5099 951 5158 et,
981 5102 1037 5146 ut
1066 5092 1139 5147 ita
1166 5095 1368 5162 dicam,
1398 5096 1565 5154 tatius
1595 5112 1725 5155 cor-
1834 5099 1890 5158 Si
1918 5098 2064 5155 enim
2093 5096 2320 5166 abrupte
2339 5091 2708 5150 condemnare
2737 5087 2999 5144 Valuisset
3020 5128 3035 5153 ,
3067 5085 3295 5140 dixisset
3329 5082 3434 5137 uti-

222 5259 404 5352 ;llqlts
431 5265 663 5352 Palatio.
696 5286 828 5341 ms.,
859 5290 923 5328 ne
954 5276 1246 5334 inordinate
1289 5281 1589 5352 congregati
1618 5295 1716 5352 po-
1827 5279 1894 5335 lis
1923 5280 2095 5336 sacris
2120 5280 2471 5352 constitutam
2495 5272 2808 5352 operaodis,
2841 5285 3025 5352 nemo,
3054 5268 3270 5352 opinor:
3301 5261 3428 5352 i't‘t'it

166 5328 760 5437 Ἦίέξξεηεὲξι-μψη
1292 5328 1679 5437 ⁷⁷
1827 5328 3419 5437 ἓἓῖιεξῖἆὲζξῖιέὶξῇἰὲἱιζᾷςὶίίὲἔέέυκιεὺῖρτιξίεξξιξέεεξἕξις

264 5402 580 5493 §utliithiuc
593 5414 695 5493 sibi
721 5415 951 5493 Dallarus
973 5420 1204 5484 animos,
1237 5424 1578 5491 probaturus,
1606 5438 1715 5480 non
1825 5402 2356 5493 iéi'iifé'pis'iii'tliii
2374 5402 2721 5493 litaret-llam,
2745 5402 2865 5484 qua:
2886 5426 3077 5493 contra
3102 5411 3419 5493 Montanum

165 5467 501 5566 massas,
526 5484 622 5539 ε...
652 5467 1715 5566 ρὶιειιὶἱξαῖῐιέί’ξῖἓίἶὼἿίέὶῖιὶζῖιῖίίῐὲἑῖεᾞέῖ
1821 5467 2178 5566 ἱῆζρῖἓδῖἰῑῖῖὶξ
2205 5467 2681 5565 τηλίειᾱέάςῖεθηραηι
2706 5467 3014 5566 tantum
3066 5481 3416 5566 ...ιιειερρςιη

164 5548 462 5639 {unita-fuitat:
489 5548 810 5639 CttDSIitttta.
840 5561 908 5616 Αι
933 5578 1064 5617 vero
1082 5548 1357 5639 nottiali‘os
1383 5581 1545 5635 quam
1817 5548 2188 5639 apostolorum
2208 5548 2460 5639 jejuuari’
2477 5578 2499 5617 .'
2523 5565 2791 5639 docetque
2820 5559 2960 5610 adeo
2986 5570 3055 5639 ρας
3083 5553 3407 5639 ηειιεδξὸίιιςί,

334 5621 569 5707 limitum
597 5614 923 5707 prudentum
948 5614 1553 5707 tablini—ite'de—s—iéinaii—ali
1817 5614 2673 5707 ii‘oiﬁiiétioiiéié'ipsum»..is_
2692 5614 3113 5707 abre-PXaI-Itlttll-t,
3162 5623 3302 5707 quod
3332 5614 3404 5707 ali

165 5695 381 5779 21""?!
425 5695 611 5779 HT!“
634 5715 706 5779 ,εξ
743 5704 847 5758 ¹¹⁰⁰
877 5705 996 5773 iP‘O
1049 5695 1332 5762 θοηιθκιυν
1359 5710 1698 5779 Ι¹¹³ηίθδί¹υθν
1814 5710 1945 5777 ipsis
1974 5712 2235 5779 apostolis
2273 5695 2451 5779 ortum
2480 5701 2729 5779 dun-rint;
2755 5695 2906 5779 Addi}
2943 5696 3233 5779 illitlitljtﬂﬁ
3268 5705 3402 5779 ιιιεεξ

163 5761 461 5853 Egi-Edictu-
483 5761 830 5853 Domittiratn
868 5761 941 5853 et
962 5761 1380 5853 congregatione;
1419 5761 1553 5853 inter,
1571 5761 1700 5853 die;

1832 5761 2070 5853 rip—enea
2089 5761 2408 5836 itabbauum
2439 5775 2547 5844 hic,
2578 5787 2609 5825 α
2631 5770 2757 5827 vitis
2779 5761 3266 5845 rredentibuslvgi,
3304 5777 3403 5836 tuo

162 5826 400 5926 mgni,
412 5844 575 5926 atque
591 5826 1699 5926 jejuniainstitii

164 5889 459 5966 Dominicam
477 5889 610 5970 itero
627 5889 769 5973 diem
798 5889 1183 5992 ιιοῖί
