3962 6338
191 452 489 514 cruciﬁxum.
514 444 650 501 Cum
695 441 860 513 igitur
885 452 972 493 me
1003 434 1273 490 videretis
1303 432 1356 486 in
1385 440 1622 498 corpore
1663 423 1752 478 in—

191 543 496 602 ﬁrmitatibus
539 535 780 591 obnoxio
827 529 1214 588 constitutum.
1269 537 1440 594 regna
1491 516 1744 575 cmlestia

188 641 490 714 pollicentem
534 647 648 686 non
703 625 970 693 irrisistis,
1016 638 1117 678 nec
1166 615 1480 674 mstimastis
1521 613 1742 683 dignum

187 708 290 792 esse
324 733 666 797 contemptu:
699 716 1086 792 intelligebatis
1132 717 1336 787 quippe
1376 708 1742 764 humilitatem

185 827 339 885 carnis
361 837 511 886 mete,
543 829 599 874 et
625 818 798 888 ipsius
835 814 1056 869 habitus
1085 809 1376 873 vilitatem,
1407 804 1473 860 ad
1499 811 1742 860 vestram

186 918 500 977 tentationem
550 912 668 967 ﬁeri
701 928 716 965 :
749 925 816 965 an
847 907 1102 963 videlicet.
1143 897 1568 959 contemneretis
1595 908 1739 958 eum,

183 1012 255 1081 qui
279 1011 340 1064 ab
360 1005 649 1062 incredulis
681 999 1010 1058 miserabilis
1039 995 1362 1067 putabatur;
1395 989 1491 1046 sed
1517 997 1741 1043 econtra

181 1105 308 1159 illum
333 1099 613 1160 humilem,
643 1097 804 1151 vilem
831 1103 995 1165 atque
1025 1099 1418 1157 contemptum,
1453 1084 1522 1138 ita
1561 1090 1620 1136 ut
1647 1095 1744 1134 an-

179 1197 352 1270 gelum,
383 1201 434 1249 el
472 1192 759 1262 plusquam
789 1187 1042 1257 angelum
1083 1180 1419 1251 suscepistis.
1455 1177 1563 1232 Aut
1593 1183 1742 1230 certe

180 1285 411 1357 suspicari
442 1296 757 1354 possumus,
779 1277 1102 1349 Apostolnm
1134 1289 1200 1329 eo
1228 1283 1476 1341 tempore
1507 1283 1615 1340 quo
1639 1266 1744 1336 pri-

178 1397 300 1438 mum
325 1378 467 1435 venit
486 1376 553 1430 ad
584 1375 830 1436 Galatas,
863 1378 1194 1438 :egrotasse;
1225 1375 1284 1421 et
1310 1363 1491 1434 aliqua
1518 1375 1743 1432 corpus-

177 1468 587 1529 culiintirmitate
617 1466 919 1530 detentum,
955 1476 1061 1516 non
1097 1473 1344 1516 cessasse
1391 1466 1595 1524 tamen,
1640 1467 1742 1508 nec

175 1580 336 1622 vocem
357 1561 568 1618 silentio
591 1557 942 1626 repressisse,
971 1569 1079 1626 quo
1105 1555 1285 1607 minus
1307 1559 1546 1619 emptum
1565 1547 1742 1602 Evan-

177 1658 344 1730 gelium
373 1653 719 1726 praedicaret.
756 1649 889 1705 Nam
934 1647 1154 1703 tradunt
1196 1661 1317 1700 eum
1359 1641 1740 1709 gravissimum

175 1749 339 1820 capitis
366 1745 614 1802 dolorem
647 1757 795 1812 saepe
826 1754 1144 1810 perpessum
1179 1754 1192 1792 :
1222 1747 1273 1792 et
1317 1736 1460 1790 hunc
1491 1748 1615 1789 esse
1645 1747 1740 1785 au-

643 315 1297 384 COMMENTARIORUM
1334 313 1401 369 IN
1439 304 1833 368 EPISTOLAM
1871 305 1966 360 AD
2006 300 2332 360 ΕΛΕΑΤΑὸ
2369 297 2503 354 LIB.
2544 295 2610 352 ll.
2651 293 2810 350 CAP.
2849 289 2938 349 IV.

1778 422 1826 482 Α
1857 418 2076 488 grados,
2103 418 2256 488 juxta
2288 421 2578 484 provectus
2606 424 2737 466 suos
2762 407 2996 462 habeant
3018 400 3449 460 beatitudinem:

3342 284 3450 343 332

1848 511 1894 567 si
1928 511 2072 578 linis,
2101 518 2157 565 et
2195 517 2256 564 ut
2296 508 2370 562 ita
2403 508 2614 574 loquar,
2659 510 2903 558 extrema
2947 511 3139 551 manus
3167 494 3315 563 operi
3348 492 3447 546 de-

1849 609 2030 671 fuerit,
2077 614 2223 661 totus
2257 603 2410 658 labor
2462 601 2654 655 irritus
2683 596 2810 661 ﬁet;
2856 604 2909 647 et
2941 592 3194 646 dicetur:
3232 585 3332 643 Ubi
3376 593 3452 639 est

1845 718 1966 772 ergo
2001 696 2260 754 beatitudo
2290 693 2497 750 vestra?
2527 688 2809 760 Quamvis,
2844 688 3042 756 inquit,
3075 695 3172 736 vos
3214 694 3280 736 eo
3315 688 3452 734 tem-

1847 808 1978 865 pore
2006 807 2113 864 quo
2159 787 2516 869 Evangelium
2558 785 2712 854 juxta
2760 793 2984 835 carnem
3034 772 3450 844 susceperatis,

1845 889 2039 945 beatos
2077 886 2317 940 dicerem
2364 879 2509 950 quod
2555 879 2609 933 in
2662 875 2832 931 initiis
2873 869 3216 928 fervebatis:
3269 875 3303 920 t:

1845 997 1989 1037 nunc
2016 978 2140 1050 quia
2174 993 2279 1031 non
2316 975 2476 1028 video
2507 970 2736 1026 mdilicio
2764 967 2986 1022 culmen
3029 961 3362 1032 impositum,
3395 965 3452 1014 et

1847 1089 1988 1144 pene
2029 1071 2056 1110 δ
2101 1082 2444 1140 nequaquam
2490 1065 2632 1134 jacta
2664 1060 2996 1124 fundamina,
3025 1071 3194 1126 cogor
3220 1053 3402 1108 dicere
3436 1068 3449 1106 :

1851 1167 1949 1224 Ubi
1977 1175 2050 1222 est
2077 1181 2201 1236 ergo
2232 1160 2496 1217 beatitudo
2532 1169 2724 1222 vestra,
2767 1169 2872 1226 qua
2922 1166 3018 1207 vos
3067 1150 3258 1204 beatos
3300 1146 3450 1202 arbi-

1847 1271 1999 1316 trans
2043 1272 2169 1314 ante
2222 1254 2545 1313 laudabam?
2596 1251 2739 1307 Vere
2789 1249 2936 1305 enim
2980 1255 3037 1301 et
3083 1244 3203 1315 ipse
3253 1241 3451 1305 fateor,

1843 1359 1966 1425 quia
1999 1355 2077 1408 sic
2108 1369 2192 1409 me
2235 1351 2391 1406 vobis
2431 1347 2654 1402 humilia
2701 1342 3090 1414 pra-dicantem
3137 1336 3225 1392 vel
3265 1347 3454 1404 perse-

1844 1449 2156 1505 cutiOnihus
2195 1445 2358 1517 462
2399 1441 2796 1502 conﬂictatum,
2842 1435 2897 1490 in
2932 1429 3204 1502 principio
3230 1425 3457 1482 dilexis-

1845 1544 1914 1598 tis
1943 1561 1956 1596 :
1993 1551 2052 1596 ut
2077 1543 2119 1596 si
2156 1541 2273 1615 lit-ri
2311 1547 2492 1607 posset
2527 1528 2910 1604 (hyperbolice
2941 1535 3120 1580 autem
3151 1533 3278 1578 sunt
3304 1520 3451 1576 acci-

1846 1637 2043 1709 pienda
2074 1649 2196 1705 quae
2226 1611 2499 1704 loquitur)
2525 1625 2813 1685 eruissetis
2838 1621 2999 1677 vobis
3027 1619 3246 1681 oculos;
3275 1623 3333 1670 et
3354 1611 3457 1668 mi-

1848 1733 1924 1798 hi,
1957 1741 2017 1786 ut
2057 1730 2300 1786 omnium
2348 1735 2591 1781 vestrum
2626 1718 2928 1776 luminibus
2979 1715 3100 1784 plus
3144 1725 3453 1776 cernerem,

177 1843 326 1909 gelum
356 1838 593 1903 Satanae,
629 1838 721 1906 qui
743 1836 1024 1906 appositus
1049 1833 1100 1888 ei
1131 1833 1219 1897 sit,
1258 1839 1317 1886 ut
1345 1845 1468 1886 eum
1505 1825 1748 1896 eolaphi-
1779 1810 1824 1870 Β
1853 1829 2161 1884 dedissetis.
2197 1821 2482 1892 Optabatis
2514 1819 2717 1890 quippe
2745 1828 2844 1870 vos
2878 1825 3055 1867 caecos
3095 1822 3218 1864 esse
3245 1820 3342 1875 per
3377 1803 3460 1858 in-

174 1944 298 1990 zaret
322 1935 370 1987 in
396 1946 585 1996 carne,
621 1945 692 1986 ne
730 1929 1104 1985 extolleretnr.
1159 1926 1284 1980 Haec
1335 1923 1656 1988 inﬁrmitas,
1691 1930 1745 1974 et

175 2027 371 2096 languor
390 2024 480 2080 hic
509 2025 790 2093 corporis,
819 2021 959 2092 apud
985 2035 1080 2076 eos
1102 2019 1297 2090 quibus
1320 2017 1579 2071 aununtia
1591 2016 1748 2068 batur

176 2118 504 2189 Evangelium
533 2159 549 2185 ,
601 2116 836 2173 tentatio
880 2116 979 2169 fuit
1009 2132 1022 2168 :
1056 2130 1122 2168 an
1174 2120 1586 2168 contemnerent
1620 2125 1744 2162 eum

172 2209 393 2265 sublimia
427 2208 867 2280 promittentem,
901 2222 1062 2277 quem
1105 2204 1455 2275 languoribus
1497 2203 1748 2274 corporis

172 2302 444 2370 subjectum
474 2300 761 2355 videbant.
794 2298 902 2354 Nec
957 2313 1060 2354 non
1091 2308 1147 2354 et
1193 2298 1321 2351 illud
1368 2297 1475 2351 dici
1523 2307 1744 2365 potest,

171 2394 292 2462 quod
317 2395 366 2448 in
393 2393 672 2463 principio
701 2392 968 2448 adventus
995 2393 1079 2447 sui
1107 2391 1172 2446 ad
1192 2392 1434 2455 Galatas,
1467 2400 1750 2446 contume-

171 2488 267 2552 lias,
292 2487 445 2562 461
460 2496 520 2544 et
541 2488 980 2558 persecutiones,
1000 2498 1055 2543 et
1077 2489 1264 2557 plagas
1293 2487 1543 2556 corporis
1571 2487 1640 2540 ab
1663 2485 1750 2540 his

169 2583 244 2650 qui
267 2583 610 2637 contraibant
640 2582 938 2652 Evangelio
970 2582 1290 2636 sustinuerit
1321 2597 1334 2634 :
1369 2590 1422 2634 et
1453 2580 1593 2634 hanc
1621 2578 1752 2632 fuis-

169 2691 218 2733 se
251 2679 604 2733 tentationem
657 2677 743 2731 vel
789 2677 1083 2731 maximam
1141 2675 1372 2741 Calatis,
1428 2672 1750 2742 Apostolnm

169 2770 338 2825 Christi
385 2771 746 2826 cernentibus
779 2769 1080 2822 verberari.
1111 2767 1266 2836 Quod
1300 2777 1483 2820 autem
1517 2767 1614 2828 ait,
1646 2768 1754 2819 sic-

168 2874 214 2915 ut
236 2863 496 2932 angelum,
532 2862 671 2916 sicut
693 2861 966 2916 Christum
995 2862 1180 2916 Jesnin
1211 2859 1530 2930 suscepistis
1561 2866 1756 2914 mezet

168 2958 335 3026 angelo
357 2955 463 3028 (At.
491 2953 730 3027 angelis]
753 2953 1028 3008 Christum
1062 2968 1182 3008 esse
1205 2951 1442 3007 ostendit
1461 2951 1749 3021 majorem,

170 3063 308 3116 quem
339 3049 645 3104 secundum
685 3048 1151 3116 dispensationem
1184 3046 1434 3116 corporis
1475 3048 1749 3100 minorem

167 3139 421 3196 Psalmista
451 3150 800 3209 cantaverat,
833 3140 1024 3194 dicens
1070 3157 1083 3194 :
1118 3138 1396 3193 Minorasti
1444 3155 1560 3192 eum
1595 3137 1754 3207 paulo

169 3236 311 3290 atinas
332 3236 394 3290 ab
425 3236 634 3309 angelis
665 3235 838 3307 (Psal.
872 3251 998 3301 vttt,
1037 3237 1125 3304 6);
1154 3245 1210 3290 et
1232 3244 1443 3289 tantum
1465 3249 1560 3288 sua
1582 3235 1746 3288 verba

168 3328 209 3383 in
229 3329 487 3400 principio
522 3330 762 3385 valuisse
789 3329 1158 3395 demonstrat,
1193 3340 1247 3382 nt
1278 3329 1459 3399 angeli
1491 3339 1754 3397 putaren-

169 3428 238 3474 tur
261 3432 314 3476 et
340 3422 575 3478 Christi.

222 3514 386 3586 (Vers.
420 3517 521 3580 15,
553 3515 671 3587 16.)
715 3513 815 3570 Ubi
850 3523 923 3568 est
953 3529 1076 3585 ergo
1117 3513 1378 3568 beatitudo
1408 3513 1625 3567 vestra?
1660 3510 1756 3566 Te-

169 3608 433 3663 stimonium
461 3611 609 3664 enim
641 3607 884 3676 perhibeo
911 3608 1054 3663 vobis
1078 3623 1097 3662 :
1120 3609 1247 3680 quia
1276 3611 1318 3662 si
1339 3609 1452 3677 ﬁeri
1475 3608 1752 3677 potuisset,

168 3702 318 3754 oculos
345 3713 544 3756 uestros
567 3702 838 3755 eruissetis
869 3711 914 3754 et
932 3701 1201 3755 dedissetis
1233 3699 1377 3754 mihi.
1410 3699 1552 3766 Ergo
1578 3701 1760 3755 inimi-

169 3806 242 3846 cus
267 3793 391 3848 robis
412 3795 586 3864 foetus
605 3809 723 3847 sum
745 3794 1006 3846 veritatem
1037 3795 1210 3846 dicens
1241 3795 1422 3846 vobis?
1452 3761 1648 3848 libatus
1671 3803 1758 3847 est

167 3887 242 3955 qui
267 3889 500 3942 ambulat
523 3887 580 3942 in
610 3886 871 3941 virtutum
900 3886 1008 3953 via,
1034 3886 1128 3940 sed
1161 3887 1205 3940 si
1231 3886 1296 3939 ad
1329 3887 1556 3940 virtutes
1581 3901 1756 3956 usque

169 3981 470 4045 pervenerit.
502 3980 622 4036 Nec
657 3980 877 4050 prodest
909 3995 936 4032 a
968 3981 1114 4034 vitiis
1155 3979 1472 4042 recessisse,
1506 3979 1614 4032 nisi
1660 3997 1761 4050 op-

169 4072 278 4125 tima
306 4073 773 4144 comprehendas.
800 4074 934 4140 Quia
987 4088 1098 4126 non
1133 4081 1240 4126 tam
1269 4071 1421 4126 initia
1469 4080 1600 4127 sunt
1647 4073 1699 4127 in
1733 4081 1760 4110 ι

169 4162 302 4218 bonis
330 4167 530 4221 studiis
561 4164 858 4229 laudanda,
886 4179 1048 4234 quam
1078 4163 1224 4218 ﬁnis.
1258 4165 1408 4219 Sicut
1430 4164 1574 4218 enim
1603 4164 1656 4218 in
1682 4164 1765 4218 vi-

169 4272 252 4313 nea
274 4261 420 4316 multi
449 4276 633 4331 usque
659 4261 725 4314 ad
760 4260 984 4331 praelum
1008 4273 1128 4312 uva)
1156 4259 1356 4326 gradus
1380 4268 1538 4314 sunt:
1570 4270 1621 4313 et
1654 4259 1763 4327 pri-

171 4368 297 4408 mum
327 4371 560 4410 necesse
590 4367 672 4408 est
705 4367 758 4408 ut
783 4355 908 4408 vitis
936 4363 1176 4423 gemmet
1202 4354 1256 4407 in
1292 4355 1760 4425 pampiiiis,spem

170 4449 425 4515 promittat
456 4450 511 4503 in
545 4448 777 4502 ﬂoribus
807 4465 820 4501 :
853 4449 1054 4502 dehinc
1089 4457 1147 4500 ut
1198 4449 1333 4502 tlore
1377 4447 1628 4510 decusso,
1672 4446 1762 4502 fn-

173 4542 259 4596 turi
294 4544 430 4599 botri
476 4545 700 4614 species
745 4542 1101 4607 deformetur,
1141 4542 1506 4613 paulatimque
1550 4552 1759 4613 turges-

170 4648 282 4689 cens
313 4652 414 4692 uva
460 4636 762 4707 parturiat,
821 4645 881 4690 ut
929 4651 1112 4705 pressa
1166 4636 1534 4691 torcularibus
1583 4637 1761 4691 dulcia

172 4738 326 4782 musta
355 4729 623 4784 desudet.
654 4729 733 4783 Ita
763 4736 817 4784 et
847 4729 900 4782 in
938 4729 1183 4783 doctrina
1229 4729 1425 4800 singuli
1476 4729 1767 4784 beatitudi-

173 4836 282 4875 num
323 4832 448 4877 sunt
488 4831 792 4891 provectus
822 4820 930 4894 [AL
965 4821 1266 4895 profectus]
1297 4839 1308 4874 :
1343 4832 1400 4877 ut
1430 4822 1615 4877 audiat
1645 4825 1766 4891 quis

173 4913 376 4967 verbum
422 4916 543 4977 Dei,
581 4925 637 4967 ut
676 4915 967 4983 concipiat,
1021 4922 1083 4966 ιιι
1128 4911 1180 4967 in
1213 4923 1368 4968 utero
1421 4915 1618 4968 animm
1649 4915 1768 4984 ejus

172 5006 454 5073 adolescat,
508 5016 568 5062 et
611 5008 676 5062 ad
731 5015 942 5076 partum
977 5023 1146 5078 usque
1183 5008 1486 5078 perveniat.
1525 5008 1592 5065 Ut
1637 5024 1760 5064 eum

175 5103 429 5170 pepererit
473 5102 654 5166 illum,
703 5102 849 5156 lacte
897 5102 1153 5167 enutriat,
1204 5110 1261 5156 et
1309 5116 1405 5171 per
1456 5100 1759 5172 infantiam,

178 5193 468 5290 ineritiam,
500 5193 953 5259 adolescentiam,
979 5194 1341 5264 juventutem,
1370 5195 1436 5250 ad
1464 5201 1763 5265 perlectum

178 5283 332 5338 virum
356 5300 533 5356 usque
562 5283 842 5356 perducat.
864 5285 995 5341 Cum
1020 5301 1151 5356 ergo
1172 5287 1390 5357 singuli,
1417 5297 1475 5343 ut
1503 5287 1762 5360 diximus,

179 5495 375 5574 codices
402 5498 594 5574 legunt
627 5495 774 5566 quod
803 5510 901 5550 nos
929 5494 1231 5565 posuimus.
1267 5495 1482 5574 Sensus
1511 5496 1615 5552 iste
1641 5511 1765 5554 esse

183 5569 398 5632 videtur,
449 5570 587 5623 nihil
616 5584 862 5638 magnum
906 5577 1093 5639 prater
1139 5568 1447 5633 cruciﬁxum
1491 5568 1767 5638 deferens;

191 5613 398 5632 ..-ν,,..,
617 5613 701 5620 ...π
944 5613 1079 5620 ...--.
1140 5613 1274 5620 -.η-
1302 5613 1447 5622 ηπ-.-
1492 5613 1553 5620 μ-
1583 5613 1699 5622 -.νη

180 5640 275 5711 vel,
301 5641 433 5694 nihil
463 5613 731 5711 magna":
761 5613 996 5709 deferEns
1027 5613 1332 5706 cruciﬁxuin
1357 5613 1764 5697 solumJMAR'vt':

182 5710 729 5790 -.-ltaetnostri_inss.
749 5713 1045 5790 praef-erunt
1061 5711 1347 5790 bono‘satis
1374 5725 1554 5764 sensu.
1589 5711 1768 5766 Victo-

185 5781 284 5863 rius
300 5783 378 5865 de
404 5800 505 5865 suo
529 5783 696 5850 addit,
724 5783 846 5850 nisi,
874 5783 925 5838 id
947 5792 1051 5847 est,
1085 5781 1214 5836 nihil
1242 5799 1484 5854 magnum
1509 5783 1746 5854 deferens

313 5825 378 5836 ν..
404 5825 504 5865 υ)...
529 5825 696 5850 ..ωηη
725 5825 846 5850 ...-.,
874 5825 925 5838 η.
949 5825 1051 5847 ..νη
1242 5825 1484 5854 ...κνηηη
1509 5825 1769 5854 ..-,ν...,.,,

182 5865 276 5912 πίει
296 5852 635 5925 Cruci/ium.

1848 1923 2122 1979 eﬂabilem
2171 1923 2222 1974 in
2255 1934 2343 1974 me
2370 1916 2732 1974 charitatem;
2767 1921 2822 1965 ut
2869 1907 2990 1979 plus
3032 1904 3089 1960 in
3123 1915 3248 1958 meo
3292 1895 3459 1954 corde

1850 2017 2128 2087 Evangelii
2153 2016 2337 2069 lumen
2365 2011 2637 2074 oriretur,
2669 2004 3103 2062 emolumentum
3137 2010 3319 2052 meum
3360 2006 3456 2047 ve-

1847 2117 1977 2171 stris
2006 2112 2219 2167 damnis
2250 2121 2506 2163 crescere
2538 2101 2806 2157 volebatis
2834 2115 2848 2153 :
2893 2104 2952 2151 et
2992 2095 3096 2149 hoc
3125 2091 3222 2146 illo
3251 2099 3462 2156 tempo-

1851 2223 1942 2274 re,
1976 2220 2086 2273 quo
2111 2203 2266 2256 vobis
2295 2199 2452 2270 quasi
2490 2193 2734 2266 parvulis
2761 2203 2924 2261 atque
2954 2184 3308 2246 lactentibus,
3343 2178 3460 2234 sive

1850 2306 2074 2370 propter
2097 2293 2468 2350 infirmitatem
2501 2285 2688 2343 carnis
2717 2293 2914 2339 vestrae
2941 2293 3110 2350 parva
3141 2283 3196 2330 et
3229 2270 3460 2327 humilia

1851 2390 2275 2450 annuntiabam,
2323 2385 2440 2439 sive
2495 2389 2720 2450 propter
2783 2391 2918 2431 mete
2972 2370 3155 2425 carnis
3211 2365 3458 2434 injurias,

1854 2499 1958 2540 non
1989 2483 2189 2553 dignus
2220 2479 2446 2532 videbar
2476 2475 2606 2529 (ide.
2637 2471 2790 2528 Nunc
2813 2483 2944 2523 vero
2975 2467 3099 2536 quia
3123 2463 3191 2516 ab
3217 2461 3459 2516 element-

1855 2580 1922 2632 tis
1951 2587 2006 2630 et
2037 2551 2266 2646 syllabis
2289 2579 2344 2625 et
2373 2570 2610 2624 lectione
2636 2562 2829 2634 puerili
2855 2559 2995 2630 ccepi
3030 2572 3125 2611 vos
3156 2553 3224 2608 ad
3250 2551 3456 2621 majora

1853 2671 2028 2726 studia
2063 2678 2386 2738 provocare,
2435 2670 2491 2716 ut
2532 2660 2705 2715 libros
2737 2653 2971 2711 teneatis
3016 2651 3069 2706 in
3100 2647 3371 2711 manibus,
3402 2650 3460 2697 ut

1855 2765 2011 2835 plena
2054 2758 2401 2821 eruditionis,
2432 2765 2487 2810 et
2521 2765 2778 2807 sensuum
2808 2746 2974 2802 verba
3004 2741 3247 2803 discatis,
3279 2735 3459 2794 recal-

1855 2856 2089 2919 citratis,
2143 2847 2466 2912 irascimini,
2517 2843 2701 2916 gravis
2749 2839 2903 2894 vobis
2934 2834 3152 2890 videtur
3179 2845 3300 2886 esse
3332 2843 3458 2897 pcr-

1859 2948 2018 3003 fectio
2045 2918 2420 3000 doctrinarum
2454 2956 2468 2992 :
2495 2948 2550 2992 et
2572 2937 2846 2992 intantuin
2865 2929 2921 2984 in
2953 2928 3093 2982 alios
3117 2922 3304 2978 mutati
3329 2918 3460 2974 estis

1858 3041 2106 3106 allectus,
2160 3045 2220 3091 ut
2249 3051 2335 3090 me
2364 3046 2524 3104 quem
2583 3027 2740 3099 quasi
2782 3023 3039 3093 angelum
3080 3026 3138 3074 et
3180 3015 3460 3072 Christum

1860 3131 2249 3204 susceperatis,
2292 3129 2382 3183 cui
2434 3123 2702 3178 volebatis
2749 3117 2937 3174 oculos
2978 3122 3190 3170 vestros
3221 3107 3457 3170 tradere,

1864 3246 2006 3287 nunc
2030 3226 2276 3283 habeatis
2307 3221 2588 3278 inimicum
2621 3236 2634 3273 :
2662 3216 2787 3286 quia
2824 3209 2976 3267 vobis
3003 3208 3221 3279 plenam
3250 3217 3462 3257 annun-

1858 3329 1933 3382 tio
1961 3325 2272 3378 veritatem.
2310 3317 2600 3386 Eleganter
2621 3318 2805 3364 antem
2835 3301 3164 3360 sententiam
3201 3295 3462 3352 termina-

1859 3423 1955 3486 vit,
1986 3419 2174 3472 dieeus
2205 3431 2218 3467 :
2251 3411 2392 3482 Ergo
2423 3408 2664 3463 inimicus
2696 3403 2837 3457 vobis
2869 3402 3036 3470 factus
3065 3411 3181 3450 sum
3202 3391 3461 3447 veritatem

1858 3517 2032 3570 dicens
2063 3509 2240 3565 vobis?
2261 3517 2317 3560 ttt
2345 3502 2669 3560 ostenderet
2701 3499 2855 3553 initia
2890 3487 3319 3565 praedicationis,
3355 3500 3462 3540 non

1861 3621 1968 3666 tam
2003 3607 2288 3662 veritatem
2333 3600 2525 3662 fuisse,
2572 3610 2733 3662 quam
2779 3590 3028 3646 umbram
3069 3596 3126 3641 et
3172 3582 3464 3652 imaginem

1861 3701 2126 3759 veritatis.
2157 3695 2364 3751 Similis
2389 3699 2474 3747 est
2513 3689 2636 3744 huic
2663 3687 2756 3741 illa
2789 3681 3063 3740 sententia
3099 3677 3299 3734 nobilis
3321 3673 3462 3744 apud

1862 3797 2140 3852 Romanos
2171 3800 2345 3861 poetae
2373 3785 2606 3859 (Terent.
2637 3783 2692 3836 in
2722 3779 2860 3835 And.
2890 3793 2942 3839 ι,
2975 3777 3027 3840 1)
3053 3792 3066 3828 :

1988 3892 2296 3954 Obsequium
2321 3888 2520 3946 amicos,
2545 3883 2731 3933 veritas
2753 3880 2918 3929 odium
2942 3875 3082 3940 parit.

1865 3980 1970 4040 Sed
2001 3951 2380 4046 vide-quanto
2415 3971 2506 4025 hic
2539 3967 2736 4023 melius
2782 3977 2943 4034 quam
2989 3959 3121 4022 ille;
3173 3951 3469 4023 Apostolus

1864 4073 2009 4129 enim
2037 4070 2122 4124 his
2143 4082 2284 4136 quos
2315 4063 2516 4118 stultos
2541 4060 2779 4124 dixerat,
2822 4069 2960 4124 quos
2988 4049 3252 4122 parvulos
3279 4043 3463 4114 appel-

1864 4169 2023 4230 larat,
2056 4165 2194 4216 hanc
2218 4155 2546 4214 sententiam
2577 4148 2919 4219 temperavit,
2951 4153 3010 4200 et
3043 4139 3340 4211 specialem
3372 4136 3451 4192 fe-

1865 4262 1976 4316 cit:
2012 4229 2156 4312 dum
2192 4251 2408 4323 proprie
2453 4246 2520 4302 ad
2564 4256 2830 4314 personas
2881 4237 3207 4304 Galatasque
3246 4229 3476 4286 direxit.

1868 4353 1961 4407 Ille
1987 4364 2116 4405 vero
2139 4322 2202 4402 et
2223 4340 2563 4416 generalem,
2591 4346 2646 4391 et
2678 4334 2748 4388 ita
2780 4346 2839 4386 se
2867 4328 3010 4400 apud
3041 4340 3232 4381 omnes
3265 4322 3473 4378 habere

1865 4446 2218 4510 denuntians,
2248 4439 2608 4495 vehementer
2645 4427 2870 4486 erravit.
2917 4420 3253 4492 Obsequium
3297 4418 3469 4481 enim,

1869 4556 1974 4613 quo
2006 4535 2218 4607 putavit
2257 4531 2466 4588 amicos
2495 4526 2636 4592 lieri,
2675 4522 2910 4576 veritate
2939 4517 3188 4585 dempta,
3222 4527 3330 4566 non
3363 4518 3470 4564 tam

1868 4634 2189 4700 obsequium
2218 4636 2322 4691 est,
2354 4636 2516 4692 quam
2546 4614 2810 4678 adulatio,
2843 4620 2899 4667 et
2939 4607 3241 4665 assentatio
3269 4623 3280 4658 :
3328 4618 3466 4673 quas

1869 4722 2236 4785 clandestinus
2268 4715 2440 4785 magis
2471 4708 2810 4777 inimicitias,
2855 4720 3018 4775 quam
3071 4700 3338 4756 amicitias
3368 4694 3473 4751 dici

1872 4821 2095 4884 debere,
2124 4813 2466 4884 perspicuum
2498 4815 2603 4863 est.
2645 4799 2820 4860 Simul
2852 4809 3031 4855 autem
3061 4806 3118 4852 et
3166 4792 3298 4849 illud
3341 4805 3475 4846 con-

1874 4914 2246 4970 siderandum,
2294 4903 2438 4973 quod
2487 4899 2651 4954 hodie
2681 4909 2899 4965 quoque
2926 4888 3182 4962 quamdiu
3236 4883 3475 4954 parvulis

1875 5020 2034 5078 atque
2066 5001 2411 5058 lactentibus.
2454 5006 2511 5050 et
2560 4995 2644 5047 his
2675 4992 2729 5044 in
2756 5002 2994 5059 quorum
3025 4981 3284 5038 cordibus
3319 4991 3473 5032 num-

1872 5076 2032 5173 quam
2062 5096 2314 5152 Christus
2349 5102 2369 5129 ε
2403 5085 2690 5146 adolescit,
2722 5096 2824 5136 nec
2856 5076 3072 5149 prolicit
3108 5081 3269 5128 aetate
3300 5077 3357 5123 et
3385 5083 3473 5123 sa-

1876 5162 2098 5268 pientia,
2125 5200 2177 5245 et
2204 5186 2378 5259 gratia
2403 5181 2545 5253 apud
2571 5177 2732 5251 [.63
2760 5177 2930 5231 Deum
2950 5179 3006 5226 et
3026 5168 3298 5223 homines.
3317 5162 3474 5231 juxta

1877 5295 2113 5349 litteram
2141 5284 2458 5350 Scripturas
2489 5274 2871 5346 explanamus,
2905 5266 3211 5325 laudamur,
3243 5255 3476 5330 suspici-

1942 5502 1965 5530 α
2009 5490 2118 5546 Nec
2148 5483 2289 5541 male
2313 5492 2457 5537 unus
2484 5473 2784 5533 Palatinus,
2823 5486 2926 5524 non
2963 5476 3073 5521 tam
3097 5463 3248 5518 initia
3278 5469 3400 5516 sunt

1874 5564 2024 5621 nobis
2049 5559 2205 5615 studii
2231 5551 2521 5610 laudanda,
2555 5563 2732 5619 quam,
2764 5551 2869 5621 etc.

1951 5611 2193 5687 i"‘l’veues
2222 5625 2540 5684 Victoriam,
2569 5611 2699 5690 pene
2721 5611 3094 5690 nequidquam.

1950 5718 1970 5746 ε
2015 5707 2148 5759 Cum
2183 5679 2422 5750 Victor-io
2453 5679 2744 5752 duo'tnss.,
2776 5679 3051 5752 numquam
3083 5679 3318 5735 Christus

1875 5781 2016 5846 lavit,
2051 5791 2142 5831 nec
2171 5768 2404 5845 profecit.
