3962 6338
528 402 639 465 383

1782 398 1843 461 S.
1884 394 2156 458 EUSEBII
2194 395 2583 457 HIERONYMI

3687 409 3775 477 581

529 539 675 593 mur,
715 521 1060 580 admirationi
1108 521 1395 579 habemur.
1451 520 1584 578 Cum
1615 529 1794 577 autem
1840 517 2115 588 paululum
2144 516 2198 577 Α
2220 516 2553 583 econtrario,
2580 515 2785 572 bonum
2805 515 3142 573 armuiamini
3172 517 3228 575 in
3259 518 3406 577 bono
3431 534 3447 577 :
3476 522 3633 594 magis
3653 543 3774 597 qua.

530 617 860 689 cmperimus
897 630 990 670 eos
1022 630 1343 684 provocare,
1376 623 1431 667 ttt
1456 622 1737 669 transeant
1780 612 1847 667 ad
1893 611 2118 682 majora,

532 707 602 763 de
647 709 987 775 prmcouibus
1017 707 1216 762 uosuis
1257 706 1459 762 inimici
1492 705 1654 772 ﬁant;
1687 715 1743 761 et
1793 705 1985 759 malint
2024 705 2124 760 Ju-

532 798 680 855 tla-os
709 803 891 869 potius
919 814 1079 870 quam
1102 799 1380 865 apostolos
1409 800 1586 870 sequi,
1618 808 1645 836 ι
1675 798 1768 869 qui
1796 815 1823 851 a
1857 796 2125 853 Pharisaz-

531 906 688 946 orum
713 893 957 947 doctrina
991 901 1045 947 et
1076 892 1455 947 traditionibus
1487 890 1826 957 recudetttes,
1858 892 1925 947 ad
1951 894 2124 962 ipsum

532 983 807 1040 Christum
842 985 1278 1055 propitiatorium
1322 996 1375 1040 et
1422 985 1814 1055 perfectionem
1853 984 2013 1053 chis
2045 986 2126 1039 in-

530 1077 704 1147 gressi
741 1086 913 1133 sunt:
961 1092 1061 1134 nec
1099 1078 1341 1133 divinum
1394 1092 1703 1133 sermonem
1752 1078 2004 1146 accipere
2046 1077 2128 1132 tli-

530 1179 787 1242 gnentur,
827 1173 917 1244 qui
973 1171 1232 1230 I'Icclesize
1279 1174 1566 1245 magistros
1612 1174 1765 1244 iubet
1809 1174 1876 1228 ad
1926 1174 2123 1229 altiora

532 1266 783 1336 dogmata
813 1264 1103 1332 scandere,
1124 1279 1179 1321 ct
1208 1269 1338 1322 totis
1353 1267 1560 1323 viribus
1588 1267 1882 1323 Sublimare
1914 1283 2121 1336 vocem,

530 1374 633 1414 nec
672 1359 1203 1416 circumlatramimn
1252 1364 1541 1432 strepitum
1584 1364 1970 1429 pertimescere
2001 1378 2129 1432 par-

534 1450 809 1517 vulorum,
841 1453 1114 1510 dicentem
1141 1454 1250 1529 [ΑΙ.
1280 1455 1493 1529 dicens]
1519 1475 1532 1510 :
1568 1457 1745 1526 Super
1776 1468 2004 1513 montem
2037 1475 2127 1513 ea;-

529 1543 721 1598 celsum
753 1545 995 1613 ascende,
1023 1547 1113 1617 qui
1142 1546 1465 1619 euangelizas
1496 1548 1648 1605 Sion.
1685 1547 1878 1603 Ezalta
1918 1550 1972 1604 in
2010 1551 2128 1605 vir-

531 1643 639 1690 tute
673 1651 847 1692 vocem
870 1646 1035 1707 tuam,
1064 1641 1154 1710 qui
1190 1641 1513 1715 evangelisas
1538 1639 1858 1697 Jerusalem.
1904 1641 2121 1711 Exulto,

532 1728 643 1782 noli
662 1728 841 1784 timere
869 1728 1024 1800 (Isni.
1051 1748 1139 1802 xz,
1166 1730 1247 1805 9).

603 1821 787 1887 (Vers.
820 1825 912 1891 l7,
954 1825 1069 1895 18.)
1113 1826 1456 1884 ίΕηιιιιαηιιιν
1500 1827 1530 1869 ιι
1575 1847 1662 1885 vos
1691 1847 1795 1885 non
1824 1831 1988 1887 bene:
2033 1832 2128 1887 sed

2229 616 2414 663 rentes
2442 608 2741 676 spiritualia
2771 625 2931 682 quam
2954 611 3230 678 carnalia;
3258 622 3316 669 ut
3346 629 3458 670 non
3501 614 3571 671 illi
3597 633 3681 674 vos
3700 621 3776 677 ιιι-

2228 698 2398 766 dares,
2432 700 2526 755 sed
2572 716 2670 757 vos
2699 702 2824 758 illos
2873 701 3216 759 Christianos
3245 721 3367 763 esse
3394 706 3641 767 doceatis.
3685 713 3774 770 Hoc

2227 801 2407 847 autem
2432 793 2588 851 facite
2605 810 2843 864 semper,
2874 805 2933 851 ut
2960 800 3337 867 perseveranti
3359 801 3551 872 gradu,
3567 804 3625 858 ad
3644 805 3774 867 linem

2229 884 2354 940 boni
2386 888 2568 957 operis
2594 889 2884 960 pervenire
2913 890 3155 960 possitis.
3203 891 3616 950 Emulabamini
3644 899 3779 970 siqui-

2227 975 2348 1032 dem
2379 978 2580 1034 bonum
2606 981 2659 1035 in
2687 980 2854 1043 bono.
2885 983 3035 1052 prius
3050 998 3174 1039 cum
3199 985 3342 1053 apud
3364 1000 3461 1041 vos
3483 1002 3648 1044 essem
3672 1008 3684 1044 :
3704 993 3776 1062 qui

2230 1081 2512 1141 postquam
2544 1075 2754 1128 arobis
2805 1075 3029 1142 recessi,
3082 1079 3264 1131 omnia
3316 1094 3440 1149 qum
3490 1081 3776 1141 tradideram

2229 1161 2562 1231 perdidistis.
2603 1165 2673 1221 de
2702 1165 2944 1223 statione
2970 1176 3118 1224 certa
3146 1178 3203 1224 et
3246 1169 3354 1224 titlo
3399 1178 3575 1241 portu,
3602 1190 3781 1233 rursum

2229 1252 2281 1306 itt
2311 1254 2478 1309 altum
2518 1255 2667 1312 nuda
2699 1257 2980 1314 relabente
3021 1260 3311 1317 subtracti.
3362 1263 3477 1317 Nec
3522 1265 3695 1320 mirum
3720 1269 3780 1337 si,

2227 1346 2518 1405 recedente
2556 1351 2839 1420 Apostolo,
2871 1367 3004 1408 vase
3036 1353 3343 1420 electionis,
3372 1355 3498 1412 ctin
3536 1373 3636 1428 quo
3661 1359 3785 1414 Chri-

2226 1447 2346 1495 stus
2374 1440 2634 1497 Dominus
2662 1442 3007 1514 loquebatur.
3035 1445 3247 1501 Galatae
3277 1457 3409 1503 sunt
3440 1450 3622 1505 mutati
3650 1467 3782 1509 :cum

2225 1532 2390 1587 etiam
2416 1550 2558 1590 nunc
2587 1549 2881 1594 cernamus
2894 1546 2948 1593 et
2977 1538 3029 1592 in
3059 1538 3574 1609 Eeclesiisidipsum
3599 1542 3721 1599 ﬁeri.
3738 1545 3786 1601 Si

2228 1626 2443 1693 quando
2469 1628 2611 1684 enim
2641 1628 2833 1685 doctor
2860 1631 2985 1700 quis
3028 1631 3080 1686 in
3111 1631 3356 1688 Ecclesia
3387 1634 3669 1705 contigerit
3692 1650 3787 1691 ser-

2230 1734 2392 1775 mone
2419 1730 2641 1778 ornatus
2683 1730 2739 1778 et
2782 1723 2914 1793 vita,
2946 1726 3038 1794 qui
3086 1724 3371 1781 audientes
3396 1726 3552 1797 quasi
3593 1726 3790 1784 stimulis

2228 1812 2549 1880 quibusdam
2582 1817 2822 1872 concitet
2864 1816 2931 1872 ad
2981 1819 3243 1884 virtutes,
3295 1818 3547 1875 videmus
3607 1836 3788 1876 onmem

528 1912 799 1969 excludere
819 1933 905 1971 vos
941 1918 1141 1981 volunt,
1172 1931 1229 1976 ut
1248 1922 1366 1977 illos
1409 1923 1748 1978 aemulemt'ni.
1792 1922 1998 1978 Bonum
2028 1942 2126 1978 au-

2234 1905 2445 1977 plebetn
2474 1908 2615 1963 circa
2644 1908 3050 1982 eleemOsynas.
3074 1910 3307 1979 jejunia,
3348 1911 3672 1977 castitatem,
3695 1928 3792 1967 sus-

534 2010 633 2058 tem
655 2006 976 2064 aamulamini
998 2011 1051 2065 in
1092 2011 1224 2068 bona
1253 2030 1456 2086 semper
1483 2030 1502 2069 :
1548 2026 1597 2070 et
1628 2032 1732 2071 non
1758 2026 1960 2071 tantum
2012 2034 2128 2072 eum

531 2113 754 2169 praesens
779 2116 895 2155 sum
917 2102 1064 2170 apud
1083 2120 1193 2158 eos.
1215 2104 1564 2163 Aimulantur
1591 2108 1752 2174 bene,
1783 2110 1874 2179 qui
1905 2126 2030 2167 cum
2052 2112 2132 2166 vi-

534 2189 699 2246 deant
726 2192 779 2246 in
814 2194 1089 2264 aliquibus
1117 2211 1242 2253 esse
1270 2200 1495 2269 gratias,
1539 2201 1706 2270 dona,
1740 2203 1990 2269 virtutes,
2027 2204 2132 2270 ipsi

500 2362 501 2365 η
535 2284 677 2340 tales
706 2300 830 2344 esse
858 2289 1207 2347 desiderant:
1256 2303 1310 2347 et
1338 2294 1524 2360 ﬁdem,
1554 2295 1721 2350 vitam
1763 2305 1926 2367 atque
1972 2297 2132 2352 indu-

533 2380 724 2434 striam
746 2393 935 2435 eorum
964 2397 1060 2451 per
1088 2399 1209 2451 qum
1233 2384 1324 2439 illa
1356 2396 1696 2454 meruerunt,
1728 2388 1974 2443 nituntur
2004 2389 2129 2445 iuti-

532 2471 656 2537 tari,
687 2483 743 2527 ut
775 2475 984 2541 possint
1011 2491 1073 2530 ea
1099 2492 1315 2547 quoque
1344 2494 1466 2548 quc
1499 2478 1640 2534 bona
1672 2480 2023 2536 aemulatione
2046 2480 2131 2536 di-

536 2582 639 2635 gna
684 2579 832 2636 sunt,
881 2570 1161 2641 consequi.
1200 2571 1277 2626 De
1323 2573 1522 2640 quibus
1570 2582 1625 2628 et
1670 2576 1960 2646 Apostolus
2013 2576 2128 2630 ait:

538 2658 891 2716 .Emulamini
919 2664 1259 2731 spiritualia:
1285 2667 1452 2739 magis
1490 2676 1662 2722 autem
1687 2676 1745 2722 ut
1788 2667 2127 2741 prophetetis.

536 2756 616 2811 Ac
644 2755 900 2825 deinceps
935 2776 949 2812 :
979 2760 1071 2813 Sic
1102 2769 1150 2813 et
1185 2777 1297 2827 vos,
1345 2762 1589 2832 quoniam
1632 2763 1961 2819 aemulatores
2007 2765 2132 2820 estis

533 2849 911 2921 spiritualium,
952 2854 1022 2907 ad
1071 2854 1472 2924 a’di/icationem
1513 2855 1765 2912 Ecclesia:
1823 2859 2037 2929 qurerite
2077 2870 2130 2912 ut

533 2945 824 3001 abundett's.
876 2947 945 3002 Et
973 2949 1213 3003 iterum:
1272 2947 1480 3022 Itaque,
1547 2951 1758 3019 fratres,
1808 2953 2132 3007 wmulamini

534 3038 863 3109 prophetare,
893 3047 939 3092 et
963 3038 1105 3110 loqui
1132 3040 1326 3109 linguis
1350 3040 1511 3097 nolite
1531 3042 1821 3114 prohibere.
1845 3042 2131 3100 [Etnulan-

539 3138 627 3183 tur
658 3139 840 3186 autem
874 3136 978 3184 tion
1008 3131 1171 3198 bene,
1214 3134 1305 3203 qui
1337 3149 1443 3188 non
1476 3148 1584 3190 tam
1625 3136 1726 3205 ipsi
1756 3138 1985 3208 cupiunt
2010 3154 2133 3196 es:e

537 3220 821 3288 meliores,
843 3234 900 3277 ut
931 3224 1212 3280 imitentur
1226 3242 1321 3279 eos
1338 3229 1427 3298 qui
1450 3230 1793 3286 tentulatione
1816 3232 1963 3303 digni
1982 3243 2126 3299 sunt,

2232 2000 2537 2070 ceptionent
2578 2016 2902 2072 pauperum.
2941 2003 3275 2072 sepulturas,
3316 2010 3374 2059 et
3406 2012 3603 2059 castora
3626 2004 3793 2062 similia

2232 2093 2514 2158 festinare,
2539 2096 2769 2164 fervere,
2794 2095 3125 2152 discurrere.
3149 2095 3286 2153 Cum
3315 2108 3502 2153 autem
3530 2098 3619 2154 ille
3642 2113 3796 2155 reces-

2232 2186 2384 2254 serit,
2420 2187 2677 2258 paulatim
2706 2202 3107 2256 emarcescerc,
3149 2198 3206 2245 et
3247 2189 3533 2247 subtracto
3559 2190 3693 2258 cibo,
3729 2200 3797 2247 te-

2235 2280 2414 2347 nuari,
2444 2280 2673 2350 pallere,
2704 2280 3082 2352 languescere,
3113 2290 3170 2338 et
3208 2282 3489 2339 interitum
3526 2284 3668 2355 sequi
3700 2299 3797 2340 om-

2234 2371 2381 2426 nium
2412 2387 2534 2444 qua:
2575 2374 2724 2444 prius
2752 2374 3030 2445 vigebant.
3073 2374 3443 2443 Quamobrem
3472 2378 3596 2448 quia
3636 2377 3800 2434 messis

2234 2465 2424 2525 multa.
2453 2464 2691 2533 operarii
2716 2473 2897 2521 autem
2934 2466 3089 2536 pauci
3113 2465 3341 2539 (Matth.
3369 2484 3446 2532 ts.
3491 2469 3603 2541 37),
3636 2483 3799 2540 prece-

2233 2572 2355 2612 mur
2377 2556 2658 2613 Dominmn
2683 2561 2902 2628 messis,
2927 2570 2986 2616 ut
3007 2560 3190 2616 mittat
3217 2562 3509 2632 operarios
3530 2563 3597 2618 ad
3622 2574 3806 2618 meten-

2233 2649 2384 2713 dum.
2411 2652 2503 2721 qui
2532 2652 2714 2721 Spicas
2745 2654 2934 2722 populi
2965 2653 3288 2720 Christiani,
3317 2672 3442 2726 quae
3470 2665 3616 2712 stant
3646 2657 3691 2710 itt
3722 2655 3805 2711 lic-

2233 2743 2423 2808 clesia,
2457 2742 2637 2798 futuro
2677 2745 2856 2801 tritico
2900 2756 3238 2818 prmpal‘alzn,
3273 2758 3510 2819 metant,
3554 2750 3803 2820 colligant,

2234 2835 2356 2890 etin
2381 2838 2573 2892 horrea
2594 2853 2716 2893 com
2726 2847 3026 2905 portantes,
3049 2855 3392 2912 nequaquam
3415 2842 3601 2912 perire
3624 2843 3804 2912 patian-

2237 2936 2341 2981 tur.
2368 2925 2532 3000 465
2566 2931 2676 2986 lloc
2705 2930 2774 2986 de
2803 2947 2870 2986 eo
2898 2931 3017 2988 zelo
3065 2940 3122 2989 et
3165 2935 3521 2990 aemulatione
3551 2950 3802 3005 perversa.

2234 3021 2304 3078 de
2331 3041 2436 3095 qua
2464 3035 2522 3080 et
2550 3026 2677 3080 alibi
2705 3027 2911 3082 dictum
2955 3037 3041 3085 est
3070 3043 3087 3084 :
3137 3026 3268 3083 Noli
3316 3027 3564 3085 temnlari
3602 3031 3653 3083 in
3678 3029 3810 3082 mali-

2234 3125 2513 3195 gnantibus
2542 3125 2663 3199 (Ps.
2708 3142 2902 3190 sxxvr,
2948 3126 3002 3198 1)
3034 3144 3050 3182 :
3095 3135 3151 3183 et
3196 3127 3286 3182 hic
3316 3144 3330 3182 :
3362 3126 3709 3183 .‘Emulantur
3740 3142 3812 3181 eos

2236 3233 2340 3270 non
2368 3216 2515 3272 bene.
2539 3218 2854 3276 Invenimus
2885 3232 3064 3274 autem
3097 3227 3155 3274 et
3178 3220 3344 3275 alium
3369 3221 3577 3289 zelum,
3607 3235 3710 3292 quo
3733 3235 3812 3275 ze-

536 3330 699 3384 quam
730 3317 852 3371 illos
874 3316 1022 3383 ipsos
1043 3320 1236 3375 volunt
1264 3319 1444 3377 facere
1477 3322 1713 3392 pt-jores,
1742 3334 1798 3379 et
1827 3336 2129 3382 retrorsum

2238 3309 2332 3365 lati
2361 3321 2488 3365 sunt
2526 3310 2621 3367 filii
2651 3312 2843 3381 Jacob,
2894 3311 3100 3382 Joseph
3144 3312 3371 3369 fratrem
3398 3328 3563 3369 suum
3602 3311 3813 3384 (Cenes.

541 3408 755 3463 trahere
791 3410 1138 3468 temulatione
1185 3429 1462 3483 perversa.
1500 3414 1659 3471 Verbi
1705 3418 1880 3487 gratia
1922 3419 2127 3475 dictum

541 3499 651 3554 sit:
682 3498 1022 3557 Christianus
1050 3515 1134 3559 est
1160 3508 1463 3577 quispiam.
1492 3508 1624 3579 legit
1656 3508 1881 3582 Moysen
1912 3521 1967 3568 et
2009 3528 2135 3583 pro-

542 3594 762 3661 phetas;
792 3597 893 3652 scit
915 3596 1096 3652 omnia
1122 3599 1177 3652 in
1209 3599 1398 3655 utnbra
1425 3610 1480 3655 et
1508 3600 1561 3656 in
1591 3602 1825 3673 imagine
1858 3603 1933 3658 illi
1964 3620 2131 3673 popu-

540 3684 596 3739 lo
625 3690 1001 3756 praecessisse;
1055 3690 1255 3759 scripta
1302 3705 1482 3748 autem
1529 3710 1652 3750 esse
1680 3704 1905 3766 prontcr
1946 3713 2046 3753 nos
2080 3699 2132 3754 in

540 3796 679 3850 quos
702 3781 837 3839 lines
865 3784 1186 3840 smenlormn
1218 3786 1601 3844 decurrerunt.
1634 3787 2127 3846 Circttmcisiooem

542 3888 650 3928 non
690 3885 796 3930 tam
828 3879 1101 3947 pra’putii,
1132 3896 1293 3945 quam
1318 3882 1527 3936 aurium
1559 3892 1613 3936 et
1638 3882 1823 3938 cordis
1853 3883 2131 3955 intelligit.

542 3966 863 4026 Iit‘surrexit
881 3986 1003 4027 cum
1029 3970 1250 4029 Christo
1281 3992 1292 4029 :
1316 3990 1377 4031 ea
1408 3975 1735 4045 qumritqum
1755 3991 1971 4033 sursum
1985 3986 2131 4035 sunt.

542 4061 827 4119 Liberatus
856 4077 938 4118 est
959 4067 1029 4120 ab
1049 4079 1215 4123 onore
1235 4075 1289 4122 et
1312 4070 1578 4124 servitute
1604 4069 1785 4141 Legis.
1816 4086 1888 4127 ne
1919 4081 2131 4142 tangas,

542 4172 610 4210 ne
646 4167 849 4226 gustes,
879 4174 947 4215 ne
969 4162 1330 4227 contamines,
1367 4163 1687 4234 imperantis
1719 4182 1733 4218 :
1765 4163 1892 4221 huic
1918 4165 1963 4220 si
2010 4166 2133 4237 quis

536 4251 943 4321 Scripturarum
964 4254 1150 4309 verbis
1170 4255 1400 4311 thlllel'il
1429 4256 1789 4325 persuadere,
1819 4267 1876 4312 ut
1904 4274 2011 4312 non
2036 4273 2135 4328 per

539 4346 925 4414 tropologiam,
978 4346 1073 4401 sed
1125 4348 1463 4403 occidentem
1507 4347 1672 4421 46!.
1724 4349 1960 4405 litteram
2011 4365 2132 4417 qutc

537 4444 661 4490 sunt
691 4435 913 4506 scripta,
943 4437 1240 4509 su~cipiat:
1275 4448 1336 4494 ut
1366 4440 1418 4494 in
1447 4440 1739 4496 manifesto
1770 4441 2131 4518 liatJudaeus,

538 4544 647 4584 non
672 4530 726 4585 in
757 4530 995 4595 occulto,
1024 4535 1309 4588 mmulatur
1348 4549 1472 4587 cum
1516 4549 1623 4588 non
1657 4535 1796 4591 bene
1829 4556 1844 4592 :
1877 4537 1972 4591 sed
2000 4552 2132 4591 con-
2170 4572 2175 4575 -

536 4621 647 4676 cito
671 4636 841 4677 cursu
869 4623 936 4678 ad
967 4624 1172 4695 majora
1197 4624 1531 4695 gradientem
1562 4626 1843 4684 retrahere
1867 4627 2086 4684 festinat
2112 4647 2125 4695 ;

535 4722 598 4771 ut
637 4730 698 4771 se
747 4716 927 4785 potius
979 4718 1263 4773 aemuletur
1310 4720 1400 4790 qui
1447 4729 1747 4776 retrorsum
1801 4722 1995 4778 vadit:
2037 4735 2134 4780 aut

534 4818 685 4867 certe
715 4820 738 4850 ο
762 4827 886 4866 eum
926 4811 1159 4867 multum
1185 4812 1329 4868 ultra
1357 4828 1461 4869 non
1506 4823 1812 4882 promovet.
1860 4815 2130 4887 Loquitur

534 4903 719 4974 itaque
747 4904 975 4970 Calatis,
1028 4905 1122 4975 qui
1167 4907 1234 4963 ab
1288 4909 1657 4965 assertnribus
1706 4909 1866 4981 Legis
1921 4910 2131 4968 inducti

534 4997 773 5062 fuerant,
802 5007 862 5054 ut
888 5013 985 5056 eos
1007 4999 1372 5070 imiutrentur,
1417 5016 1542 5058 cum
1573 5003 1647 5059 illi
1684 5004 1862 5073 potius
1911 5004 2133 5061 Galatas

536 5091 833 5149 debuerint
885 5093 1109 5149 imitari.
1139 5094 1278 5163 Quia
1310 5096 1559 5153 naturale
1601 5106 1708 5164 est,
1762 5097 2024 5166 majorem
2063 5099 2134 5155 de

532 5186 756 5253 minori,
800 5201 908 5243 non
939 5186 1209 5244 minorem
1240 5189 1358 5247 ﬁeri
1381 5190 1451 5247 de
1481 5190 1711 5261 majore,
1734 5200 1791 5248 et
1815 5191 1949 5249 dicit
1978 5209 1993 5248 :
2025 5192 2133 5249 Bo-

534 5296 661 5335 num
705 5280 1034 5337 wmulamini
1063 5284 1118 5338 in
1148 5283 1303 5346 bona,
1353 5285 1407 5341 id
1448 5294 1552 5352 est,
1604 5285 1775 5343 nolite
1832 5294 2137 5343 assertores

528 5382 771 5440 Iudaicae
823 5385 1228 5442 observationis
1274 5386 1510 5453 imitari,
1559 5387 1656 5442 sed
1708 5402 1772 5442 ea
1828 5402 1950 5459 quae
1993 5387 2133 5442 bona

528 5487 676 5539 sunt.
710 5479 1019 5535 imitamini.
1048 5480 1334 5547 Quomodo
1356 5481 1502 5535 enim
1534 5482 1627 5549 qtti
1656 5481 1897 5548 divitias,
1943 5491 2136 5551 poten-

531 5571 688 5638 tiam,
734 5570 1059 5641 tlignitatem
1108 5572 1341 5643 alicujus
1385 5573 1653 5637 imitatur,
1690 5590 1796 5628 non
1831 5582 1939 5629 tam
1973 5573 2135 5637 bona,

528 5678 690 5733 quam
724 5678 791 5719 ea
824 5679 946 5735 qua:
985 5664 1237 5736 fugienda
1264 5674 1413 5736 sunt,
1463 5666 1787 5723 :cmnlatur:
1836 5667 1907 5724 ita
1940 5675 1997 5724 et
2040 5680 2136 5723 vos

602 5856 626 5926 ξ
673 5849 1173 5926 ﬁpud‘Victorium,
1205 5865 1249 5910 et
1280 5872 1392 5908 cum
1425 5872 1453 5905 rt
1491 5853 1894 5926 Pharittt’oru'tt,
1928 5864 2033 5913 etc.

602 5918 630 5958 ³³
670 5920 726 5976 lu
752 5921 922 5981 Palat.
955 5942 1037 5981 ms
1068 5970 1081 5997 ,
1114 5926 1428 5982 cumulantur
1456 5927 1618 5983 vobis.

2235 3422 2419 3462 xxxvtt
2449 3405 2614 3479 seqq.)
2648 3425 2663 3463 :
2693 3418 2750 3464 et
2797 3407 2963 3463 Maria
2990 3417 3047 3465 et
3096 3410 3281 3463 Aaron
3328 3410 3569 3463 amicum
3624 3404 3814 3461 Domini

2236 3498 2456 3569 Moysen
2488 3498 2678 3571 (Num.
2713 3500 2833 3571 sn).
2856 3498 3046 3572 Neque
3073 3501 3226 3557 cnim
3275 3509 3370 3557 aut
3410 3499 3520 3567 illi,
3545 3510 3636 3555 aut
3662 3497 3732 3566 hi,
3771 3506 3819 3552 ut

2238 3592 2490 3647 meliores
2519 3601 2703 3648 essent
2723 3591 2927 3662 Joseph
2956 3604 3010 3646 et
3032 3592 3237 3663 Moyse,
3266 3592 3333 3647 ad
3363 3592 3546 3648 zelum
3568 3602 3819 3647 suntcoa-

2234 3683 2387 3739 citati
2421 3701 2434 3738 :
2476 3685 2573 3740 sed
2619 3686 2747 3756 quia
2797 3684 3055 3741 dolebant
3084 3684 3208 3740 illos
3251 3698 3378 3740 esse
3407 3685 3690 3740 meliores.
3728 3681 3820 3737 li'e

2236 3779 2385 3834 zelus
2416 3779 2621 3835 vicinus
2653 3778 2870 3835 invidiae
2901 3789 3007 3834 est.
3051 3777 3299 3850 Longum
3331 3788 3418 3835 est
3447 3780 3501 3834 si
3532 3779 3690 3834 velim
3719 3791 3820 3829 mn-

2236 3870 2322 3923 ttia
2353 3869 2453 3924 zeli
2486 3886 2703 3940 genera,
2730 3870 2858 3926 boni
2879 3885 2976 3926 seu
3007 3870 3133 3925 ntali
3177 3871 3248 3926 de
3269 3870 3685 3942 Scripturarum
3713 3885 3823 3939 pro—

2236 3961 2379 4019 ferre
2397 3966 2674 4021 thesauro.
2703 3965 2910 4020 Bonum
2935 3966 3111 4020 zelum
3134 3964 3368 4035 legimus
3385 3964 3630 4020 Phiuees
3649 3961 3819 4036 (Nam.

2235 4057 2385 4129 xxv),
2419 4058 2552 4113 Elite
2585 4059 2679 4126 (Ill
2709 4059 2845 4131 Reg.
2881 4057 3022 4129 xu),
3065 4058 3343 4115 Matbatiaz
3375 4058 3420 4129 (I
3455 4058 3641 4112 Maeli.
3675 4054 3751 4126 tt),
3777 4060 3827 4108 et

2234 4152 2464 4221 apostoli
2488 4152 2642 4208 ludas
2681 4152 2803 4224 (sed
2834 4168 2944 4208 non
2984 4151 3310 4224 proditoris)
3339 4152 3436 4223 qui
3465 4152 3541 4208 ob
3573 4150 3824 4218 insignem

2234 4247 2335 4301 zeli
2396 4247 2449 4302 in
2497 4262 2559 4303 se
2602 4249 2884 4312 virtutem,
2932 4246 3095 4305 etiam
3135 4245 3332 4302 Zelotis
3370 4261 3580 4303 nomen
3634 4238 3830 4311 accepit

2235 4338 2432 4413 (Actor.
2460 4336 2521 4412 t).
2547 4339 2743 4394 Malum
2773 4350 2979 4409 autem,
3006 4349 3065 4393 ut
3088 4338 3223 4394 Cain
3249 4339 3304 4393 in
3332 4339 3470 4394 Abel
3504 4336 3716 4410 (Cenes.
3740 4332 3825 4404 ιι),

2232 4442 2289 4489 et
2320 4443 2643 4490 cacterorutn
2689 4433 2745 4488 in
2785 4433 2945 4489 alios.
2987 4432 3056 4489 Et
3082 4432 3272 4488 Zelum
3319 4432 3445 4498 viri,
3476 4431 3552 4488 de
3578 4446 3688 4503 quo
3709 4429 3834 4484 scri-

2233 4543 2384 4598 ptum
2426 4537 2547 4583 est:
2578 4526 2647 4581 Et
2679 4528 2871 4581 venerit
2911 4526 2960 4580 ei
2988 4526 3206 4596 spiritus
3233 4526 3333 4579 zeli
3371 4523 3576 4593 (Num.
3617 4521 3695 4595 v).
3725 4518 3827 4576 Nisi

2237 4621 2373 4677 forte
2406 4620 2622 4676 medius
2657 4620 2747 4675 hic
2785 4620 2938 4675 zelus
2966 4628 3071 4687 est,
3102 4627 3159 4674 et
3186 4634 3287 4674 nec
3315 4619 3368 4672 in
3401 4618 3635 4685 bonam,
3662 4629 3759 4673 nec
3782 4613 3831 4668 in

2237 4715 2433 4771 malam
2463 4724 2674 4784 partem
2694 4713 2868 4783 accipi
2900 4721 3115 4784 potest;
3148 4712 3247 4768 sed
3277 4714 3421 4769 inter
3445 4721 3835 4780 utrutnqueze-

2237 4806 2438 4880 lotypia
2465 4806 2643 4877 potius
2668 4806 2996 4876 appellatur.
3030 4805 3242 4861 Aliter:
3271 4803 3547 4861 Videntes
3574 4802 3634 4859 bi
3664 4800 3756 4875 qui
3776 4814 3837 4856 ex

2238 4899 2660 4957 circumcisione
2695 4909 2853 4954 erant
2894 4897 3118 4956 Galatas
3167 4913 3236 4954 ex
3279 4898 3568 4970 gentibus,
3616 4894 3839 4966 Spiritus

2239 4994 2411 5053 sancti
2439 4993 2717 5052 abundare
2747 4993 3060 5057 virtutibus,
3084 5008 3145 5049 se
3158 5008 3290 5049 vero
3315 5008 3425 5048 non
3454 4991 3666 5063 linguis
3681 4986 3837 5060 loqui,

2241 5103 2349 5145 non
2378 5087 2522 5144 dona
2553 5086 2758 5143 habere
2785 5087 3165 5152 curationum;
3195 5101 3304 5141 non
3338 5087 3580 5158 gratiam
3615 5081 3841 5156 prepbc-

2242 5186 2354 5254 tiae,
2384 5183 2676 5254 cupiebant
2721 5197 2816 5239 eos
2862 5181 2965 5238 zeli
3014 5182 3252 5237 stimulis
3298 5180 3537 5247 incitati,
3591 5179 3660 5236 ad
3693 5177 3841 5248 [mgis

2238 5294 2408 5336 onera
2440 5275 2815 5345 transduccre,
2858 5282 2920 5332 ut
2949 5274 3259 5347 inciperent
3301 5282 3357 5330 et
3393 5272 3470 5329 illi
3504 5273 3596 5329 sui
3644 5270 3844 5328 similes

2240 5376 2496 5549 “Ilva-rs.
2523 5466 2643 5534 19.)
2667 5463 2853 5520 Fit'ioli
2875 5465 2992 5525 mei.
3019 5479 3148 5536 quos
3169 5462 3357 5517 iterum
3384 5460 3658 5531 parturio,
3686 5460 3840 5513 donec

2210 5582 2214 5587 '
2239 5570 2491 5639 formetur
2510 5560 2746 5618 Christus
2787 5560 2843 5613 in
2874 5558 3034 5614 vobis.
3064 5556 3297 5625 Quantis
3334 5553 3772 5611 difﬁcultatibus
3796 5557 3849 5607 et

2240 5659 2435 5717 dolore
2464 5657 2605 5713 fetus
2656 5660 2972 5727 promantur
3001 5665 3068 5706 ex
3100 5658 3280 5716 utero,
3316 5646 3646 5704 maledictio
3677 5645 3849 5718 prima

2294 5860 2316 5889 ο
2361 5850 2503 5906 Idem
2538 5849 2762 5914 Victor.,
2817 5851 2949 5899 ειη-ιε
2978 5852 3034 5898 ιιι
3077 5840 3294 5897 multum
3328 5839 3463 5896 ultra
3494 5854 3610 5894 non
3636 5850 3850 5912 pramo-

2239 5935 2370 5978 υεαι.
