3962 6338
213 209 309 280 585

208 430 305 501 16).
350 426 544 482 Valens
576 425 742 493 igitur
791 424 992 479 Paulus
1036 422 1336 480 osmndere
1389 424 1768 492 magistrorum

202 538 289 596 pro
321 518 593 589 discipulis
637 518 1089 585 Sollicitudinem,
1121 532 1259 587 quos
1302 518 1576 587 patiantttr
1603 514 1768 570 allec-

201 625 295 673 tus.
322 629 385 668 ne
414 620 711 668 sectatores
735 612 821 667 sui
864 610 1120 667 excidant
1148 626 1176 665 a
1209 610 1407 675 salute,
1439 614 1515 666 ait
1542 628 1555 665 :
1590 606 1775 665 Filioli

199 706 303 768 utri.
324 720 447 776 quos
473 705 658 758 iterum
685 703 941 771 portorio.
962 701 1065 770 Qui
1086 702 1228 758 enim
1259 701 1312 757 in
1341 700 1449 756 alio
1478 700 1602 756 loco
1615 701 1769 771 quasi

199 807 334 868 pater
364 796 571 852 dixerat
596 812 611 849 :
639 795 704 852 Si
726 796 905 851 decem
929 795 1099 850 millia
1134 794 1541 866 pwdagogorum
1579 792 1771 847 habea-

195 892 251 948 tis
276 892 323 946 in
345 890 578 957 Christo,
620 889 714 946 sed
748 906 852 945 non
881 891 1071 945 multos
1100 898 1273 963 patres
1313 889 1357 961 (Ι
1389 887 1511 944 Cor.
1545 903 1623 958 tv,
1652 885 1764 960 l5),

189 985 287 1057 jam
314 1000 415 1039 non
443 983 600 1054 quasi
633 994 809 1055 pater.
838 982 937 1040 sed
965 992 1027 1039 ut
1055 992 1226 1038 mater
1256 982 1498 1053 loquitur
1526 983 1580 1037 in
1608 981 1767 1037 ΟΙιτί-

191 1088 285 1147 sto,
304 1089 355 1131 ut
370 1077 652 1148 utriusque
663 1074 1020 1144 anxietatem,
1035 1085 1090 1131 et
1107 1076 1362 1144 pietatem
1377 1077 1430 1130 in
1446 1090 1507 1130 se
1528 1074 1768 1143 parentis

190 1177 481 1238 agnoscant.
509 1167 644 1224 Tale
673 1167 805 1240 quid
855 1176 912 1224 et
964 1166 1185 1239 Moyses
1219 1167 1290 1223 de
1340 1166 1542 1237 popqu
1573 1166 1764 1233 loque-

190 1262 366 1319 batur:
392 1260 667 1335 Numquid
696 1280 794 1335 ego
823 1263 879 1317 in
910 1272 1061 1318 utero
1086 1263 1268 1337 accepi
1289 1278 1491 1317 omnem
1510 1260 1764 1333 populum

189 1358 323 1411 istum
353 1353 542 1428 (Num.
590 1371 671 1423 st,
724 1354 851 1427 ην
890 1354 1057 1426 Quis,
1091 1365 1268 1423 putas,
1306 1364 1555 1411 nostrum
1590 1355 1667 1410 ita
1695 1353 1765 1410 de

187 1449 551 1520 discipulorum
577 1447 775 1505 anxius
803 1457 892 1506 est
920 1448 1117 1517 salute,
1148 1458 1342 1504 utnon
1373 1451 1562 1517 paucis
1583 1445 1763 1513 horis,

188 1553 264 1599 aut
285 1552 337 1598 ut
366 1542 598 1599 multum
635 1544 802 1599 biduo
848 1543 1117 1607 triduove.
1168 1543 1263 1599 sed
1312 1552 1430 1598 toto
1479 1542 1607 1598 vita:
1650 1556 1762 1598 sua:

188 1646 404 1706 leutpore
424 1645 769 1705 torqueatur,
810 1634 976 1709 466
1003 1636 1038 1691 d
1063 1638 1181 1692 ~nec
1208 1634 1463 1693 Christus
1493 1635 1764 1691 formetur

688 200 1349 269 COMMENTARIORUM
1386 206 1451 264 ΙΝ
1496 200 1890 264 EPISTOLAM
1928 200 2022 262 AD
2063 200 2387 264 GALATAS
2425 199 2555 263 LIB.
2597 200 2662 264 ll.
2702 200 2862 265 CAP.
2903 199 2993 263 ιν.

207 335 452 398 declarat,
480 331 712 388 dicers:
750 330 815 385 In
862 331 1078 386 tristitia
1118 329 1289 403 paries
1320 328 1460 398 filios
1499 325 1653 399 (Cen.
1688 343 1768 392 ut,
1800 329 1853 388 Α
1878 328 2097 397 doceat,
2143 340 2403 410 quantum
2455 331 2545 384 ille
2590 331 2763 401 possit
2812 328 3032 385 haurire.

3361 198 3473 270 386

3079 347 3094 384 :
3137 330 3222 385 vel
3261 337 3467 386 tantum

1875 422 2155 492 su~cipore
2182 422 2395 487 doetus,
2425 435 2683 492 quantum
2713 424 2909 479 doetor
2939 424 3208 495 ingerere.
3232 423 3304 481 At
3331 440 3473 481 nunc

1875 527 2065 569 Omnes
2112 513 2325 584 judices
2374 531 2584 570 sumus.
2635 515 2923 571 Nescimus
2970 525 3169 588 quotus
3233 517 3475 586 psalmus

1874 604 1964 674 sit,
1994 622 2115 677 mue
2160 623 2286 678 pars
2330 610 2653 680 prophetite,
2684 608 2830 681 quod
2872 610 3032 681 Legis
3062 611 3381 679 capitulum,
3415 622 3470 667 et

1872 696 2125 767 loquendi
2182 698 2444 757 facilitate
2500 702 2925 772 interpretamur
2984 703 3275 769 audacter,
3326 702 3472 772 quod

1874 806 2218 862 nequaquam
2280 794 2655 865 intelligimus.
2713 795 2831 851 Non
2899 795 2965 850 ad
3032 811 3133 851 nos
3202 798 3468 867 pertinet,

1873 895 1929 936 ut
1999 883 2247 939 Christus
2304 883 2573 941 formetur
2648 887 2701 942 in
2783 889 2985 956 populo
3040 907 3053 942 :
3116 897 3176 943 ut
3245 891 3313 945 ad
3374 892 3472 947 do-

1872 992 2019 1031 mum
2072 993 2225 1033 suam
2286 981 2655 1051 unusquisque
2720 982 2937 1036 rediens
3016 980 3213 1038 haheat
3280 997 3469 1040 semen

1870 1070 2022 1125 verbi
2083 1071 2215 1135 Dei,
2266 1071 2412 1143 quod
2468 1086 2590 1128 cum
2649 1075 2999 1139 cottceperit,
3061 1076 3232 1142 possit
3284 1076 3472 1131 dicere

1870 1179 1993 1219 cum
2056 1163 2219 1238 567
2293 1164 2557 1236 prOpheta
2609 1183 2624 1219 :
2679 1166 2726 1220 Α
2777 1172 2962 1221 timore
3019 1176 3144 1236 tuo,
3203 1167 3471 1235 Domine,

1869 1260 2201 1327 concepimus
2256 1257 2285 1297 1'
2338 1268 2388 1314 et
2451 1260 2765 1332 peperimus,
2816 1259 2954 1318 ﬁlios
3015 1259 3324 1317 salvationis
3369 1272 3473 1318 tut:

1870 1351 2088 1421 fecimus
2130 1367 2288 1421 super
2332 1361 2524 1405 terram
2564 1348 2721 1424 (lsai.
2755 1367 2904 1417 sxw,
2938 1353 3028 1419 l7,
3060 1352 3174 1424 18).
3223 1352 3383 1409 Tales
3416 1358 3473 1412 in

1867 1444 2148 1510 apostolos
2192 1455 2496 1512 transeunt,
2545 1453 2600 1500 et
2646 1459 2676 1500 ιι
2727 1442 3011 1501 Silvatore
3042 1456 3322 1500 merentur
3358 1446 3473 1518 [ΑΙ.

1869 1536 2242 1609 merebantur]
2290 1537 2484 1592 audire
2519 1553 2531 1591 :
2568 1535 2890 1607 Quicumque
2927 1536 3105 1607 fecerit
3153 1538 3470 1592 voluntatem

1870 1627 2046 1684 Patris
2093 1630 2214 1695 mei,
2266 1631 2374 1701 ipse
2419 1639 2489 1685 est
2539 1633 2702 1700 frater
2725 1647 2893 1695 meus,
2933 1640 2985 1686 et
3025 1648 3194 1697 soror,
3220 1641 3270 1687 et
3308 1641 3475 1688 mater

188 1732 231 1786 in
268 1730 376 1786 eis?
417 1729 738 1802 Exemplum
790 1729 915 1785 leue
966 1730 1215 1786 mulieris
1263 1731 1408 1798 quod
1440 1730 1756 1801 assumpsit,

1874 1723 2044 1793 [Μαιι.
2076 1739 2207 1783 xvtt.
2233 1726 2364 1795 50):
2396 1725 2713 1780 diversitate
2745 1724 3115 1796 profectttum,
3151 1727 3207 1783 in
3238 1727 3473 1785 diversis

184 1820 523 1892 concipientis
564 1836 620 1877 et
671 1820 956 1877 formantis
1002 1821 1056 1876 in
1100 1836 1161 1877 se
1193 1820 1427 1887 semina,
1470 1820 1764 1892 diligenter

188 1915 485 1986 tenendum,
547 1924 609 1971 ut
652 1915 934 1987 possimus
987 1913 1297 1984 intelligere
1350 1914 1493 1987 quod
1539 1913 1762 1970 dit'illll‘.

186 2010 364 2066 Natura
394 2027 504 2066 non
537 2009 936 2077 erubescenda,
960 2009 1056 2065 sed
1081 2017 1109 2047 ι
1132 2009 1444 2065 veneranda
1476 2021 1582 2062 est.
1611 2007 1767 2065 Sicut

186 2106 308 2160 enim
338 2105 388 2159 in
419 2102 642 2158 vulvam
684 2101 934 2158 mulieris
958 2102 1194 2173 primum
1226 2116 1413 2156 semen
1433 2101 1636 2170 jacitur
1677 2101 1763 2155 itt-

183 2195 351 2262 iorme,
382 2205 442 2251 ut
471 2195 647 2251 sulcis
668 2207 723 2250 et
753 2193 923 2250 fundo
950 2194 1068 2264 ejus
1099 2194 1254 2265 quasi
1286 2195 1523 2264 quodam
1550 2193 1764 2263 glutino

184 2290 426 2345 ldhl‘l'eJl
442 2308 456 2345 :
472 2291 545 2345 de
565 2304 673 2361 quo
685 2297 741 2344 et
756 2289 1017 2356 propheta
1042 2287 1182 2343 initii
1199 2289 1281 2343 sui
1299 2286 1634 2350 recordatus,
1655 2286 1759 2341 ait:

184 2379 567 2453 lurompositum
592 2396 767 2435 meum
796 2379 1034 2435 viderunt
1067 2379 1209 2434 oculi
1239 2380 1314 2433 tui
1350 2377 1470 2452 (Ps.
1499 2394 1762 2446 cum",

186 2473 259 2545 ιι.)
283 2493 298 2528 :
320 2475 522 2531 deinde
555 2489 652 2543 per
680 2489 876 2529 novent
904 2487 1128 2528 menses
1174 2470 1432 2526 restricto
1472 2472 1761 2539 sanguine,

186 2566 368 2625 futurus
389 2570 559 2624 homo
579 2569 925 2641 coagulatur.
953 2577 1304 2639 corporatur,
1340 2568 1579 2637 pascitur
1602 2576 1765 2634 atque

186 2659 551 2732 distinguitur;
584 2671 643 2716 ut
693 2669 980 2732 postquam
1031 2660 1085 2715 in
1129 2670 1283 2717 utero
1331 2659 1765 2730 palpitarit,sta-

188 2766 285 2809 tuto
306 2765 555 2825 tempore
581 2755 842 2812 fundatur
872 2754 926 2811 in
963 2756 1162 2820 lucem,
1195 2765 1250 2811 et
1276 2757 1439 2811 tantis
1471 2752 1765 2809 dflicnlta-

188 2847 312 2902 tibus
336 2847 604 2910 nascitur,
648 2846 871 2919 quantis
910 2856 1099 2920 postea
1143 2864 1211 2901 ne
1254 2848 1511 2911 intereat,
1559 2846 1764 2901 enutri-

191 2939 362 2993 turzita
384 2951 439 2996 et
457 2956 655 2997 semen
672 2940 945 2996 sermonis
957 2937 1299 2995 Christicum
1332 2941 1384 2995 in
1408 2944 1644 2996 animam
1671 2958 1764 2994 att-

187 3027 351 3088 dicatis
369 3033 653 3100 inciderit,
680 3049 776 3104 per
792 3033 993 3104 gradus
1015 3048 1142 3088 suos
1165 3033 1388 3103 crescit,
1408 3044 1482 3098 et,
1511 3044 1567 3089 ιιι
1595 3034 1763 3088 multa

1868 1815 2182 1872 nominibus
2212 1828 2427 1872 ostensa
2457 1816 2568 1890 [ΑΙ.
2601 1818 2972 1891 ostendente].
3018 1818 3312 1876 Formatur
3336 1838 3477 1892 quo-

1865 1924 1970 1979 que.
1998 1906 2252 1965 Christus
2290 1912 2344 1965 in
2390 1914 2558 1967 corde
2588 1912 2956 1979 credentium,
2990 1928 3114 1968 cum
3144 1916 3326 1970 omnia
3360 1916 3468 1975 illis

1863 2013 2203 2057 sacramenta
2237 2003 2568 2072 panduntur,
2602 2015 2658 2060 et
2687 2021 2751 2060 ea
2792 2020 2915 2077 quae
2944 2007 3177 2062 obscura
3208 2008 3470 2065 videhan-

1867 2098 1975 2157 tur,
1994 2095 2279 2165 perspicua
2315 2096 2470 2151 littut.
2490 2097 2596 2153 Sed
2630 2109 2684 2153 et
2708 2098 2842 2152 illtul
2867 2111 2950 2154 est
2968 2099 3471 2172 intuendntn,qnod

1864 2188 1956 2257 qui
1993 2197 2014 2226 ο
2052 2203 2147 2256 per
2173 2201 2456 2257 peccatum
2484 2191 2890 2260 quodammodo
2920 2192 3085 2250 homo
3125 2210 3250 2251 esse
3279 2196 3464 2253 desie-

1865 2290 1969 2346 rat,
1999 2295 2099 2349 per
2120 2285 2492 2351 ptenitcutlam
2524 2285 2831 2356 concipitur
2855 2301 2886 2340 a
2915 2290 3201 2359 magistro,
3235 2301 3293 2346 et
3340 2307 3464 2348 tur-

1865 2386 1985 2428 sum
2023 2374 2075 2428 in
2102 2390 2169 2428 eo
2200 2374 2404 2431 Christi
2446 2375 2704 2433 formatio
2733 2382 3160 2449 repromittitnr.
3209 2383 3324 2440 Hoc
3367 2385 3469 2441 ad-

1866 2480 2079 2521 versum
2109 2466 2464 2535 Nov:.tianos,
2508 2472 2599 2539 qui
2650 2472 2837 2527 nolunt
2868 2474 3157 2531 reformari
3199 2490 3297 2532 eos
3326 2494 3469 2551 quos

1865 2561 2031 2614 semel
2070 2572 2286 2631 peccata
2315 2564 2699 2621 eontritverint.

1939 2652 2119 2725 (Vers.
2143 2654 2215 2708 ‘20
2251 2654 2265 2715 l
2319 2654 2520 2710 Vellem
2548 2667 2721 2713 autem
2769 2674 2877 2714 esse
2918 2660 3065 2733 apud
3088 2678 3178 2718 vos
3213 2665 3391 2731 modo,
3419 2674 3467 2721 et

1866 2756 2068 2800 mutare
2110 2763 2281 2802 vocem
2326 2764 2514 2819 meam,
2555 2752 2805 2823 quoniam
2853 2757 3150 2826 confundor
3197 2758 3251 2811 in
3298 2760 3463 2814 vobis.

1865 2839 2144 2912 Scriptura
2187 2843 2368 2897 divina
2412 2844 2645 2900 :rdilicat
2690 2855 2747 2901 et
2797 2848 2970 2914 lecta;
3012 2851 3107 2905 sed
3141 2851 3311 2907 multo
3350 2853 3472 2922 plus

1870 2936 2110 3005 prodest,
2140 2937 2185 2991 si
2214 2937 2285 2991 de
2316 2938 2511 2992 litteris
2542 2949 2784 2995 vertatur
2833 2942 2884 2997 in
2917 2958 3133 3014 vocem,
3167 2956 3227 3001 ut
3252 2945 3346 3017 qui
3373 2964 3474 3019 per

1871 3025 2169 3093 Epistulam
2219 3029 2512 3097 docuerat,
2564 3047 2806 3102 praiseus
2866 3036 3103 3091 instruat
3151 3039 3467 3097 audientes.

190 3136 472 3195 prmteream
525 3128 849 3199 (passumus
900 3125 1176 3195 siquidem
1222 3125 1381 3183 facile
1425 3129 1765 3196 c0rporalem
1797 3112 1839 3175 C
1872 3118 2119 3188 Magnam
2146 3120 2541 3192 siquidemvim
2560 3124 2723 3180 habet
2747 3141 2850 3182 vox
2883 3126 3001 3182 viva
3023 3143 3158 3185 :vox
3185 3130 3254 3187 de
3279 3141 3469 3190 aucto-

189 3216 585 3288 descriptionem
616 3218 917 3275 transferre
948 3218 1014 3273 ad
1047 3218 1469 3289 intelligentiam
1509 3219 1768 3288 Spiritua-

193 3307 315 3381 lem),
339 3312 545 3367 tamdiu
568 3313 626 3367 in
647 3313 874 3382 ancipiti
902 3315 1285 3383 est,qnamdiu
1310 3315 1487 3385 pariat
1514 3315 1602 3385 qtti
1629 3329 1765 3369 con-

191 3406 327 3472 cepit.
348 3405 452 3461 Nec
479 3407 675 3464 statim
728 3407 853 3463 linis
901 3407 1188 3464 industriae
1227 3417 1314 3465 est
1358 3409 1623 3476 edidisse,
1670 3411 1765 3464 sed

192 3504 294 3551 tunc
314 3497 538 3554 alterius
569 3499 778 3556 laboris
803 3500 1092 3556 exordium
1121 3511 1229 3568 est,
1263 3513 1320 3556 ιιι
1352 3503 1651 3559 lactentem
1684 3503 1769 3557 in-

192 3583 379 3644 fantiam
424 3590 641 3647 sedulis
691 3590 1047 3647 nutrimentis
1100 3603 1156 3648 et
1207 3593 1428 3663 studiis,
1478 3611 1650 3666 usque
1699 3593 1767 3649 ad

193 3680 375 3749 plenam
401 3684 618 3741 Christi
671 3684 941 3756 perducat
989 3693 1231 3743 (etatem.
1284 3688 1352 3743 Et
1394 3687 1671 3756 quomodo
1714 3688 1768 3744 in

195 3772 412 3845 coniugio
436 3791 594 3848 saepe
621 3776 725 3832 viri
757 3792 944 3833 semen
976 3777 1028 3832 in
1057 3792 1219 3834 causa
1253 3790 1336 3834 est
1362 3796 1431 3835 ne
1462 3780 1617 3836 liberi
1643 3797 1770 3852 pro-

195 3878 437 3934 creentur,
482 3886 898 3938 nonnumquam
947 3871 1151 3926 sterilis
1202 3887 1343 3927 uxor
1393 3874 1602 3929 semina
1659 3891 1768 3931 non

199 3965 340 4025 tenet,
389 3971 444 4018 et
483 3964 810 4033 frequenter
848 3974 1044 4019 neuter
1086 3964 1152 4018 ad
1201 3965 1570 4036 generandum
1612 3976 1772 4037 aptus

197 4064 293 4120 est,
326 4065 376 4111 et
399 4056 718 4113 erontrario
762 4068 992 4129 uterque
1040 4056 1305 4115 fecundus
1335 4077 1349 4114 :
1379 4059 1453 4116 ita
1493 4068 1548 4116 et
1592 4061 1643 4116 iu
1687 4062 1770 4117 his

199 4147 274 4216 qui
303 4148 516 4205 verbum
568 4151 665 4207 Dei
708 4151 1012 4217 setninant,
1060 4152 1392 4223 quadrifaria
1427 4154 1545 4210 haec
1573 4153 1772 4211 divisio

199 4243 489 4311 custoditur,
520 4256 585 4300 ut
610 4245 836 4317 impleat
855 4245 1076 4318 quidem
1105 4262 1263 4302 suum
1291 4246 1486 4303 doctor
1503 4246 1769 4316 ofﬁcium,

202 4334 359 4391 sedsit
386 4340 593 4395 sterilis
626 4340 884 4395 auditor:
912 4340 994 4395 vel
1024 4332 1237 4396 auditor
1265 4342 1420 4396 home.
1451 4342 1645 4397 indolis
1675 4345 1766 4407 sit,

201 4427 278 4480 sed
308 4446 397 4498 per
429 4432 762 4503 imperitiam
795 4432 1064 4498 dOt'ltlllS,
1097 4434 1246 4489 verbi
1273 4448 1460 4489 semen
1496 4435 1765 4491 intereat:

1870 3214 1945 3267 ris
1966 3216 2050 3267 sui
2078 3231 2177 3269 ore
2209 3231 2499 3286 resonans,
2531 3234 2653 3289 qua:
2681 3234 2742 3274 ea
2779 3222 3230 3291 pronuntiatione
3261 3225 3475 3296 profer-

1869 3313 1962 3361 tur
1983 3316 2146 3377 atque
2167 3308 2535 3378 distinguitur,
2562 3327 2666 3383 qua
2698 3312 2750 3367 in
2786 3312 3025 3371 hominis
3052 3317 3138 3372 sui
3172 3318 3338 3375 corde
3378 3335 3475 3391 ge-

1870 3410 2061 3458 nerata
2104 3413 2208 3458 est.
2248 3402 2440 3461 Sciens
2488 3406 2670 3477 itaque
2719 3410 3015 3477 Apostolus
3060 3412 3325 3483 majorem
3357 3414 3470 3472 vim

1871 3493 2077 3549 habere
2107 3512 2420 3554 sermonem
2449 3499 2543 3570 qui
2567 3503 2633 3554 ad
2662 3514 2960 3571 praesentes
2990 3505 3110 3573 flat,
3136 3504 3162 3544 τι
3192 3508 3350 3580 cupit
3375 3525 3475 3564 vo-

1869 3605 1985 3646 cem
2017 3591 2394 3663 Episwlicam,
2426 3610 2616 3651 vocem
2661 3595 2862 3652 litteris
2895 3599 3377 3673 comprehensam,
3423 3605 3476 3661 in

1870 3685 2217 3754 praesentiam
2246 3699 2585 3744 commutare
2630 3706 2645 3745 :
2695 3700 2749 3745 et
2780 3692 2903 3761 quia
2952 3691 3055 3749 hoc
3097 3695 3270 3767 magis
3298 3711 3474 3765 espe-

1842 3775 2055 3831 -diebat
2084 3777 2168 3833 his
2194 3779 2287 3847 qui
2318 3779 2370 3833 in
2402 3796 2591 3836 errore
2619 3780 2831 3836 fuerant
2868 3783 3177 3853 depravati,
3212 3788 3334 3842 vivo
3375 3803 3475 3843 eos

1871 3868 1938 3922 ad
1978 3868 2272 3923 veritatem
2319 3871 2601 3927 retrahere
2646 3888 2925 3930 sermone.
2971 3875 3085 3932 llcc
3104 3884 3285 3932 autem
3324 3877 3471 3942 ideo.

1870 3961 1999 4027 quia
2022 3961 2461 4017 confundebatttr
2483 3961 2597 4035 [ΑΙ.
2626 3966 3013 4039 confundatur]
3048 3971 3099 4022 in
3142 3968 3251 4023 illis
3278 3984 3296 4027 :
3326 3971 3471 4041 quod

1871 4054 2091 4122 quidem
2142 4054 2331 4109 Graece
2390 4056 2561 4120 magis
2606 4058 2829 4128 proprie
2882 4058 3102 4115 dicitur.
3153 4060 3477 4138 Α’ποροῦμαι

1870 4149 2014 4202 enim
2046 4162 2153 4201 non
2185 4159 2292 4201 tam
2336 4150 2714 4219 confusionem,
2739 4165 2863 4221 quae
2899 4153 3042 4221 apud
3086 4154 3213 4210 illos
3238 4159 3475 4228 αἰσχύιη

1871 4238 1985 4294 sive
2011 4240 2283 4312 σύγχυσις
2321 4240 2650 4309 appellatur,
2700 4256 2862 4312 quam
2903 4244 3244 4319 indigentiam
3271 4258 3327 4303 et
3354 4250 3476 4304 ino-

1870 4334 2014 4405 piam
2041 4346 2219 4388 sonat.
2253 4334 2460 4389 Sensus
2485 4335 2668 4405 itaque
2692 4337 2796 4393 iste
2824 4346 2945 4396 est:
2973 4338 3185 4397 Vellem
3209 4342 3352 4412 apud
3378 4359 3476 4400 vos

1873 4442 2021 4482 nunc
2074 4428 2296 4491 adesse,
2339 4438 2394 4482 et
2452 4427 2763 4484 litterarum
2816 4447 3007 4488 vocem
3057 4451 3304 4504 prmsens
3359 4439 3477 4508 ipse

200 4526 275 4571 alii
297 4530 436 4579 certe
480 4532 595 4578 tam
646 4538 846 4580 vecors
872 4525 946 4579 sit
974 4525 1064 4597 qui
1097 4526 1343 4592 docetur,
1375 4543 1537 4599 quam
1572 4530 1664 4585 ille
1691 4541 1773 4586 est
1804 4504 1853 4563 Ῑ)
1882 4521 2146 4592 proferre,
2196 4522 2321 4593 quia
2363 4522 2580 4593 indigeo
2610 4524 2667 4579 in
2696 4524 2873 4581 vobis.
2913 4526 3030 4583 Non
3054 4529 3255 4600 quippe
3299 4504 3477 4588 habeo

200 4612 273 4680 qui
308 4617 576 4689 pr.ucipit;
616 4632 855 4689 raroque
895 4620 1186 4690 contingit,
1225 4628 1285 4675 ιιι
1322 4629 1380 4676 ct
1422 4621 1684 4693 magister
1720 4631 1776 4678 ct

200 4702 467 4779 discipulus
513 4711 625 4767 sibi
673 4712 1040 4780 consentiant,
1074 4713 1284 4769 scilicet
1324 4721 1387 4770 ut
1429 4721 1638 4771 tantum
1671 4715 1773 4773 iste

261 4877 285 4905 ι
313 4870 478 4945 Atque
506 4871 650 4929 adeo
679 4871 956 4945 immerito
987 4871 1161 4944 culpa:
1190 4872 1375 4928 datum
1409 4872 1766 4945 Hieronymo,

202 4942 325 5010 quod
373 4945 597 5000 lubricis
647 4944 1005 5014 turpibnsqne
1052 4942 1295 5001 uteretur
1349 4946 1402 5001 in
1444 4942 1768 5000 disserendo

205 5016 460 5086 ese-lupus.
495 5015 645 5071 Satis
688 5021 939 5086 apposite
985 5017 1047 5074 S.
1093 5017 1386 5082 Augustin.
1433 5017 1527 5071 lib.
1561 5032 1651 5072 xw
1699 5018 1768 5073 de

203 5082 344 5138 Civil.
377 5086 465 5160 fici
497 5104 621 5156 Cap.
649 5082 776 5140 2.5—:-
804 5088 1048 5160 Quisquis
1078 5088 1150 5141 ad
1178 5086 1274 5143 llas
1303 5088 1510 5144 litteras
1539 5089 1772 5160 impudi-

207 5169 281 5231 cus
321 5158 530 5225 accedit,
578 5160 788 5231 culpant
840 5159 1092 5231 refugiat.
1146 5176 1247 5213 non
1295 5169 1539 5213 naturam
1572 5158 1771 5229 {facta

207 5224 379 5302 denotet
417 5246 527 5302 sure
554 5224 916 5302 turpitudinis,
947 5224 1063 5302 non
1083 5231 1236 5285 verba
1272 5242 1462 5286 nostra:
1496 5224 1771 5287 necessita-

207 5299 277 5375 tis,
303 5299 351 5352 in
376 5300 559 5370 quibus
605 5301 734 5355 mihi
762 5302 918 5371 facile
959 5301 1179 5373 pudicus
1217 5301 1404 5370 lector,
1446 5302 1524 5357 rel
1558 5304 1772 5358 auditor

208 5381 423 5434 Ignoscet.

264 5436 288 5476 δ
314 5442 407 5519 [‘ro
436 5443 539 5519 hoc
577 5459 688 5499 uno
717 5444 921 5519 verbo,
950 5454 999 5501 et
1037 5447 1351 5519 peperimus,
1379 5445 1645 5519 integrius
1673 5461 1771 5516 pe-

209 5511 629 5590 l'”..v.ic'°"i"m.
664 5511 1062 5590 Pﬂfluft't'imtls'.
1097 5511 1144 5571 et
1174 5520 1467 5590 peperimus
1495 5511 1774 5587 spiritum:

210 5582 256 5663 in
284 5582 514 5663 Vulgata.
551 5596 598 5663 et
619 5582 770 5663 quasi
794 5582 1185 5663 partui-inimus,
1216 5600 1262 5642 et
1293 5582 1587 5663 papirim'us
1617 5591 1776 5659 spiri-

210 5658 335 5740 ξιιξιη
357 5657 446 5711 sed
474 5657 639 5740 et_in'
670 5658 866 5717 Gl’tl'co
912 5658 1161 5732 additur,
1196 5657 1303 5720 καῖ
1327 5657 1654 5738 ὦδινήσαμιῦ
1693 5665 1777 5721 καὶ

216 5723 659 5817 διέπομεν-πνεῦμα.

1879 4614 2085 4670 fructus
2115 4629 2252 4685 quos
2286 4615 2462 4670 solent
2489 4616 2556 4671 de
2582 4616 2874 4689 discipulis
2925 4619 3127 4677 habere
3170 4623 3430 4679 doctores
3462 4640 3478 4682 :

1877 4720 1933 4768 et
1961 4711 2077 4766 sine
2104 4725 2268 4766 causa
2313 4724 2499 4766 semen
2528 4708 2735 4782 jactum
2780 4721 2868 4768 est
2915 4712 3318 4785 doctrinarum,
3348 4732 3474 4774 cum

1949 4883 1972 4912 ε
2003 4871 2288 4927 Palatinus
2327 4884 2459 4943 ms.J
2490 4869 2628 4943 quod
2676 4872 2769 4940 qui
2808 4880 3051 4943 peccator
3097 4875 3479 4942 quodammodo

1872 4961 1981 5000 esse
2009 4943 2255 5007 desierat.
2287 4952 2391 4998 etc.
2418 4939 2713 4998 Rabbanus
2745 4939 2955 4998 tantum
2985 4939 3262 5014 voculam,
3299 4946 3475 5014 homo,

1874 5014 2264 5087 praetermittit.

1945 5086 1972 5123 ει
2007 5087 2313 5153 Corruptus
2340 5085 2427 5139 ltic
2455 5084 2610 5141 locus
2639 5093 2724 5141 est
2766 5085 2820 5141 in
2865 5097 3021 5143 antea
3054 5087 3236 5157 editis,
3276 5087 3364 5152 qui
3400 5087 3478 5144 le-

1874 5169 2008 5231 gunt
2056 5160 2107 5211 in
2160 5159 2305 5213 hunc
2348 5157 2567 5231 modum
2601 5175 2614 5212 :
2652 5157 2808 5229 Cupit
2845 5175 3021 5213 vocem
3050 5177 3198 5213 suam
3225 5161 3478 5230 opastoli-

1876 5228 1988 5284 cant
2016 5230 2203 5284 litteris
2233 5228 2658 5293 comprehensam
2686 5228 2741 5282 in
2772 5231 3102 5296 praesentium
3139 5228 3473 5284 commutare.

1881 5302 2083 5370 lii-gitis
2131 5301 2302 5356 Codex
2339 5313 2439 5353 ms.
2473 5300 2603 5369 legit.
2650 5311 3073 5369 ϐοιιειιιιιιιξιιιρν,
3116 5306 3230 5355 t't'tto
3277 5318 3363 5355 eos
3405 5304 3476 5356 ad

1881 5376 2144 5429 ceritatem
2171 5370 2432 5427 retrahere
2458 5388 2692 5425 sermone
2715 5381 3006 5425 conaretur.
3041 5374 3198 5428 Mser
3243 5402 3313 5414 —
3339 5372 3476 5431 Fere

1880 5461 2003 5501 cum
2046 5446 2175 5499 olim
2212 5445 2376 5498 editis
2415 5442 2769 5498 Ci-torcwns.
2813 5458 2915 5496 tns.
2959 5444 3100 5511 cupit
3140 5459 3309 5498 t'occm
3347 5463 3476 5512 upo-

1880 5518 2138 5581 stolicam,
2186 5531 2357 5589 uocem
2406 5512 2589 5568 litteris
2642 5515 3077 5589 comprehensum
3106 5517 3157 5568 in
3198 5520 3476 5589 prtesentia

1883 5598 2216 5642 comnmtare.
2251 5586 2317 5639 Et
2361 5590 2518 5650 paulo
2555 5597 2695 5657 post,
2728 5601 2865 5640 vivos
2894 5601 2981 5640 eos
3009 5588 3079 5641 ad
3106 5586 3371 5643 ueritatem
3396 5604 3477 5644 re-

1884 5662 2086 5719 trahere
2106 5674 2386 5716 sermones.
