3962 6338
452 325 558 386 581
1691 325 1749 383 S.
1789 323 2060 384 EUSEBIl
2098 325 2489 387 BIERONYMI
3645 326 3771 403 388'

452 447 668 519 pcnitus
690 446 743 499 in
771 444 931 500 vobis
954 442 1131 515 patiar
1160 453 1461 516 egestatem
1489 460 1504 500 :
1532 443 1600 497 ita
1631 451 1690 499 ut
1717 444 1773 499 in
1795 442 2050 499 leretnia:
2077 452 2131 506 Α
2158 444 2408 517 {(Vers.
2435 446 2529 514 22,
2557 445 2674 519 25.)
2697 446 2966 518 Scriptum
2994 459 3070 507 est
3110 452 3267 517 enim,
3290 453 3541 524 quoniam
3581 454 3751 513 Abra-

449 542 653 613 pussiin
687 557 875 596 vocem
922 556 1311 611 prorumpere:
1350 537 1468 593 Nan
1500 540 1692 611 profui,
1729 556 1889 609 atque
1926 556 2052 611 pro-

443 634 549 704 fuit
562 634 689 688 mihi
701 632 975 705 quisquam
988 630 1205 704 (larem.
1223 647 1380 701 xxttl,
1396 630 1710 702 2'5).Potest
1724 632 1953 687 etaliter
1965 632 2051 687 lo—

444 742 545 784 cus
561 729 668 784 iste
680 727 1063 798 interpretari:
1086 724 1253 799 668
1266 725 1463 781 Paulus
1474 725 1856 798 apostolusqui
1873 724 2051 781 factus

444 818 629 876 fuerat
654 819 860 876 Judzeis
882 818 1127 884 Iudaeus,
1157 829 1218 873 ut
1240 818 1462 874 Judzeos
1486 817 1843 875 lucrifaceret
1860 816 1905 889 (ι
1925 816 2047 875 Cor.

440 910 544 983 ts),
577 922 633 966 et
666 912 749 965 his
779 911 872 981 qui
910 920 1071 965 erant
1102 910 1205 964 sub
1221 910 1386 981 Lege,
1424 911 1579 982 quasi
1613 910 1733 981 ipse
1764 921 1915 968 esset
1945 912 2048 966 sub

440 1003 605 1075 Lege,
637 1012 696 1058 et
724 1002 953 1058 inlirmis
994 1001 1267 1064 inﬁrmus.
1301 1013 1362 1056 ut
1395 1001 1641 1058 inﬁrmos
1663 1000 2043 1064 lucrilaceret;

438 1111 538 1168 pro
563 1097 829 1167 qualitate
857 1110 1049 1150 eorum
1077 1111 1214 1166 quos
1244 1098 1462 1153 salvere
1488 1097 1780 1167 cupiebat,
1805 1096 2046 1151 mutabat

437 1205 627 1247 vocem
656 1204 831 1255 suam,
854 1198 913 1244 et
944 1189 999 1243 in
1031 1190 1360 1245 histrionum
1391 1187 1811 1246 similitudinem
1847 1187 2046 1261 (lactus

434 1282 707 1354 siquidem
743 1290 830 1337 est
870 1280 1145 1338 theatrum
1182 1280 1408 1350 mundo,
1440 1293 1497 1337 et
1521 1282 1756 1353 angelis,
1785 1290 1843 1338 et
1870 1280 2044 1336 homi-

438 1376 600 1432 nibus
623 1372 815 1448 [lCor.
843 1374 921 1445 tv]
972 1376 1217 1431 habiturn
1262 1377 1315 1430 in
1355 1377 1607 1432 diversas
1641 1376 1841 1448 ﬁguras
1866 1386 2044 1431 verte-

436 1468 526 1524 bat
545 1477 603 1524 et
622 1482 812 1523 voces.
838 1466 958 1524 Non
985 1467 1131 1538 quod
1149 1466 1204 1523 id
1224 1479 1392 1535 eesel,
1416 1468 1562 1540 quod
1589 1485 1650 1525 se
1670 1483 1795 1524 esse
1819 1468 2046 1523 simula-

435 1563 555 1629 bat;
577 1561 675 1618 sed
696 1562 842 1633 quod
870 1562 924 1617 id
952 1572 1160 1617 tantum
1180 1562 1463 1619 videretur
1484 1578 1631 1628 esse,
1655 1562 1800 1634 quod
1821 1562 2040 1617 caeteris

435 1654 713 1727 proderat.
760 1654 958 1711 Cernit
1009 1655 1231 1713 Galatas
1279 1658 1393 1712 alia
1450 1658 1700 1729 indigere
1748 1657 2035 1722 doctrina,

430 1750 535 1805 alia
580 1750 667 1805 via
708 1750 915 1807 debere
957 1752 1189 1820 salvari,
1246 1768 1353 1809 non
1406 1753 1497 1807 illa
1546 1769 1649 1822 qua
1694 1753 1926 1821 primum
1969 1752 2035 1808 ad

2155 540 2431 595 Itamduos
2452 541 2591 611 ﬁlios
2622 542 2819 605 habuit,
2861 560 3021 597 unum
3061 545 3126 599 de
3157 546 3354 600 ancilla
3398 557 3445 602 et
3489 565 3648 601 unum
3687 550 3751 605 de

2153 630 2338 687 libera.
2374 634 2480 689 Sed
2528 636 2617 706 qui
2658 637 2723 690 de
2759 636 2980 704 ancilla,
3019 641 3302 693 secundum
3348 658 3558 696 carnem
3599 654 3752 698 natus

2152 739 2227 778 t’sl
2254 741 2271 778 :
2301 727 2387 797 qui
2417 737 2589 782 autem
2616 729 2681 781 de
2712 728 2895 794 libera,
2924 746 3017 802 per
3046 733 3525 804 repromissionem.
3557 733 3751 792 Nimia:

2153 819 2492 876 tl.l'ticultatis
2522 831 2607 875 est
2630 820 3031 886 demonstrare.
3082 823 3234 880 Isaac
3281 834 3517 893 tantum,
3550 828 3645 898 qui
3682 826 3755 884 de

2151 910 2283 968 Sara
2315 924 2472 967 natus
2500 922 2610 981 est,
2642 911 2813 969 fuisse
2838 913 2909 969 de
2939 916 3370 983 repromissione
3399 925 3748 989 generatum,

2150 1012 2337 1058 etnon
2367 1002 2532 1060 etiam
2565 1004 2781 1075 lsmael,
2815 1007 2906 1076 qui
2942 1006 3011 1063 de
3053 1006 3200 1078 Agar
3229 1011 3429 1067 ancilla
3463 1020 3549 1067 est
3590 1022 3753 1067 ortus

2148 1095 2428 1169 Egyptia.
2454 1098 2737 1169 Scriptura
2761 1101 2960 1171 quippe
2990 1100 3181 1168 refert,
3211 1103 3358 1174 quod
3383 1118 3528 1171 cum,
3559 1118 3756 1175 perse—

2104 1259 2114 1268 '
2147 1204 2348 1259 queute
2376 1190 2534 1260 Sara,
2581 1196 2723 1263 Agar
2748 1191 2855 1248 feta
2881 1193 3130 1265 fugisset,
3163 1206 3218 1250 et
3247 1197 3487 1252 venisset
3527 1196 3595 1251 ad
3625 1212 3753 1253 eam

2146 1284 2371 1353 angelus
2399 1286 2455 1341 in
2478 1289 2722 1351 deserto,
2749 1300 3104 1359 moneretque
3142 1298 3196 1343 ut
3238 1287 3607 1360 subjiceretnr
3644 1291 3751 1347 do-

2147 1377 2308 1433 minae
2329 1380 2608 1449 potestati,
2648 1379 2796 1436 idem
2824 1381 2943 1451 ipse
2978 1384 3206 1453 angelus
3243 1386 3406 1440 etiam
3446 1386 3565 1441 hzec
3597 1388 3755 1444 locu-

2147 1480 2233 1522 lus
2260 1470 2368 1525 sit:
2402 1470 2769 1543 Multiplicans
2799 1473 3158 1545 multiplicabo
3189 1493 3358 1532 semen
3381 1487 3549 1546 tuum,
3574 1492 3622 1535 et
3643 1497 3753 1536 non

2144 1563 2500 1618 numerabitur
2518 1580 2628 1637 pra:
2648 1567 2979 1620 multitudine
2999 1563 3208 1637 (Cenes.
3229 1584 3338 1636 xvr,
3369 1570 3483 1637 ill).
3506 1570 3574 1625 Et
3596 1583 3753 1641 post-

2142 1673 2204 1708 cu
2239 1655 2307 1710 de
2330 1657 2526 1713 lsmael
2560 1658 2704 1728 (qua:
2736 1659 2923 1728 utique
2965 1660 3411 1727 repromissionis
3457 1664 3622 1718 verba
3651 1680 3752 1721 ue-

2144 1767 2230 1801 ιιιυ
2263 1749 2581 1820 dubitarit):
2617 1748 2729 1804 Iste
2755 1751 2855 1807 erit
2889 1752 3186 1807 rusticanus
3217 1754 3391 1824 homo,
3422 1772 3608 1809 manus
3632 1758 3749 1829 ejus

428 1840 637 1897 Christi
672 1842 834 1898 (idem
875 1844 1092 1899 inerant
1138 1844 1207 1900 de
1255 1845 1565 1916 gentilitate
1608 1844 1906 1901 transducti
1935 1860 1952 1900 :
1982 1856 2038 1902 et
2067 1833 2116 1894 B
2142 1858 2299 1909 super
2328 1858 2522 1909 omnes,
2549 1850 2598 1897 et
2630 1859 2816 1898 manus
2850 1845 3079 1897 omnium
3111 1862 3266 1918 super
3296 1862 3432 1914 eum,
3465 1857 3516 1902 et
3561 1858 3748 1904 contra

430 1934 785 2004 compellitur
832 1937 1017 1992 dicere
1046 1953 1062 1995 :
1096 1936 1295 1993 Vellem
1333 1956 1471 1993 nunc
1517 1955 1624 1995 esse
1660 1940 1803 2011 apud
1841 1955 1949 2007 vos,
1990 1950 2036 1994 et

430 2039 632 2084 mutare
660 2046 837 2085 vocem
877 2046 1067 2097 meum,
1097 2040 1124 2070 ι
1154 2033 1402 2103 quoniam
1448 2035 1744 2105 confundor
1787 2034 1843 2087 in
1876 2034 2033 2089 t'obis.

427 2120 573 2191 Non,
618 2122 834 2193 inquit,
864 2122 1023 2179 video
1059 2138 1147 2180 me
1192 2126 1477 2195 prodesse,
1516 2127 1560 2179 si
1586 2141 1650 2181 ea
1685 2126 1881 2193 loquar
1918 2141 2038 2197 qua:

429 2215 579 2285 prius
630 2215 855 2271 loeutus
893 2231 1013 2271 sum
1043 2260 1060 2285 ,
1120 2230 1352 2288 propter
1397 2219 1545 2288 quod
1599 2221 1857 2289 ignorans
1907 2220 2035 2288 quid

426 2322 605 2378 agam,
651 2308 783 2363 etin
813 2308 1030 2364 diversa
1072 2309 1392 2377 distractus,
1441 2312 1675 2375 laceror.
1721 2310 2037 2367 confundor

428 2408 592 2469 atque
623 2400 883 2457 dilanior.
916 2401 987 2456 Et
1010 2403 1290 2473 quomodo
1333 2404 1528 2459 medici
1571 2419 1695 2460 cum
1740 2407 1849 2461 vim
1899 2406 2035 2461 artis

428 2507 543 2549 sua:
563 2494 616 2549 in
643 2498 818 2564 primo
838 2495 1074 2552 viderint
1104 2511 1209 2552 non
1234 2497 1418 2555 valere
1444 2498 1829 2567 medicamine,
1858 2509 2038 2556 trans-

427 2598 559 2646 eunt
588 2589 656 2645 ad
686 2590 833 2646 aliud
854 2632 870 2659 ,
912 2599 970 2647 et
1019 2592 1229 2647 tamdiu
1257 2591 1611 2662 experiuntur
1637 2592 1771 2663 quid
1800 2594 1977 2664 prosit
2003 2609 2035 2650 e

426 2685 694 2756 pluribus,
728 2685 905 2742 donec
928 2686 1253 2758 perveniant
1280 2688 1349 2741 ad
1380 2688 1719 2742 curationem
1759 2705 1774 2743 :
1807 2699 1865 2742 ut
1888 2688 2033 2759 quod

428 2792 522 2846 per
549 2777 836 2833 mollitiem
886 2778 1119 2848 alicujus
1148 2778 1430 2849 emplastri
1462 2794 1804 2849 nequaquam
1849 2782 2032 2835 sanari

431 2870 625 2939 valuit,
679 2870 1014 2927 mordaciori
1048 2872 1304 2940 pulvere,
1332 2881 1389 2927 et
1431 2873 1723 2927 austeriori
1753 2873 2038 2927 curatione

425 2968 657 3016 sanetur
686 2980 702 3017 :
727 2962 797 3016 ita
826 2971 883 3017 et
906 2976 1010 3032 ego
1031 2962 1158 3032 quia
1185 2961 1493 3017 confundor
1518 2962 1573 3016 in
1600 2962 1778 3029 vobis,
1800 2973 1855 3018 et
1876 2964 2028 3034 igno-

424 3053 605 3110 rantia
636 3054 744 3109 huc
772 3064 940 3125 atque
970 3054 1104 3109 illuc
1145 3053 1445 3123 distrahor,
1487 3054 1687 3110 vellem
1721 3054 2029 3111 litterarum

427 3161 620 3204 vocem
650 3162 897 3218 praesens
941 3147 1014 3203 de
1058 3163 1179 3203 meo
1208 3163 1304 3204 ore
1334 3149 1604 3218 proferre,
1650 3156 1708 3204 ut
1744 3163 1842 3204 vos
1869 3148 2028 3204 solito

2138 1935 2330 2007 faciem
2370 1938 2603 1991 omnium
2651 1938 2877 2008 fratrum
2923 1955 3140 1992 suorum
3180 1940 3454 1996 habitabit.
3498 1941 3610 1997 Sed
3660 1959 3750 1998 re-

2137 2025 2403 2097 sponderi
2437 2038 2640 2097 potest,
2665 2028 2890 2084 minoris
2916 2031 3257 2086 auctoritatis
3286 2047 3410 2087 esse
3438 2035 3746 2102 repromis-

2137 2122 2350 2178 sionem
2381 2123 2583 2194 angeli,
2618 2138 2777 2193 quam
2807 2123 2980 2193 ipsius
3020 2123 3139 2178 Dei.
3188 2123 3341 2181 Sicut
3379 2125 3529 2180 enim
3558 2128 3743 2199 stella,

2137 2228 2262 2270 orto
2285 2216 2425 2280 Sole.
2461 2232 2571 2271 non
2592 2219 2783 2272 rutilat
2807 2233 2821 2270 :
2847 2218 2921 2270 ita
2946 2224 3002 2271 et
3025 2219 3204 2287 angeli
3236 2218 3398 2273 verba
3427 2219 3493 2273 ad
3515 2234 3750 2290 compa-

2138 2310 2406 2365 rationem
2460 2310 2903 2379 repromissionis
2944 2311 3039 2367 Dei
3068 2312 3375 2378 obscurari,
3412 2322 3467 2368 et
3507 2328 3748 2369 evanes-

2136 2419 2283 2467 cere,
2316 2416 2368 2459 et
2397 2420 2496 2475 pro
2520 2404 2693 2459 nihilo
2734 2406 3058 2475 computari.
3093 2405 3323 2461 Videtur
3362 2407 3587 2477 quidem
3623 2407 3747 2465 haec

2137 2500 2428 2567 responsio
2464 2497 2672 2568 aliquid
2721 2498 2926 2554 habere
2965 2501 3257 2565 momenti;
3290 2500 3384 2555 sed
3425 2500 3612 2554 statim
3647 2515 3747 2557 se-

2136 2590 2352 2662 quentis
2377 2590 2674 2661 Scriptura:
2715 2593 3044 2648 auctoritate
3075 2594 3403 2649 conteritur.
3456 2593 3745 2665 Scriptum

2137 2697 2219 2739 cm
2247 2684 2432 2738 enim:
2479 2683 2745 2739 Abraham
2794 2694 2969 2740 autem
3006 2685 3141 2740 dixit
3176 2686 3245 2739 ad
3282 2683 3452 2739 Deum
3477 2702 3497 2740 :
3540 2683 3747 2743 Ismael

2134 2775 2232 2830 iste
2263 2776 2396 2829 vivat
2444 2776 2498 2830 in
2541 2786 2820 2845 conspectu
2852 2787 2938 2830 tuo
2967 2774 3159 2845 (Ibid.,
3198 2792 3325 2841 xvtt,
3354 2776 3422 2831 18
3448 2776 3625 2850 seqq.)
3650 2797 3664 2831 :
3690 2789 3747 2833 et

2136 2866 2280 2922 Deus
2312 2867 2594 2939 respondit
2627 2869 2691 2922 ad
2738 2884 2859 2924 eum
2891 2868 2961 2923 ita
2988 2886 3001 2921 :
3039 2868 3169 2923 Ecce
3197 2869 3337 2924 Sara
3363 2884 3497 2922 uxor
3525 2877 3621 2922 tua
3646 2887 3747 2940 pa-

2134 2962 2228 3016 riet
2257 2961 2350 3016 tibi
2382 2961 2554 3032 [ilium
2581 3004 2595 3029 ,
2627 2973 2676 3018 et
2708 2962 2910 3017 vocabis
2951 2980 3137 3020 nomen
3176 2967 3289 3038 ejus
3326 2959 3505 3032 Isaac,
3548 2976 3600 3020 et
3632 2977 3745 3021 sta-

2135 3066 2278 3111 tuam
2304 3067 2665 3114 testamentum
2685 3075 2853 3112 meum
2876 3057 2946 3112 ad
2963 3076 3101 3125 eum,
3120 3060 3174 3113 in
3204 3070 3566 3114 testamentum
3579 3068 3747 3114 eter-

2133 3168 2278 3214 num,
2301 3160 2351 3206 et
2366 3152 2547 3206 semini
2567 3155 2683 3223 ejus
2709 3161 2821 3219 post
2851 3168 2993 3207 eum.
3018 3151 3098 3207 De
3122 3149 3316 3207 Ismael
3336 3163 3513 3206 autem
3530 3168 3551 3207 :
3574 3149 3751 3226 4⁷0

424 3242 674 3298 severior
706 3243 822 3313 ipse
849 3242 1216 3313 corriperem;
1249 3240 1505 3313 quoniam
1533 3242 1766 3310 epistola
1789 3259 1899 3297 non
1926 3257 2027 3312 po-
2056 3216 2103 3282 (ἶ
2135 3242 2269 3297 Ecce
2283 3244 2531 3297 exaudiui
2557 3252 2629 3310 te,
2650 3253 2700 3300 et
2725 3261 2840 3299 ecce
2862 3244 3105 3300 benedixi
3127 3261 3265 3311 eum,
3294 3253 3344 3299 et
3370 3244 3573 3319 augebo
3595 3216 3745 3317 Etim,

427 3343 536 3392 test
562 3351 754 3392 vocem
799 3336 1141 3407 objurgantis
1189 3336 1532 3406 exprimere;
1581 3352 1686 3392 non
1729 3336 1877 3393 valet
1918 3337 2030 3392 ira-

425 3429 633 3485 scentis
661 3443 923 3485 resonare
944 3430 1266 3497 clamorem,
1293 3441 1350 3486 et
1370 3428 1620 3486 dolorem
1652 3432 1889 3499 pectoris
1913 3431 2029 3501 api-

423 3521 580 3576 cibus
607 3523 911 3590 explicare.
957 3521 1144 3578 Potest
1171 3533 1353 3577 autem
1383 3533 1441 3578 et
1468 3522 1775 3594 simplicius
1822 3523 2024 3579 intelli-

420 3615 473 3685 gi
506 3632 518 3667 :
553 3613 779 3669 Blandis
824 3612 968 3685 apud
1013 3630 1111 3670 vos
1160 3614 1323 3671 modo
1363 3615 1550 3671 verbis
1601 3631 1732 3671 usus
1759 3629 1905 3680 sum,
1946 3615 2021 3671 di.

421 3720 553 3763 cens
584 3724 597 3761 :
628 3703 868 3770 Fratres,
900 3706 1111 3763 obsecro
1134 3725 1241 3763 vos.
1274 3708 1343 3763 Et
1370 3725 1384 3762 :
1414 3706 1602 3764 Filioli
1633 3709 1756 3776 mei,
1786 3726 1915 3781 quos
1934 3711 2029 3764 ite-

417 3818 538 3857 rum
567 3803 807 3875 purturia
832 3802 997 3858 donec
1046 3802 1285 3858 Christus
1333 3808 1588 3874 formetur
1626 3804 1683 3858 iu
1725 3804 1906 3869 vobis;
1932 3805 2025 3858 sed

415 3910 521 3967 ego
549 3894 783 3951 blandus
808 3908 863 3952 et
891 3897 1052 3963 lenis,
1085 3898 1176 3967 qui
1219 3896 1287 3952 ad
1318 3910 1415 3951 vos
1436 3897 1592 3967 quasi
1624 3908 1783 3967 pater
1813 3897 2027 3952 locutus

414 4003 564 4058 sum,
597 4004 698 4059 pro
725 4004 789 4044 ea
816 3987 1092 4045 charitate
1132 4004 1241 4060 qua
1272 3986 1301 4027 δ
1333 3988 1482 4044 ﬁlios
1516 4002 1674 4045 meos
1710 3989 1888 4059 perire
1919 4004 2026 4045 non

417 4079 595 4150 patior
621 4093 677 4135 et
705 4096 896 4137 errare
923 4091 1213 4151 perpetuo,
1240 4082 1434 4137 vellem
1458 4097 1604 4137 nunc
1634 4097 1877 4152 praesens
1905 4097 2027 4139 esse

416 4172 463 4229 si
486 4172 854 4228 confessionis
878 4189 967 4229 me
989 4174 1212 4231 vincula
1232 4189 1341 4230 non
1368 4183 1672 4242 arctarent,
1696 4186 1751 4230 et
1772 4173 2025 4230 blandam

419 4281 613 4322 Vocem
658 4267 711 4322 in
760 4269 1108 4337 objurgantis
1152 4270 1323 4325 verba
1371 4279 1603 4324 mutare.
1635 4268 1747 4324 Nec
1789 4269 2027 4325 levitatis

411 4371 521 4423 est,
549 4362 595 4415 si
623 4376 769 4417 nunc
794 4361 960 4435 469
987 4362 1261 4427 blandiar,
1309 4379 1453 4419 nunc
1497 4365 1739 4429 irascar;
1793 4364 2026 4433 impellit

413 4470 503 4510 me
530 4454 793 4522 charitas,
825 4456 1065 4523 impellit
1113 4472 1201 4511 me
1237 4456 1417 4522 dolor,
1450 4457 1686 4513 diversis
1735 4456 2025 4512 aﬂ‘ectibus

412 4547 581 4620 loqui.
611 4548 807 4605 Nescio
836 4550 982 4606 enim
1030 4551 1084 4605 in
1129 4565 1254 4621 quae
1296 4553 1529 4621 primum
1573 4553 1739 4607 verba
1777 4568 2025 4622 prorum-

414 4659 565 4714 pam,
597 4652 655 4699 et
681 4659 791 4716 quo
829 4659 930 4701 vos
975 4645 1203 4702 debeam
1245 4660 1445 4703 sanare
1471 4645 1853 4717 medicamine,
1896 4646 2023 4718 quia

413 4737 724 4793 confundor
750 4738 803 4793 in
834 4738 1019 4793 vobis.

488 4828 671 4898 (Vers.
694 4829 817 4902 21.)
861 4829 1027 4885 Dicite
1048 4830 1173 4887 mihi
1200 4831 1289 4904 qui
1317 4832 1412 4887 sub
1429 4831 1566 4903 Lege
1586 4833 1740 4887 vultis
1767 4849 1893 4900 esse,
1916 4831 2019 4888 Le-

410 4939 524 4998 gem
555 4940 662 4978 non
692 4924 954 4980 audistis?
980 4924 1285 4981 Notandum
1317 4925 1520 4997 Legem
1546 4927 1637 4981 hic
1659 4926 1861 4980 dictam
1897 4943 2020 4982 esse

411 5015 695 5072 Geneseos
721 5017 1028 5086 historiam,
1052 5034 1161 5073 non
1194 5028 1251 5073 ut
1275 5019 1439 5088 vulgo
1470 5017 1763 5086 aestimant,
1789 5035 1909 5089 quae
1938 5018 2015 5073 fa-

406 5112 599 5168 cienda
631 5113 761 5179 sint,
795 5129 989 5184 quaeve
1019 5111 1372 5179 vitanda,sed
1393 5121 1565 5167 totum
1588 5112 1735 5183 quod
1756 5112 1827 5168 de
1844 5113 2022 5168 Abra-

408 5204 559 5271 bam,
592 5214 647 5261 et
673 5205 796 5276 ejus
832 5206 1103 5262 uxoribus
1134 5206 1433 5277 liberisque
1472 5207 1806 5272 contexitur,
1841 5206 2020 5276 legem

402 5298 735 5370 appellatam
771 5297 957 5372 (Joan.
991 5298 1104 5372 xv).
1140 5298 1400 5371 Legimus
1424 5309 1479 5355 et
1507 5299 1559 5354 in
1589 5299 1693 5353 alio
1717 5300 1861 5365 loco,
1887 5298 2025 5355 Pro-

401 5393 605 5465 phetas
645 5410 866 5465 quoque
910 5394 1109 5465 Legem
1157 5394 1364 5449 vocari.
1412 5394 1575 5449 Audit
1617 5408 1747 5462 ergo
1789 5392 2022 5462 Legem,

402 5487 495 5557 qui
532 5484 688 5556 juxta
734 5486 963 5541 Paulum
1003 5502 1112 5542 non
1160 5485 1532 5557 superﬁciem,
1578 5484 1675 5541 sed
1716 5484 2015 5541 medullam

403 5580 521 5649 ejus
552 5581 883 5653 introspicit.
907 5580 1027 5637 Non
1051 5581 1202 5636 audit
1229 5581 1455 5652 Legem,
1492 5582 1583 5650 qui
1618 5580 1812 5636 similis
1852 5580 2015 5637 Gala-

402 5679 603 5741 tarum,
632 5674 967 5732 exteriorem
998 5683 1208 5731 tzmtum
1230 5676 1492 5731 corticem
1520 5673 1791 5747 sequitur.

398 5789 672 5933 “uno
703 5791 925 5867 ,verba,
975 5791 1226 5871 quoniam
1276 5789 1618 5867 confundor,
1658 5789 1873 5851 Victor.
1924 5789 2017 5853 hic

2132 3346 2180 3389 et
2227 3335 2588 3406 multiplicabo
2629 3337 2779 3391 illum
2823 3336 3166 3392 vehementer.
3216 3336 3510 3392 Duodecim
3560 3346 3751 3409 gentes

2129 3427 2413 3500 generabit,
2442 3437 2490 3483 et
2517 3428 2651 3483 dabo
2673 3445 2789 3483 eum
2821 3430 2875 3483 in
2900 3440 3102 3501 gentem
3164 3446 3424 3502 magnam,
3457 3438 3746 3485 tutamen-

2131 3530 2241 3575 tum
2260 3532 2432 3575 autem
2462 3537 2636 3576 meum
2673 3534 2897 3575 statuam
2943 3521 3014 3576 ad
3059 3520 3234 3589 Isaac,
3281 3538 3430 3591 quem
3470 3522 3754 3595 generabit

2132 3613 2224 3666 tibi
2252 3611 2392 3668 Sara
2417 3613 2473 3666 in
2504 3625 2731 3683 tempore
2760 3614 2882 3679 isto,
2928 3629 3070 3667 anno
3112 3622 3349 3668 venturo.
3409 3613 3490 3669 Ex
3533 3614 3752 3685 quibus

2129 3704 2355 3763 evidens
2378 3716 2463 3763 est
2488 3706 2661 3777 ipsius
2699 3722 2918 3777 quoque
2968 3706 3321 3762 sermonibus
3366 3704 3490 3775 Dei,
3539 3705 3753 3762 lsmael

2131 3798 2438 3855 secundum
2487 3798 2972 3869 repromissione-tn
3020 3815 3146 3857 esse
3172 3808 3523 3871 generatum.
3547 3798 3667 3857 Sed
3693 3810 3756 3855 et

2131 3888 2335 3947 bocita
2377 3890 2633 3957 solvitur,
2677 3890 3155 3961 rcpromissionem
3203 3891 3426 3963 proprie
3467 3891 3528 3947 in
3570 3900 3758 3947 testa-

2130 3985 2304 4041 menti
2344 3985 2565 4041 datione
2609 3985 2904 4056 compleri,
2950 3995 3005 4041 et
3037 3986 3183 4043 aliud
3213 4000 3339 4042 esse
3384 3984 3756 4053 benedicere,

2126 4092 2355 4148 augere,
2392 4078 2760 4148 multiplicare
2806 4078 3187 4146 vehementer,
3236 4077 3385 4148 quod
3431 4078 3485 4133 in
3534 4078 3759 4135 lsrnacl

2129 4172 2394 4241 scriptum
2424 4181 2510 4227 est
2541 4187 2556 4225 :
2594 4171 2739 4225 aliud
2764 4171 3039 4226 hmredetn
3091 4169 3272 4225 facere
3306 4185 3403 4238 per
3432 4179 3763 4226 testamen-

2128 4276 2263 4331 tum,
2295 4267 2439 4337 quod
2481 4268 2550 4322 de
2606 4266 2757 4321 Isaae
2790 4265 3037 4320 dicitur:
3089 4266 3331 4321 Statuam
3377 4274 3767 4319 testamentum

2127 4377 2299 4415 meum
2328 4360 2397 4415 ad
2427 4377 2565 4426 eum,
2596 4360 2649 4413 in
2705 4369 3069 4413 testamentum
3126 4369 3400 4425 internum,
3450 4367 3498 4412 et
3554 4358 3767 4414 semini

2128 4456 2241 4526 cjus
2268 4462 2384 4526 post
2420 4471 2562 4508 eum.
2607 4453 2674 4507 Et
2716 4453 2771 4506 in
2807 4452 3311 4522 consequentibus:
3346 4450 3771 4505 Testamentum

2130 4559 2301 4603 autem
2323 4565 2491 4602 meum
2517 4556 2748 4602 statuam
2777 4547 2849 4600 ad
2895 4544 3071 4613 Isaac,
3102 4564 3250 4617 quem
3280 4547 3446 4618 pariet
3477 4546 3575 4600 tibi
3611 4545 3772 4602 Sara

2130 4640 2314 4713 (Gem,
2349 4658 2480 4712 xvu,
2511 4642 2627 4714 i9).
2656 4642 2726 4696 Et
2753 4641 3027 4712 quomodo
3063 4641 3209 4697 aliud
3238 4640 3555 4705 suntdona,
3595 4638 3772 4695 aliud

2125 4736 2435 4794 substantia
2471 4754 2483 4792 τ
2530 4735 2675 4791 aliud
2720 4735 2922 4806 legata,
2960 4735 3103 4790 aliud
3148 4733 3441 4790 bzereditas
3480 4732 3775 4804 (legimus

2125 4832 2269 4886 enim
2302 4831 2428 4886 liliis
2451 4830 2886 4885 concubinarum
2933 4828 3170 4885 Abrahae
3206 4830 3348 4885 dona
3382 4827 3588 4882 tradita
3629 4845 3647 4883 :
3703 4831 3776 4884 ii-

2123 4926 2198 4982 lio
2229 4936 2413 4982 autem
2455 4925 2608 4982 Sara:
2646 4927 2815 4981 totius
2868 4925 3188 4981 substantia
3230 4922 3629 4980 hereditatem
3669 4942 3775 4981 rc-

2119 5017 2364 5091 lictam);
2396 5019 2466 5073 ita
2498 5018 2645 5074 aliud
2679 5034 2834 5086 esse,
2891 5026 2951 5073 ut
2997 5017 3257 5084 diximus,
3292 5014 3775 5075 benedictionem

2128 5122 2289 5184 atque
2328 5113 2527 5182 legata,
2576 5112 2722 5167 aliud
2765 5119 3178 5167 testamentum.
3222 5110 3329 5166 Sed
3372 5119 3430 5166 et
3474 5109 3593 5166 hoc
3649 5114 3781 5170 dici

2129 5207 2399 5278 potestdc
2428 5205 2679 5271 Ismaele,
2731 5217 2851 5275 post
2895 5215 3220 5275 conceptum
3268 5204 3409 5272 ejus,
3445 5203 3530 5259 vel
3568 5219 3779 5279 ange-

2132 5300 2268 5368 lum,
2293 5300 2378 5355 vel
2406 5299 2576 5354 Deum
2610 5300 2874 5353 locutum.
2904 5298 2983 5353 De
3012 5297 3164 5353 Isaac
3192 5313 3323 5352 vero
3344 5308 3675 5369 antequam
3718 5304 3784 5356 in

2131 5392 2285 5449 Sorte
2315 5403 2471 5448 utero
2514 5391 2918 5460 conciperetur,
2961 5389 3133 5445 Deum
3182 5389 3354 5447 fuisse
3399 5390 3782 5462 pollicitum.

2135 5486 2264 5542 llaec
2310 5485 2527 5539 interim
2582 5492 2844 5553 quantum
2893 5481 3099 5552 ingenii
3160 5482 3333 5537 nostri
3386 5480 3790 5544 mediocritas

2128 5579 2335 5649 patitur
2355 5577 2496 5632 dicta
2526 5576 2656 5631 sint.
2689 5575 2960 5630 Caeterum
2985 5574 3031 5629 si
3060 5574 3186 5644 quis
3213 5581 3397 5643 potest
3433 5571 3637 5640 majus
3662 5577 3791 5637 ali.

2124 5671 2255 5745 quid
2288 5670 2562 5737 invenire,
2607 5668 2882 5742 quomodo
2913 5666 3111 5723 lsmael
3145 5667 3236 5738 qui
3257 5667 3329 5723 de
3350 5664 3563 5723 ancilla
3591 5683 3795 5759 natus

2194 5786 2408 5863 {Idem
2431 5788 2732 5860 Victorius,
2760 5803 2867 5864 qua
2888 5802 2977 5846 vos
3005 5787 3199 5862 perire,
3229 5796 3343 5848 etc.
