3962 6338
229 306 321 368 389

699 299 1355 360 COMMENTARIORUM
1396 298 1462 357 IN
1509 296 1899 360 Epis'mLAu
1937 298 2032 358 an
2069 299 2394 360 camus
2430 300 2563 359 un.
2602 299 2670 358 ιι.
2710 298 2867 358 CAP.
2906 298 2999 358 tv.

3389 259 3501 359 390'

228 431 320 488 est,
350 434 449 479 non
494 418 561 472 sit
600 418 1049 487 repromissionis
1083 417 1252 483 ﬁlius,
1297 416 1393 472 sed
1424 417 1573 473 Isaac
1605 418 1694 487 qui
1720 416 1788 473 tle
1818 419 1862 480 Λ
1896 417 2159 474 iambicus
2210 419 2277 474 de
2325 420 2591 475 commdia
2647 429 2895 488 sumplus
2938 429 3022 474 est
3049 417 3355 475 Menandri.
3415 420 3497 477 Ex

223 515 410 571 libera:
436 511 528 566 ille
552 511 729 580 potius
759 510 1060 566 audiendus
1088 521 1195 566 est.
1242 510 1309 565 Et
1351 511 1397 564 si
1430 511 1580 582 quid,
1614 511 1792 581 inquit

223 606 518 677 Aposwlus,
534 604 683 659 aliter
705 605 931 673 sentitis,
979 612 1025 659 et
1050 602 1149 658 hoc
1174 604 1315 659 vobis
1352 603 1498 660 Deus
1527 603 1786 659 reuelauit.

221 698 356 756 Nunc
383 697 617 753 breviter
654 697 721 751 ad
747 697 945 752 altiora
973 696 1306 752 tendendum
1330 706 1435 760 est,
1462 707 1521 751 ut
1546 696 1792 751 dicamus

221 805 637 861 unumquemque
674 800 923 845 nostrum
967 790 1229 861 primum,
1262 807 1368 845 non
1397 791 1555 862 juxta
1604 806 1794 862 repro-

220 884 513 943 missionem
536 886 709 953 nasci,
732 884 992 955 quamdiu
1015 885 1296 956 Scriptura
1309 903 1427 940 rum
1454 884 1640 941 verbis
1662 885 1792 939 sim-

220 978 424 1049 plicibus
463 978 786 1046 instruitur,
822 990 878 1034 et
908 977 1155 1034 Iudaicis
1209 977 1387 1034 adhuc
1432 977 1791 1047 expositioni-

216 1073 303 1129 bus
327 1072 631 1129 delectatur
649 1092 664 1128 :
695 1074 917 1144 quando
935 1089 1067 1129 vero
1082 1073 1148 1128 ad
1166 1074 1494 1129 sublimiora
1506 1081 1793 1129 transcen-

216 1166 359 1234 derit,
385 1165 628 1238 etlegem
655 1166 989 1223 intellexerit
1016 1167 1383 1236 spiritualent,
1417 1172 1547 1221 tunc
1568 1182 1693 1221 eum
1723 1165 1791 1221 de

216 1260 620 1329 repromissione
640 1260 896 1331 generari
920 1279 933 1315 :
964 1274 1040 1325 et,
1063 1269 1124 1315 ut
1142 1259 1385 1330 apertius
1409 1258 1621 1329 loquar,
1656 1274 1792 1330 quo-

215 1352 331 1408 tidie
374 1366 467 1408 eos
512 1354 608 1424 qui
655 1352 870 1409 faciunt
909 1368 1077 1424 opera
1117 1352 1376 1420 Abrahae,
1414 1351 1485 1408 de
1512 1350 1788 1407 Abraham

214 1444 363 1500 nasci.
395 1444 595 1501 Verum
640 1446 767 1502 illos
814 1448 907 1518 qui
946 1445 1151 1502 habent
1200 1446 1456 1518 spiritum
1505 1446 1790 1503 servitutis

213 1538 386 1592 iterum
407 1537 461 1592 in
489 1538 713 1607 timore,
745 1554 812 1594 ex
840 1539 1040 1594 ancilla
1077 1539 1331 1610 generari
1358 1537 1647 1610 Egyptia;
1693 1552 1791 1594 cos

212 1640 368 1686 autem
389 1631 477 1702 qui
508 1633 765 1701 Spiritum
799 1632 1113 1703 adoptionis
1163 1629 1504 1703 acceperint,
1533 1646 1599 1686 ex
1654 1630 1789 1687 Sara

213 1722 396 1779 littera:
423 1738 530 1794 qua
580 1720 840 1781 libertate
886 1740 917 1779 a
959 1724 1184 1780 Clnisto
1216 1723 1406 1779 donati
1439 1738 1652 1780 sumus.
1678 1722 1785 1779 Lo-

1893 510 2092 580 quibns
2114 520 2170 566 et
2192 512 2337 578 aliis,
2375 514 2601 568 evidens
2639 522 2724 567 est
2774 512 3002 567 Paulum
3050 525 3158 566 non
3209 511 3493 582 ignorasse

1892 604 2104 661 litteras
2145 606 2466 675 steculares,
2517 617 2575 663 et
2615 622 2776 677 quam
2820 605 2913 661 hic
2963 605 3283 677 allegoriam
3330 604 3491 672 dixit,

1892 696 2024 752 alibi
2053 711 2280 753 vocasse
2307 698 2722 770 intelligentiam
2753 696 3117 767 spiritualem.
3138 695 3209 754 Ut
3229 696 3304 752 ibi
3329 714 3343 750 :
3375 696 3495 753 Sci-

1893 808 2008 848 mus
2036 794 2174 847 enim
2192 794 2330 866 quod
2352 792 2462 848 ιω
2481 792 2778 863 spiritantia
2805 800 2881 847 est
2905 791 3085 863 (Rom.
3114 806 3218 857 vn,
3245 788 3363 864 ﬂ),
3394 806 3495 861 pro

1893 903 1959 944 eo
1988 888 2131 959 quod
2161 898 2270 956 est,
2299 888 2587 960 allegoria,
2625 889 2743 944 sive
2771 888 3071 960 allegorice
3110 886 3362 957 ﬁgurata.
3426 887 3493 942 Et

1894 980 2022 1036 alibi
2050 998 2063 1035 :
2094 980 2291 1036 Omnes
2319 981 2555 1037 eamdem
2599 980 2924 1054 spiritualem
2970 977 3134 1052 472
3162 979 3497 1034 comederunt

1895 1094 2087 1147 escam,
2115 1088 2166 1132 et
2195 1078 2431 1132 eumdem
2459 1078 2787 1150 spiritualem
2821 1076 3059 1131 biberunt
3109 1086 3308 1144 potum.
3341 1073 3498 1130 Bibe-

1895 1171 2016 1225 bant
2040 1180 2212 1225 autem
2250 1172 2314 1225 de
2343 1171 2611 1241 spirituali
2649 1171 2880 1241 sequenti
2906 1185 2992 1225 eos
3025 1178 3192 1241 petra,
3224 1179 3373 1239 petra
3396 1183 3496 1221 au-

1896 1275 1995 1321 tem
2021 1276 2132 1320 erat
2163 1263 2403 1320 Christus
2441 1262 2493 1338 (1
2524 1262 2647 1319 Cor.
2678 1280 2736 1331 ι,
2770 1262 2903 1334 54).)
2934 1262 3124 1316 Manna
3169 1260 3281 1327 hic,
3318 1270 3376 1316 et
3404 1275 3500 1315 su-

1897 1360 1991 1415 biti
2017 1358 2719 1430 t'ontiszeroptio.§etfpetra
2755 1357 2867 1427 ipsa
2904 1370 3026 1427 qum
3047 1351 3493 1425 sequitur,|quod

1895 1453 2188 1522 allegorice
2234 1449 2555 1521 accipienda
2604 1448 2739 1517 sint,
2795 1462 2959 1505 nemo
2997 1457 3085 1504 est
3122 1447 3215 1518 qui
3259 1446 3493 1502 dubitet.

1894 1545 2022 1602 Scio
2066 1544 2197 1615 quid
2238 1545 2554 1600 econtrario
2602 1543 2781 1613 possit
2825 1542 3028 1612 opponi
3071 1558 3085 1595 :
3148 1537 3388 1623 Fratres,
3448 1539 3497 1595 si

1894 1649 2286 1712 praeoccupatus
2309 1639 2469 1709 fuerit
2494 1638 2646 1692 homo
2676 1638 2727 1691 in
2755 1637 2938 1708 aliquo
2961 1635 3154 1691 delicto
3178 1652 3196 1688 :
3227 1651 3319 1690 ros
3340 1637 3497 1707 spiri-

1896 1732 2062 1786 tuales
2111 1732 2354 1786 instruite
2395 1730 2688 1785 istiusmodi
2737 1730 2792 1783 in
2838 1729 3030 1799 spiritu
3084 1729 3497 1782 mansuetudinis

213 1817 371 1887 quitur
390 1817 660 1897 Dominus
688 1820 755 1873 ad
783 1819 1030 1885 .lutlaeos,
1077 1820 1171 1891 qui
1215 1819 1397 1874 adhuc
1441 1819 1658 1874 ancilla:
1688 1819 1785 1873 lilii
1817 1821 1864 1881 Β
1896 1822 2093 1897 (Infra,
2126 1840 2201 1890 vr,
2234 1825 2314 1897 1).
2345 1823 2415 1879 Et
2442 1824 2497 1878 in
2519 1824 2629 1878 alio
2663 1822 2826 1878 loco:
2865 1822 3180 1893 Spiritualis
3215 1830 3388 1877 autem
3414 1823 3499 1876 di.

210 1925 315 1966 esse
333 1894 610 1966 malebant
634 1929 646 1965 :
673 1909 837 1984 47],
876 1910 941 1968 Si
977 1913 1269 1967 manseritis
1296 1913 1351 1966 in
1375 1928 1608 1967 sermone
1648 1927 1785 1980 meo,

209 2016 306 2057 sere
331 2001 572 2075 discipuli
604 2005 705 2058 mei
750 2005 917 2069 eritis,
965 2015 1012 2059 et
1063 2006 1384 2078 cognoscetis
1424 2005 1715 2071 veritatem,
1740 2014 1789 2060 et

207 2098 368 2151 veritas
394 2097 587 2152 liberos
611 2099 770 2169 faciet
800 2114 886 2153 vos
905 2097 1101 2171 .(Joan.
1128 2114 1245 2167 vm,
1280 2101 1375 2168 51,
1405 2098 1522 2167 52).
1558 2098 1710 2155 Unde
1733 2109 1789 2155 et

209 2188 272 2243 illi
293 2188 602 2259 ignorantes
628 2192 923 2263 mysticum
944 2207 1066 2247 esse
1083 2192 1229 2262 quod
1260 2192 1571 2261 dicebatur,
1594 2194 1785 2248 aiunt:

207 2282 367 2339 Semen
389 2284 616 2340 Abrahtz
636 2303 841 2355 simius,
871 2297 921 2341 et
945 2287 1140 2341 nemini
1169 2304 1414 2359 umquam
1434 2289 1735 2342 seruiuimus
1767 2304 1786 2343 :

203 2380 427 2449 quomodo
441 2391 495 2436 tu
506 2382 824 2450 dicis,liberi
838 2381 1299 2455 erilis?Resthtdil
1314 2385 1388 2438 eis
1402 2382 1432 2437 J
1440 2399 1582 2439 esus:
1597 2384 1758 2438 Amen
1769 2426 1784 2452 ,

201 2492 327 2531 amen
365 2478 479 2532 dico
527 2478 672 2532 vobis
702 2518 719 2543 ,
777 2479 903 2549 quia
945 2479 1111 2532 omnis
1167 2480 1261 2549 qni
1321 2479 1446 2545 facit
1493 2487 1782 2551 peccatum,

203 2585 355 2624 terras
401 2584 476 2626 est
532 2571 753 2643 peccati.
808 2570 1002 2627 Servus
1031 2580 1328 2626 autemnon
1351 2580 1525 2626 manet
1550 2573 1603 2626 in
1627 2573 1785 2626 domo

202 2662 249 2717 in
290 2672 558 2733 teternum,
613 2664 759 2734 ﬁlius
831 2674 1004 2720 autem
1071 2675 1243 2719 manet
1304 2665 1360 2719 in
1408 2677 1678 2719 internum.
1723 2664 1783 2720 Si

201 2757 321 2811 servi
342 2772 530 2813 sumus
564 2756 807 2827 peccati,
839 2760 983 2829 Agar
1019 2772 1120 2813 nos
1148 2759 1438 2828 generavit
1476 2757 1730 2828 [Egyptia
1765 2775 1781 2813 :

200 2847 239 2904 si
265 2863 359 2905 non
389 2862 588 2921 regnat
634 2860 919 2920 peccatum
947 2850 1004 2906 in
1037 2862 1230 2906 nostro
1277 2852 1491 2906 mortali
1526 2867 1782 2922 corpore,

202 2955 310 2997 rere
335 2942 429 2998 Dei
460 2943 568 2999 lilii
601 2956 813 2998 sumus.

145 3051 171 3104 t
260 3036 419 3107 (Vers.
443 3038 573 3109 24.)
609 3037 739 3106 Quae
761 3047 789 3075 ι
815 3047 940 3092 sunt
968 3053 1060 3110 per
1087 3036 1396 3112 allegoriam
1436 3037 1599 3091 dicta.
1633 3037 1780 3093 Alle-

202 3130 329 3198 goria
354 3133 582 3203 preprie
605 3131 674 3187 de
702 3143 821 3188 arte
857 3132 1216 3203 grammatica
1248 3141 1354 3202 est,
1384 3140 1439 3187 et
1469 3148 1574 3202 quo
1605 3150 1631 3184 ιι
1664 3147 1777 3187 me-

1887 1918 2090 1988 judicat
2110 1918 2285 1972 omnia
2315 1932 2334 1971 :
2359 1915 2470 1989 ipse
2491 1925 2666 1970 autem
2695 1932 2728 1969 a
2761 1913 2914 1969 nullo
2941 1913 3271 1983 diiudicatur
3301 1914 3343 1983 (Ι
3369 1912 3495 1969 Cor.

1891 2027 1950 2079 ιι,
1983 2010 2080 2084 25)
2114 2030 2127 2067 :
2158 2011 2308 2083 quod
2348 2010 2561 2067 scilicet
2610 2009 2758 2065 aliud
2802 2024 2964 2080 quam
3004 2024 3173 2079 supra
3224 2010 3486 2078 diximus,

1889 2106 2120 2162 verbum
2149 2103 2438 2177 spirituale
2486 2112 2663 2158 sonet.
2695 2101 2801 2159 Sed
2841 2118 2942 2158 nos
2969 2101 3337 2174 spiritualem,
3369 2103 3497 2173 quia

1889 2199 2072 2256 omnia
2089 2199 2324 2269 judicct,
2350 2208 2401 2255 et
2431 2199 2547 2270 ipse
2568 2213 2600 2253 a
2634 2196 2854 2253 nemine
2874 2195 3230 2267 dijudicetur,
3262 2212 3393 2252 eum
3412 2197 3495 2251 vi-

1889 2311 2008 2350 rmu
2039 2295 2294 2361 dicimus,
2323 2293 2417 2365 qui
2440 2294 2693 2349 universa
2714 2291 3124 2361 Scripturarum
3142 2300 3494 2347 sacramenta

1888 2403 2249 2459 cognoscens,
2272 2386 2582 2442 sublimiter
2609 2402 2673 2440 ea
2706 2383 3014 2455 intelligat:
3046 2392 3104 2439 et
3129 2382 3414 2439 Christum
3438 2382 3493 2439 in

1889 2482 2094 2537 divinis
2119 2480 2272 2535 libris
2302 2478 2517 2546 ridens,
2544 2477 2679 2533 nihil
2720 2476 2775 2532 in
2807 2476 2889 2532 eis
2908 2474 3151 2531 Iudaicae
3180 2474 3494 2531 traditionis

1888 2575 2162 2632 admittat.

1960 2668 2146 2743 (Vers.
2174 2669 2268 2734 ‘25,
2306 2664 2425 2739 26.)
2474 2664 2603 2720 Ha’c
2651 2664 2790 2719 enim
2834 2672 2954 2718 sunt
3009 2662 3114 2718 duo
3160 2670 3488 2728 testamenta,

1886 2781 2050 2819 unum
2080 2764 2536 2834 qnidemamonte
2575 2761 2732 2825 Sina,
2774 2760 2831 2813 in
2871 2759 3162 2814 servitutem
3210 2774 3489 2832 generatis,

1886 2873 2004 2929 qua:
2030 2869 2103 2911 est
2124 2857 2282 2931 Agar.
2313 2854 2445 2910 Sina
2480 2854 2618 2908 enim
2642 2868 2792 2907 mons
2820 2860 2896 2907 est
2916 2852 2972 2905 in
2995 2850 3208 2919 Arabia,
3240 2851 3331 2922 qui
3367 2866 3492 2906 con-

1888 2952 2137 3006 terminus
2163 2961 2236 3004 est
2260 2949 2326 3017 ei,
2350 2964 2468 3020 qua:
2490 2963 2630 3002 nunc
2650 2955 2721 3001 est
2749 2944 3063 3011 Jerusalem,
3097 2953 3143 2998 et
3182 2945 3336 2998 servit
3370 2960 3490 2998 cunt

1886 3043 2015 3114 ﬁliis
2040 3043 2167 3097 suis.
2195 3039 2301 3095 Illa
2328 3051 2499 3095 autem
2521 3055 2636 3111 qua:
2658 3054 2863 3093 sursum
2884 3046 2960 3092 est
2987 3034 3297 3104 Jerusalem,
3329 3036 3490 3090 libera

1888 3145 1984 3203 est,
2007 3151 2124 3204 quae
2145 3144 2219 3188 est
2237 3141 2402 3188 mater
2422 3132 2652 3187 omnium
2696 3143 2949 3185 nostrum.
2985 3129 3129 3185 Pene
3159 3135 3488 3184 cunctorum

204 3226 425 3296 taphora,
459 3228 549 3284 vel
582 3227 803 3284 caeteris
826 3229 999 3298 tropis
1019 3226 1260 3292 dil’l’erat,
1308 3228 1362 3282 iu
1412 3225 1622 3282 scholis
1654 3242 1778 3297 par-
1807 3212 1853 3276 C
1885 3242 2051 3298 super
2073 3226 2175 3280 hoc
2200 3225 2321 3280 loco
2354 3225 2455 3277 ista
2487 3233 2570 3277 est
2599 3220 2935 3290 explanatio,
2962 3230 3018 3273 ut
3047 3217 3192 3289 Agar
3206 3218 3479 3284 ancillam,

201 3317 293 3371 tuli
335 3318 625 3375 discimus.
683 3319 844 3374 Aliud
904 3319 1195 3390 prmtendit
1252 3319 1305 3375 in
1361 3318 1564 3385 verbis,
1626 3319 1774 3374 aliud

201 3409 445 3479 significat
472 3412 534 3466 in
560 3425 749 3467 sensu.
776 3411 927 3467 Pleni
963 3425 1089 3467 sunt
1117 3422 1396 3466 oratorum
1452 3411 1613 3483 (Sup.
1647 3412 1780 3466 alle-

201 3501 384 3575 goriis),
407 3514 461 3559 et
494 3514 790 3575 poetarum
824 3503 968 3559 libri.
1009 3503 1290 3573 Scriptura
1319 3519 1536 3575 quoque
1566 3504 1774 3574 divina,

201 3606 280 3666 per
299 3594 428 3653 hanc
454 3613 568 3652 non
594 3597 810 3653 modica
833 3614 897 3652 ex
926 3607 1080 3667 parte
1104 3610 1354 3655 contexta
1385 3607 1489 3655 est.
1513 3598 1667 3667 Quod
1698 3601 1780 3654 in-

201 3689 416 3761 telligens
444 3692 659 3747 Paulus
702 3691 987 3762 apostolus
1028 3691 1251 3764 (quippe
1278 3692 1370 3762 qui
1400 3702 1457 3748 et
1486 3693 1780 3748 saecularcs

203 3778 383 3839 litteras
404 3786 591 3855 aliqua
624 3801 692 3840 ex
724 3796 875 3856 parte
892 3785 1223 3856 contigerat)
1256 3786 1374 3856 ipso
1403 3786 1567 3841 verbo
1591 3784 1777 3856 ﬁgura:

201 3890 310 3931 usus
332 3888 433 3947 est,
486 3889 552 3934 ut
598 3879 948 3949 allegoriam,
1000 3878 1142 3933 sicut
1180 3878 1323 3949 apud
1375 3895 1507 3934 suos
1552 3878 1773 3949 dicitur,

200 3972 474 4039 appellaret
526 3990 542 4027 :
594 3987 706 4042 quo
747 3972 967 4027 scilicet
1016 3986 1183 4026 sensu
1237 3972 1407 4041 magis
1457 3970 1562 4026 loci
1618 3970 1779 4041 hujus

198 4059 344 4118 Graeci
369 4066 650 4120 sermonis
697 4065 1022 4120 abusionem
1056 4073 1417 4120 monstraret.
1449 4066 1636 4121 Scisse
1682 4081 1780 4120 au-

199 4164 286 4211 tem
318 4159 562 4225 Paulum,
600 4159 730 4214 licet
759 4176 866 4213 nou
896 4160 961 4213 ad
989 4158 1291 4230 perfectura
1323 4158 1352 4197 ι’
1373 4204 1387 4225 ,
1420 4160 1632 4215 litteras
1677 4177 1777 4213 δῖν-

197 4251 399 4316 culares.
423 4254 598 4324 ipsius
638 4254 806 4308 verba
842 4264 1110 4309 testantur
1136 4272 1148 4307 ε
1174 4252 1321 4309 Dixit
1355 4256 1570 4327 quidam
1596 4272 1660 4309 ex
1680 4258 1776 4325 cis,

198 4345 407 4415 proprius
430 4363 616 4401 eorum
648 4346 908 4417 propheta
931 4364 949 4402 :
970 4345 1235 4403 Cretenses
1256 4365 1458 4419 semper
1482 4350 1774 4420 mendaces,

198 4434 328 4489 male
359 4435 567 4505 bestiis,
598 4449 802 4495 ventres
850 4440 989 4511 pigri
1041 4438 1172 4505 (Tit.
1202 4457 1241 4508 ι,
1277 4442 1391 4514 li).
1442 4442 1543 4498 llic
1589 4459 1777 4500 versus

199 4522 426 4584 heroicus
455 4532 803 4601 Epimenidis
854 4543 1028 4603 poeta:
1070 4543 1177 4599 est,
1209 4535 1368 4605 cujus
1417 4548 1470 4591 et
1514 4537 1692 4604 Plato,
1722 4549 1777 4594 et

1884 3320 2316 3389 interpretentur
2344 3316 2397 3370 in
2431 3315 2595 3386 Lege,
2621 3327 2677 3369 et
2696 3313 2751 3368 in
2782 3313 2982 3384 popqu
3001 3312 3314 3367 .ludmorum
3338 3328 3352 3364 :
3379 3311 3480 3367 Sa-

1882 3427 2000 3468 ram
2022 3424 2205 3466 autem
2236 3409 2488 3477 liberam,
2521 3408 2575 3463 in
2618 3406 2890 3476 Ecclesia,
2947 3420 3069 3476 qure
3114 3404 3184 3460 de
3227 3404 3486 3475 gentibus

1883 3512 2211 3578 congregata
2242 3513 2349 3569 est,
2375 3515 2495 3572 qua:
2525 3507 2699 3555 mater
2724 3507 3043 3554 sanctorum
3074 3497 3166 3563 sit,
3193 3495 3366 3552 Paulo
3401 3498 3487 3551 di-

1880 3609 2042 3656 cente
2068 3614 2080 3655 :
2110 3597 2239 3666 Quae
2267 3606 2343 3651 est
2372 3605 2535 3649 mater
2554 3594 2781 3649 omnium
2808 3603 3062 3648 nostrum.
3094 3590 3221 3647 Haec
3256 3593 3349 3646 diu
3381 3609 3487 3646 null

1881 3692 2120 3765 peperit,
2149 3698 2441 3760 antequam
2472 3686 2722 3742 Christus
2774 3686 2844 3741 de
2891 3684 3112 3756 Virgine
3143 3695 3486 3751 nasceretur,

1882 3782 2169 3841 etsterilis
2200 3782 2333 3837 fuit:
2361 3780 2589 3837 necdum
2640 3780 2755 3834 risu
2802 3778 2990 3833 mundi
3035 3776 3189 3831 Isaac
3213 3778 3285 3832 de
3309 3777 3488 3831 electo

1884 3888 2040 3948 patre
2063 3892 2184 3931 cum
2225 3891 2362 3930 voce
2404 3871 2726 3928 sublimium
2769 3872 3085 3941 degmatum
3138 3878 3434 3924 resonante
3468 3887 3484 3925 :

1883 3971 2156 4043 siquidem
2184 3979 2239 4026 et
2268 3968 2529 4024 Abraham
2552 3968 2603 4021 in
2632 3976 2820 4022 nostra
2851 3965 3054 4035 lingua,
3092 3972 3242 4035 pater
3293 3963 3487 4018 electus

1883 4080 1999 4118 eum
2030 4064 2201 4117 sonitu
2231 4072 2253 4101 ο
2280 4060 2540 4116 refertur.
2589 4061 2731 4130 Agar
2785 4067 2966 4113 autem
2998 4073 3118 4126 qua:
3152 4057 3484 4126 interpreta-

1886 4168 1974 4213 tur
1998 4160 2269 4232 παροικὶα,
2289 4157 2340 4211 id
2365 4166 2470 4220 est,
2510 4153 2789 4219 incolatus,
2827 4154 2944 4208 sive
2975 4152 3349 4225 peregrinatio,
3373 4151 3487 4207 site

1883 4266 2052 4316 mora,
2086 4259 2308 4319 generat
2350 4247 2565 4311 lsmael,
2590 4247 2682 4317 qui
2723 4251 2930 4302 tantum
2974 4245 3162 4300 audiat
3203 4242 3306 4299 Dei
3351 4259 3491 4316 pra:-

1882 4355 2066 4415 cepta,
2095 4359 2195 4397 nec
2222 4342 2383 4398 fuerat
2412 4340 2686 4396 hominem
2718 4340 3013 4409 rusticum,
3047 4340 3485 4411 sanguinarium,

1883 4439 2101 4495 deserta
2120 4448 2422 4494 sectantem
2448 4455 2461 4491 :
2494 4436 2590 4507 qui
2616 4434 2886 4491 universis
2911 4434 3177 4491 fratribus
3196 4436 3308 4492 suis
3328 4435 3400 4491 de
3424 4436 3489 4489 li-

1883 4533 2011 4588 bera
2028 4532 2327 4603 procreatis
2356 4532 2609 4586 inimicus
2626 4531 2717 4597 sit,
2743 4540 2798 4586 et
2822 4529 3056 4587 adversa
3083 4533 3166 4586 eis
3194 4529 3377 4587 l'ronte
3402 4547 3487 4586 re-

197 4626 356 4679 εἱειετὶ
386 4628 685 4696 scriptores
732 4640 948 4683 veteres
996 4629 1374 4683 recordantur.
1400 4629 1561 4700 Apud
1607 4631 1775 4688 Alllc-
1811 4611 1857 4670 ί)
1883 4629 2060 4682 sismt.
2082 4624 2191 4680 Nec
2213 4626 2409 4680 mirum
2428 4634 2590 4679 vetus
2610 4623 3205 4695 Testamentum.quod
3232 4623 3488 4693 inmpn‘e

200 4704 389 4772 nienses
418 4737 644 4788 quoque
687 4735 808 4774 cum
843 4721 895 4774 in
951 4720 1237 4791 Areopago
1268 4721 1633 4792 satisfaceret,
1661 4725 1774 4780 hanc

198 4807 414 4865 addidit:
450 4812 602 4867 Sicut
648 4822 695 4866 et
737 4813 950 4882 quidam
982 4814 1047 4869 de
1086 4815 1225 4868 vobis
1272 4826 1436 4887 poeta:
1478 4816 1723 4871 dixerunt
1755 4834 1774 4873 :

199 4894 351 4968 Ipsius
380 4906 512 4960 enim
535 4916 585 4961 et
612 4923 775 4980 genus
816 4924 996 4961 sumus
1047 4906 1186 4980 (Act.
1226 4922 1358 4972 XVII,
1379 4908 1498 4979 28).
1528 4908 1643 4964 Ηοε
1676 4914 1772 4965 he—

198 4995 501 5052 misticbium
535 5000 710 5052 fertur
738 4999 792 5052 in
833 5001 1019 5062 Arato,
1052 5000 1144 5070 qui
1185 4998 1257 5055 de
1308 5003 1450 5057 caelo
1493 5002 1776 5073 stellisque

199 5094 519 5162 conscripsit.
552 5094 778 5148 Necnon
813 5106 865 5148 ot
893 5095 1023 5149 illud
1052 5110 1065 5149 :
1096 5093 1452 5165 Corrumpunt
1480 5095 1642 5152 bonos
1665 5115 1776 5152 mo-

196 5195 263 5236 res
286 5187 721 5258 confabulationes
757 5190 995 5256 pessima:
1026 5190 1068 5261 (Ι
1101 5189 1226 5247 Cor.
1261 5206 1354 5258 xv,
1376 5191 1499 5262 53);
1531 5194 1779 5249 trimeter

260 5329 282 5357 "
307 5321 359 5377 In
391 5325 797 5402 uis._Palat_ino,
834 5335 889 5382 et
915 5342 1083 5397 penes
1137 5327 1462 5399 Victorium,
1501 5329 1632 5398 Qua:
1658 5332 1778 5402 qui-

200 5388 298 5470 dem
320 5397 764 5470 suntallegorica.

256 5462 282 5500 δ
317 5465 507 5544 (iunior
539 5462 715 5539 Epist.
760 5468 881 5536 120,
915 5468 983 5525 ad
1021 5469 1330 5541 lledibiam,
1375 5482 1571 5544 qumst.
1608 5474 1699 5542 Η,
1723 5485 1781 5531 ει

198 5546 303 5602 quae
328 5537 397 5592 ibi
425 5537 774 5597 annotamus.

261 5617 282 5644 ε
317 5607 400 5664 Sic
424 5629 637 5686 nempe,
666 5612 812 5686 quod
848 5613 1196 5669 Martiauaeus
1228 5624 1405 5677 natat.
1439 5616 1771 5686 interpreta-

200 5684 277 5764 ιρις
318 5691 397 5764 est
446 5682 604 5739 Philo
649 5701 663 5738 :
700 5685 1006 5764 _’A6pao‘zu,_
1045 5691 1221 5764 πατὴρ
1288 5688 1511 5764 ἐκλεκτὸς
1556 5682 1729 5763 ἠχοῦς
1754 5733 1769 5764 ._

199 5746 458 5837 ἑξαάἦθην
489 5746 856 5837 Paterelecnis
892 5746 1007 5816 soni
1037 5773 1059 5815 :
1086 5746 1221 5813 satis
1274 5746 1777 5837 violenter,"_‘quasi

203 5819 360 5881 tribus
381 5819 524 5887 hisce
545 5827 733 5891 verbis
757 5839 1064 5903 constaret,
1086 5839 1189 5899 att,
1204 5838 1368 5905 pater.
1390 5841 1531 5903 am.
1555 5819 1776 5905 ὶίάετιει

1884 4719 2145 4788 Siua,qui
2174 4727 2258 4773 est
2281 4718 2334 4773 in
2371 4717 2593 4785 Arabia,
2625 4725 2681 4773 et
2713 4716 2950 4773 conﬁnis
2975 4724 3063 4773 est
3087 4716 3160 4787 ei,
3191 4734 3314 4789 qum
3342 4733 3489 4773 nunc

1881 4810 2045 4885 473
2102 4820 2188 4866 est
2226 4810 2564 4879 Jerusalem,
2620 4812 2981 4866 constitutum
3025 4823 3111 4867 est
3147 4825 3312 4882 atque
3356 4827 3499 4868 con-

1886 4908 2182 4976 scripturn,
2217 4921 2323 4961 non
2354 4920 2482 4961 esse
2513 4915 2834 4976 perpetuum
2863 4922 2877 4961 :
2903 4921 3025 4961 cum
3066 4916 3122 4961 et
3162 4906 3431 4961 incolatus
3457 4922 3485 4961 a

1882 5010 2142 5071 perpetua
2184 4999 2535 5071 possessione
2583 5000 2834 5055 diversus
2882 5000 2994 5067 sit,
3028 5006 3087 5055 et
3118 5000 3251 5056 Sina
3287 4998 3490 5055 montis

1883 5108 2083 5149 nomen
2121 5093 2454 5148 tentationem
2481 5102 2643 5149 sonet
2678 5107 2692 5146 :
2725 5101 2783 5148 et
2809 5091 3007 5146 Arabia
3033 5092 3304 5164 signiﬁcet
3332 5108 3489 5148 ocra-

1882 5204 1999 5245 sum
2022 5204 2041 5244 :
2073 5198 2127 5242 et
2155 5187 2471 5243 econtrario
2491 5201 2613 5256 quae
2641 5200 2862 5241 sursum
2893 5195 2979 5241 est
3002 5184 3305 5241 Jerusalem
3325 5225 3341 5251 ,
3365 5199 3488 5256 qua:

1888 5341 2049 5393 man,
2097 5324 2317 5382 sonitus.
2371 5321 2488 5377 Jam
2535 5337 2637 5378 nec
2676 5321 2895 5395 probari
2923 5322 3485 5395 Hieronymoliquct,

1886 5414 2127 5473 quicum
2180 5412 2281 5473 suo
2327 5409 2493 5449 sensu
2538 5409 2741 5473 nomen
2781 5393 2939 5473 _iSI_t_td_
2985 5393 3487 5473 egros—uitmptime

1885 5463 2131 5528 omnium
2160 5484 2226 5522 ex
2259 5467 2377 5535 ipso
2406 5466 2551 5520 sacri
2579 5474 2754 5521 textus
2779 5463 3002 5535 indicio,
3026 5465 3229 5521 Genes.
3264 5463 3395 5535 xvn,
3428 5469 3484 5531 5.

1886 5533 2296 5613 interpretatus
2327 5548 2432 5603 est,
2492 5544 2693 5606 patrem
2740 5533 3099 5613 multitudinis
3136 5533 3387 5613 gentium,
3420 5555 3486 5594 ex

1887 5606 2130 5672 Hebraeis
2159 5608 2407 5676 vocibus,
2428 5617 2543 5673 ιιι,
2577 5616 2741 5672 pater,
2774 5615 2884 5671 2'1,
2943 5606 3248 5677 multitudo,
3284 5618 3338 5665 et
3367 5621 3484 5676 an,

1882 5687 2033 5759 quod
2058 5685 2206 5742 idem
2236 5690 2320 5737 est
2346 5690 2514 5752 atque
2552 5685 2710 5766 pm,
2743 5689 2799 5732 et
2828 5677 3026 5749 turbas,
3074 5679 3318 5756 populos,
3362 5699 3488 5758 gen.

1885 5792 1982 5853 tes,
2012 5780 2174 5856 idque
2201 5790 2373 5852 genus
2395 5774 2630 5848 ingentis
2660 5774 2875 5833 numeri
2901 5783 3081 5835 sonat.
