3962 6338
432 236 537 304 89!

1675 231 1732 288 S.
1784 227 2055 289 El‘SliBll
2097 228 2490 293 lllERONYill

3634 233 3735 298 ΞΜ

437 361 522 414 est
569 354 741 410 libera
786 357 1068 421 materque
1115 359 1426 404 Sanctorum
1452 391 1466 416 ,
1515 347 1848 403 demmiSIret
1899 350 2036 402 hanc
2067 350 2115 410 A
2143 349 2306 406 tleant
2334 365 2420 407 :ct
2445 354 2531 406 vix
2559 366 2716 406 rarus
2738 361 2900 422 atque
2923 352 3176 410 notabilis
3197 354 3246 409 in
3271 355 3496 414 urbibus
3517 356 3734 414 JllleliS

436 446 765 514 Jerusalem,
791 460 914 515 qua:
939 445 990 497 in
1025 440 1279 512 pl‘tB-‘CItil
1303 453 1408 506 est,
1437 441 1555 495 deo-
1575 457 1691 494 Sllttl
1717 457 1837 495 es~e
1858 486 1871 508 ,
1906 453 1954 495 et
1982 443 2032 496 in

439 541 628 598 humili
663 550 690 578 ⁸
731 539 1026 609 inlimoqne
1056 537 1384 591 tlemersam.
1420 537 1556 589 Sunt
1583 537 1674 605 qui
1703 537 1811 590 dno
1842 536 2032 590 'l'esla-

441 652 621 695 ntema
653 650 704 691 et
733 636 894 690 aliter
927 635 1229 704 intelligant
1261 649 1274 685 :
1313 641 1370 686 ut
1401 631 1739 701 Scripturam
1763 633 2034 698 divinam,

441 743 551 788 tam
579 741 819 787 veterem
842 745 1002 801 quam
1031 743 1246 793 novam,
1272 726 1432 796 juxta
1451 726 1820 781 diversitatem
1845 740 2038 780 sensus

439 841 740 898 eorumque
783 821 1109 880 sententiam
1163 821 1254 892 qui
1288 821 1507 889 legunt,
1536 829 1626 874 aut
1657 819 1906 875 ancillam
1948 821 2035 874 in-

440 926 828 990 terpretentur,
859 931 945 971 aut
969 915 1242 979 liberam,
1267 925 1320 968 et
1345 929 1474 983 eos,
1507 914 1598 984 qui
1628 913 1805 967 adhuc
1843 912 2037 967 litterae

439 1010 708 1076 serviant,
729 1019 784 1062 et
815 1006 1062 1078 spiritum
1100 1004 1313 1059 timoris
1343 1005 1580 1059 habeant
1613 1007 1663 1058 in
1692 1005 2032 1071 servitutem,

441 1105 510 1161 de
535 1109 678 1175 Agar
699 1101 957 1173 .Ezyptia
995 1102 1164 1155 velint
1193 1115 1315 1154 esse
1346 1109 1678 1167 generatos:
1717 1115 1813 1153 eos
1853 1108 2036 1152 autem

440 1200 532 1268 qni
577 1198 643 1252 ad
685 1195 970 1266 superiora
1001 1195 1410 1257 conscendant,
1444 1202 1501 1247 et
1544 1192 1839 1259 allegorice
1869 1191 2036 1244 velint

440 1289 646 1345 sentire
687 1303 808 1358 qua:
848 1289 1055 1352 scripta
1087 1297 1212 1339 sunt
1236 1328 1250 1352 ,
1287 1284 1426 1338 lilios
1460 1297 1583 1337 esse
1611 1283 1760 1338 Sara}
1785 1324 1798 1346 ,
1830 1299 1950 1350 qua!
1980 1282 2033 1336 in

439 1381 617 1452 lingua
652 1390 836 1434 nostra
855 1374 1128 1455 ἄρχουσα,
1155 1377 1205 1430 id
1230 1376 1591 1447 est,princcps
1618 1377 2034 1444 interpretatur,

440 1488 643 1544 genere
687 1469 968 1526 leiniuino.
1015 1472 1082 1524 Et
1115 1472 1215 1524 lioc
1249 1470 1319 1522 ob
1368 1468 1519 1522 illam
1551 1468 1933 1522 necessitatem
1976 1482 2036 1520 se

441 1575 694 1621 asserunt
741 1563 850 1637 [ΑΙ.
893 1561 1129 1635 asserat]
1163 1579 1426 1630 usurpare
1473 1562 1642 1631 :quia
1676 1561 1919 1630 iniquum
1965 1559 2036 1614 sit

443 1661 690 1732 Moysen,
727 1671 784 1714 et
811 1669 1039 1714 cunctos
1074 1657 1373 1727 prophetas
1394 1657 1462 1710 de
1491 1657 1688 1711 ancilla
1715 1695 1732 1721 ,
1765 1654 2036 1726 quoslibet

2139 459 2418 514 appareat.

2214 537 2394 608 (Vt-rs.
2435 537 2554 611 ες.)
2593 538 2702 593 Nos
2751 551 2954 604 autem,
2995 543 3218 612 fratres,
3251 543 3536 598 secundum
3584 543 3737 598 Isaac

2138 632 2495 700 promissionis
2522 632 2622 702 ﬁ’ii
2651 650 2848 688 sumus.
2886 639 2923 688 Α
2937 640 3204 704 pustolum
3237 647 3292 692 et
3325 638 3532 692 sinules
3560 639 3609 693 ei
3639 652 3727 694 se-

2137 722 2377 777 cundum
2408 723 2558 780 lamtc
2590 727 2966 793 promissionis
2994 743 3115 782 esse
3146 729 3309 794 illius,
3345 731 3490 784 nulla
3531 731 3732 787 intelli-

2138 816 2335 883 gentiae
2377 815 2673 873 dilliCultas
2721 830 2824 874 est.
2858 819 2967 876 Sed
2995 822 3120 890 quia
3159 821 3423 892 Ozigencs
3467 823 3612 879 hunc
3657 824 3737 879 lo-

2139 922 2262 960 cum
2292 907 2626 974 edisserens,
2655 911 2727 964 ita
2755 912 3010 981 Apostoli
3040 915 3221 982 posuit
3241 915 3555 985 exemplum
3583 934 3595 969 :
3633 914 3738 970 Vos

2139 1010 2334 1064 autem,
2353 1003 2571 1073 fratres,
2593 1006 2873 1057 secundum
2907 1003 3058 1059 Isaac
3085 1007 3442 1076 promissionis
3472 1007 3572 1076 ﬁlii
3592 1010 3736 1077 estis,

2139 1095 2404 1162 quaeritur
2429 1099 2704 1164 quomodo
2733 1096 2979 1166 Galatas,
3008 1115 3145 1168 quos
3177 1103 3372 1154 stultos
3403 1101 3738 1170 appellarat,

2141 1195 2194 1238 et
2240 1186 2536 1258 itietepisse
2566 1187 2779 1243 dixerat
2806 1196 3028 1261 spiritu,
3057 1207 3224 1246 carne
3253 1194 3445 1254 linire.
3479 1209 3622 1248 nunc
3652 1210 3742 1248 se-

2139 1283 2372 1335 Cuttdum
2423 1281 2575 1338 Isaac
2616 1285 2760 1338 liltos
2789 1285 3238 1354 repromissionis
3264 1285 3457 1340 voca?
3501 1286 3738 1342 Dicimus

2139 1373 2325 1441 itaque
2349 1377 2669 1445 Apostolutn
2702 1377 2824 1430 ideo
2849 1392 2944 1431 eos
2965 1377 3240 1448 appellate
3262 1376 3562 1432 secundum
3586 1377 3738 1434 ιω(-

2141 1469 2285 1522 lilios
2318 1471 2785 1539 repromissionis,
2819 1471 2944 1542 quia
2978 1488 3084 1526 non
3127 1471 3348 1542 penitus
3400 1488 3590 1527 eorum
3634 1475 3740 1528 de-

2141 1571 2326 1631 Speri-t
2350 1563 2608 1629 salutem,
2635 1572 2690 1617 et
2720 1579 2940 1618 rursum
2965 1579 3064 1620 eos
3087 1565 3152 1618 ad
3182 1564 3429 1634 spiritum
3475 1580 3588 1636 quo
3620 1580 3736 1620 cte-

2141 1664 2334 1724 perant
2358 1659 2591 1710 aestimet
2616 1671 2960 1720 reversuros,
2991 1658 3230 1728 ﬁantque
3271 1658 3364 1712 lilii
3402 1658 3608 1714 liberte.
3634 1658 3738 1726 Qui

443 1767 577 1809 vero
627 1751 909 1824 gentilium
965 1750 1034 1805 de
1093 1751 1269 1807 libera
1327 1748 1635 1817 intelligere
1696 1756 2034 1818 procreatos.
2069 1748 2117 1809 B
2145 1747 2187 1802 si
2219 1763 2383 1802 carne
2417 1747 2620 1803 fuerint
2649 1751 3042 1816 consummati,
3076 1752 3171 1804 lilii
3203 1761 3330 1806 sunt
3357 1751 3590 1807 ancillae.

444 1848 599 1903 Unde
640 1845 836 1902 melius
867 1860 1019 1914 esse,
1057 1857 1111 1898 ut
1145 1860 1254 1898 non
1292 1844 1469 1898 solum
1501 1843 1571 1898 de
1601 1842 1685 1896 bis
1722 1843 1810 1910 qui
1843 1844 1894 1896 in
1939 1842 2041 1896 Ec-

441 1945 608 2000 clesia
636 1957 784 2012 sunt,
817 1959 915 2011 pro
937 1941 1253 1996 diversitate
1282 1943 1360 2009 (ut
1389 1955 1552 2010 supra
1579 1939 1839 2009 (“\ittllb)
1871 1939 2040 1993 intel-

442 2039 706 2103 lectuum,
733 2038 867 2090 alios
893 2049 1100 2100 sentos,
1135 2036 1272 2088 alios
1307 2035 1507 2088 liberos
1536 2032 1869 2087 arbitremur
1898 2051 1911 2085 :
1940 2031 2036 2086 sed

440 2136 604 2188 etiam
641 2131 709 2186 de
746 2145 856 2185 uno
885 2129 1189 2198 eodemque
1231 2127 1450 2182 ltomiue
1494 2126 1754 2195 quamdiu
1795 2127 2038 2196 sequitur

438 2226 722 2284 historiam
749 2267 763 2290 ,
812 2225 1032 2279 ancilla:
1081 2240 1202 2279 eum
1249 2239 1374 2278 es-e
1407 2224 1574 2276 lilium
1626 2241 1641 2276 :
1685 2237 1807 2277 cum
1851 2230 2034 2277 autem

437 2321 720 2391 aperiente
748 2318 878 2374 Jesu
899 2317 1234 2387 Scripturas,
1270 2317 1553 2370 incensum
1584 2314 1861 2370 fueriteor
1890 2317 2033 2384 ejus,

439 2413 571 2468 etin
603 2411 871 2466 l'ractione
902 2411 1063 2477 panis
1087 2410 1389 2480 inspexerit
1409 2424 1531 2462 eum
1555 2423 1714 2478 quem
1746 2419 1904 2461 antea
1929 2423 2036 2461 non

441 2505 654 2558 videbat
675 2502 830 2572 (Luc.
858 2505 1012 2569 ntv)
1035 2519 1046 2554 :
1068 2509 1195 2555 tunc
1215 2508 1268 2555 et
1290 2499 1465 2570 ipsum
1490 2500 1639 2555 Sara:
1662 2498 1834 2553 lilium
1861 2499 2036 2552 nomi-

441 2600 579 2654 nari.
613 2599 852 2654 Marcion
881 2605 938 2652 et
962 2595 1290 2651 Manicliteus
1317 2600 1458 2648 hunc
1487 2594 1664 2648 loemu
1693 2593 1873 2661 inquo
1900 2592 2038 2647 dixit

440 2690 503 2758 At
527 2691 736 2746 ostolus
769 2708 784 2744 :
833 2690 963 2754 Qua:
1001 2688 1213 2759 quidem
1254 2696 1372 2742 sunt
1408 2686 1725 2757 allegorica,
1756 2695 1811 2740 et
1837 2695 2035 2741 etetera

439 2799 560 2853 quin.
607 2791 931 2851 sequuntur,
977 2781 1048 2834 de
1088 2779 1279 2834 codice
1325 2794 1425 2833 suo
1465 2779 1654 2834 tollere
1702 2778 2032 2846 noluerunt,

441 2886 699 2946 putantes
729 2874 1020 2930 adversum
1054 2887 1154 2927 nos
1198 2870 1436 2939 relinqui
1471 2871 1654 2941 :quod
1689 2869 1902 2925 scilicet
1927 2870 2034 2924 Lex

443 2968 603 3022 aliter
632 2969 704 3021 sit
725 2965 1100 3035 intelligenda,
1125 2979 1288 3034 quam
1312 2965 1514 3034 scripta
1547 2973 1662 3029 est;
1695 2979 1816 3018 cum
1849 2963 2035 3034 utique

440 3062 650 3115 etiamsi
692 3059 984 3127 allegorice
1027 3058 1197 3127 (quod
1247 3072 1350 3112 nos
1400 3072 1615 3128 quoque
1660 3055 1922 3123 fatemur,
1977 3065 2034 3111 et

2215 1838 2396 1909 (Vt-rs.
2429 1839 2639 1908 9.9-5l.)
2694 1840 2800 1896 Sed
2845 1842 3102 1912 quomodo
3152 1854 3274 1897 tunc
3317 1843 3408 1915 qui
3453 1844 3739 1898 secundum

2142 1949 2351 1986 c..rncm
2377 1946 2529 1987 natus
2561 1940 2751 2004 fuerat,
2780 1936 3179 2006 persequebatur
3205 1953 3322 1990 eum
3345 1937 3433 2007 qui
3456 1939 3739 1992 secundant

2139 2028 2379 2098 spiritum
2412 2043 2429 2080 :
2463 2032 2534 2081 ita
2564 2037 2610 2080 et
2632 2045 2786 2081 nunc.
2820 2028 2928 2083 Sed
2953 2030 3079 2100 quid
3105 2031 3228 2083 dicit
3257 2029 3572 2099 Scriptura?
3591 2029 3743 2101 Ejice

2140 2122 2388 2174 ancillam
2433 2131 2480 2174 et
2527 2121 2694 2189 ﬁlium
2737 2125 2852 2196 ejus
2903 2137 3049 2177 :non
3080 2124 3217 2177 enim
3258 2124 3420 2179 bteres
3465 2125 3561 2178 erit
3594 2125 3740 2195 ﬁlius

2141 2215 2348 2268 ancilla:
2375 2230 2490 2268 cunt
2518 2213 2632 2284 ﬁlio
2657 2230 2768 2268 meo
2801 2212 2978 2269 Isaac.
3012 2212 3198 2285 Itaque
3221 2256 3234 2278 ,
3265 2217 3486 2285 fratres.
3517 2233 3622 2270 non
3648 2232 3742 2269 stt-

2141 2326 2253 2361 mus
2276 2309 2482 2362 ancillte
2507 2308 2626 2377 ﬁlii,
2647 2309 2738 2362 sed
2767 2309 2963 2363 libet-aa.
2988 2310 3104 2374 Qua
3131 2307 3361 2362 libertate
3383 2307 3619 2362 Christus
3642 2324 3740 2362 nos

2138 2400 2394 2454 lileravit.
2433 2398 2550 2453 Non
2597 2408 2724 2467 puto
2769 2399 3014 2454 invenire
3055 2416 3159 2454 non
3193 2413 3354 2470 posse
3401 2399 3490 2454 ubi
3539 2397 3737 2454 lsmael

2139 2500 2458 2561 perseeutus
2499 2487 2662 2560 475
2707 2488 2870 2544 fuerit
2915 2489 3065 2544 lsaac
3111 2507 3126 2547 :
3175 2490 3270 2545 sed
3305 2497 3510 2544 tantum
3559 2490 3735 2557 illud,

2137 2584 2283 2654 quod
2312 2600 2434 2638 cum
2465 2585 2606 2636 titius
2631 2581 2934 2654 Egyptim,
2967 2585 3056 2654 qui
3084 2586 3256 2654 major
3294 2593 3422 2639 natu
3455 2593 3573 2638 erat
3594 2627 3610 2652 ,
3653 2587 3742 2639 lu-

2137 2677 2294 2732 detct
2327 2692 2449 2732 cum
2483 2677 2632 2732 Isaac
2657 2722 2672 2745 ,
2707 2679 2983 2747 indignata
3012 2680 3081 2732 sit
3115 2680 3247 2734 Sara
3271 2720 3284 2744 ,
3332 2689 3389 2734 et
3421 2679 3631 2734 dixerit
3666 2679 3742 2734 ad

2138 2769 2454 2824 Abraham:
2492 2767 2640 2836 Eiice
2677 2771 2926 2822 ancillam
2956 2780 3004 2824 et
3035 2769 3204 2839 ﬁlium
3246 2773 3400 2842 ejus:
3435 2769 3560 2825 Non
3595 2771 3743 2825 enim

2137 2863 2459 2919 litereditabit
2497 2862 2639 2933 ﬁlius
2671 2863 2880 2918 ancillw
2916 2879 3035 2918 cum
3079 2863 3192 2934 ﬁlio
3235 2882 3348 2920 meo
3376 2863 3533 2920 Isaac
3577 2863 3738 2935 (Gen.

2138 2975 2250 3024 χλι,
2283 2960 2393 3029 t0).
2437 2959 2503 3014 Et
2541 2960 2727 3030 utique
2754 2961 2983 3030 simplex
3010 2960 3161 3016 lusus
3191 2961 3332 3016 inter
3358 2960 3614 3029 infantes,
3641 2976 3744 3017 ex-

2138 3055 2391 3126 pulsione
2419 3064 2476 3109 et
2503 3054 2850 3110 abdicatione
2890 3053 3152 3124 indignus
3193 3066 3298 3110 est.
3342 3053 3548 3110 Verum
3588 3057 3745 3126 Apo-

442 3153 641 3208 I’.mlus
683 3153 868 3222 docet)
904 3149 1226 3218 accipienda
1256 3150 1350 3217 sit,
1383 3165 1488 3204 non
1524 3166 1620 3218 pro
1653 3151 1928 3203 Voluntate
1956 3149 2023 3204 le-
2063 3141 2111 3206 C
2144 3151 2318 3204 stolus
2350 3149 2502 3219 quasi
2535 3147 2798 3205 llebrteus
2823 3165 2888 3205 ex
2918 3149 3201 3218 llebra-is,
3226 3161 3280 3206 et
3317 3149 3384 3204 ad
3418 3149 3584 3220 pedes
3615 3165 3743 3204 ma-

441 3247 642 3317 gentis,
669 3254 725 3300 et
760 3261 858 3314 pro
895 3244 1188 3298 scribentis
1216 3244 1540 3298 auctoritate
1567 3243 1648 3297 sic
1667 3243 1886 3297 coodita
1915 3242 1985 3296 sit
2019 3259 2032 3295 :

441 3350 497 3390 et
523 3353 588 3391 eo
621 3339 760 3403 ipso,
791 3335 934 3406 quod
966 3346 1157 3389 contra
1190 3351 1289 3388 nos
1317 3349 1537 3389 serrare
1569 3335 1668 3388 visi
1707 3342 1835 3388 sunt
1856 3375 1869 3398 ,
1902 3349 2035 3388 con-

442 3439 688 3484 terantur
718 3447 730 3482 :
760 3429 903 3498 quod
937 3429 1152 3500 Moyses
1193 3429 1458 3484 creatoris
1486 3427 1581 3482 Dei
1615 3443 1804 3484 :ervus
1825 3469 1839 3492 ,
1869 3428 2033 3498 spiri~

445 3525 608 3578 taalia
649 3519 1012 3593 scripserit-ll,
1047 3524 1307 3591 Apostolo
1338 3538 1551 3593 quoque
1581 3538 1772 3576 eormn
1803 3522 2035 3590 idipsum

443 3615 698 3682 docente,
727 3631 886 3686 quem
915 3615 1014 3686 ipsi
1039 3615 1265 3670 alterius
1287 3614 1515 3682 Citl‘iSll,
1535 3611 1702 3685 474
1721 3623 1775 3668 et
1793 3612 2037 3668 melioris

444 3708 538 3764 Dei
570 3721 822 3764 asserunt
854 3709 1291 3779 prardicaturem.

513 3806 697 3876 (Vers.
745 3803 865 3874 27.)
907 3803 1173 3876 Scriptum
1211 3815 1285 3858 est
1327 3805 1464 3859 enim
1493 3822 1511 3858 :
1551 3803 1731 3860 (artare
1755 3845 1771 3871 ,
1814 3805 2032 3872 sterilis,

439 3918 554 3972 quia
579 3918 682 3955 non
715 3900 856 3966 paris
891 3914 910 3954 :
941 3915 1151 3970 erumpe
1179 3909 1227 3952 et
1256 3897 1446 3961 clama,
1481 3915 1596 3969 qua:
1631 3916 1731 3953 non
1768 3901 1996 3970 parturis
2019 3915 2038 3953 :

439 3996 560 4066 quia
600 3993 750 4047 multi
786 3992 886 4063 ﬁlii
933 3993 1148 4047 deserta:
1188 3995 1352 4064 magis
1397 4011 1550 4061 quant
1581 3996 1697 4065 ejus
1735 4011 1848 4064 qua:
1887 3994 2038 4048 habet

438 4088 602 4140 virum
629 4084 785 4156 (lsai.
817 4101 925 4150 Ltv,
954 4087 1029 4155 l.)
1057 4085 1242 4141 Vtrum
1275 4086 1464 4142 habuit
1491 4101 1760 4158 synagoga
1791 4089 1987 4159 Legem
2020 4106 2034 4144 :

443 4181 668 4249 etjuxta
696 4180 868 4234 Annae
907 4195 1124 4251 quoque
1158 4180 1524 4248 prothetiam,
1560 4182 1731 4236 letosa
1760 4182 2035 4250 quondam

446 4271 500 4327 in
535 4271 728 4326 liberis
753 4271 854 4326 fuit
877 4272 922 4344 (l
949 4271 1077 4343 Reg.
1107 4281 1177 4341 ι.)
1207 4273 1428 4328 Sterilis
1450 4289 1582 4327 vero
1611 4274 1878 4340 Ecclesia,
1920 4275 2039 4329 sine

444 4366 564 4420 viro
587 4365 836 4432 Christo,
864 4366 981 4420 sine
1015 4367 1124 4421 ullo
1153 4368 1334 4436 sponsi
1359 4369 1628 4422 sermonis
1657 4367 1919 4439 alloquio,
1946 4369 2036 4423 diu

441 4457 610 4530 iacuit
643 4459 695 4512 in
722 4460 961 4513 deserto.
1006 4458 1112 4513 Sed
1145 4470 1429 4528 postquam
1471 4462 1682 4530 accepit
1712 4461 1801 4515 illa
1836 4462 2034 4514 librum

2139 3241 2293 3312 gistri
2346 3240 2662 3297 Gamalielis
2706 3247 2935 3298 edoctus
2981 3259 2998 3299 :
3035 3241 3127 3311 qui
3177 3242 3448 3313 quondam
3489 3241 3744 3299 furentes

2140 3339 2404 3390 a-lversus
2458 3334 2746 3390 Dominum
2795 3333 2905 3407 [Αι.
2948 3333 3098 3407 eum]
3143 3336 3450 3391 Pharisaeos
3491 3335 3744 3391 concilio

2139 3431 2488 3498 reti-enaret,
2548 3447 2614 3486 ex
2665 3430 2848 3485 verbis
2896 3431 3045 3485 Sara:
3097 3429 3327 3485 dicentis
3373 3445 3389 3482 :
3432 3446 3536 3484 non
3597 3429 3746 3484 enim

2138 3521 2466 3577 Itwreditabit
2512 3522 2656 3592 ﬁlius
2686 3521 2926 3588 ancillte,
2981 3539 3098 3577 cum
3119 3521 3232 3593 ﬁlio
3273 3538 3384 3578 meo
3420 3520 3617 3588 Isaac,
3656 3523 3747 3578 itt-

2142 3618 2355 3672 telluxit
2379 3618 2555 3672 lusum
2597 3617 2746 3672 illum
2781 3617 3084 3687 simplicem
3118 3634 3224 3672 non
3257 3618 3441 3672 fuisse.
3477 3616 3586 3672 Sed
3612 3618 3742 3687 quia

2139 3710 2364 3765 lor-itan
2414 3709 2611 3765 Ismael
2657 3709 2814 3780 quasi
2861 3708 3034 3779 major
3081 3719 3241 3774 natu,
3275 3720 3331 3765 et
3379 3724 3447 3765 eo
3486 3717 3745 3780 tempore

2139 3803 2495 3858 circumcisus
2531 3818 2638 3872 quo
2680 3805 2789 3871 jam
2832 3810 3044 3872 poterat
3074 3801 3382 3872 intelligere
3429 3810 3486 3857 et
3533 3801 3745 3858 sentire

2141 3898 2280 3967 quod
2313 3912 2502 3967 paSsus
2530 3906 2635 3962 est,
2669 3895 2771 3949 sibi
2797 3895 3156 3968 primogenita
3184 3895 3522 3961 vindicabat,
3547 3896 3740 3966 Scrip-

2143 4003 2260 4044 tura
2302 3991 2538 4060 jnrgium
2572 3989 2955 4061 parvulorum,
2995 3991 3170 4045 Insunt
3197 3991 3430 4046 vocavit.
3479 3989 3638 4046 Unde
3685 3999 3746 4045 et

2141 4086 2272 4140 Sata
2307 4087 2423 4140 lta'c
2468 4085 2634 4140 verba
2677 4100 2783 4140 non
2820 4085 3100 4141 sustinens
3127 4129 3142 4153 ,
3194 4096 3249 4140 et
3288 4086 3741 4141 consuetudinem

2143 4178 2244 4234 sibi
2295 4180 2656 4249 primogenita
2704 4180 3030 4235 vindieantis
3076 4180 3290 4235 ancilla:
3346 4181 3442 4236 ﬁlii
3491 4197 3524 4235 a
3577 4197 3742 4250 parva

2141 4283 2304 4328 tetate
2329 4289 2432 4328 non
2460 4273 2692 4342 patiens,
2728 4276 2908 4343 erupit
2952 4279 3006 4328 in
3037 4290 3222 4328 vocem
3249 4290 3264 4331 :
3300 4272 3456 4347 Ejice
3489 4273 3745 4328 ancillam

2143 4383 2256 4419 cum
2281 4365 2392 4434 ﬁlio
2415 4385 2508 4420 suo
2536 4382 2556 4422 :
2582 4365 2704 4420 Non
2728 4368 2862 4421 enim
2885 4367 3210 4421 literedilabit
3231 4365 3372 4435 [ilius
3394 4366 3604 4420 ancilla:
3625 4382 3744 4419 cum

2147 4461 2254 4526 ﬁlio
2297 4477 2409 4513 meo
2461 4459 2636 4514 Isaac.
2687 4459 2842 4528 Quod
2888 4475 3013 4516 eum
3068 4461 3264 4514 durum
3314 4461 3490 4515 visum
3548 4458 3747 4515 luisset

446 4551 657 4621 repudii
705 4551 757 4604 in
805 4567 996 4606 manus
1029 4565 1176 4620 Suas,
1210 4563 1264 4607 ct
1291 4553 1474 4608 omnia
1507 4565 1825 4609 ornamenta
1854 4556 1954 4611 viti
1988 4560 2036 4610 in
2067 4540 2122 4603 Ῐ)
2150 4553 2379 4608 Aliralte
2413 4553 2658 4624 (semper
2685 4557 2830 4609 enim
2873 4555 3248 4625 primogenitis
3281 4554 3483 4623 majora
3537 4554 3744 4608 deben-

445 4644 575 4698 idoli
602 4643 772 4698 vertit
800 4653 1181 4699 ornamentum
1218 4663 1232 4698 :
1277 4655 1406 4701 tunc
1435 4647 1682 4709 maritus.
1718 4650 1898 4716 priore
1919 4650 2037 4703 cin-

447 4738 574 4808 gulo
607 4749 980 4807 putrescente,
1005 4738 1170 4792 alium
1206 4739 1402 4794 lumbis
1431 4741 1546 4794 suis
1569 4741 1868 4808 baltlieum,
1893 4743 2038 4798 aliud

446 4831 516 4885 de
543 4832 802 4902 gentibus
839 4830 1082 4886 lumbare
1105 4834 1430 4886 contexuit:
1476 4849 1598 4903 quae
1641 4834 1826 4888 Statim
1861 4845 1916 4888 ut
1958 4845 2042 4890 est

449 4926 568 4980 viro
594 4925 819 4995 juncta,
871 4925 1120 4994 concepit
1146 4936 1196 4980 et
1227 4927 1460 4996 peperit.
1493 4925 1558 4979 Et
1589 4928 1639 4981 in
1671 4925 1821 4983 latae
1859 4930 2042 4983 exala-

449 5029 562 5074 mat
586 5019 850 5072 Dominus
879 5034 974 5088 per
1001 5018 1323 5089 prophetam
1357 5037 1368 5072 ε
1395 5019 1708 5091 εἰβδιθεηε
1739 5031 1860 5074 nata
1884 5023 2042 5075 simul

444 5110 602 5185 (Isai.
634 5127 786 5180 ms,
809 5113 898 5174 5t)
938 5129 951 5165 :
982 5112 1202 5182 quando
1233 5130 1336 5166 una
1370 5113 1458 5167 die
1490 5115 1540 5166 iu
1566 5115 1793 5168 Actibus
1820 5129 2040 5186 aposto-

449 5203 625 5259 lorum
667 5205 764 5258 Iria
791 5204 902 5258 mill
926 5220 980 5270 a,
1013 5205 1327 5275 etquinque
1353 5206 1518 5260 tnillia
1553 5206 1830 5262 horninum
1862 5211 2042 5264 credi-

449 5297 646 5352 derunt
668 5297 873 5364 (Actor.
904 5312 981 5357 tu.
1011 5301 1174 5368 seqq.)
1193 5297 1301 5352 Nec
1329 5311 1457 5368 pttto
1483 5315 1705 5354 necesse
1729 5314 1872 5369 eSse,
1897 5314 1952 5355 ttt
1975 5303 2042 5358 de

452 5391 797 5446 multitudine
837 5391 1150 5446 Christiana
1181 5435 1194 5457 ,
1227 5401 1280 5445 et
1311 5393 1378 5445 de
1411 5392 1718 5447 Juda-utum
1772 5397 2042 5464 ptlttt'ilatc

445 5483 715 5550 dicamus,
745 5499 868 5538 cum
906 5485 958 5538 in
995 5495 1106 5538 toto
1136 5485 1336 5539 mundo
1365 5487 1542 5540 crucis
1574 5489 1770 5541 vexilla
1802 5492 2037 5558 resplen-

519 5618 544 5647 ⁸
577 5617 758 5695 Minus
778 5617 1130 5695 cohaerenter:
1151 5631 1333 5682 antea,
1364 5620 1690 5695 inﬁrmaque,
1718 5638 1815 5687 pro
1841 5625 2040 5695 inﬁmo,

446 5689 590 5759 quod
621 5689 917 5767 p_ra:lerunt
946 5708 1076 5744 mss.
1112 5688 1167 5744 ln
1201 5707 1323 5767 uno
1338 5704 1517 5746 autem
1550 5688 1795 5767 Palatino
1825 5688 2042 5767 sej'uttc;

444 5769 522 5830 tis
549 5763 736 5824 verbis
761 5763 908 5850 bono
933 5776 1088 5839 aeque
1115 5776 1282 5822 sensu
1310 5762 1539 5836 legitur,
1569 5765 1624 5820 in
1651 5762 1895 5842 ﬁmoque;

2149 4655 2255 4714 tur)
2281 4663 2386 4700 non
2412 4648 2587 4701 solum
2620 4646 2904 4701 ISmaclem
2931 4649 3163 4718 primem
3188 4663 3310 4702 esse
3335 4646 3619 4712 desinere;
3644 4646 3746 4702 sed

2148 4758 2214 4794 ne
2247 4743 2511 4810 aequalem
2557 4739 2776 4810 quidem
2822 4756 2944 4795 cum
2998 4744 3212 4796 minore
3267 4740 3436 4796 fratre
3490 4739 3745 4810 accipere

2150 4837 2458 4906 poitionrm
2491 4850 2506 4890 :
2549 4836 2688 4889 Deus
2728 4835 2817 4903 qtti
2850 4835 3078 4890 liberam
3112 4835 3256 4888 intus
3292 4849 3452 4900 esse,
3498 4845 3554 4888 et
3595 4839 3743 4888 foras

2150 4929 2350 4997 expelli
2381 4927 2600 4983 volebat
2629 4928 2881 4982 ancillam
2902 4970 2914 4989 ,
2947 4928 3096 4982 Sara:
3130 4927 3294 4982 verba
3327 4926 3612 4982 conﬁrmat
3635 4969 3649 4993 ,
3681 4938 3746 4981 et

2150 5021 2390 5090 loiptitur
2436 5019 2502 5075 ad
2539 5019 2808 5073 Abraham
2852 5037 2866 5076 :
2899 5018 3018 5074 Non
3059 5019 3248 5074 durum
3277 5021 3344 5073 sit
3375 5036 3548 5074 coram
3588 5030 3634 5074 te
3674 5020 3751 5075 de

2149 5132 2308 5187 puero
2348 5124 2392 5167 et
2423 5112 2638 5166 ancilla.
2673 5112 2861 5166 Omnia
2900 5130 3014 5184 quw
3060 5114 3250 5167 dixerit
3291 5113 3403 5186 [ΑΙ.
3448 5112 3599 5185 dixit]
3647 5114 3749 5167 tibi

2151 5210 2320 5274 Sara,
2366 5209 2490 5262 audi
2521 5225 2693 5262 vocem
2719 5213 2830 5282 ejus
2877 5224 2893 5260 :
2914 5209 3159 5276 quoniam
3197 5211 3248 5262 in
3287 5208 3437 5262 lsaac
3480 5207 3753 5264 vocabitur

2149 5306 2239 5359 tibi
2269 5322 2462 5359 semen.
2491 5304 2643 5358 Sicut
2685 5319 2816 5373 ergo
2848 5312 2975 5357 tunc
3009 5303 3181 5372 major
3214 5307 3382 5358 trater
3439 5303 3624 5357 lsmael
3655 5302 3752 5356 la-

2149 5410 2385 5454 ctentem
2415 5399 2590 5452 adhuc
2616 5406 2672 5452 et
2692 5399 2970 5464 parvulum
3004 5403 3431 5467 persequebatur
3459 5396 3754 5462 Isaac,sibi

2153 5495 2594 5548 cirrmncisionis
2620 5493 3060 5562 pra‘rogativam,
3105 5494 3206 5548 sibi
3238 5493 3586 5564 primogenita
3622 5491 3757 5546 vin-

2225 5627 2251 5666 ι)
2286 5628 2505 5681 St-iliret
2551 5628 2690 5682 libro
2715 5671 2729 5689 ,
2765 5631 2853 5694 qui
2905 5628 3183 5699 Apostolus
3236 5628 3551 5683 inseribitur
3583 5627 3753 5696 juxta

2157 5699 2451 5772 Marcionis
2506 5700 2906 5772 recemiunetu.
2967 5701 3164 5755 llecole
3209 5714 3469 5772 sipt-rtus
3507 5715 3625 5772 cap.
3701 5713 3751 5772 1,

2157 5771 2259 5829 col.
2291 5773 2420 5844 575,
2460 5781 2574 5829 not.
2607 5771 2826 5847 b(l'.ttit.
2853 5781 2985 5844 aest.
3012 5772 3125 5846 prol.
3162 5771 3288 5841 513,
3319 5782 3426 5830 not.
3461 5771 3565 5845 η..
