3962 6338
241 329 335 390 595

665 330 1344 405 [COMMENTARIORUM
1381 331 1451 391 1N
1489 329 1882 392 EPISTOLAM
1920 334 2017 390 AD
2056 333 2379 394 GALATAS
2420 337 2549 395 LIB.
2597 339 2660 394 ll.
2701 340 2857 398 CAP.
2904 342 2967 398 V.

3386 347 3493 404 394

242 447 408 503 dicans
439 463 453 503 :
496 447 567 503 ita
593 455 647 504 et
685 463 826 504 nunc
873 449 1172 505 secundum
1203 465 1424 506 carnem
1471 449 1641 505 Israel
1680 447 1792 521 (At.
1819 453 1876 514 Α
1897 460 1986 506 est
2013 451 2080 505 ad
2103 450 2320 523 Moysen
2355 470 2367 505 :
2400 451 2478 506 Tu
2507 471 2623 508 rero
2643 465 2723 509 sta
2757 472 2954 510 mecum
2982 455 3182 528 (Exod.
3206 473 3390 526 xxxiv,
3415 460 3495 531 2).

239 539 456 614 lsmael],
501 543 784 598 adversum
833 543 1102 600 minorem
1146 543 1372 600 fratrem
1428 543 1495 600 de
1547 543 1798 615 gentibus

239 635 472 706 p0pulum
501 635 864 693 Christianum
910 637 1240 705 sustollitur,
1274 637 1514 704 inﬂatur,
1547 637 1794 708 erigitur.

233 729 626 788 Consideremus
651 732 917 788 insaniam
948 730 1284 801 Judaeorum,
1307 733 1398 804 qui
1420 744 1474 788 et
1505 732 1796 787 Dominum

230 821 633 893 interfecerunt,
674 834 732 881 et
760 825 1088 896 prophetas,
1121 835 1178 882 et
1203 826 1481 896 apostolos
1525 823 1796 895 persecuti

230 924 384 983 sunt,
426 928 478 974 et
503 916 864 976 adversantur
885 921 1152 978 voluntati
1183 920 1280 977 Dei
1329 933 1346 974 :
1393 928 1448 977 et
1490 916 1794 973 videbimus

229 1010 382 1066 multo
402 1009 633 1082 majores
659 1016 1099 1084 persecutiones.
1119 1029 1254 1087 quas
1286 1029 1385 1072 nos
1413 1014 1578 1071 etiam
1610 1016 1791 1072 Histo-

228 1104 316 1160 riae
335 1104 544 1174 docent,
572 1122 602 1162 a
622 1107 829 1165 Iudaeis
851 1109 905 1166 in
935 1109 1280 1167 Christianos
1300 1125 1462 1182 quam
1485 1126 1514 1164 a
1539 1110 1793 1182 gentibus

223 1201 523 1257 concitatas.
568 1200 829 1261 Miramur
867 1204 936 1261 de
963 1204 1209 1261 Iudaeis?
1241 1215 1266 1243 δ
1291 1205 1468 1261 Hodie
1493 1221 1708 1278 quoque
1739 1205 1792 1261 hi

224 1293 301 1366 qui
323 1292 372 1348 in
393 1293 611 1351 Christo
623 1299 834 1368 parvuli
856 1308 1002 1365 sunt,
1019 1297 1185 1372 476
1199 1309 1255 1355 et
1270 1300 1458 1355 vivunt
1473 1301 1788 1369 carnaliter,

221 1396 601 1458 persequuntur
629 1403 726 1446 eos
753 1390 846 1462 qui
874 1407 939 1448 ex
982 1408 1118 1464 aqua
1152 1402 1208 1449 et
1236 1393 1432 1463 spiritu
1473 1395 1585 1449 nati
1629 1401 1786 1461 sunt;

220 1486 400 1533 etcum
429 1477 644 1536 Christo
665 1493 1038 1554 resurgentes,
1064 1499 1126 1540 ea
1152 1493 1403 1556 quzerunt
1425 1501 1548 1557 quae
1571 1501 1787 1542 sursum

218 1579 367 1637 sunt,
411 1586 516 1628 non
568 1571 850 1629 deorsum.
909 1575 1134 1632 Faciant
1174 1575 1320 1649 quod
1368 1577 1559 1632 volunt
1599 1594 1614 1636 :
1664 1593 1788 1633 cum

217 1659 425 1720 lsmaele
473 1677 875 1736 persequantur
907 1666 1056 1722 Isaac
1099 1685 1114 1724 :
1165 1667 1456 1739 ejlcientnr
1486 1669 1630 1724 foras
1664 1684 1786 1724 cum

215 1757 386 1812 ancilla
417 1768 594 1813 matre
622 1757 877 1833 Egyptia
904 1779 918 1814 :
945 1776 1045 1818 nec
1074 1761 1350 1830 accipient
1381 1761 1783 1831 haereditatem,

1901 543 2095 615 Jngnm
2119 556 2300 603 autem
2329 549 2643 618 servitutis,
2691 550 2891 622 Legem
2920 564 3082 610 vocat
3107 554 3322 622 duram,
3357 555 3498 611 ditii-

1899 635 2090 706 cilem,
2122 639 2451 697 laboriosam
2478 687 2492 709 ,
2536 657 2658 713 quae
2686 644 2775 700 die
2804 659 2867 700 ac
2910 657 3072 700 nocte
3101 647 3341 703 cultores
3373 665 3501 704 suos

1897 730 2049 799 gravi
2097 745 2266 802 opere
2295 734 2593 789 consumit.
2642 735 2793 791 Sicut
2829 745 2886 792 et
2927 736 3125 795 Petrus
3168 739 3222 793 in
3275 741 3497 796 Actibus

1897 825 2278 894 apostolorum
2310 845 2325 881 :
2354 827 2496 895 Quid
2519 831 2761 896 tentatis,
2795 831 2992 902 inquit,
3027 832 3288 902 imponere
3307 837 3498 906 jugum

1896 934 2052 991 grave
2076 935 2232 992 super
2272 920 2466 976 collum
2512 923 2763 994 fratrum,
2795 925 2936 993 quod
2967 941 3130 997 neque
3167 943 3294 991 nos.
3336 944 3502 1000 neque

1895 1022 2069 1083 patres
2105 1013 2270 1068 nostri
2305 1026 2520 1086 portare
2557 1025 2833 1086 potuerunt
2873 1016 3015 1088 (Act.
3041 1034 3134 1087 xv,
3171 1018 3298 1091 i0)?
3338 1018 3498 1087 Quod

1895 1113 2082 1162 autem
2117 1108 2392 1178 apposuit,
2422 1109 2585 1163 nolite
2606 1109 2812 1175 iterum,
2845 1126 2952 1166 non
2983 1127 3091 1183 quo
3121 1113 3270 1182 prius
3293 1113 3495 1185 Legem

1895 1194 2103 1252 Galatae
2147 1198 2539 1265 custodierint;
2580 1200 2675 1255 sed
2709 1216 2815 1272 quo
2860 1214 2914 1258 et
2946 1202 3268 1260 idololatriae
3303 1206 3490 1278 jugum

1894 1304 2058 1360 grave
2087 1290 2158 1346 sit
2185 1332 2200 1357 ,
2243 1306 2355 1362 quo
2383 1292 2763 1365 zEgyptiorurn
2795 1297 3027 1364 populus
3055 1313 3353 1369 oppressus
3378 1347 3391 1369 ,
3426 1302 3493 1356 ad

1895 1383 2068 1440 instar
2092 1385 2299 1456 plumbi
2318 1385 2373 1442 in
2389 1386 2629 1443 Rubrum
2652 1404 2805 1445 mare
2820 1405 3035 1446 mersus
3047 1402 3130 1446 est
3149 1392 3328 1462 (Ea-od
3338 1435 3349 1449 .
3376 1408 3468 1467 xv)
3480 1437 3492 1451 .

1893 1474 2055 1532 Juxta
2107 1493 2273 1548 quem
2333 1493 2557 1535 sensum
2602 1490 2658 1536 et
2702 1496 2868 1551 supra
2897 1481 3111 1538 dixerat
3163 1502 3175 1538 :
3228 1485 3495 1550 Quomodo

1894 1569 2255 1624 convertimini
2298 1570 2484 1625 iterum
2529 1574 2602 1626 ad
2643 1573 2890 1642 inﬁrma,
2917 1585 2966 1629 et
3004 1591 3164 1646 egena
3203 1577 3496 1647 elementa;

1893 1664 2079 1736 quibus
2107 1681 2315 1721 rursum
2340 1669 2532 1722 servire
2552 1668 2724 1735 uultis,
2757 1669 2870 1722 dies
2901 1668 3241 1737 observantes,
3270 1681 3318 1726 et
3348 1690 3497 1728 men-

1892 1775 1995 1825 ses,
2023 1767 2070 1814 et
2098 1769 2354 1832 tempora,
2397 1770 2448 1816 et
2469 1763 2676 1816 annos?
2702 1762 2914 1818 Galatae
2947 1764 3090 1818 enim
3122 1763 3217 1836 qui
3247 1765 3314 1820 ad
3348 1766 3499 1824 Pauli

215 1864 354 1922 quam
380 1853 526 1909 solus
567 1855 662 1926 qui
696 1855 767 1911 de
792 1856 1222 1926 repromissione
1253 1866 1414 1913 natus
1444 1866 1556 1923 est,
1589 1873 1785 1914 conse-
1817 1853 1865 1915 Β
1893 1852 2128 1922 apostoli
2160 1854 2628 1922 prtediczttioncm,
2663 1855 2826 1911 idolis
2855 1856 3168 1925 derelictis,
3212 1860 3395 1912 statim
3424 1860 3494 1916 ad

213 1955 449 2018 quenter.
493 1947 795 2021 Eleganter
823 1959 1002 2006 autem
1030 1963 1086 2006 et
1112 1951 1267 2021 illud,
1301 1951 1445 2024 quod
1479 1953 1525 2007 is
1565 1952 1655 2024 qui
1703 1967 1788 2008 se-

220 2038 429 2094 cundum
457 2055 681 2098 carnem
711 2052 876 2098 natus
912 2052 1019 2108 est,
1051 2043 1397 2114 persequitur
1419 2044 1786 2115 spiritualem.

215 2127 490 2203 Numquam
533 2133 686 2191 enim
731 2135 1039 2206 spiritualis
1080 2137 1424 2209 persequitur
1470 2138 1784 2205 carnalem;

214 2223 298 2279 sed
347 2225 576 2296 ignoscit
621 2226 673 2283 ei
727 2229 882 2300 quasi
927 2229 1210 2285 rusticano
1241 2229 1395 2284 fratri
1449 2246 1463 2286 :
1513 2230 1614 2286 scit
1662 2245 1787 2286 cum

212 2334 351 2389 posse
379 2320 647 2390 proﬁcere
675 2337 776 2393 per
802 2332 1037 2394 tempus.
1072 2321 1158 2378 Et'
1180 2323 1227 2379 si
1263 2322 1483 2393 quando
1513 2322 1788 2395 Egyptian

209 2415 359 2473 illium
386 2419 588 2477 viderit
612 2420 975 2486 irascentem,
1028 2420 1352 2477 recordatur
1381 2425 1543 2477 unius
1584 2421 1784 2493 patris,

207 2510 287 2581 qui
314 2511 480 2569 lucem
506 2511 562 2582 δ,
600 2513 770 2570 boves
795 2514 1000 2571 crearit
1020 2522 1077 2570 et
1106 2514 1335 2570 culicem
1365 2532 1381 2570 :
1414 2523 1469 2571 et
1496 2515 1549 2570 in
1595 2528 1786 2585 magna

207 2601 372 2675 domo,
402 2620 514 2662 non
540 2605 720 2662 solum
742 2621 868 2664 esse
896 2621 1028 2662 vasa
1056 2622 1223 2663 aurea
1263 2615 1317 2662 et
1347 2615 1642 2677 argentea;
1689 2605 1787 2661 sed

207 2693 360 2766 lignea
381 2705 435 2753 et
454 2698 668 2754 fictilia.
695 2698 884 2771 Itaque
899 2714 1020 2757 cum
1041 2699 1287 2770 apostolo
1305 2700 1476 2756 Paulo
1497 2699 1744 2756 dicamus
1767 2715 1783 2754 :

208 2787 314 2845 Non
335 2809 506 2850 sumus
534 2793 746 2850 ancilla:
771 2794 896 2865 ﬁlii.
929 2795 1020 2851 sed
1045 2795 1221 2852 liberat
1246 2793 1317 2865 (Il
1349 2793 1486 2850 Tim.
1513 2793 1598 2866 tt):
1622 2805 1678 2850 et
1699 2809 1788 2851 re-

206 2887 369 2942 novati
409 2887 465 2943 in
496 2886 724 2945 Christo
747 2931 760 2955 ,
789 2889 1077 2946 audiamus
1108 2891 1276 2945 verba
1320 2889 1534 2945 Domini
1579 2889 1646 2944 ad
1692 2889 1785 2945 Ju-

204 2977 330 3035 daos
357 2982 634 3052 loquentis
665 2999 680 3036 :
711 2983 774 3039 Si
811 2983 1108 3038 manseritis
1153 2983 1207 3037 in
1234 2998 1472 3038 sermone
1499 2998 1612 3038 meo
1637 3023 1652 3048 ,
1695 2997 1784 3035 co-

203 3075 425 3144 gnoscetis
450 3077 742 3143 ueritatem,
773 3084 823 3130 et
841 3078 1030 3132 veritas
1059 3074 1298 3132 liberabit
1332 3091 1418 3130 vos
1449 3073 1630 3146 (Joan.
1658 3089 1782 3141 vm,

205 3165 279 3233 3|,
307 3167 417 3240 32).
447 3168 568 3226 Hac
598 3169 857 3226 libertate
877 3177 935 3226 et
952 3168 1250 3239 Apostolus
1277 3168 1541 3225 liberatus
1563 3167 1781 3224 aiebat:

1892 1945 2173 2016 Evangelii
2204 1947 2643 2003 conscenderant
2667 1948 2921 2019 gratiam,
2947 1965 3054 2004 non
3079 1952 3497 2006 revertebantur

1892 2037 1957 2092 ad
1991 2035 2154 2107 Legis
2179 2035 2420 2093 Judaicae
2445 2039 2802 2107 servitutem,
2834 2056 2995 2111 quam
3017 2057 3312 2112 numquam
3347 2047 3495 2114 prius

1891 2139 2260 2200 cognoverant
2293 2147 2312 2184 ι
2341 2130 2438 2187 sed
2466 2133 2714 2188 volentes
2751 2135 3051 2190 observare
3084 2145 3356 2205 tempora,
3387 2137 3494 2193 cir~

1890 2223 2127 2279 cumcidi
2159 2239 2363 2294 carne,
2395 2234 2454 2282 et
2477 2226 2684 2282 hostias
2725 2226 2926 2284 offerre
2968 2243 3264 2298 corporeus
3290 2271 3306 2298 ,
3356 2247 3497 2302 quo-

1890 2317 2182 2375 dammodo
2231 2321 2284 2375 in
2313 2319 2540 2377 eosdem
2580 2324 3001 2377 revertebantur
3032 2323 3244 2392 cultus,
3294 2327 3494 2396 quibus

1891 2411 1945 2466 in
1970 2412 2279 2468 idololatria
2305 2424 2436 2470 ante
2451 2413 2782 2471 servierant.
2803 2415 2971 2471 Aiunt
2995 2418 3165 2483 enim,
3193 2430 3248 2473 et
3277 2419 3496 2490 rt‘gypti

1889 2509 2224 2575 sacerdotes,
2255 2518 2313 2566 et
2338 2511 2680 2577 lsmaelitas,
2713 2523 2769 2568 et
2807 2512 3138 2569 Madianmos
3168 2520 3487 2585 praeputium

1891 2617 1997 2658 non
2030 2601 2264 2660 habere.
2297 2604 2454 2673 Quod
2487 2615 2670 2660 autem
2718 2606 2966 2662 nationes
3009 2607 3308 2662 observent
3333 2608 3452 2664 dies
3477 2650 3493 2674 ,

1890 2709 2131 2762 menses,
2160 2704 2216 2751 et
2243 2711 2440 2764 annos,
2465 2680 2681 2751 utinam
2712 2697 3077 2768 nesciremus,
3115 2715 3182 2754 ne
3213 2698 3324 2772 [Αι.
3367 2701 3488 2772 nec)

1890 2788 2054 2845 nobis
2079 2804 2204 2845 cum
2237 2791 2316 2845 eis
2343 2804 2467 2846 esse
2499 2805 2753 2863 umquam
2785 2791 2951 2847 mixta
2984 2795 3271 2849 festivitas.

1961 2881 2151 2955 (Vere.
2184 2882 2266 2955 2.)
2295 2882 2432 2938 Ecce
2451 2900 2547 2955 ego
2579 2882 2784 2938 Paulus
2808 2886 2922 2938 dico
2950 2886 3088 2940 vobis
3123 2901 3141 2940 :
3173 2888 3418 2956 quoniam
3433 2890 3479 2943 si

1889 2977 2350 3044 circumcidamini,
2372 2977 2608 3033 Christus
2628 2981 2766 3034 vobis
2792 2980 2924 3034 nihil
2941 2991 2963 3018 ο
2983 2982 3213 3050 prodest.
3231 2983 3286 3037 In
3306 2983 3485 3038 Evan-

1887 3070 2033 3142 gelio
2057 3071 2312 3128 Salvator
2351 3072 2417 3126 ad
2444 3073 2742 3142 discipulos
2783 3073 3048 3144 loquitur.
3067 3075 3170 3144 Qui
3199 3092 3284 3131 vos
3313 3078 3487 3146 audit,

1889 3183 1968 3221 me
1991 3165 2138 3220 audit
2167 3182 2186 3220 :
2215 3165 2300 3238 qui
2329 3183 2416 3221 vos
2455 3168 2691 3240 suscipit,
2724 3185 2803 3222 me
2827 3170 3041 3238 suscipit
3093 3169 3243 3242 (Luc.
3279 3188 3330 3239 κ,
3369 3172 3482 3244 16).

204 3257 317 3317 Cum
337 3263 478 3319 enim
513 3265 620 3320 sim
650 3263 790 3320 liber
817 3279 883 3320 ex
911 3262 1191 3320 omnibus.
1227 3261 1332 3331 Qui
1354 3262 1478 3333 facit
1499 3272 1783 3332 peccatum,
1811 3250 1858 3315 C
1893 3259 1960 3316 Et
1990 3261 2289 3332 Apostolus
2321 3269 2571 3327 testatur,
2600 3261 2789 3316 dicens
2814 3279 2828 3316 :
2862 3261 2990 3316 Vivo
3021 3273 3218 3332 autem,
3243 3268 3359 3336 jam
3383 3282 3485 3319 non

201 3369 354 3411 term
378 3357 582 3430 peccati
613 3365 691 3414 est
718 3356 761 3430 (l
791 3355 916 3414 Cor.
947 3373 1020 3422 rx,
1059 3356 1169 3428 19).
1203 3353 1302 3412 Ille
1323 3355 1450 3427 quia
1474 3369 1534 3411 se
1564 3355 1632 3410 ab
1661 3369 1783 3409 om-

203 3447 339 3506 nibus
357 3451 507 3506 vittis
527 3451 789 3514 liberum,
807 3450 876 3504 ab
894 3448 1045 3506 omni
1065 3447 1506 3520 concupiscentia
1518 3455 1574 3502 et
1593 3461 1785 3502 errore

204 3540 381 3598 sciebat
415 3541 687 3610 alienum,
721 3551 869 3598 recte
911 3542 968 3596 in
993 3540 1194 3598 Christi
1228 3541 1484 3596 libertate
1511 3537 1784 3610 gaudebat

204 3631 366 3690 dicens
411 3653 424 3690 :
463 3633 599 3690 Non
639 3649 819 3689 sumus
865 3631 1078 3689 ancillae
1106 3633 1240 3700 ﬁlii,
1286 3631 1375 3686 sed
1421 3629 1594 3685 libera:
1626 3643 1644 3682 :
1683 3643 1782 3698 qua

205 3726 405 3784 libertate
428 3727 674 3785 Christus
695 3743 789 3782 nos
816 3725 1047 3782 liberauit
1075 3722 1253 3797 (Joan.
1287 3739 1401 3790 vnt,
1422 3721 1538 3795 34).

261 3820 402 3892 (Cap.
433 3820 502 3877 ν.
544 3848 619 3862 --
666 3819 822 3875 Vers.
852 3818 933 3890 1.)
965 3817 1146 3885 State,
1173 3825 1221 3872 et
1251 3816 1410 3871 nolite
1437 3816 1624 3868 iterum
1645 3813 1780 3884 jugo

205 3914 433 3970 servitutis
473 3911 754 3969 contineri.
791 3911 860 3968 Et
891 3926 955 3967 ex
987 3910 1092 3966 hoc
1127 3907 1458 3976 ostenditur,
1505 3905 1634 3977 quia
1673 3920 1780 3960 non

203 4011 297 4061 stet
316 4007 398 4078 qui
419 4007 558 4078 jugo
598 4004 866 4062 inhaereat
910 4002 1208 4060 servitutis.
1255 4004 1322 4057 Et
1360 4001 1491 4072 quia
1528 4001 1575 4055 is
1615 3997 1710 4069 qui
1749 4012 1780 4052 a

202 4098 394 4158 Christo
412 4103 676 4161 libertate
698 4101 929 4157 donatus
955 4107 1060 4165 est,
1082 4097 1292 4153 tamdiu
1318 4096 1484 4152 fuerit
1504 4093 1606 4149 sub
1623 4093 1776 4163 jugo,

205 4196 435 4266 quamdiu
465 4196 720 4268 spiritum
764 4192 1052 4251 servitutis
1080 4191 1332 4247 habuerit
1369 4189 1424 4244 in
1459 4188 1693 4253 timore,
1726 4193 1781 4240 et

202 4285 344 4360 Legis
371 4292 524 4347 initia
553 4291 628 4346 sit
654 4296 900 4346 secutus.
932 4286 1088 4357 Quod
1120 4294 1300 4340 autem
1330 4285 1444 4350 ait,
1475 4290 1641 4346 state,
1689 4281 1780 4336 (ir-

203 4396 328 4438 atam
365 4394 421 4440 et
446 4383 704 4440 stabilem
734 4383 788 4437 in
819 4379 1042 4437 Christo
1071 4379 1322 4436 hortatur
1354 4375 1515 4433 ﬁdem
1537 4417 1552 4441 ,
1588 4383 1649 4432 ut
1676 4376 1780 4430 Ec-

203 4473 366 4533 clesia
391 4476 624 4535 Galatia:
661 4475 768 4531 ﬁxo
808 4474 862 4529 in
894 4473 1177 4529 Salvatore
1221 4477 1576 4542 permaneant
1614 4466 1775 4538 pede.

205 4563 387 4639 Dequo
413 4579 475 4626 et
503 4569 560 4624 in
591 4567 700 4623 alio
729 4565 854 4623 loco
874 4565 1056 4636 justus
1082 4563 1323 4634 loquitur
1349 4579 1363 4616 :
1396 4561 1596 4618 Statuit
1622 4574 1778 4631 super

1891 3370 2022 3426 ego;
2073 3353 2193 3407 vivit
2237 3361 2410 3408 autem
2457 3353 2511 3407 in
2537 3370 2618 3409 me
2655 3353 2898 3408 Christus
2921 3353 3145 3426 (Supra,
3179 3372 3235 3421 ll,
3267 3357 3397 3428 20);
3433 3368 3488 3413 et

1887 3445 2015 3502 alibi
2042 3462 2055 3500 :
2082 3444 2164 3499 An
2186 3446 2592 3516 experimentum
2617 3445 2851 3514 qun'ritis
2877 3448 2992 3519 ejus
3017 3447 3109 3518 qui
3138 3448 3190 3500 in
3215 3463 3297 3502 me
3316 3447 3488 3519 loqui-

1886 3547 1970 3594 tur
1989 3536 2226 3595 Christus
2255 3537 2334 3609 (ll
2365 3535 2488 3592 Cor.
2517 3553 2643 3604 χιιι,
2677 3535 2769 3609 5)?
2816 3537 2893 3591 Ex
2943 3553 3050 3608 quo
3082 3539 3288 3607 liquido
3335 3555 3485 3595 com-

1885 3631 2145 3702 probatur
2176 3630 2278 3686 hoc
2307 3629 2454 3700 quod
2483 3644 2628 3686 nunc
2653 3627 2787 3684 dicit
2814 3646 2826 3682 :
2862 3628 2995 3684 Ecce
3015 3647 3107 3704 ego
3139 3630 3338 3686 Paulus
3365 3633 3482 3687 dico

1885 3726 2055 3790 vobis,
2100 3740 2208 3780 non
2261 3722 2415 3793 quasi
2446 3722 2597 3779 Pauli
2657 3730 2867 3778 tantum
2910 3724 3074 3779 verba
3123 3725 3439 3795 accipienda
3466 3766 3479 3788 ,

1885 3820 1980 3877 sed
2015 3818 2246 3874 Domini.
2300 3817 2435 3872 Nam
2483 3833 2606 3872 cum
2653 3828 2709 3872 et
2762 3817 2816 3872 in
2865 3819 3038 3887 prima
3071 3819 3138 3872 ad
3166 3818 3484 3876 Corinthios

1884 3911 2239 3983 praemisisset
2267 3926 2281 3964 :
2306 3908 2410 3965 His
2426 3919 2600 3964 autem
2625 3910 2712 3981 qui
2744 3911 2893 3980 nupti
2921 3920 3041 3964 sunt
3064 3911 3340 3979 denuntio,
3377 3929 3481 3967 non

1882 4021 2002 4076 ego,
2046 4003 2137 4058 sed
2174 4000 2432 4057 Dominus
2465 4001 2510 4072 (l
2539 4001 2660 4058 Cor.
2687 4017 2781 4070 vn,
2815 4002 2937 4072 10);
3000 4011 3055 4057 ct
3100 4004 3283 4060 statim
3337 4006 3482 4061 intu-

1884 4097 2040 4154 lisset
2065 4115 2079 4151 :
2109 4097 2308 4151 ueteris
2333 4104 2508 4151 autem
2540 4112 2632 4168 ego
2665 4096 2914 4167 praecipio
2945 4094 3134 4165 (Ibid.,
3167 4097 3278 4163 12),
3304 4115 3372 4154 nc
3401 4101 3483 4153 vi-

1883 4192 1952 4250 lis
1999 4207 2098 4246 sua
2141 4201 2429 4264 putaretur
2486 4190 2784 4245 auctoritas
2819 4207 2832 4243 :
2866 4198 3023 4263 puto,
3079 4193 3292 4262 inquit,
3339 4197 3480 4264 quod

1881 4283 2048 4358 5.78
2070 4293 2116 4339 et
2148 4299 2242 4356 ego
2282 4283 2527 4354 spiritum
2555 4281 2652 4335 Dei
2679 4280 2840 4336 habeo
2873 4297 2890 4336 :
2919 4291 2977 4337 ut
3005 4283 3200 4352 spiritu
3235 4295 3288 4340 et
3323 4285 3481 4341 Chri.

1883 4391 1973 4436 Sto
2000 4379 2054 4432 in
2101 4393 2163 4433 se
2186 4377 2474 4447 loquente,
2507 4390 2614 4431 non
2660 4375 2999 4445 contemptui
3028 4375 3343 4444 duceretur,
3384 4379 3478 4448 qui

1882 4469 2179 4542 prophetas
2203 4469 2424 4524 imitans
2444 4467 2658 4524 diceret
2690 4483 2703 4520 :
2734 4465 2864 4523 Haec
2877 4468 3005 4522 dicit
3031 4467 3283 4524 Dominus
3312 4471 3478 4525 omni-

1883 4575 2087 4637 potens.
2119 4561 2291 4633 Majus
2330 4570 2513 4617 autem
2545 4560 2637 4615 ﬁet
2680 4559 2732 4614 id
2760 4561 2902 4630 quod
2935 4560 3138 4616 dictum
3186 4572 3270 4618 est
3305 4581 3316 4616 :
3343 4561 3480 4617 Ecce

203 4667 380 4730 petram
419 4659 576 4734 pedes
607 4675 748 4715 meos
778 4656 899 4730 (Ps.
931 4672 1120 4725 xxxix,
1152 4657 1234 4728 5),
1275 4669 1376 4724 pro
1403 4669 1471 4710 co
1502 4653 1646 4724 quod
1673 4661 1778 4719 est,
1808 4644 1860 4705 Β
1886 4675 1978 4731 ego
2007 4655 2209 4712 Paulus
2249 4655 2366 4710 dico
2407 4655 2546 4710 vobis
2575 4669 2592 4707 :
2623 4653 2872 4726 quoniam
2916 4655 2961 4708 si
2997 4656 3472 4724 circtttttridatttini,

203 4765 341 4822 super
393 4752 657 4809 Christum
698 4767 716 4807 :
761 4767 831 4808 ne
874 4750 1084 4807 scilicet
1129 4749 1584 4806 circumferantur
1630 4745 1780 4802 omni

201 4854 348 4899 vento
371 4844 654 4916 doctrinm,
689 4852 746 4900 et
779 4843 833 4899 in
866 4843 1078 4898 diversa
1107 4842 1390 4913 rapiantur
1411 4837 1632 4913 (Ephes.
1675 4837 1777 4909 tv).

204 4929 344 4992 Unde
383 4946 441 4992 et
484 4936 550 4992 ad
580 4943 795 4992 stantes
839 4933 1038 4990 dicitur
1070 4952 1083 4988 :
1114 4931 1184 4988 Et
1211 4933 1300 5004 qui
1329 4942 1464 4999 stat,
1503 4931 1672 4986 videat
1720 4946 1784 4984 ne

205 5031 342 5084 cadat
370 5029 416 5103 (Ι
445 5029 565 5086 Cor.
598 5047 654 5100 x,
690 5028 805 5101 12).
836 5028 904 5085 Et
928 5029 981 5084 in
1009 5028 1120 5084 alio
1148 5028 1270 5084 loco
1304 5045 1318 5081 :
1349 5026 1518 5091 State,
1564 5025 1784 5080 viriliter

205 5121 347 5192 agite,
378 5122 743 5192 confortamini
772 5119 940 5194 (Ibid.
965 5137 1074 5188 xvr,
1115 5121 1231 5191 15),
1267 5129 1324 5174 ut
1343 5129 1492 5176 stent
1524 5133 1646 5174 cum
1690 5133 1780 5186 eo,

206 5227 350 5285 quem
390 5217 698 5286 Stephanus
737 5231 768 5271 a
815 5215 1029 5272 dextris
1061 5214 1239 5270 Patris
1282 5222 1518 5269 stantem
1548 5211 1682 5266 vidit
1728 5212 1781 5266 in

209 5308 456 5380 martyrio
475 5323 839 5383 perseverans
867 5307 1008 5380 (Act.
1039 5308 1159 5378 vn),
1184 5306 1344 5380 47⁵1
1366 5315 1423 5364 et
1447 5306 1539 5379 qui
1565 5305 1783 5362 locutus

275 5520 302 5550 ι
323 5511 466 5571 Unus
493 5515 774 5570 Palatinus
816 5511 920 5567 sub
950 5512 1252 5569 asserentis
1282 5521 1416 5569 nota
1463 5529 1477 5567 :
1526 5512 1787 5568 Miramur

215 5582 485 5656 dejudteis
510 5587 687 5650 hodie,
718 5585 842 5656 quia
869 5585 960 5656 qui
983 5585 1037 5637 in
1067 5584 1290 5644 Christo.
1323 5593 1430 5641 etc.

275 5653 303 5694 δ
325 5653 459 5713 idem
484 5672 640 5727 mss.,
670 5653 763 5728 qui
785 5653 896 5710 luce
921 5655 1067 5728 boues
1089 5656 1297 5728 crearit,
1323 5665 1393 5721 et,
1419 5664 1530 5712 etc.
1551 5653 1785 5712 Omnino

213 5733 383 5782 autem
404 5728 454 5784 in
471 5731 660 5785 vocula
685 5726 856 5782 lucem
878 5726 1053 5782 edidit
1071 5727 1272 5798 pariter
1293 5741 1356 5781 ac
1373 5741 1505 5783 mss.
1531 5733 1784 5798 peccant.

280 5807 305 5836 ο
338 5798 593 5857 Victorius
617 5800 696 5856 ait
725 5816 741 5853 :
765 5798 993 5870 Vulgata
1021 5798 1188 5854 editio
1215 5807 1536 5856 constanter
1565 5800 1618 5854 in
1642 5813 1788 5854 cun-

213 5867 312 5926 ctis
341 5872 727 5943 exemplaribus
783 5867 894 5926 tam
936 5869 1236 5942 impressis,
1284 5885 1450 5942 quam
1482 5870 1788 5928 manuscri-

445 5967 718 6031 Pnuos.
756 5962 998 6028 XXVI.

225 6019 245 6053 ἱ
299 6069 310 6078 σ

1885 4750 2122 4808 Christus
2163 4749 2307 4802 vobis
2349 4747 2482 4802 nihil
2518 4747 2752 4818 prodest,
2780 4747 2826 4801 si
2857 4761 2981 4802 cum
3013 4747 3285 4818 principio
3312 4765 3481 4819 copu-

1885 4845 2049 4913 letur,
2075 4845 2127 4898 in
2157 4858 2265 4913 quo
2295 4843 2411 4897 ait:
2450 4839 2653 4895 Paulus
2691 4839 2965 4909 apostolus
3014 4859 3116 4896 non
3163 4842 3227 4895 ab
3254 4841 3484 4896 homini-

1887 4938 2003 5005 bus,
2049 4951 2212 5006 neque
2233 4951 2322 5005 per
2354 4933 2636 4999 hominem,
2669 4933 2760 4986 sed
2790 4947 2884 5004 per
2909 4931 3089 4988 Iesum
3119 4932 3401 5000 Christum,
3428 4943 3482 4989 ct

1887 5029 2098 5098 reliqua
2124 5043 2138 5080 :
2169 5034 2232 5081 ut
2260 5024 2566 5091 audientes,
2593 5041 2697 5080 nou
2720 5034 2826 5079 tam
2859 5024 3035 5088 missi,
3069 5041 3229 5096 quam
3262 5024 3480 5080 mitten-

1889 5122 1958 5176 tis
1987 5119 2313 5175 auctoritate
2365 5127 2708 5173 moveantur.
2763 5117 2947 5172 Potest
2994 5118 3187 5188 aliquis
3245 5119 3475 5174 dicere:

1892 5210 2245 5269 Contrarium
2297 5219 2381 5265 est
2423 5209 2548 5263 huic
2577 5210 2699 5263 loco
2753 5209 2884 5263 illud
2917 5209 3062 5280 quod
3105 5209 3170 5262 ad
3204 5209 3482 5264 Romanos

1893 5303 2149 5362 scribitur
2181 5316 2198 5360 :
2227 5300 2567 5359 Circumcisio
2595 5300 2804 5371 quidem
2829 5302 3060 5372 prodest,
3085 5301 3128 5356 si
3155 5299 3340 5372 Legem
3386 5317 3481 5354 cu-

1935 5508 2000 5565 tis
2021 5507 2174 5578 legit,
2201 5507 2332 5563 nihil
2370 5507 2599 5577 proderit
2629 5522 2649 5561 :
2679 5506 2931 5561 similiter
2961 5514 3017 5560 et
3067 5505 3285 5560 Graecus
3311 5507 3485 5562 codex

1916 5581 2048 5652 egit,
2081 5577 2345 5652 ᾢφελήσει.
2395 5579 2755 5652 Hieronymus
2799 5577 2852 5631 in
2895 5578 3289 5652 commentario
3317 5579 3481 5652 quing

1893 5647 2068 5724 quies,
2099 5647 2201 5724 h'o_c
2229 5661 2333 5724 est,
2379 5647 2705 5724 ubicumque
2734 5647 3284 5724 locurii_citat,__legit
3307 5690 3321 5713 ,
3353 5649 3484 5724 nihil

1892 5717 2119 5793 prodest.
2164 5721 2498 5793 Lectionem,
2533 5717 3048 5793 ab’exemplaribus
3075 5720 3481 5793 illieronymia-

1893 5787 1980 5850 nis
2007 5791 2272 5860 destituti,
2298 5799 2512 5847 mutare
2540 5787 2656 5844 ausi
2705 5804 2813 5844 non
2839 5803 3047 5848 sumus.
3074 5792 3148 5848 lta
3178 5787 3322 5848 enini
3347 5791 3483 5847 forte

1893 5864 2122 5938 legebat.

2939 5957 3012 6015 13
