3962 6338
234 324 316 382 401
689 316 1341 381 COMMENTARIORUM
1381 323 1441 380 ΙΝ
1481 322 1877 384 EPISTOLAM
1915 328 2008 384 AD
2047 327 2375 389 GALATAS
2414 329 2543 388 LIB.
2585 332 2674 390 Ill.
2707 332 2863 391 CAP.
2906 335 2973 391 V.
3378 342 3489 400 4οΞ

228 440 342 510 Quia
380 437 512 494 enim
545 451 610 492 ex
637 445 1007 493 creaturarum
1031 437 1245 506 ordine,
1279 447 1303 476 α
1335 440 1619 508 varietate,
1652 453 1784 495 con-
1808 441 1864 504 Α
1959 442 2148 514 (Vers.
2179 443 2263 514 8.)
2302 443 2584 500 Pcrsuaslo
2623 455 2788 501 uestra
2816 464 2918 502 non
2949 458 3022 504 est
3047 457 3113 505 ea:
3138 467 3198 506 eo
3225 453 3315 524 qui
3339 469 3493 510 uoca-

223 532 434 598 stsntia,
477 543 581 586 non
631 541 963 601 cognoverat
1019 533 1258 588 mundus
1302 549 1400 604 per
1463 534 1781 605 sapientiam
1885 539 1958 592 vit
2003 555 2109 593 vos.
2155 537 2211 594 In
2266 539 2472 596 Latinis
2512 541 2789 597 codicibus
2832 542 2906 598 ita
2946 545 3207 615 scriptum
3255 549 3483 615 reperi:

224 627 398 689 Deum,
429 624 622 694 placuit
651 624 762 680 Deo
789 639 886 695 per
910 625 1192 681 stultitiam
1221 626 1645 698 praedicationis,
1679 627 1786 682 sal-
1889 629 2172 686 Persuasio
2195 642 2364 688 vestra
2405 650 2470 689 ea:
2514 632 2626 688 Deo
2671 645 2776 704 est,
2809 637 2896 706 qui
2929 639 3126 692 uocauit
3173 656 3278 695 vos.
3332 639 3489 709 Quod

221 732 303 774 vos
328 715 495 772 facere
514 715 804 774 credentes
835 731 850 771 :
883 732 990 772 non
1012 718 1064 773 in
1095 718 1358 788 sapientia
1391 719 1566 790 verbi,
1591 729 1652 775 ut
1675 735 1781 776 non
1888 725 2103 796 quidem
2138 736 2298 797 puto,
2332 744 2395 783 ea:
2421 745 2512 796 eo,
2543 728 2736 800 fuisse,
2768 741 2823 786 et
2846 747 2956 786 non
2978 733 3335 804 intellectum,
3357 753 3490 808 pau-

219 819 544 870 evacuaretur
586 823 718 865 crux
771 806 995 865 Christi.
1049 808 1150 866 Ubi
1206 811 1350 867 enim
1402 813 1640 883 sapiens,
1691 813 1782 869 ubi
1887 817 2035 872 latim
2067 818 2137 872 ob
2176 819 2612 888 similitudinem,
2639 839 2703 878 ea:
2727 820 2859 890 Deo,
2893 825 3257 898 increbuisse,
3295 806 3392 898 pro
3421 846 3491 887 eo

217 905 588 976 grammaticus,
619 903 710 961 ubi
738 919 1022 960 causarum
1053 906 1378 962 naturalium
1401 910 1783 964 scrutatores?
1886 911 2031 979 quod
2061 921 2164 977 est,
2199 929 2262 968 ea:
2301 929 2378 968 eo.
2409 914 2514 970 Sed
2549 930 2648 970 nec
2669 917 2750 972 sic
2774 925 2956 986 potest
2985 927 3131 976 stare
3175 936 3399 990 sensus,
3429 932 3492 980 ut

215 999 373 1054 Necin
400 997 846 1068 persuasibilibus
867 999 1152 1071 sapientia:
1174 1002 1380 1066 verbis,
1404 1001 1498 1058 sed
1523 1005 1577 1058 in
1599 1011 1783 1060 osten-
1884 1021 2021 1076 quos
2047 1006 2208 1062 modo
2245 1018 2602 1065 accusaverat
2645 1025 2816 1081 quare
2859 1028 2965 1068 non
3002 1014 3310 1073 obedierint
3346 1019 3492 1075 veri-

213 1092 344 1147 sione
369 1091 580 1146 virtutis
605 1100 664 1148 et.
710 1091 935 1162 spiritus
969 1110 982 1146 :
1016 1101 1076 1148 ut
1118 1093 1255 1149 fides
1292 1094 1631 1151 credentium
1672 1112 1780 1152 non
1885 1099 2000 1165 tati,
2036 1101 2332 1157 ostendens
2362 1103 2413 1157 in
2447 1118 2638 1159 eorum
2682 1106 2914 1161 arbitrio
2941 1107 3202 1178 positum,
3243 1111 3328 1167 vel
3355 1112 3490 1170 obe-

213 1190 336 1240 esset
386 1182 438 1238 in
485 1183 755 1252 sapientia
802 1182 1112 1252 hominum,
1171 1185 1266 1242 sed
1315 1187 1368 1240 in
1414 1187 1610 1242 virtute
1660 1187 1776 1244 Dei.
1883 1189 2020 1256 dire,
2045 1193 2126 1248 vel
2161 1209 2265 1249 non
2298 1195 2543 1263 obedire,
2578 1212 2722 1252 nunc
2761 1202 3074 1257 econtrario
3111 1215 3325 1260 asserat
3361 1221 3485 1276 per-

211 1274 542 1345 Quamobrem
571 1285 628 1332 et
654 1277 774 1348 ipse
799 1279 1093 1349 Apostolus
1122 1278 1191 1334 ad
1217 1278 1436 1335 eosdem
1458 1278 1780 1339 Corinthios
1883 1286 2192 1342 suasionem
2206 1289 2635 1346 etobedientiam
2653 1307 2863 1362 eorum,
2885 1310 2992 1350 non
3010 1305 3114 1350 tam
3133 1312 3198 1350 ex
3214 1274 3485 1368 ipsisesse

210 1371 509 1442 loquebatur
534 1389 550 1426 :
602 1371 673 1426 Et
698 1388 794 1446 ego
821 1373 1031 1428 ueniens
1052 1373 1122 1428 ad
1153 1390 1262 1440 uos,
1293 1376 1500 1445 fratres,
1531 1375 1646 1429 ueni
1675 1393 1780 1431 non
1879 1380 1970 1451 qui
2001 1393 2278 1449 vocentur,
2308 1399 2468 1453 quam
2493 1400 2561 1440 ex
2585 1399 2652 1440 eo
2678 1386 2767 1455 qui
2798 1396 2978 1442 vocet.
3006 1387 3198 1444 Melius
3230 1391 3399 1460 igitur
3419 1401 3476 1447 et

208 1482 284 1538 per
307 1466 666 1521 sublimitatem
707 1483 1042 1534 sermonum,
1067 1478 1114 1523 et
1138 1469 1429 1540 sapientiae,
1458 1471 1778 1528 annuntians
1880 1473 2062 1528 verius
2087 1475 2165 1530 sic
2191 1476 2388 1546 legitur
2416 1495 2428 1530 :
2467 1476 2748 1532 Persuasio
2792 1489 2961 1533 vestra
2987 1497 3089 1535 non
3117 1490 3192 1535 est
3222 1498 3286 1537 ea:
3311 1498 3370 1536 eo
3399 1485 3488 1554 qui

206 1560 326 1614 vobis
344 1561 689 1616 testimonium
719 1559 954 1616 Domini.
989 1561 1112 1617 Non
1134 1563 1268 1618 enim
1278 1564 1517 1636 judicavi
1539 1565 1671 1620 scire
1697 1582 1778 1619 me
1879 1569 2076 1622 vocavit
2097 1585 2199 1624 vos.
2249 1569 2404 1624 Aliud
2447 1571 2647 1642 quippe
2681 1571 2772 1626 Dei
2804 1587 2942 1644 opus
2985 1582 3103 1640 est,
3139 1573 3284 1628 aliud
3313 1573 3487 1630 homi-

205 1652 377 1721 aliquid
402 1653 535 1708 inter
566 1671 676 1722 vos,
707 1655 810 1708 nisi
838 1653 1101 1710 Christum
1125 1654 1311 1712 Jesum
1349 1665 1397 1710 et
1427 1656 1569 1712 hunc
1599 1660 1770 1713 cruci-
1879 1673 2030 1714 num.
2081 1660 2173 1716 Dei
2209 1676 2348 1730 opus
2371 1671 2475 1724 est,
2507 1679 2707 1719 vocare
2735 1683 2746 1718 :
2784 1665 3097 1733 hominum,
3131 1668 3214 1722 vel
3237 1667 3484 1734 credere,

203 1747 342 1817 ﬁxum
389 1746 429 1819 (I
456 1746 577 1803 Cor.
605 1751 746 1814 n.1,
776 1748 858 1820 2).
903 1748 1272 1823 487488
1311 1749 1379 1805 Et
1431 1767 1498 1806 ne
1548 1753 1772 1808 forsitan
1881 1751 1963 1806 vel
2010 1767 2114 1808 non
2161 1754 2409 1809 credere.
2455 1755 2525 1810 Et
2555 1756 2727 1810 sicubi
2764 1754 2791 1793 ι)
2825 1756 2892 1811 de
2929 1757 3212 1826 scripturis
3252 1757 3488 1813 liberum

213 1849 488 1911 putaretur.
515 1841 636 1897 haec
663 1841 871 1911 dicens,
907 1857 1030 1899 esse
1071 1844 1391 1914 insipientia:
1430 1843 1774 1914 praedicator,
1807 1845 1855 1906 Β
1885 1844 2118 1900 hominis
2147 1845 2453 1902 afllrmatur
2484 1847 2768 1902 arbitrium
2803 1858 2860 1902 ut
2885 1847 2958 1903 ibi
2997 1867 3010 1905 :
3045 1848 3108 1905 Si
3146 1849 3412 1904 volueritis
3443 1860 3492 1904 et

208 1945 365 1991 mente
388 1949 653 2006 przesaga,
683 1936 827 2007 quod
849 1935 1050 2006 opponi
1073 1944 1308 2006 poterat,
1336 1938 1546 1992 evertit.
1571 1937 1679 1994 Sed
1700 1939 1778 1993 lo-
1877 1940 2147 1995 audieritis
2173 1958 2252 1995 mc
2284 1940 2484 2012 (Exod.
2518 1957 2608 1997 xix
2632 1984 2646 2008 ,
2679 1943 2757 2012 5).
2809 1942 2878 1997 Et
2924 1943 3121 1998 iterum
3164 1960 3177 1997 :
3224 1943 3291 1997 Et
3321 1959 3484 2011 nunc,

200 2028 368 2093 quitur.
411 2028 610 2099 inquit,
659 2027 760 2083 Dei
793 2030 1102 2102 sapientiam
1137 2030 1192 2084 in
1227 2031 1493 2102 mysterio,
1528 2047 1645 2102 quce
1687 2033 1778 2086 ab-
1877 2031 2066 2100 Israel,
2115 2034 2240 2105 quid
2268 2035 2405 2104 'petit
2434 2052 2464 2087 a
2496 2045 2545 2089 te
2581 2035 2834 2089 Dominus
2870 2034 3015 2090 Deus
3046 2044 3164 2089 tuus
3195 2034 3382 2106 (Deut.
3425 2051 3483 2102 ι,

201 2120 405 2175 scandite
429 2119 509 2178 es:
531 2136 551 2177 :
577 2138 734 2193 quam
774 2138 924 2177 nemo
971 2123 1265 2195 principum
1294 2123 1454 2197 hujus
1486 2127 1663 2180 stecuii
1691 2143 1776 2182 co-
1879 2126 1973 2195 12)
1995 2170 2009 2192 ,
2055 2135 2111 2183 et
2140 2143 2209 2181 ex
2252 2127 2352 2182 hoc
2393 2128 2514 2184 loco
2544 2129 2628 2184 vel
2663 2130 2903 2184 maxime
2930 2128 3344 2199 comprobatur.
3378 2129 3489 2187 Ve-

200 2214 363 2284 gnooit.
387 2214 835 2287 Quotusquisqne
858 2232 1001 2271 nunc
1022 2217 1376 2273 Aristotelem
1407 2218 1775 2290 legit?quanti
1877 2235 1996 2276 rum
2027 2218 2388 2290 simpliciores
2435 2232 2457 2260 ο
2490 2222 2692 2292 quique
2720 2230 2979 2292 putantes
3010 2236 3070 2276 se
3096 2219 3320 2278 deferre
3350 2221 3485 2290 Deo,

200 2307 410 2365 Platonis
437 2310 527 2366 vel
560 2310 735 2364 libros
759 2325 980 2376 novere.
1012 2311 1095 2366 vel
1136 2313 1370 2369 nomen?
1399 2311 1498 2368 Vix
1527 2314 1580 2369 in
1609 2329 1778 2388 angu-
1878 2322 1938 2367 ut
1965 2315 2248 2383 persuasio
2269 2329 2488 2384 quoque
2517 2324 2699 2370 nostra
2729 2314 2784 2369 in
2807 2315 2926 2386 ejus
2944 2316 3015 2370 sit
3040 2322 3334 2386 potestate,
3353 2316 3474 2371 abso

200 2403 256 2458 lis
275 2402 421 2459 otiosi
446 2419 546 2459 eos
571 2419 734 2461 senes
755 2405 1026 2461 recolunt.
1069 2406 1396 2462 Rusticanos
1444 2423 1578 2463 vero
1607 2418 1665 2465 et
1693 2413 1776 2480 pi-
1879 2406 2119 2461 tulerunt
2149 2416 2358 2478 partem
2402 2407 2666 2462 orationis
2691 2424 2793 2462 non
2820 2419 2873 2462 et
2900 2422 3121 2463 sensum
3149 2409 3482 2464 contrarium

198 2510 412 2554 scateres
433 2507 659 2554 nostros
680 2506 827 2554 totus
847 2500 996 2555 orbis
1015 2499 1272 2571 loquitur,
1303 2503 1588 2558 universus
1614 2519 1773 2558 mun-
1877 2497 2140 2568 Apostolo
2170 2497 2474 2554 reddidere.
2504 2498 2632 2554 Sive
2652 2514 2784 2570 ergo
2807 2500 2859 2555 in
2889 2500 3108 2564 bonam,
3143 2501 3260 2556 sive
3287 2501 3339 2556 in
3370 2516 3487 2556 mas

199 2587 283 2643 dus
306 2600 478 2647 sonat.
515 2591 704 2663 Itaque
727 2607 983 2648 sermone
1012 2593 1266 2664 simplici,
1295 2594 1563 2666 simplicia
1585 2612 1772 2652 eorum
1877 2589 1984 2645 lam
2029 2597 2260 2658 partem,
2295 2605 2397 2646 nec
2425 2589 2589 2659 Deus,
2646 2606 2745 2646 nec
2791 2590 3042 2646 diabolus
3087 2591 3142 2646 in
3189 2606 3350 2647 causa
3375 2601 3483 2660 est,

201 2683 337 2740 verba
380 2684 667 2754 pandenda
691 2695 840 2740 sunt.
876 2684 1074 2753 Verba,
1117 2686 1361 2756 inquam,
1403 2703 1511 2742 non
1556 2703 1770 2744 sensus.
1875 2686 2001 2756 quia
2033 2685 2314 2754 persuasio
2338 2695 2529 2740 nostra
2561 2701 2670 2740 non
2699 2693 2784 2740 est
2808 2700 2877 2740 ex
2909 2701 2977 2741 eo
2996 2685 3091 2756 qui
3114 2687 3328 2740 vocavit
3359 2699 3481 2753 nos,

199 2773 437 2834 Caeterum
465 2779 538 2843 si,
575 2777 858 2833 orantibus
885 2777 1066 2845 vobis,
1099 2777 1250 2832 illum
1274 2779 1474 2849 possim
1519 2779 1626 2852 [ΑΙ.
1651 2795 1775 2852 pos-
1876 2780 1972 2836 sed
2002 2795 2070 2835 ex
2098 2779 2283 2845 nobis,
2315 2781 2404 2850 qui
2438 2780 2522 2835 vel
2548 2781 2952 2847 consentimus,
2996 2781 3086 2837 vel
3117 2796 3227 2836 non
3247 2795 3483 2836 consen-

200 2871 315 2944 sem]
342 2875 393 2928 in
415 2871 762 2943 exponendis
794 2872 1048 2944 Epistolis
1065 2887 1254 2928 eorum
1275 2871 1478 2929 habere
1498 2875 1770 2946 spiritum,
1877 2875 2040 2929 timus
2086 2875 2322 2929 vocanti.
2375 2874 2550 2930 Aliter
2582 2892 2596 2929 :
2648 2873 2940 2930 Persuasio
2984 2875 3099 2929 haec
3137 2888 3299 2945 quam
3334 2887 3481 2930 nunc

203 2978 337 3034 quem
367 2965 440 3020 illi
479 2965 532 3020 in
561 2964 824 3020 dictando
855 2964 1164 3020 habuerunt
1195 2984 1206 3020 :
1237 2974 1366 3021 tunc
1387 2965 1636 3022 videritis
1661 2967 1770 3041 [ΑΙ.
1879 2967 2206 3037 sequimini,
2241 2982 2350 3023 non
2386 2976 2468 3023 est
2490 2983 2555 3023 ex
2591 2967 2723 3034 Deo,
2751 2968 2842 3036 qui
2875 2967 2928 3021 in
2954 2966 3231 3038 principio
3261 2981 3356 3023 vos
3383 2980 3483 3022 vo-

203 3057 455 3130 videretis]
502 3067 708 3114 tantam
761 3058 1100 3130 maiestatem
1135 3065 1192 3114 et
1230 3058 1570 3114 latitudinem
1602 3059 1656 3115 in
1689 3059 1773 3116 his
1877 3061 2040 3128 cavit,
2077 3061 2171 3116 sed
2199 3077 2265 3116 ex
2299 3061 2380 3116 his
2413 3062 2501 3131 qui
2535 3075 2633 3116 vos
2657 3069 2843 3130 postea
2871 3061 3251 3117 turbaverunt.

202 3167 322 3208 vera:
350 3153 518 3208 fuisse
547 3150 851 3221 sapientiae,
879 3161 1078 3224 quanta
1107 3151 1160 3208 in
1193 3153 1378 3207 saeculi
1411 3152 1662 3208 litteratis
1687 3167 1774 3208 ar-
1949 3152 2132 3225 (Vers.
2167 3151 2248 3225 9.)
2292 3152 2562 3208 Modicum
2603 3154 2916 3223 fermentum
2956 3164 3116 3208 totam
3152 3154 3484 3223 conspersio-

202 3247 414 3316 rogantia
443 3256 504 3302 et
544 3248 759 3303 vanitas
789 3246 912 3303 fuit.
947 3246 1196 3302 Breviter
1225 3247 1377 3303 vobis
1399 3263 1535 3303 mea:
1573 3250 1774 3305 mentis
1804 3233 1850 3298 C
1880 3262 1994 3301 nem
2039 3247 2332 3318 fermentat.
2377 3245 2513 3301 Male
2554 3246 2608 3300 in
2651 3247 2854 3300 nostris
2893 3245 3177 3300 codicibus
3204 3244 3434 3300 habetur
3463 3261 3478 3300 :

201 3338 350 3398 fateor
374 3357 639 3398 arcanum
675 3359 686 3396 :
721 3341 825 3408 Qui
869 3355 965 3411 per
997 3355 1083 3397 me
1112 3341 1491 3398 intellecturus
1523 3353 1607 3399 est
1637 3345 1776 3416 Apo-
1881 3338 2151 3394 Modicum
2181 3341 2486 3410 fermentum
2515 3347 2672 3394 totam
2694 3353 2921 3393 massam
2943 3339 3249 3411 corrumpit,
3282 3347 3336 3394 et
3357 3352 3484 3394 sen-

202 3433 388 3499 stolam,
420 3436 552 3491 nolo
583 3445 642 3490 ut
675 3449 794 3490 mea
826 3433 1028 3501 scripta
1074 3433 1364 3491 difficulter
1401 3437 1690 3508 intelligat,
1721 3446 1777 3494 et
1876 3448 1996 3489 sum
2042 3434 2222 3504 potius
2271 3435 2540 3504 interpres
2583 3448 2762 3498 suum,
2813 3447 2976 3504 quam
3017 3433 3182 3488 verba
3232 3433 3479 3503 Apostoli

201 3527 254 3581 ad
277 3529 619 3598 interpretem
651 3530 1123 3600 cognoscendum,
1154 3529 1316 3583 alium
1362 3539 1569 3600 quaerat
1607 3531 1776 3588 inter-
1878 3527 2175 3582 transtulit.
2207 3525 2374 3599 489
2405 3526 2516 3582 Hac
2545 3536 2726 3582 autem
2753 3527 2871 3598 ipsa
2898 3527 3172 3582 sententia
3205 3525 3404 3580 Paulus
3423 3534 3482 3581 et

204 3630 399 3692 pretem.
446 3622 557 3680 Sed
605 3623 718 3695 jam
770 3632 984 3696 tempus
1031 3633 1136 3691 est,
1197 3633 1256 3680 ut
1315 3623 1523 3696 reliqua
1578 3640 1772 3696 perse-
1877 3621 1943 3675 ad
1975 3618 2290 3676 Corinthios
2311 3620 2520 3674 utitur:
2560 3619 2650 3675 ubi
2682 3621 2946 3690 praecepit
2975 3635 3101 3675 eum
3131 3620 3222 3692 qui
3249 3635 3481 3676 uxorem

203 3728 422 3786 quamur.
1877 3713 2047 3784 patris
2068 3711 2151 3768 sui
2180 3711 2438 3777 habebat,
2473 3711 2587 3766 tolli
2621 3711 2689 3767 de
2721 3711 2902 3767 medio
2926 3758 2940 3780 ,
2970 3720 3031 3767 et
3049 3711 3187 3767 tradi
3212 3711 3484 3781 paeniten-

1879 3805 1969 3862 tia:
1998 3807 2051 3861 in
2085 3806 2360 3860 interitum
2387 3813 2442 3860 et
2480 3805 2826 3860 vexationem
2857 3805 3037 3861 carnis
3076 3820 3174 3875 per
3195 3804 3404 3874 jejunia
3426 3812 3483 3859 et

261 3894 427 3968 (Ἴθι-ε.
459 3896 544 3968 7.)
587 3895 885 3952 Currebatis
916 3897 1058 3965 bene,
1083 3899 1198 3969 quis
1227 3914 1315 3953 vos
1340 3900 1604 3971 impedivit
1638 3901 1773 3955 veri-
1879 3899 2284 3969 wgrotationes,
2317 3907 2378 3952 ut
2423 3899 2645 3968 spiritus
2685 3899 2867 3954 salvus
2903 3901 2994 3953 tiat
3036 3899 3089 3952 in
3129 3897 3219 3954 die
3263 3896 3482 3952 Domini

205 3990 280 4042 tati
304 4007 397 4045 non
417 3992 626 4046 obedire
645 3992 671 4046 .’
709 3991 766 4048 ld
804 3993 945 4064 quod
976 4008 1119 4049 nunc
1143 3993 1370 4048 Latinus
1394 3995 1573 4064 posuit
1601 3995 1772 4050 inter-
1879 3991 1986 4063 [ΑΙ.
2016 3990 2166 4045 addit
2196 3989 2388 4061 nostri]
2409 3991 2538 4044 Jesu
2560 3989 2786 4045 Christi.
2815 3991 2907 4044 Ait
2935 3991 3133 4059 quippe
3160 4007 3173 4042 :
3200 3987 3323 4042 Non
3344 3987 3477 4042 bona

203 4096 327 4151 pres,
351 4085 547 4139 veritati
579 4101 683 4138 non
707 4085 931 4152 obedire,
971 4096 1024 4140 ct
1054 4086 1104 4140 in
1147 4086 1338 4142 Crmco
1374 4087 1634 4158 scriptum
1667 4097 1772 4149 est.
1877 4086 2116 4158 gloriatio
2159 4096 2346 4140 vestra.
2401 4084 2625 4139 Nescitis
2678 4087 2799 4154 quia
2855 4085 3113 4140 modicum
3165 4085 3478 4154 fermentum

274 4177 464 4254 ἀληθείᾳ
488 4183 559 4251 μή
583 4179 865 4243 πείθεσθαι,
890 4177 942 4232 in
968 4180 1235 4248 superiori
1261 4182 1379 4234 loco
1404 4180 1473 4234 ita
1507 4182 1767 4252 interpre-

1916 4187 2038 4232 itam
2053 4195 2280 4232 massam
2307 4177 2780 4248 corruntpit(l(.'or.
2806 4195 2858 4247 v,
2889 4178 2944 4245 5,
2963 4179 2995 4233 6
3022 4178 3225 4249 seqq.)?
3252 4177 3368 4232 sive
3395 4176 3480 4250 (ut

206 4276 328 4323 tatus
356 4280 459 4336 est,
489 4287 594 4325 non
625 4271 838 4324 credere
865 4272 1088 4325 ueritati.
1117 4271 1271 4339 Quod
1309 4272 1526 4342 quidem
1553 4288 1672 4340 nos,
1717 4274 1771 4329 in
1873 4271 1982 4343 jam
2017 4271 2125 4344 [ΑΙ.
2152 4279 2206 4328 et
2227 4269 2364 4343 jam]
2393 4270 2826 4343 emendavimus)
2863 4281 3026 4326 totam
3055 4272 3478 4342 conspersionem

205 4362 405 4417 vetustis
426 4361 709 4417 codicibus
741 4375 846 4416 non
881 4361 1093 4429 haberi,
1128 4363 1180 4418 in
1211 4378 1309 4418 suo
1340 4364 1459 4420 loco
1492 4365 1775 4420 annotavi-
1877 4365 2196 4438 fermentat?
2248 4365 2314 4420 Et
2355 4365 2536 4420 statim
2588 4365 2768 4418 intulit
2813 4382 2826 4419 :
2873 4364 3180 4439 Expurgate
3209 4375 3351 4421 vetus
3377 4366 3484 4437 fer-

206 4468 341 4508 inus:
373 4456 497 4511 licet
525 4465 582 4511 et
608 4454 800 4512 Graeca
829 4457 1161 4527 exemplaria
1196 4458 1298 4513 hoc
1327 4473 1515 4514 errore
1547 4459 1773 4516 confusa
1877 4468 2101 4512 mentum
2128 4500 2141 4518 .
2170 4468 2226 4511 ut
2255 4459 2366 4512 sitis
2413 4474 2545 4511 nova
2575 4459 2908 4527 conspersio,
2941 4459 3072 4512 sicut
3119 4460 3244 4513 estis
3284 4460 3478 4530 asymi,

208 4544 314 4600 sint.
357 4547 562 4604 Sensus
591 4557 772 4604 autem
801 4548 906 4603 iste
939 4565 952 4604 :
987 4548 1309 4605 Adorabatis
1337 4549 1552 4606 Patrem
1585 4553 1638 4607 in
1665 4553 1774 4622 spi-
1877 4553 2063 4607 etenim
2086 4555 2276 4618 pascha
2305 4562 2539 4606 nostrum
2569 4551 2866 4605 immolatus
2897 4559 2973 4605 est
3003 4550 3260 4606 Christus.
3296 4548 3482 4620 Itaque

207 4635 296 4690 ritu
319 4647 371 4693 et
389 4640 638 4706 veritate,
663 4649 718 4695 et
748 4639 816 4695 de
839 4640 1171 4709 plenitudine
1193 4640 1391 4696 Christi
1417 4645 1771 4714 accipientes,
1802 4631 1857 4690 D
1881 4645 2146 4717 epulemur
2176 4660 2278 4697 non
2315 4645 2370 4697 in
2419 4643 2668 4713 fermento
2710 4644 2884 4710 veteri,
2922 4659 3084 4712 neque
3130 4645 3185 4698 in
3231 4645 3482 4715 fermento

207 4727 431 4786 sciebatis
456 4772 470 4796 ,
524 4734 650 4802 quia
699 4731 808 4786 Lex
859 4732 984 4786 data
1029 4742 1114 4788 est
1172 4743 1377 4788 tantum
1430 4736 1629 4806 populo
1678 4752 1775 4807 per
1881 4740 2090 4794 malitia:
2118 4747 2164 4790 et
2199 4739 2438 4809 nequitia:
2459 4779 2472 4802 ,
2503 4738 2591 4792 sed
2621 4738 2676 4790 in
2703 4738 2898 4808 azymis
2921 4738 3235 4792 sinceritatis
3263 4747 3314 4793 et
3343 4738 3481 4792 ueri-

207 4816 425 4892 Moysen,
453 4831 637 4878 etnon
667 4823 830 4879 etiam
863 4824 1022 4878 facta.
1054 4824 1238 4879 Gratia
1269 4835 1450 4881 autem
1482 4835 1536 4882 et
1573 4831 1773 4886 veritas
1879 4837 2015 4888 tatis.
2069 4833 2223 4887 Nunc
2272 4842 2454 4886 autem
2515 4846 2610 4899 per
2661 4831 2800 4885 hanc
2853 4831 3102 4886 eamdem
3149 4830 3482 4886 sententiam

209 4927 298 4968 non
329 4917 496 4972 solum
536 4917 685 4982 data,
720 4917 813 4973 sed
845 4927 899 4972 et
938 4917 1078 4974 facta
1118 4934 1214 4990 per
1243 4919 1433 4976 Jesum
1472 4921 1770 4980 Christum.
1877 4927 2039 4980 docet
2069 4940 2265 4996 panem
2302 4923 2557 4980 Ecclesiae
2580 4924 2951 4993 Spiritualein,
2983 4925 3075 4995 qui
3104 4923 3171 4980 de
3199 4925 3342 4980 ctelo
3385 4922 3483 4978 de-

206 5002 322 5061 Cum
351 5007 506 5079 igitur
532 5021 640 5064 tam
665 5009 808 5064 bene
837 5012 1153 5079 curreretis,
1187 5013 1398 5067 veritati
1421 5015 1593 5085 magis
1612 5031 1772 5086 quam
1882 5019 2118 5086 scendit,
2150 5035 2255 5074 non
2288 5018 2488 5074 debere
2512 5019 2737 5074 Judaica
2766 5020 3220 5089 interpretatione
3244 5015 3434 5073 violari
3466 5034 3481 5071 :

210 5095 502 5170 imaginibus
534 5103 862 5171 servientes,
892 5118 924 5158 a
948 5119 1057 5176 quo
1083 5105 1364 5175 praepediti
1393 5106 1616 5164 doctore
1646 5125 1773 5179 per-
1881 5123 1936 5167 et
1963 5111 2224 5166 Dominus
2247 5111 2480 5182 idipsum
2504 5110 2784 5180 discipulis
2811 5113 3087 5180 praecepit,
3116 5121 3174 5166 ut
3195 5121 3425 5168 caveant
3443 5128 3478 5169 a

213 5205 373 5261 verso,
406 5199 646 5253 umbram
685 5196 847 5268 Legis
886 5199 1196 5268 sequimini,
1221 5208 1277 5256 et
1297 5200 1578 5272 Evangelii
1605 5207 1776 5260 relin-
1885 5205 2155 5260 fermento
2175 5203 2573 5259 Pharisaeorum
2601 5201 2782 5275 (loan.
2815 5202 2915 5275 vl).
2955 5204 3111 5272 Quod
3138 5203 3475 5274 evangelista

213 5285 355 5352 quitis
374 5289 692 5345 veritatem?
721 5289 1004 5362 Sequitur.
1886 5298 2230 5355 manifestius
2285 5297 2489 5354 faciens
2536 5297 2786 5352 addidit:
2839 5295 3059 5352 Dixerat
3096 5305 3270 5352 autem
3306 5299 3379 5352 eis
3419 5299 3486 5355 de

271 5374 468 5435 Nemini
486 5383 870 5438 consenseritis.
897 5382 1004 5439 Sed
1025 5382 1150 5453 quia
1183 5397 1285 5440 nec
1310 5385 1362 5439 in
1377 5385 1581 5443 Graecis
1604 5389 1776 5462 libris,
1887 5393 2126 5447 doctrina
2171 5389 2564 5448 Pharisaeorum
2599 5391 2818 5460 (Matth.
2851 5406 2967 5458 xvr,
3001 5389 3112 5463 12).
3142 5391 3319 5448 Porro
3363 5407 3488 5464 quas

214 5483 299 5525 nec
339 5473 389 5528 in
425 5475 502 5532 bis
528 5476 619 5548 qui
660 5477 718 5531 in
747 5476 1066 5546 Apostolum
1096 5481 1450 5536 commentati
1476 5493 1641 5551 sunt,
1677 5486 1779 5545 hoc
1887 5495 1971 5543 est
2021 5486 2119 5540 ista
2153 5485 2256 5540 alia
2297 5484 2546 5541 doctrina
2590 5483 3028 5552 Pharisaeorum,
3061 5483 3168 5538 nisi
3208 5484 3369 5556 Legis
3395 5499 3487 5541 se-

214 5567 445 5638 scripturn
474 5571 804 5641 invenimus,
841 5573 1279 5643 praetereundum
1307 5573 1540 5633 videtur.
1887 5580 2126 5637 cundum
2155 5593 2380 5635 carnem
2414 5577 2767 5634 observatio?
2794 5577 3002 5635 Sensus
3027 5578 3212 5651 itaque
3234 5579 3338 5638 iste
3357 5588 3440 5636 est
3467 5599 3484 5639 :

279 5779 304 5849 ξ
341 5771 448 5849 Duo
471 5790 626 5842 mss.-,
655 5776 800 5832 varia
829 5776 1144 5849 constantia.
1248 5847 1257 5849 _
1515 5848 1518 5849 ν
1892 5795 2025 5838 mss.
2056 5778 2230 5836 nostri
2263 5793 2454 5836 omnes
2484 5778 2749 5849 ignorant.

281 5839 307 5878 δ
341 5839 658 5906 lnterserunt
689 5849 892 5918 vulgati
942 5848 1066 5904 libri
1103 5847 1386 5916 voculam,
1429 5848 1582 5910 alibi.
1617 5865 1781 5923 quam
1965 5863 1989 5892 ε
2029 5851 2395 5920 Martiantens,
2425 5839 2765 5912 simpliciores
2790 5848 3006 5921 quippe.
