3962 6338
239 307 326 372 λοέἰ
687 307 1342 366 COMMENTARIORUM
1378 307 1440 362 IN
1485 303 1872 363 EPISTULA“
1913 305 2007 361 AD
2044 303 2373 362 GALATAS
2413 304 2542 358 LIB.
2590 304 2679 358 Ill.
2723 304 2880 359 (IAP.
2926 304 2989 361 ν.

3382 303 3492 362 406

239 435 350 491 velis
375 431 435 488 ad
469 428 750 486 audientes
779 429 1130 500 processerit,
1161 425 1344 482 statim
1374 435 1432 481 ut
1460 424 1527 480 ad
1555 435 1777 480 crucem
1806 427 1858 485 Α
1885 431 2066 492 partes
2092 423 2340 494 corporis
2369 421 2683 493 perderent,
2710 435 2807 492 per
2832 437 2969 493 quas
2991 421 3311 493 delinquere
3325 436 3487 492 coge-

232 528 436 594 venerit,
463 525 733 596 intpingit:
761 533 816 578 et
841 533 1182 593 nequaquam
1215 521 1393 577 libero
1414 533 1578 575 cursu
1606 519 1784 592 potest

230 623 351 679 ultra
378 618 683 690 procedere.
719 625 745 654 ει
776 616 885 672 Sed
923 616 1040 671 haec
1079 623 1209 670 crux
1241 623 1361 686 quae
1391 612 1533 682 apud
1560 611 1784 668 iudicas

226 711 511 772 scandalum
559 718 678 773 est,
711 717 767 764 et
809 708 948 777 apud
983 716 1177 780 gentes
1223 705 1472 773 stultitia,
1505 705 1662 760 nobis
1689 704 1782 773 qui

225 807 464 864 credimus
507 801 677 858 virtus
721 814 802 857 est
831 810 887 857 et
913 801 1199 872 sapientia.
1230 797 1471 855 Christus
1511 798 1648 853 enim
1681 795 1784 852 Dei

222 900 364 954 virtus
389 902 488 963 est,
525 904 574 949 et
604 893 700 948 Dei
727 893 981 965 sapientia
1012 893 1054 966 (Ι
1094 891 1216 948 Cor.
1253 909 1290 961 I,
1321 890 1440 960 Si),
1471 898 1529 944 ut
1559 897 1782 960 propter

221 989 265 1046 id
299 989 432 1060 quod
457 987 684 1042 stultitia
726 985 1039 1055 dicebatur,
1083 984 1292 1040 fatuum
1338 983 1432 1038 Dei
1480 981 1781 1051 sapientius

219 1085 355 1141 ﬁeret
393 1080 698 1137 hominibus
729 1097 744 1136 :
788 1089 844 1136 et
869 1091 1098 1152 propter
1138 1078 1192 1134 id
1221 1077 1366 1148 quod
1408 1075 1695 1132 inllrmitas
1724 1083 1781 1130 et

215 1175 531 1244 scandalum,
566 1173 840 1229 inﬁrmum
875 1173 974 1228 Dei
1017 1172 1216 1228 fortius
1245 1171 1405 1226 ﬂeret
1443 1168 1774 1224 hominibus.

213 1268 327 1326 Cum
357 1273 560 1334 autem,
617 1266 789 1337 inquit
811 1307 826 1332 ,
867 1267 1046 1322 crucis
1077 1265 1276 1320 Christi
1305 1263 1626 1319 scandalum
1661 1276 1778 1316 ma-

210 1373 337 1430 neat,
368 1370 420 1417 et
462 1375 560 1432 ego
598 1359 1043 1431 persecutionem
1075 1360 1270 1429 patiar,
1302 1371 1461 1429 quam
1489 1371 1596 1412 non
1625 1365 1778 1424 pate-

208 1471 304 1523 rer,
330 1457 371 1510 si
409 1455 722 1512 scandalum
755 1470 860 1508 non
893 1461 1177 1510 maneret:
1207 1450 1407 1506 frustra
1449 1449 1670 1521 quidam
1692 1449 1776 1518 ja-

207 1551 375 1606 ctitaut
403 1563 488 1604 me
521 1547 1000 1603 circumcisiouem
1047 1544 1368 1616 praedicare,
1400 1555 1563 1614 quam
1599 1543 1772 1612 impu-

204 1642 396 1714 gnando
426 1643 670 1696 sustineo
702 1641 1162 1714 persecutionem.

265 1735 430 1805 (νοτε.
460 1733 572 1802 Η..)
606 1731 817 1788 Utinam
848 1743 895 1786 et
921 1731 1295 1786 abscinduntur
1327 1729 1419 1802 qui
1447 1743 1535 1784 vos
1563 1738 1773 1784 canistro

1885 519 2107 574 bantur.
2140 518 2209 574 Et
2245 518 2526 589 quomodo
2556 517 2609 571 in
2645 517 2943 587 Evangelia
2969 516 3176 572 dictum
3205 524 3289 572 est
3317 535 3331 570 ς
3361 527 3481 573 me-

1888 611 1993 666 lius
2032 625 2156 668 esse
2196 611 2438 682 aliquem
2473 611 2592 666 sine
2613 610 2793 676 oculo,
2835 619 2890 666 et
2917 611 3035 666 sine
3064 625 3252 674 manu,
3280 618 3335 666 et
3363 610 3486 668 sine

1883 701 2042 774 pede,
2083 711 2140 759 et
2179 703 2418 773 qualibet
2460 704 2562 758 alia
2605 712 2761 774 parte
2788 703 3156 758 membrorum
3188 702 3395 759 intrare
3427 703 3486 759 in

1883 813 2110 870 regnum
2159 797 2462 864 calorum,
2511 813 2671 869 quam
2722 806 2896 853 totum
2945 796 3029 852 ire
3072 797 3126 852 in
3173 796 3486 868 gehennam

1882 889 2103 963 (Matth.
2133 892 2289 957 avni)
2318 907 2333 944 :
2363 890 2438 946 ita
2478 898 2534 946 et
2577 903 2720 946 nunc
2759 900 2956 959 Optare
3001 891 3081 945 eis
3119 889 3291 959 magis
3320 903 3483 944 unam

1881 995 2094 1055 partem
2135 985 2384 1056 corporis
2428 985 2678 1056 perdere,
2706 997 2866 1054 quam
2899 999 2996 1054 per
3022 984 3366 1039 occasionem
3400 983 3486 1038 in-

1881 1077 2014 1147 tegri
2055 1077 2302 1147 corporis
2344 1086 2611 1147 perpetuo
2653 1077 2776 1148 igne
2815 1075 3087 1132 damnari.
3126 1075 3230 1132 ilic
3253 1076 3407 1132 locus
3434 1076 3486 1132 si

1878 1170 2096 1242 quando
2134 1171 2201 1226 ab
2242 1170 2476 1226 ethnicis
2503 1171 2944 1242 reprehenditur,
2974 1169 3252 1240 quomodo
3281 1170 3361 1225 eis
3390 1184 3477 1225 re-

1877 1265 2135 1335 sponderi
2179 1266 2373 1335 possit,
2417 1263 2778 1320 ostendimus.
2826 1264 2980 1319 Nunc
3019 1278 3049 1319 a
3093 1262 3250 1319 nobis
3289 1273 3479 1318 contra

1877 1357 2163 1415 haereticos
2194 1358 2524 1430 proferatur,
2548 1359 2875 1415 Marcionem
2906 1356 3186 1423 videlicet,
3207 1364 3264 1412 et
3283 1356 3478 1413 Valen-

1878 1453 2051 1508 tinum
2092 1450 2121 1490 ιι
2165 1461 2221 1508 et
2259 1466 2455 1507 omnes
2491 1451 2583 1522 qui
2619 1458 2813 1506 contra
2854 1459 3010 1505 vetus
3046 1448 3246 1504 latrant
3283 1447 3480 1503 Testa-

1876 1556 2143 1614 mentum,
2185 1561 2290 1618 qua
2333 1546 2548 1602 ratione
2590 1544 2665 1600 illi
2703 1544 2799 1614 qui
2837 1541 3154 1599 Creatorem
3187 1535 3493 1612 sanguina-’

1875 1643 2037 1710 rium,
2067 1655 2320 1697 severum
2351 1639 2699 1703 bellatorem,
2724 1647 2778 1693 et
2802 1644 3010 1692 tantum
3030 1634 3270 1705 judicem
3295 1635 3481 1690 crimi-

1873 1745 2093 1802 nantur,
2129 1737 2232 1791 hoc
2261 1736 2314 1790 in
2355 1733 2617 1804 Apostolo
2650 1733 2744 1789 Dei
2785 1731 2915 1787 boni
2946 1730 3162 1785 valeant
3190 1743 3474 1785 excusare.

204 1828 325 1881 bant.
349 1825 619 1894 Quaeritur
663 1824 938 1895 quomodo
971 1823 1170 1877 Paulus
1194 1821 1498 1892 discipulus
1532 1821 1653 1892 ejus
1679 1819 1773 1892 qui
1803 1812 1853 1874 Β
1881 1830 1948 1886 Et
1987 1837 2135 1886 cene
2177 1829 2380 1884 "unam
2426 1840 2449 1868 c
2495 1835 2626 1899 Imm
2651 1827 2705 1882 ίη
2732 1825 2903 1883 veteri
2930 1825 3078 1896 Lege
3106 1833 3215 1880 ωηι
3247 1835 3477 1889 nucem.

203 1921 296 1976 ait:
321 1919 614 1975 Benedicite
640 1917 1066 1972 maledicentibus
1095 1916 1255 1970 vobis.
1275 1915 1343 1970 Et
1374 1915 1491 1984 ipse
1511 1914 1772 1984 loquens:

205 2012 476 2066 Benedicite
502 2020 554 2066 et
587 2009 748 2064 nolite
774 2009 1085 2064 maledicere
1113 2007 1288 2079 (Rom.
1323 2022 1428 2070 an,
1465 2004 1578 2075 Μ).
1612 2006 1679 2060 Et
1718 2006 1773 2061 in

202 2106 292 2160 alio
317 2105 458 2160 loco:
495 2102 551 2158 Ν
555 2117 685 2174 eque
713 2103 952 2157 maledici
980 2117 1200 2173 regnum
1231 2099 1326 2155 Dei
1369 2099 1704 2172 possidebunt
1727 2099 1774 2172 (Ι

196 2200 433 2271 Con“):
458 2212 607 2255 nunc
628 2209 680 2254 et
705 2198 1044 2254 maledixerit
1071 2198 1170 2263 eis,
1195 2197 1284 2266 qui
1308 2195 1586 2252 Ecclesiae
1609 2194 1773 2252 Gala-

197 2293 270 2349 tiie
292 2293 627 2349 conturbant.
656 2290 763 2363 [ΑΙ.
794 2288 1257 2361 conturbabant],
1291 2299 1347 2344 et
1377 2304 1497 2345 cum
1527 2289 1770 2360 optantis

194 2394 303 2440 voto
340 2384 736 2440 ruaiedixerit:
781 2381 993 2438 Utinam
1043 2393 1090 2437 et
1129 2379 1503 2437 abscinduntur
1549 2381 1638 2452 qui
1681 2396 1771 2436 vos

195 2478 495 2533 conturbant.
549 2477 686 2533 Tam
739 2477 885 2532 enim
935 2475 1255 2531 detestanda
1310 2473 1632 2531 abscisionis
1685 2479 1772 2528 est

195 2568 373 2642 passio,
399 2581 456 2624 ut
481 2577 546 2625 et
569 2572 666 2640 qui
699 2569 885 2624 invitis
909 2582 1031 2623 eam
1064 2567 1327 2628 intulerit,
1355 2566 1563 2637 legibus
1589 2564 1772 2636 publi-

192 2665 260 2719 cis
285 2661 561 2733 puniatur,
591 2672 647 2717 et
677 2662 767 2732 qui
795 2661 1034 2731 seipsum
1056 2659 1403 2726 castraverit,
1432 2657 1647 2712 infamis
1673 2656 1769 2710 ha-

193 2759 375 2814 beatur.
401 2756 472 2814 Ut
497 2756 649 2812 enim
679 2755 836 2820 illud,
866 2755 1042 2820 aiunt,
1071 2768 1263 2809 verum
1293 2752 1396 2806 sit:
1436 2749 1573 2805 Vivit
1606 2751 1659 2804 in
1687 2767 1768 2804 me

194 2848 399 2904 Christus
449 2849 466 2919 (
491 2848 539 2904 ll
571 2847 694 2903 Cor.
724 2862 819 2903 aut
839 2888 852 2914 ,
882 2845 970 2918 5);
1001 2853 1057 2902 et
1089 2846 1190 2899 hoc
1215 2860 1233 2898 :
1263 2842 1342 2898 An
1365 2843 1767 2912 experimentum

192 2942 391 3011 quaeritis
421 2943 535 3013 ejus
560 2943 654 3013 qui
681 2942 732 2994 in
757 2951 837 2995 me
859 2939 1090 3009 loquitur
1115 2937 1352 2993 Christus
1375 2939 1399 2990 ?
1427 2948 1577 2991 certe
1599 2937 1767 2992 male-

193 3035 419 3090 dictionis
463 3039 572 3089 vos
621 3048 730 3088 non
771 3041 951 3103 potest
979 3033 1100 3101 ejus
1147 3028 1419 3098 intelligi,
1469 3029 1561 3096 qui
1593 3027 1763 3082 dicit:

192 3125 362 3182 Discite
388 3143 419 3180 a
445 3144 549 3192 me,
583 3126 706 3198 quia
731 3123 944 3179 humilis
965 3140 1102 3193 sum,
1135 3133 1182 3177 et
1205 3121 1367 3188 mitis,
1390 3130 1440 3176 et
1464 3129 1766 3174 mansuetus

1881 1931 1988 1977 tam
2015 1929 2294 1978 cruentam
2325 1921 2381 1976 in
2411 1919 2594 1990 aliquo
2625 1934 2749 1976 esse
2776 1917 3128 1984 sententiam,
3156 1932 3339 1989 quam,
3366 1916 3476 1970 uti-

1879 2031 1998 2069 nam
2019 2014 2387 2070 abscinduntur
2413 2015 2610 2084 quieos
2635 2012 2963 2068 conturbant.
3001 2010 3112 2066 Nec
3144 2018 3371 2081 possunt
3397 2008 3481 2063 di-

1877 2123 2003 2164 cere
2035 2122 2219 2164 orasse
2249 2107 2568 2177 Apostolum
2600 2120 2700 2176 pro
2730 2103 2963 2160 inimicis
2989 2101 3218 2169 Christi,
3241 2101 3333 2172 qui
3359 2099 3478 2171 eius

1878 2201 2146 2256 Ecclesiae
2169 2200 2591 2256 conturbabant.
2621 2198 2733 2254 Nec
2759 2213 2826 2253 ex
2862 2197 3156 2252 dilectione
3181 2196 3474 2266 prolatum,

1874 2297 2017 2368 quod
2045 2307 2258 2351 tumore
2285 2304 2341 2350 et
2371 2294 2748 2364 indignatione
2774 2291 3018 2364 plenum,
3045 2291 3164 2360 ipso
3183 2287 3472 2344 verborum

1875 2390 2116 2460 pondere
2165 2389 2595 2444 demonstratur.
2627 2383 2902 2456 Quidquid
2929 2398 3059 2453 ergo
3089 2381 3170 2437 illi
3197 2395 3294 2452 pro
3325 2382 3472 2450 Apo-

1872 2483 2014 2539 stolo
2035 2482 2401 2538 excusationis
2426 2480 2747 2549 attulerint,
2771 2476 2936 2550 595
2957 2477 3060 2532 hoc
3083 2491 3188 2531 non
3213 2488 3311 2545 pro
3332 2473 3474 2545 Lege

1872 2576 2040 2632 veteri
2072 2573 2451 2632 defendemus.

1942 2667 2127 2736 (Vers.
2159 2666 2276 2738 i3.)
2310 2665 2416 2721 Vos
2444 2666 2580 2720 enim
2612 2665 2665 2719 in
2689 2664 2980 2719 libertatem
3007 2663 3178 2717 vocati
3199 2662 3343 2728 estis,
3369 2666 3479 2733 fra-

1872 2771 1972 2814 tres
2016 2776 2036 2814 :
2066 2766 2272 2813 tantum
2302 2776 2365 2812 ne
2395 2758 2684 2812 libertatem
2711 2757 2767 2810 in
2793 2757 3119 2811 occasionem
3146 2756 3292 2809 carni
3323 2755 3475 2823 (sub-

1869 2851 2124 2920 auditur)
2170 2849 2303 2904 detis
2346 2865 2364 2904 :
2402 2848 2547 2919 quod
2575 2846 2709 2918 {quia
2749 2847 2802 2902 in
2847 2846 3041 2903 Graeco
3080 2861 3187 2901 non
3219 2845 3472 2912 habetur,

1868 2944 2096 2999 Latinus
2130 2943 2306 3013 posuit
2337 2942 2632 3011 interpres.
2662 2941 2813 2994 iiunc
2842 2939 3018 2994 locum
3047 2939 3172 3010 quia
3194 2939 3352 2994 valde
3377 2939 3472 2992 ob-

1869 3052 2061 3093 scurus
2101 3046 2208 3104 est,
2255 3035 2322 3090 de
2347 3035 2562 3090 decimo
2592 3032 2617 3070 ά
2651 3033 2984 3090 Stromatnm
3015 3032 3158 3087 libro
3185 3029 3469 3086 transferri

1868 3131 2070 3202 placuit
2097 3130 2164 3185 ad
2195 3128 2443 3186 verbum.
2474 3128 2594 3184 Non
2621 3143 2730 3196 quo
2751 3127 2968 3198 singula
2991 3141 3100 3182 non
3124 3127 3334 3194 possint
3357 3125 3472 3181 suis

192 3220 322 3274 corde
360 3219 582 3291 (Matth.
616 3233 691 3285 at,
722 3217 841 3289 29).
873 3218 937 3272 Et
962 3217 1134 3286 magis
1161 3225 1380 3286 putatur
1415 3213 1643 3269 «Ιυάιίεο
1681 3211 1763 3268 fu-
1791 3207 1842 3274 ε
1872 3223 2006 3279 locis
2035 3231 2089 3278 et
2118 3222 2375 3279 sensibus
2409 3221 2723 3291 explanari;
2757 3220 2852 3274 scd
2883 3235 2990 3288 quo
3018 3234 3047 3272 a
3077 3217 3346 3290 superiori
3374 3233 3471 3274 ne-

191 3328 327 3379 rore,
355 3321 410 3369 et
456 3311 698 3384 quatiam
723 3310 991 3368 effrenata
1031 3309 1237 3364 insania
1279 3323 1340 3364 se
1381 3323 1488 3363 non
1523 3308 1766 3378 potuisse

191 3404 424 3463 cohibere
449 3453 463 3477 ,
513 3421 683 3477 quam
729 3403 971 3459 imitatus
1017 3417 1142 3460 esse
1178 3417 1301 3458 eum
1324 3447 1338 3471 ,
1369 3401 1460 3471 qui
1490 3411 1764 3471 tamquam

190 3515 338 3569 agnus
351 3515 535 3554 coram
554 3498 817 3556 tondente
827 3512 911 3565 se,
927 3514 1032 3552 non
1049 3497 1265 3565 aperuit
1278 3512 1339 3550 os
1352 3504 1592 3561 suum,et
1607 3496 1766 3551 maie-

191 3589 474 3647 dicentibua
500 3607 613 3646 non
631 3589 972 3646 remaledixit
991 3587 1147 3660 (Isai.
1165 3586 1558 3658 Lttt).Tradidit
1581 3596 1766 3643 autem

190 3681 326 3755 ωε
355 3699 414 3740 sc
443 3683 614 3739 morti
642 3683 1059 3738 condemnatus.
1086 3680 1168 3736 Ad
1191 3680 1338 3751 quod
1360 3681 1451 3750 qui
1475 3695 1573 3750 pro
1594 3679 1768 3736 Paulo

193 3776 539 3847 respondebit,
567 3777 687 3832 haec
710 3775 853 3831 dicet
886 3794 899 3831 :
931 3791 1036 3830 non
1069 3783 1174 3830 tam
1205 3774 1406 3830 furoris
1436 3775 1489 3830 in
1511 3773 1767 3830 adversa-

192 3870 304 3938 rios,
342 3888 506 3942 quam
542 3871 862 3928 dilectionis
902 3872 953 3926 in
982 3870 1260 3926 Ecclesiae
1301 3870 1417 3938 Dei,
1453 3870 1617 3926 verba
1645 3884 1768 3927 esse

191 3980 292 4036 quas
318 3967 531 4024 locutus
575 3967 670 4022 sit.
703 3965 935 4022 Videbat
975 3965 1180 4036 quippe
1208 3973 1375 4020 totam
1409 3965 1762 4034 provinciam,

189 4074 325 4128 quam
363 4061 478 4131 ipse
509 4073 620 4114 suo
645 4058 932 4129 sanguine,
963 4067 1018 4112 et
1049 4057 1303 4129 periculis
1333 4057 1403 4114 ab
1431 4057 1764 4127 idololatria,

191 4149 246 4204 ad
259 4151 444 4206 Christi
469 4150 865 4206 transduxerat
880 4149 1063 4217 fidem,
1078 4149 1253 4205 subita
1271 4149 1626 4219 persuasione
1647 4158 1761 4204 tura

187 4238 364 4310 betam,
387 4253 443 4300 et
471 4243 671 4300 dolore
700 4243 1024 4314 apostolico,
1049 4243 1242 4300 dolore
1272 4244 1465 4314 patris,
1490 4258 1550 4300 se
1577 4251 1767 4300 tenere

189 4347 279 4389 non
314 4346 529 4406 poterat
569 4356 580 4392 ε
627 4337 874 4392 mutabat
913 4351 1126 4405 vocem,
1167 4345 1222 4392 et
1259 4336 1456 4409 quibus
1485 4337 1766 4392 blanditus

188 4425 356 4498 fuerat,
391 4429 758 4494 irascebatur,
784 4439 844 4486 ut
869 4444 1010 4500 quos
1036 4430 1358 4500 nequiverat
1384 4431 1631 4497 lenitate,
1657 4432 1765 4486 sal-

188 4529 279 4575 tem
302 4522 684 4594 objurgatione
711 4523 1000 4578 retineret.
1029 4521 1141 4577 Nec
1172 4524 1365 4578 mirum
1393 4539 1516 4580 esse
1546 4525 1592 4579 si
1620 4526 1765 4594 Apo-

1866 3317 2014 3387 gotiu
2039 3322 2312 3385 separata,
2344 3330 2514 3369 unum
2543 3312 2766 3368 difficile
2795 3324 2997 3382 corpus
3025 3308 3269 3367 efficiant
3302 3327 3315 3363 :
3345 3319 3400 3364 et
3425 3307 3472 3364 si

1869 3412 1948 3464 sic
1971 3408 2343 3478 intelligantur
2367 3415 2423 3461 ut
2445 3412 2724 3471 resonant,
2754 3405 3210 3474 inconsequenter
3227 3410 3284 3456 et
3303 3401 3462 3456 abru-

1869 3513 1960 3573 pte
1989 3515 2292 3573 repugnare
2319 3501 2460 3556 inter
2483 3514 2544 3555 se
2565 3511 2618 3555 et
2643 3507 2857 3554 scatere
2883 3498 3194 3558 videantur.
3217 3495 3468 3567 Origenis

1870 3600 2049 3667 itaque
2080 3596 2196 3650 haec
2221 3594 2383 3651 verba
2413 3603 2541 3649 sunt
2574 3613 2584 3647 :
2623 3612 2641 3647 ε
2681 3593 2933 3649 Difficilis
2965 3595 3116 3648 locus
3143 3600 3228 3646 est
3262 3609 3276 3646 :
3307 3601 3362 3647 et
3393 3591 3467 3646 ita

1869 3689 2027 3746 nobis
2060 3687 2419 3744 disserendas
2457 3687 2688 3743 videtur.
2727 3686 2828 3754 Qui
2866 3685 3006 3741 liber
3045 3694 3130 3741 est
3153 3727 3168 3752 ,
3193 3694 3248 3739 et
3288 3684 3470 3738 altiori

1870 3796 2035 3838 sensu
2075 3781 2352 3851 spiritum,
2379 3791 2435 3835 et
2476 3780 2760 3835 veritatem
2789 3779 3059 3849 sequitur,
3092 3777 3467 3847 praecedentes

1867 3886 1924 3930 et
1967 3884 2122 3946 typos
2160 3875 2456 3947 contemnit
2496 3881 2550 3928 et
2595 3874 2833 3929 litteram
2866 3892 2876 3926 :
2910 3888 3016 3928 non
3063 3872 3266 3927 idcirco
3303 3869 3472 3925 debet

1871 3972 2111 4027 minores
2153 3969 2462 4040 deepicere,
2495 3978 2551 4023 et
2591 3970 2935 4024 occasionem
2965 3968 3094 4022 dare
3124 3965 3209 4020 bis
3235 3964 3328 4036 qui
3355 3980 3465 4018 non

1871 4073 2100 4136 possunt
2126 4065 2334 4119 sentire
2363 4062 2677 4131 sublimius,
2701 4063 2768 4118 de
2795 4077 2858 4118 se
2879 4061 3090 4132 penitus
3117 4060 3464 4129 desperandi.

1870 4159 2024 4215 Licet
2052 4159 2196 4213 enim
2221 4157 2422 4212 infirmi
2451 4155 2560 4211 sint
2585 4163 2640 4211 et
2661 4169 2790 4210 caro
2810 4154 3222 4225 comparatione
3241 4153 3468 4224 spiritus

1869 4253 2212 4326 appellentur
2242 4268 2256 4307 :
2288 4267 2417 4307 caro
2442 4258 2625 4307 tamen
2652 4248 2855 4307 Christi
2881 4257 3027 4304 sunt.
3057 4249 3113 4306 Si
3136 4249 3278 4305 enim
3307 4247 3468 4304 intel-

1873 4347 1991 4418 ligit
2019 4345 2338 4417 mysterium
2368 4341 2649 4399 charitatis
2675 4341 3067 4399 inﬁrmioribus
3101 4351 3125 4378 °
3157 4340 3466 4407 servientis,

1870 4441 2033 4497 facint
2070 4439 2273 4511 aliquid
2315 4446 2537 4512 prepter
2580 4437 2830 4493 infirmos
2874 4454 2888 4491 :
2932 4451 3002 4492 ne
3031 4436 3082 4490 in
3113 4435 3339 4491 scientia
3370 4448 3468 4489 sua

1873 4533 2040 4588 frater
2068 4542 2276 4604 pereat,
2301 4545 2399 4603 pro
2429 4545 2536 4602 quo
2561 4529 2810 4587 Christus
2841 4538 2924 4585 est
2945 4535 3210 4584 mortuus.
3238 4527 3469 4598 Diligen-

187 4613 360 4683 sw'ust
399 4627 459 4672 ιιι
497 4616 688 4682 homo.
729 4624 785 4671 ει
809 4614 986 4672 “huc
1023 4615 1241 4672 νθεϐυιο
1269 4616 1492 4673 Clausus
1521 4617 1759 4685 inﬁrmo.
1787 4595 1846 4657 Β
1872 4637 1955 4684 ter
1978 4595 2163 4697 itaque
2188 4595 2534 4690 attendeian
2560 4639 2624 4678 ex
2657 4621 3123 4693 consequentibus
3143 4634 3335 4676 sensus
3350 4595 3466 4673 iste

189 4704 464 4779 vidensque
507 4707 673 4763 aliam
705 4709 878 4780 legem
915 4707 969 4762 iu
1001 4723 1236 4779 corpore
1266 4724 1368 4764 suo
1397 4710 1760 4780 captivantem

188 4810 256 4866 se,
287 4811 338 4857 et
377 4803 674 4860 ducentem
717 4803 770 4857 in
814 4803 934 4872 lege
973 4803 1202 4871 peccati,
1246 4803 1415 4858 semel
1455 4803 1620 4860 fuerit
1663 4807 1768 4860 hoc

189 4891 418 4959 locatas,
463 4895 522 4949 in
563 4893 708 4965 quod
752 4894 1067 4966 frequenter
1105 4904 1326 4952 sanctos
1364 4897 1522 4954 viros
1563 4899 1765 4956 cadere

188 4984 550 5055 perspicimus.
597 4984 705 5041 Sed
744 4995 801 5041 et
834 4986 963 5042 illud
1006 4987 1111 5043 dici
1154 4997 1331 5057 potest
1369 4991 1530 5063 (licet
1568 5009 1765 5065 super-

188 5074 335 5134 ﬂuum
374 5079 704 5150 quibusdam
745 5094 868 5135 esse
908 5079 1184 5153 videatur)
1220 5084 1363 5152 quod
1406 5085 1611 5142 Paulus
1657 5104 1765 5144 non

189 5173 280 5224 tam
314 5170 666 5228 maledixerit
700 5171 804 5239 eis,
831 5187 992 5243 quam
1019 5176 1258 5230 oraverit
1289 5190 1391 5246 pro
1420 5178 1548 5248 illis,
1583 5190 1642 5236 ut
1670 5195 1764 5238 eas

249 5337 273 5364 ⁸
292 5317 758 5408 Codex_Palatin.,
788 5333 928 5408 ultra
949 5335 1246 5408 procedere.
1269 5336 1374 5393 Sed
1398 5338 1583 5406 haeres,
1610 5357 1764 5397 crux-

189 5414 270 5473 (μιᾳ
293 5397 430 5473 apud
457 5401 677 5458 Judtcos
704 5397 1012 5461 scandalum
1035 5413 1131 5462 est.

188 5470 637 5599 ηἱᾶἓηθιδθωηι
671 5475 782 5531 duo
809 5490 842 5531 e
870 5479 1070 5533 nostris
1095 5479 1255 5534 codd.
1293 5480 1379 5536 hic
1411 5495 1600 5538 vocem
1641 5482 1764 5540 Μαι

251 5581 260 5590 ρ
337 5562 413 5599 os.
1700 5569 1704 5573 ’

251 5562 391 5601 ειιεω
399 5585 413 5599 .
1700 5569 1704 5573 ·

251 5625 276 5696 ἦ
310 5615 472 5698 [idem
517 5633 648 5673 mss.
677 5618 953 5684 etVictor,
980 5635 1048 5675 ex
1081 5631 1258 5691 parte,
1292 5627 1440 5680 nulla
1471 5634 1596 5698 puto
1618 5629 1762 5682 inve-

187 5686 466 5816 ggiml'fge,
507 5700 607 5744 tam
647 5700 871 5758 trucem,
905 5700 1010 5747 tam
1047 5686 1314 5751 cruentam
1357 5698 1413 5751 in
1449 5686 1626 5770 aliqua
1653 5716 1765 5756 esse

367 5777 495 5813 tam.

367 5777 495 5813 tam.

248 5825 272 5866 ά
302 5828 447 5886 Hunc
477 5832 652 5904 ipsum
682 5844 731 5889 et
765 5834 816 5890 in
849 5835 1016 5907 priori
1051 5837 1370 5908 praefatione
1400 5842 1622 5900 Hieron.
1645 5843 1764 5900 lau—

1873 4730 2107 4778 texatur.
2162 4719 2267 4775 Vos
2294 4764 2308 4788 ,
2349 4719 2560 4789 inquit,
2611 4721 2834 4788 fratres,
2884 4718 2937 4769 in
2981 4714 3268 4771 libertatem
3305 4712 3474 4767 vocati

1874 4814 1996 4869 estis
2025 4829 2043 4868 :
2072 4811 2300 4868 forsitan
2327 4809 2468 4877 ideo,
2492 4809 2618 4880 quia
2651 4823 2756 4864 non
2790 4824 2982 4865 omnes
3008 4807 3350 4863 vocationem
3377 4819 3471 4860 ca-

1875 4921 2006 4977 pere
2034 4915 2280 4978 potcrant
2309 4905 2596 4960 libertatis.
2635 4905 2862 4976 Propter
2886 4903 3031 4975 quod
3061 4917 3206 4958 nunc
3233 4900 3470 4956 auditis:

1875 4999 2102 5054 Tantum
2140 5015 2204 5054 ne
2232 4998 2519 5053 libertatem
2557 5000 2610 5052 in
2649 4999 2967 5053 occasionem
3005 4997 3136 5051 detis
3169 4995 3335 5052 carni.
3366 4993 3468 5048 Per

1875 5092 2224 5148 dilectionem
2267 5092 2410 5147 enim
2451 5099 2668 5161 oportet
2713 5091 3016 5146 minoribus
3057 5091 3265 5146 servire
3296 5087 3470 5155 majo-

1873 5203 1962 5244 res
2011 5206 2023 5241 :
2059 5187 2187 5259 quia
2221 5187 2311 5258 qui
2350 5186 2466 5242 vult
2495 5201 2618 5242 esse
2644 5187 2840 5258 major,
2873 5187 2980 5242 erit
3004 5185 3250 5241 omnium
3277 5196 3470 5238 servus

1871 5344 1964 5400 dat
1993 5343 2260 5399 decimum
2284 5342 2623 5399 Stromatnm
2649 5342 2904 5412 Origenis
2931 5342 3156 5412 librum,
3178 5353 3348 5412 quem_
3371 5340 3468 5412 ait,

1869 5416 2173 5471 commatico
2208 5431 2366 5485 super
2414 5405 2839 5487 explanationem
2863 5405 3279 5487 ejus_(Pan_ii'ad
3310 5409 3472 5487 Gala-

1873 5487 1977 5559 tas)
2005 5501 2238 5559 sermone
2273 5482 2800 5559 complet'um.‘Liber
2823 5482 3034 5559 jamdiu
3068 5482 3202 5535 olim
3245 5482 3468 5559 interci-

1871 5553 1967 5614 dit'
1998 5577 2010 5611 :
2061 5557 2269 5625 hocque
2302 5553 2441 5627 puto
2483 5556 2793 5627 maximum,
2817 5553 2936 5625 eius
2965 5565 3252 5627 superesse
3277 5553 3471 5622 Operis

1871 5625 2354 5704 c'trroa'rtaapta'trtou,
2400 5628 2542 5699 quod
2589 5629 2674 5682 hic
2711 5626 2932 5704 exhibet
2968 5625 3159 5680 Latine
3203 5625 3467 5696 Hierony-

1872 5717 2013 5757 mus.

1949 5784 1971 5809 θ
2025 5772 2201 5827 Palat.
2265 5787 2393 5841 ms.,
2447 5769 2823 5841 inﬁrmioribus
2885 5768 3112 5826 serviens
3153 5769 3315 5840 faciat
3362 5767 3470 5822 alia

1870 5843 2018 5918 quid,
2049 5853 2159 5901 etc.
