3962 6338
475 281 579 338 4οἹ

1718 278 1778 336 S.
1821 277 2096 338 EUSEBII
2134 277 2516 338 HIERONYMI

3639 287 3726 350 ‘08

473 400 692 476 (Matth.
724 413 828 465 xx;
864 399 1033 454 Marc.
1061 398 1143 471 x).
1167 397 1352 470 Neque
1379 412 1514 470 ergo
1537 397 1836 469 spiritualis
1864 397 2067 454 laceret
2092 395 2367 460 Acuntur
2409 412 2532 454 esse
2568 397 2861 456 manifesti.
2909 397 3078 454 Multo
3112 398 3312 471 quippe
3357 399 3538 458 labore
3566 410 3616 460 et
3649 419 3728 462 su-

474 492 676 550 Cbristi
705 507 896 548 carnes
924 509 938 545 :
975 506 1147 562 neque
1171 492 1513 546 occasionem
1541 489 1648 545 illis
1671 489 1898 558 tribuat,
1927 499 1989 545 ut
2009 504 2069 546 se

476 587 823 645 remordeant
866 594 1246 656 provocantem
1285 599 1354 640 ne
1383 584 1455 639 ab
1483 584 1713 640 invicem
1744 599 2072 641 consuman-

477 691 584 737 tur.
636 682 862 752 Oportet
905 695 1034 751 ergo
1085 680 1278 750 spiritu
1325 679 1729 746 ambulantem,
1777 688 1834 736 et
1873 679 2071 751 Spiritu

472 777 874 847 Scripturarum
918 773 1084 829 verba
1123 781 1447 839 sectantem,
1491 789 1602 830 non
1629 773 1889 845 perﬁcere
1917 773 2070 830 desi-

475 870 685 924 derium
736 867 917 922 carnis
958 882 1167 922 earum.
1200 865 1260 923 Si
1289 875 1469 922 autem
1512 866 1616 923 hoc
1648 867 1790 938 quod
1819 866 2020 923 dicitur
2050 885 2068 926 :

473 965 678 1034 Spiritu
703 961 988 1028 ambulate,
1019 972 1065 1018 et
1091 962 1408 1018 desiderium
1438 963 1613 1018 carnis
1642 978 1743 1017 non
1770 962 2067 1033 perﬁcietis,

474 1060 792 1129 simpliciter
816 1056 1170 1128 intelligimus
1197 1058 1278 1128 (ut
1301 1057 1544 1128 plerique
1567 1055 2072 1127 arhitrantur)con-

476 1163 559 1207 tra
599 1161 974 1221 argumentum
1018 1159 1073 1206 et
1117 1149 1440 1222 ltypothesin
1481 1150 1644 1204 totius
1685 1149 1974 1219 Epistolas,
2015 1148 2068 1202 in

476 1247 589 1298 haec
616 1244 796 1298 subito
827 1243 1026 1297 Paulus
1051 1253 1332 1312 erumpet;
1363 1240 1527 1314 5.95
1556 1241 1737 1296 statim
1766 1242 1966 1312 quippe
1986 1254 2073 1295 se-

468 1339 656 1406 quitur
684 1354 698 1393 :
735 1337 796 1392 Si
819 1347 992 1391 autem
1013 1337 1206 1407 spiritu
1230 1337 1505 1402 ducimini,
1530 1353 1633 1391 non
1656 1337 1778 1391 estis
1798 1336 1890 1390 sub
1915 1333 2066 1405 Lege.

473 1429 543 1484 Et
585 1445 706 1485 cum
754 1429 1034 1498 hucusque
1058 1429 1237 1501 aliqua
1267 1445 1332 1484 ex
1366 1437 1517 1500 parte
1543 1429 1644 1485 sibi
1677 1444 1858 1485 sermo
1890 1429 2069 1484 cohae-

477 1533 613 1589 reat,
650 1537 863 1579 rursum
895 1523 939 1578 si
973 1523 1277 1595 simplicem
1307 1523 1718 1593 intelligentiam
1755 1537 2068 1593 sequamur,

471 1617 537 1670 ad
588 1617 890 1672 inordinata
937 1626 1161 1682 repente
1207 1625 1477 1688 praecepta
1535 1631 1636 1672 nos
1676 1616 1963 1682 transfert,
2004 1617 2073 1674 de

476 1726 642 1767 carne
680 1719 736 1766 et
771 1711 962 1780 spiritu
1000 1711 1302 1777 disserens,
1344 1711 1396 1766 id
1429 1719 1556 1769 est:
1592 1709 1874 1782 Manifesta
1902 1719 2072 1766 autem

2171 490 2326 558 dore,
2357 499 2412 546 et
2437 490 2600 560 digno
2622 490 2772 546 cultu
2799 492 2852 546 in
2881 491 3182 562 Scripturis
3207 490 3415 548 fructus
3440 492 3644 563 spiritus
3661 496 3730 554 in-

2171 582 2406 639 venitur.
2451 583 2607 640 Unde
2647 583 2908 651 arbitror,
2951 584 3178 640 Paulum
3210 585 3500 658 diligenter
3525 596 3733 650 etcaute

2171 674 2240 731 de
2261 676 2562 746 Scriptura:
2588 678 2840 733 sensibus
2866 677 3072 734 dixisse
3093 678 3405 735 carnalibus
3437 695 3450 734 :
3485 679 3734 752 Manifesta

2173 777 2341 823 autem
2370 776 2488 824 sunt
2517 786 2675 840 opera
2703 771 2878 825 carnis
2908 769 3107 839 (Galat.
3140 786 3197 837 v,
3228 770 3341 837 l9).
3371 771 3449 828 De
3471 773 3736 842 spirituali-

2173 865 2273 920 bus
2317 881 2450 921 vcro
2482 881 2587 922 non
2618 877 2678 922 ut
2719 866 2792 922 ibi
2826 868 3098 938 posuisse,
3139 869 3448 941 manifestus
3472 881 3542 926 est
3565 873 3736 943 fructus

2173 959 2421 1031 spiritus;
2458 960 2554 1015 sed
2582 960 2655 1014 ita
2689 976 2704 1014 :
2741 959 2971 1016 Fructus
3001 970 3173 1016 autent
3210 961 3468 1034 Spiritus,
3496 972 3566 1018 est
3588 963 3738 1022 chori.

2175 1064 2286 1118 tas,
2328 1054 2581 1124 gaudium
2603 1097 2618 1122 ,
2662 1071 2786 1124 pax,
2830 1065 2884 1110 ct
2912 1055 3124 1127 reliqua
3154 1055 3349 1127 (Ibid.,
3392 1054 3508 1128 22).
3539 1055 3672 1124 Quod
3697 1061 3738 1117 si

2177 1146 2384 1204 relictis
2415 1149 2577 1220 typis,
2609 1149 2679 1204 ad
2711 1151 2998 1206 veritatem
3029 1150 3328 1222 Scriptura:
3353 1158 3674 1208 transeamus
3694 1163 3742 1211 et

2176 1241 2450 1312 spiritum,
2494 1243 2680 1298 statim
2725 1243 2882 1298 nobis
2922 1243 3098 1314 prima
3138 1243 3379 1300 charitas
3409 1243 3664 1316 panditur,
3690 1255 3738 1304 et

2175 1333 2241 1387 ad
2271 1334 2522 1403 gaudium
2552 1334 2682 1390 inde
2707 1334 3020 1405 gradientes
3040 1378 3054 1402 ,
3085 1336 3432 1406 pervenimus
3460 1336 3526 1392 ad
3555 1351 3739 1408 pacem,

2175 1441 2273 1497 per
2299 1442 2460 1495 quam
2505 1430 2898 1500 consequimur
2927 1430 3266 1500 patientiam.
3294 1429 3431 1500 Quis
3455 1440 3625 1487 autem
3650 1448 3740 1490 non

2176 1518 2244 1574 ad
2275 1519 2677 1576 miserationem
2710 1531 2768 1577 et
2794 1521 3100 1579 bonitatem
3125 1523 3426 1592 erudiatur,
3458 1538 3574 1578 cum
3602 1526 3741 1581 etiam

2176 1628 2239 1668 ea
2271 1628 2392 1684 qua:
2418 1613 2742 1684 quibusdam
2773 1613 2950 1670 tristia
2981 1624 3240 1686 putantur
3271 1615 3325 1670 in
3349 1615 3492 1686 Lege
3511 1617 3744 1687 supplicia

2177 1705 2299 1761 dico
2329 1717 2383 1762 et
2414 1706 2620 1777 praelia,
2653 1718 2708 1763 et
2737 1709 3054 1764 eversiones
3093 1710 3362 1780 gentium,
3392 1718 3449 1764 et
3479 1708 3746 1765 c0tnmina-

476 1814 598 1858 sunt
643 1819 800 1876 apera
839 1803 1010 1857 carnis
1041 1802 1137 1856 illa
1163 1813 1210 1858 et
1240 1803 1351 1858 illa.
1382 1803 1452 1858 Et
1477 1805 1786 1858 econtrario
1813 1801 2072 1858 :Fructtts
2104 1792 2154 1853 B
2181 1796 2354 1852 tiones
2391 1797 2458 1853 ad
2489 1799 2718 1870 populos
2749 1814 2846 1869 per
2872 1799 3189 1871 prophetas,
3224 1800 3395 1870 magis
3425 1799 3652 1856 remedia
3677 1801 3747 1856 in-

469 1904 642 1949 autem
679 1895 923 1966 spiritus,
965 1905 1038 1949 est
1075 1896 1330 1962 charitas,
1353 1905 1405 1950 et
1429 1895 1656 1966 reliqua.
1681 1893 1788 1950 Sed
1814 1910 1989 1966 neque
2017 1895 2069 1950 in

475 1989 559 2044 his
598 1989 1046 2061 consequentiam
1088 1989 1380 2060 desperare
1406 1989 1672 2045 debemus
1704 2006 1719 2050 ;
1751 1989 1877 2061 quia
1905 2004 2070 2060 opera

468 2082 649 2136 carnis
677 2081 982 2136 divinorum
1013 2083 1348 2138 voluminum
1385 2081 1614 2136 historia
1645 2083 1927 2150 continet;
1963 2097 2071 2138 non

478 2176 636 2230 valde
675 2190 772 2230 eos
805 2176 1002 2246 juvans
1039 2178 1130 2248 qui
1172 2177 1251 2232 sic
1273 2191 1394 2232 eam
1424 2177 1750 2246 intelligunt,
1781 2185 1840 2232 ut
1868 2179 2070 2248 scripta

473 2281 576 2328 est.
602 2271 735 2339 Quis
763 2271 906 2328 enim
940 2287 1045 2327 non
1068 2271 1353 2327 docebitur
1375 2274 1582 2328 servire
1606 2272 1851 2335 luxuriae.
1881 2281 1936 2327 et
1961 2272 2072 2328 for-

479 2365 804 2425 nicationem
838 2364 1036 2420 habere
1067 2379 1165 2433 pro
1193 2364 1361 2419 nihilo
1390 2381 1404 2420 :
1433 2379 1555 2420 cutn
1581 2363 1773 2420 Judam
1802 2363 1871 2419 ad
1895 2379 2072 2422 mere-

476 2458 664 2512 tricem
688 2457 882 2527 lcgerit
905 2457 1305 2528 ingredientem
1329 2455 1484 2530 (Gen.
1511 2459 1700 2526 xxvm)
1731 2475 1745 2516 :
1769 2467 1823 2512 et
1845 2459 2073 2528 patriar-

475 2549 606 2603 chas
638 2549 893 2606 habuisse
924 2549 1124 2606 multas
1155 2552 1357 2621 pariter
1389 2553 1624 2608 uxores?
1650 2551 1936 2620 Quomodo
1964 2568 2070 2606 non

474 2641 543 2696 ad
578 2641 934 2696 idololatriam
979 2645 1382 2714 provocabitur,
1413 2646 1503 2716 qui
1533 2646 1849 2717 sanguinem
1881 2654 2070 2700 tauro-

473 2753 617 2804 rum,
666 2747 721 2792 et
761 2747 988 2793 ca~teras
1031 2739 1258 2795 Levitici
1300 2740 1548 2795 victimas
1593 2757 1700 2795 non
1748 2741 1869 2810 plus
1907 2756 2070 2812 quam

473 2831 617 2900 quod
661 2831 712 2884 in
757 2830 937 2886 littera
967 2841 1146 2896 sonat,
1181 2832 1447 2902 putaverit
1488 2831 1768 2892 indicare?
1795 2831 2073 2902 Quod'au-

475 2931 584 2977 tem
631 2921 960 2989 inimicitias,
1011 2924 1064 2978 in
1105 2935 1294 2993 aperto
1324 2924 1533 2995 positus
1571 2924 1863 2994 Scriptum
1890 2940 2072 2980 sermo

473 3017 692 3081 doceat,
740 3026 794 3071 et
831 3031 897 3071 ex
940 3015 1043 3072 hoc
1081 3016 1205 3072 loco
1243 3018 1506 3086 probatur
1547 3033 1563 3074 :
1607 3015 1746 3071 Filia
1787 3017 2071 3089 Babylonis

472 3112 682 3174 misera,
725 3110 902 3164 beatus
941 3112 1032 3182 qui
1071 3111 1314 3165 retribuet
1347 3112 1437 3166 tibi
1474 3113 1866 3167 retributionem
1904 3122 2068 3180 tuam,

2181 1889 2456 1946 tellexerit
2479 1906 2625 1959 esse,
2651 1908 2810 1964 quam
2853 1894 3082 1964 pinnas?
3106 1892 3224 1948 Non
3249 1894 3397 1949 enim
3427 1895 3484 1950 in
3509 1906 3746 1950 aeternum

2178 1985 2443 2043 irascetur
2477 1987 2736 2042 Dominus
2769 1984 2930 2060 (Isai.
2962 1991 3114 2059 ινιι).
3142 1986 3280 2042 Cum
3309 1986 3428 2042 haec
3461 2001 3586 2059 ergo
3613 1987 3748 2044 nobis

2177 2088 2364 2148 aperta
2397 2077 2620 2146 fuerint,
2657 2078 3124 2135 rationabiliorem
3159 2077 3484 2136 habebimus
3514 2079 3679 2145 ﬁdem,
3705 2086 3752 2136 et

2175 2179 2454 2227 correctos
2475 2185 2662 2228 mores
2689 2171 3044 2242 temperantia
3067 2172 3435 2240 comitabitur,
3461 2188 3615 2244 quam
3635 2187 3747 2229 con-

2179 2265 2402 2322 tinentia
2448 2277 2470 2304 ε
2521 2275 2782 2335 sequetur
2823 2273 2882 2321 et
2912 2267 3134 2323 castitas
3162 2283 3179 2326 :
3207 2276 3261 2324 et
3291 2278 3420 2340 post
3447 2267 3561 2324 haec
3585 2268 3745 2324 omnia

2177 2360 2400 2430 incipiet
2438 2372 2567 2416 esse
2610 2359 2720 2416 Lex
2761 2375 2861 2430 pro
2889 2361 3068 2418 nobis.
3106 2380 3124 2414 ι
3156 2361 3449 2433 Hucusque
3478 2361 3739 2430 Origenes.

2176 2456 2384 2525 Quibus
2422 2471 2522 2511 nos
2564 2469 2849 2525 possumus
2878 2455 3101 2523 addere,
3134 2467 3191 2512 ut
3228 2457 3475 2513 dicamus
3507 2458 3572 2514 de
3593 2457 3744 2513 servi-

2176 2555 2288 2604 tute
2335 2550 2490 2620 legali
2524 2549 2592 2604 ad
2625 2550 2909 2620 Evangelii
2953 2549 3254 2606 libertatem
3293 2560 3516 2606 vocatos
3553 2548 3748 2622 (quibus

2176 2644 2429 2713 superius
2465 2641 2665 2697 dicitur
2712 2659 2728 2698 :
2775 2642 2942 2709 State,
2969 2652 3016 2697 et
3047 2643 3207 2698 nolite
3230 2659 3443 2697 rursum
3455 2647 3585 2718 jugo
3611 2644 3750 2698 serti-

2177 2735 2300 2789 ttttis
2329 2733 2546 2802 limere)
2578 2736 2740 2790 etiam
2773 2750 2916 2791 nunc
2960 2736 3190 2806 moneri,
3224 2745 3284 2792 ut
3311 2736 3432 2792 leve
3459 2736 3652 2800 Christi
3673 2737 3748 2807 ju«

2175 2842 2301 2896 gum
2346 2835 2401 2882 et
2440 2827 2780 2882 delectabilia
2821 2827 3103 2899 Evangelii
3148 2837 3424 2900 praecepta
3467 2837 3748 2894 sectantes,

2177 2933 2516 2987 nequaquam
2561 2928 2748 2988 putent
2773 2919 2877 2974 sibi
2916 2919 3084 2976 licere
3110 2961 3126 2986 ,
3154 2929 3213 2976 ut
3242 2922 3342 2976 hac
3371 2921 3490 2990 ipsa
3522 2922 3748 2977 libertate

2177 3011 2413 3079 vivendi,
2442 3012 2494 3067 in
2517 3014 2804 3067 occasione
2826 3012 3006 3068 carnis
3029 3021 3249 3069 utantur
3273 3030 3287 3068 :
3314 3013 3530 3070 scilicet
3550 3025 3603 3070 ut
3616 3014 3750 3084 juxta

2177 3120 2397 3160 carnem
2439 3107 2641 3172 vivant,
2679 3107 2834 3178 juxta
2879 3123 3098 3164 carnem
3139 3109 3601 3166 circumcidantur
3626 3125 3640 3168 :
3669 3107 3751 3164 sed

472 3217 630 3272 quam
669 3202 953 3256 retribuisti
995 3203 1162 3256 nobis.
1210 3201 1399 3258 Beatus
1438 3205 1527 3274 qui
1567 3205 1774 3272 tenebit,
1817 3215 1864 3259 et
1895 3204 2076 3260 allidet
2101 3189 2149 3253 C
2180 3199 2375 3268 Spiritu
2401 3199 2570 3270 magis
2595 3208 2760 3268 slent,
2788 3200 2980 3271 spiritu
3006 3201 3328 3270 pra'putium
3352 3202 3536 3259 carnis
3561 3201 3751 3258 abscin-

472 3293 720 3366 parvulos
763 3306 877 3349 tuos
915 3295 982 3349 ad
1027 3308 1222 3366 petram
1261 3295 1379 3368 (Ps.
1423 3313 1643 3364 cxxxvt,
1689 3298 1744 3363 8,
1791 3297 1870 3366 9).
1915 3299 1981 3354 Et
2008 3315 2074 3355 ex

474 3387 570 3441 illo
597 3403 609 3440 :
642 3385 710 3441 In
736 3389 993 3442 matutino
1019 3389 1387 3457 interﬁciebam
1408 3406 1584 3445 omnes
1605 3399 1903 3457 peccatores
1924 3402 2074 3446 terra:

475 3479 599 3552 (Ps.
631 3497 684 3549 c,
716 3480 798 3553 8),
827 3490 882 3537 et
909 3491 1108 3538 caetera
1143 3483 1228 3538 his
1259 3485 1458 3540 similia
1493 3500 1508 3539 :
1537 3484 1607 3540 de
1635 3487 2074 3544 contentionibus

474 3575 750 3643 videlicet,
786 3575 1154 3644 aemulatione,
1186 3579 1294 3645 ira,
1323 3579 1478 3646 rixis,
1510 3578 1962 3636 dissensionibus.
1989 3583 2070 3637 Ad

476 3685 596 3740 qua}
625 3671 694 3743 (si
717 3680 742 3708 α
771 3687 876 3726 non
901 3673 1062 3726 altius
1081 3673 1284 3743 aliquid
1307 3674 1632 3743 sentiamus)
1660 3685 1952 3743 provocant
1974 3692 2073 3732 nos

474 3768 649 3838 magis
687 3766 927 3822 historia:
965 3768 1234 3837 exempla,
1274 3782 1436 3838 quam
1475 3768 1784 3838 prohibent.
1821 3769 2071 3824 Htereses

477 3876 694 3931 quoque
740 3861 914 3932 magis
958 3861 1026 3916 de
1071 3862 1274 3917 carnali
1317 3860 1614 3931 Scripturte
1670 3862 2019 3932 intelligentia
2053 3905 2068 3930 ,

472 3971 634 4028 quam
665 3957 734 4012 de
771 3971 936 4028 opere
962 3957 1143 4012 carnis
1173 3963 1396 4022 nostrae,
1430 3967 1488 4011 ut
1519 3956 1738 4026 plurimi
1770 3959 2063 4026 :cstimant,

471 4051 854 4104 substiterunt.
885 4048 1109 4104 Necnon
1144 4048 1402 4104 invidiam
1433 4057 1488 4104 et
1523 4048 1814 4104 ebrietates
1843 4064 1940 4119 per
1966 4048 2082 4106 Le-~

475 4144 559 4213 gis
587 4143 820 4198 litteram
854 4141 1137 4198 discimus.
1162 4140 1468 4196 Inebriatnr
1497 4141 1611 4198 Noe
1643 4154 1760 4213 post
1784 4142 2068 4212 diluvium,

470 4247 526 4293 tt
553 4239 874 4308 patriarcha:
917 4237 1057 4307 apud
1086 4235 1310 4293 fratrem
1337 4235 1542 4307 Joseph
1573 4239 1624 4292 in
1651 4237 1887 4310 Egypto
1909 4238 2066 4307 (Gen.

476 4347 526 4386 ιιι
554 4339 604 4385 et
634 4331 806 4401 xuii).
839 4329 946 4388 Sed
966 4338 1020 4386 et
1040 4332 1473 4386 comessationes
1501 4332 1554 4385 in
1591 4331 1896 4402 Regnorum
1929 4331 2070 4387 libro

474 4423 690 4490 scriptae
713 4432 866 4486 sunt;
893 4424 1122 4479 saltante
1151 4422 1312 4479 David
1337 4435 1393 4480 et
1416 4436 1778 4494 concrepante
1801 4427 2071 4498 tympanis

471 4527 656 4570 coram
697 4512 833 4569 Arca
865 4515 1172 4569 testamenti
1202 4514 1296 4570 Dei
1325 4515 1381 4586 (l
1416 4514 1545 4588 Reg.
1575 4516 1674 4588 vi),
1705 4526 1759 4571 et
1787 4515 1874 4571 bis
1915 4518 2064 4572 simi-

2178 3292 2327 3359 dant,
2371 3302 2425 3348 et
2466 3294 2532 3348 ad
2574 3294 2800 3364 spiritus
2835 3296 3030 3350 altiora
3073 3296 3383 3360 tendentes,
3414 3296 3751 3374 humilitatem

2177 3386 2371 3441 litterte
2396 3386 2796 3457 derelinquant.
2830 3388 3016 3444 Potest
3045 3397 3226 3446 autem
3249 3399 3305 3446 et
3324 3391 3494 3446 aliter
3518 3389 3746 3460 intelligi.

2177 3479 2359 3536 Discat
2379 3481 2645 3552 quispiam
2671 3499 2685 3536 :
2715 3482 2770 3538 Si
2803 3483 3039 3548 cessavi,
3062 3498 3096 3538 ο
3119 3484 3306 3551 Paule,
3330 3499 3460 3542 esse
3481 3486 3581 3541 sub
3602 3485 3748 3556 Lege,

2174 3580 2228 3628 ct
2262 3572 2332 3628 de
2359 3575 2621 3628 servitute
2650 3572 2812 3646 497
2857 3575 3161 3631 libertatem
3191 3588 3419 3632 vocatus
3447 3592 3566 3632 sum
3596 3593 3612 3634 :
3638 3588 3753 3646 ergo

2173 3665 2352 3721 debeo
2393 3665 2466 3720 ita
2509 3667 2692 3722 vivere
2730 3676 2791 3722 ut
2830 3669 3090 3724 convenit
3133 3669 3399 3737 libertati,
3444 3684 3548 3726 nec
3575 3669 3749 3738 aliqui-

2172 3759 2272 3814 bus
2321 3760 2614 3830 praeceptis
2666 3761 2860 3831 teneri,
2915 3763 3009 3817 sed
3063 3763 3455 3836 quodcumque
3484 3762 3747 3836 placuerit,

2173 3861 2228 3908 et
2257 3853 2509 3910 voluntas
2540 3855 2896 3925 suagesserit,
2924 3854 3024 3912 hoc
3056 3855 3238 3912 facere
3270 3857 3525 3928 implere,
3550 3853 3751 3912 sectari.

2174 3944 2255 4000 Ad
2287 3947 2430 4017 quod
2459 3947 2743 4016 respondit
2772 3949 3070 4018 Apostolus
3105 3968 3118 4006 :
3155 3948 3391 4007 Vocatos
3418 3949 3636 4020 quidem
3665 3961 3750 4002 nos

2173 4055 2297 4096 esse
2329 4043 2380 4095 in
2411 4041 2636 4112 spiritus
2666 4042 2969 4099 libertatem
3005 4063 3017 4098 :
3049 4043 3144 4100 sed
3180 4044 3278 4113 ita,
3312 4055 3370 4099 ut
3401 4045 3626 4102 libertas
3652 4041 3753 4113 ipsa

2173 4136 2325 4190 carni
2363 4151 2470 4191 non
2508 4139 2732 4192 serviat.
2776 4136 2886 4192 Nec
2929 4147 3184 4208 putemus
3221 4139 3346 4210 quia
3397 4138 3560 4194 nobis
3585 4135 3750 4192 omnia

2175 4225 2360 4289 licent,
2395 4229 2576 4283 omnia
2607 4229 2870 4298 expedire
2902 4247 2916 4287 :
2950 4231 3079 4301 quin
3113 4229 3296 4300 potius
3337 4231 3468 4303 quia
3501 4231 3637 4287 servi
3666 4228 3754 4284 Le-

2172 4323 2253 4394 gis
2279 4337 2403 4378 esse
2430 4324 2784 4392 cessavimus,
2819 4324 2945 4380 facti
2984 4325 3164 4394 liberi,
3197 4325 3378 4395 magis
3409 4340 3509 4396 per
3537 4323 3752 4379 charita-

2174 4424 2281 4470 tem
2324 4417 2484 4472 nobis
2527 4417 2759 4474 invicem
2805 4420 3128 4486 serviamus,
3177 4429 3236 4476 ut
3281 4421 3569 4478 laciniosa:
3606 4417 3752 4489 Legis

2176 4519 2467 4581 prtccepta,
2498 4527 2606 4566 uno
2632 4512 2940 4568 dilectionis
2971 4513 3212 4584 capitulo
3240 4515 3664 4570 concludantur.

473 4607 564 4664 lia.
597 4607 869 4676 Quaeritur
895 4607 1169 4678 quomodo
1196 4608 1262 4662 ad
1296 4576 1580 4672 veneﬁcia,
1694 4609 1766 4664 ad
1792 4609 2066 4665 maleﬁcus
2098 4576 2152 4637 ι)
2247 4606 2264 4672 l
2277 4576 2428 4660 Vers.
2460 4605 2574 4676 M.)
2610 4604 2717 4661 Sed
2736 4623 2825 4678 per
2845 4576 3147 4662 charitatem
3175 4607 3363 4663 servite
3384 4607 3628 4672 invicem,
3656 4619 3753 4659 am-

470 4711 636 4769 artes,
679 4703 909 4772 simplex
950 4701 1240 4773 Scriptum
1281 4704 1477 4760 divinae
1521 4720 1705 4761 sermo
1747 4707 1837 4778 qui
1869 4707 2066 4764 dicitur

467 4809 618 4860 caro,
648 4792 676 4832 δ
705 4809 803 4848 nos
831 4804 1090 4863 provocet
1116 4813 1126 4847 :
1151 4795 1254 4850 nisi
1283 4797 1348 4850 ad
1373 4795 1617 4866 ejusdem
1638 4797 1933 4864 Scriptura:
1954 4800 2064 4869 spi-

467 4886 630 4940 ritum
673 4886 1143 4941 transcendamus.
1188 4885 1324 4940 Puto
1365 4887 1468 4942 hoc
1513 4888 1844 4958 signiﬁcare,
1879 4890 2062 4946 decies

470 4976 770 5042 Danielem,
803 4985 857 5032 et
902 4988 1011 5030 tres
1042 4992 1258 5046 pueros,
1293 4979 1486 5050 magis,
1517 4979 1976 5050 incantatoribus,
2008 4993 2063 5040 et

464 5068 758 5125 Gazarenis
796 5069 962 5141 496
987 5079 1145 5140 atque
1171 5069 1441 5128 Chaldaeis
1471 5072 1839 5141 sapientiores
1869 5091 2054 5147 reper-

466 5169 568 5227 tos,
602 5171 655 5215 et
685 5158 907 5232 Moysen
939 5163 1084 5216 omni
1119 5163 1383 5232 sapientia
1413 5173 1468 5230 et
1495 5165 1744 5221 doctrina
1771 5165 2056 5240 Egyptio-

461 5268 582 5308 rum
609 5254 899 5310 eruditum.
933 5253 1223 5311 Multorum
1253 5271 1384 5328 ergo
1414 5257 1678 5313 malorum
1708 5259 1923 5314 occasio
1951 5270 2058 5329 est,

462 5345 510 5400 si
537 5345 655 5416 quis
688 5348 741 5402 in
768 5347 1064 5418 Scripturae
1089 5365 1252 5405 carne
1280 5359 1623 5428 permaneat.
1648 5351 1778 5420 Quae
1800 5354 1890 5423 qui
1913 5353 2060 5410 fece-

461 5438 593 5505 rint,
615 5455 837 5511 regnum
865 5442 958 5498 Dei
980 5457 1087 5498 non
1111 5455 1536 5516 consequentur.
1561 5446 1926 5513 Quamobrem
1950 5451 2056 5520 spi-

466 5531 629 5588 ritum
672 5533 967 5605 Scriptura:
1009 5535 1324 5609 fructusque
1355 5553 1685 5609 quaeramus,
1713 5541 1803 5612 qui
1831 5555 1937 5597 non
1967 5541 2051 5598 di-

531 5671 896 5755 ndcontrario
923 5689 1104 5755 sensu
1143 5682 1284 5755 unus
1318 5677 1548 5735 Palatia.
1581 5679 1787 5752 absque
1815 5681 2050 5755 negandi

459 5743 740 5822 particula,
762 5747 807 5799 si
835 5747 997 5802 altius
1018 5750 1235 5822 aliquid.

533 5811 561 5852 δ
591 5811 737 5873 Idem
779 5832 907 5886 ms.,
947 5835 1068 5875 caro
1096 5811 1209 5892 ejus
1239 5839 1332 5879 nos
1377 5833 1636 5893 provocet.
1665 5823 1785 5882 Mox
1833 5841 2048 5898 quoque

2174 4699 2253 4752 uis
2277 4699 2411 4753 enim
2441 4699 2526 4754 lex
2563 4701 2617 4754 in
2647 4717 2750 4754 uno
2779 4717 3012 4756 sermone
3058 4700 3320 4774 impletur.
3356 4699 3561 4772 Diliges
3586 4697 3748 4772 proxi-

2171 4810 2311 4847 mum
2336 4802 2479 4847 tuum
2507 4796 2640 4849 sicut
2666 4795 2904 4866 teipsum.
2932 4797 3034 4866 Qui
3055 4811 3176 4852 cum
3204 4807 3351 4853 esset
3380 4797 3524 4854 liber
3551 4810 3621 4852 ex
3648 4807 3752 4850 om-

2172 4888 2353 4954 nibus,
2383 4888 2626 4942 omniutn
2659 4903 2720 4944 se
2749 4900 2976 4960 prapter
3001 4889 3321 4946 charitatem
3353 4905 3586 4947 servum
3615 4887 3750 4954 fecit,

2170 4991 2228 5037 ut
2253 4981 2437 5053 plures
2465 4981 2818 5039 lucrifaceret
2845 4983 2890 5055 (l
2918 4982 3038 5040 Cor.
3071 4986 3217 5056 xm),
3249 4995 3404 5041 recte
3437 4986 3681 5040 hortatur
3707 4989 3756 5036 et

2168 5086 2421 5145 caeteros,
2451 5084 2512 5130 ut
2558 5090 2654 5146 per
2682 5075 3004 5132 charitatem
3036 5076 3142 5132 sibi
3182 5077 3431 5132 serviant
3463 5095 3477 5131 :
3511 5093 3630 5148 qua:
3658 5088 3754 5129 non

2168 5169 2362 5238 quierit
2387 5167 2530 5239 quod
2558 5182 2716 5223 suum
2747 5177 2857 5234 est,
2886 5167 2979 5223 sed
3020 5171 3163 5239 quod
3205 5170 3467 5239 proximi.
3492 5168 3596 5238 Qui
3624 5165 3752 5224 enim

2167 5260 2284 5314 vult
2310 5260 2429 5316 ﬁeri
2454 5260 2685 5330 primus,
2711 5260 2815 5315 erit
2835 5259 3076 5316 omnium
3101 5276 3292 5316 servus
3315 5259 3545 5335 (Mare,
3564 5277 3616 5326 x,
3638 5257 3754 5330 44):

2171 5364 2230 5408 ut
2257 5353 2534 5424 quomodo
2563 5353 2814 5410 Salvator
2841 5353 2893 5408 in
2934 5353 3108 5408 forma
3142 5354 3233 5410 Dei
3265 5355 3626 5421 consumtus,
3656 5365 3756 5408 non

2169 5447 2416 5523 rapinam
2453 5446 2748 5503 arbitratus
2779 5456 2866 5504 est
2909 5461 3034 5505 esse
3077 5462 3140 5504 se
3178 5448 3448 5519 :cqualem
3490 5447 3625 5516 Deo,
3667 5443 3755 5500 sed

2163 5545 2401 5616 seipsum
2427 5542 2746 5608 exinanivit,
2783 5543 3014 5598 formam
3060 5543 3203 5599 servi
3243 5543 3550 5615 accipiens,
3580 5551 3633 5600 et
3661 5538 3749 5596 ha-

2163 5697 2263 5754 pro
2293 5683 2482 5749 decies,
2517 5679 2704 5754 habet,
2738 5680 2844 5735 dici
2869 5697 2975 5737 eos.

2237 5766 2258 5793 ε
2313 5759 2481 5836 antea
2508 5753 2834 5836 legebatur,
2879 5753 3292 5821 continentiam;
3346 5752 3544 5827 legunt
3596 5749 3754 5811 nostri

2160 5840 2292 5883 mss.
2325 5831 2378 5882 in
2406 5831 2578 5882 recto.
