3962 6338
223 296 305 355 109

658 285 1313 349 COMMENTARIORUM
1355 285 1420 343 IN
1465 284 1858 344 EPISTOLAM
1901 288 1994 347 AD
2032 287 2357 346 GALATAS
2395 289 2530 347 LIB.
2574 289 2660 348 lll.
2700 289 2856 348 CAP.
2898 292 2967 350 ν.

3354 293 3464 354 410

219 415 310 471 bitu
335 413 568 468 inventus
597 417 656 464 ut
686 407 871 476 homo,
909 403 1219 462 humiliavit
1263 406 1642 475 semetipsum,
1676 405 1757 458 la-
1788 408 1846 469 Α
1867 404 2088 461 diabolo
2116 415 2458 478 expugnatur
2503 407 2557 462 in
2594 407 2773 473 nobis,
2799 423 2871 465 ne
2911 406 3082 466 Deum
3113 423 3251 482 pura
3279 418 3461 467 mente

216 520 314 567 ctus
332 504 577 562 obediens
603 518 776 574 usque
801 501 868 558 ad
892 511 1149 570 mortem,
1176 508 1411 557 mortem
1431 511 1613 554 autem
1634 513 1758 555 cru-

211 604 277 660 cis
293 600 502 673 (Pltitip.
529 598 593 668 ιι)
623 614 638 652 :
662 596 734 652 ita
753 604 807 652 et
827 610 926 652 nos
947 608 1303 667 quaecumque
1327 600 1449 648 ante
1473 592 1574 648 sub
1602 591 1764 664 Legis

212 694 502 751 necessitate
530 691 710 747 facere
735 690 1080 757 videbamur,
1122 704 1265 745 nunc
1313 689 1573 756 sciamus,
1607 685 1764 742 nobis

207 788 394 855 liberis,
417 785 581 856 magis
603 798 702 856 per
728 783 1054 840 charitatem
1076 798 1198 839 esse
1227 781 1498 838 facienda.
1530 782 1763 838 Tantum

206 894 362 938 autem
394 880 586 935 bonum
607 889 693 936 est
717 878 978 948 cbaritas,
1003 889 1062 932 ut
1088 878 1268 933 omnis
1297 877 1382 932 lex
1411 877 1462 931 in
1495 876 1586 931 illa
1615 889 1765 931 reca-

205 974 459 1047 pituletur.
495 972 795 1028 Enumerat
823 979 879 1028 et
907 971 960 1026 in
989 969 1096 1025 alio
1120 970 1240 1026 loco
1269 968 1562 1042 Apostolus
1587 967 1766 1022 chari-

205 1069 312 1122 tatis
335 1065 486 1129 bona,
517 1064 708 1119 dicens
743 1081 757 1118 :
789 1062 915 1118 Non
946 1063 1170 1128 zelatur,
1209 1079 1314 1118 non
1343 1064 1451 1134 agit
1496 1077 1764 1136 perperam

203 1164 240 1238 (ι
269 1163 380 1219 Cor.
416 1177 529 1229 xm,
561 1164 615 1231 7,
649 1161 732 1232 8).
765 1161 1058 1234 Multisque
1090 1161 1143 1216 in
1168 1161 1347 1216 medio
1375 1159 1673 1230 replicatis,
1711 1158 1764 1214 in

203 1259 293 1315 fine
314 1257 580 1314 concludit
609 1274 625 1312 :
660 1255 853 1312 Omnia
881 1267 1084 1326 sperat,
1118 1257 1294 1310 omnia
1321 1255 1560 1322 sustinet,
1587 1253 1763 1308 chari-

201 1362 266 1406 tas
283 1366 547 1420 numquam
587 1350 805 1405 excidit.
842 1349 908 1404 Et
935 1348 1190 1405 Salvator
1221 1347 1271 1401 in
1298 1346 1614 1416 Evangelio,
1662 1343 1764 1398 hoc

198 1445 386 1515 signum
412 1442 516 1509 sui,
541 1443 638 1508 ait,
665 1456 788 1497 esse
807 1440 1154 1512 discipuli,~si
1185 1437 1293 1510 [AL
1321 1437 1400 1512 ut]
1425 1437 1614 1508 diligat
1636 1450 1762 1506 pro-

196 1538 383 1593 ximum
412 1535 628 1606 (Matth.
661 1532 821 1606 uti).
851 1534 1005 1604 Quod
1037 1534 1258 1606 quidem
1290 1542 1419 1604 puto
1449 1546 1556 1586 non
1585 1530 1761 1585 solum

198 1626 502 1692 hominibus,
527 1625 626 1683 sed
651 1626 820 1683 etiam
844 1625 1052 1697 angelis
1078 1627 1389 1682 convenire.
1421 1623 1558 1680 Aliis
1584 1622 1764 1679 verbis

195 1722 397 1795 idipsum
427 1722 630 1778 dicitur
666 1740 678 1776 :
716 1721 844 1789 Qum
877 1721 1015 1776 vobis
1044 1721 1161 1792 fieri
1190 1737 1290 1775 non
1330 1719 1504 1787 uultis,
1545 1718 1666 1773 aliis
1701 1734 1764 1772 ne

1868 497 2176 554 videamus.
2216 499 2447 567 Quando
2486 498 2634 556 enim
2673 499 2874 557 sedens
2916 502 3108 575 loquor
3135 509 3322 560 contra
3352 502 3465 559 fra-

1868 599 2009 647 trem
2042 607 2244 663 meum,
2295 603 2348 649 et
2399 603 2588 649 contra
2627 595 2800 650 filium
2833 604 2860 669 τι
2891 597 3083 652 matris
3132 612 3268 654 mea:
3315 611 3460 668 pono

1868 683 2186 740 scandalum
2228 684 2345 756 (Ps.
2385 702 2532 752 sua,
2564 686 2681 759 20),
2711 687 2931 760 quando
2973 688 3149 745 aliena
3199 698 3461 760 torqueor

1865 774 2148 843 felicitate,
2180 788 2236 833 et
2281 778 2515 834 alterius
2557 780 2782 850 bonum,
2827 797 3010 837 meum
3060 782 3265 838 malum
3298 784 3460 853 facio,

1867 887 2051 928 nonne
2079 875 2182 928 hoc
2208 872 2355 943 quod
2388 875 2657 945 sequitur,
2697 875 2752 932 in
2784 890 2874 932 me
2903 877 3158 946 expletur
3190 895 3204 933 :
3240 876 3301 934 Si
3330 879 3462 934 int-i-

1866 982 1974 1022 cem
2007 967 2257 1022 mordctis
2300 977 2345 1022 et
2376 969 2664 1034 comeditis,
2699 968 2866 1024 videte
2895 985 2960 1024 ne
2989 969 3052 1024 ab
3083 971 3304 1026 invicem
3342 988 3466 1028 con-

1865 1060 2177 1115 sumamini?
2203 1057 2499 1117 Charitatis
2533 1059 2560 1099 δ
2596 1077 2716 1117 rara
2745 1063 3020 1133 possessio
3049 1071 3152 1118 est.
3183 1063 3318 1130 Quis
3346 1064 3462 1119 vult

1868 1151 1986 1223 ipse
2033 1151 2326 1207 anathema
2352 1167 2479 1208 esse
2527 1168 2554 1206 a
2599 1151 2818 1208 Christo
2863 1169 2961 1224 pro
3013 1153 3276 1210 fratribus
3321 1156 3458 1223 suis,

1866 1243 2194 1315 Apostolum
2225 1246 2503 1316 sequens?
2532 1245 2666 1314 Quis
2693 1245 2861 1319 499
2885 1262 3008 1302 cum
3040 1247 3352 1318 lugentibus
3378 1247 3463 1303 lu-

1865 1352 2024 1409 gens.
2057 1352 2179 1393 cum
2209 1337 2581 1408 gaudentibus
2597 1340 2862 1409 gaudens,
2889 1339 3075 1394 alieno
3096 1338 3322 1395 vulnere
3341 1338 3464 1394 vul-

1866 1431 2128 1488 neratur?
2156 1431 2290 1500 Quis
2323 1431 2512 1488 fratris
2543 1441 2718 1488 morte
2748 1432 3080 1502 perimitur?
3109 1432 3318 1491 Omnes
3346 1449 3462 1490 ma-

1865 1526 1946 1597 gis
1971 1534 2244 1582 amatores
2267 1527 2462 1596 nostri,
2486 1543 2648 1596 quam
2672 1541 2947 1584 amatores
2967 1527 3067 1584 Dei
3095 1544 3302 1584 sumus.
3323 1529 3462 1587 Vide

1865 1629 2128 1692 quantum
2165 1619 2366 1676 bonum
2399 1620 2472 1675 sit
2504 1619 2805 1676 charitatis.
2841 1620 2899 1676 Si
2926 1622 2999 1676 ita
3027 1622 3349 1695 martyrium
3379 1623 3460 1679 fe-

1865 1712 2127 1778 cerimus,
2157 1723 2214 1768 ut
2248 1724 2467 1768 nostras
2498 1715 2730 1770 velimus
2761 1713 2830 1769 ab
2856 1714 3172 1770 hominibus
3203 1715 3463 1787 reliquias

195 1817 408 1889 feceritis,
434 1825 481 1872 et
509 1831 626 1888 qua:
659 1816 814 1871 vultis
860 1826 914 1869 ut
953 1815 1095 1870 vobis
1132 1814 1330 1886 faciant
1367 1811 1621 1878 homines,
1653 1811 1761 1867 lucc
1790 1804 1837 1865 B
1867 1804 2120 1860 honorari
2158 1822 2171 1860 :
2219 1806 2267 1861 εἰ
2297 1806 2616 1876 opinionem
2667 1807 2814 1878 vulgi
2852 1816 3150 1875 sectantes,
3206 1808 3463 1880 intrepidi

193 1912 345 1967 eadem
382 1921 427 1965 et
454 1926 541 1966 eos
571 1912 644 1967 eis
675 1912 827 1980 facile
855 1909 1090 1966 similiter
1115 1909 1308 1984 (lbid.,
1337 1923 1432 1976 vtt,
1482 1909 1587 1979 1‘2).
1620 1906 1760 1964 Nolo

193 2001 458 2058 adulterari
499 2017 729 2059 uxorem
779 2017 979 2071 meam,
1014 2002 1139 2058 nolo
1180 2001 1540 2056 substantiam
1572 1999 1757 2071 diripi,

193 2096 301 2152 nolo
325 2112 406 2154 me
431 2095 577 2153 falso
596 2095 834 2168 opprimi
859 2096 1199 2162 testimonio,
1229 2105 1287 2152 et
1308 2097 1576 2152 ut'cuncta
1607 2094 1757 2150 brevi

194 2204 416 2246 sermone
443 2189 931 2260 comprehendam,
966 2190 1190 2261 indigne
1234 2189 1352 2246 fero
1380 2189 1583 2261 aliquid
1624 2187 1758 2245 mihi

191 2280 290 2337 ﬁeri
310 2281 442 2354 quod
471 2283 739 2353 iniustum
762 2293 866 2338 est.
891 2283 1021 2338 llaec
1041 2283 1233 2338 eadem
1257 2285 1301 2339 si
1323 2282 1606 2356 ﬁss‘per
1629 2282 1759 2338 cha»

191 2377 377 2432 ritstem
404 2377 458 2432 in
488 2392 579 2433 me
601 2384 948 2447 operantem,
980 2377 1067 2434 vel
1099 2377 1282 2434 fecero
1312 2379 1496 2447 alteri,
1527 2378 1615 2433 vel
1665 2393 1759 2434 vo-

188 2467 339 2535 luero,
367 2469 451 2526 lex
478 2471 663 2526 omnis
693 2469 917 2542 impleta
947 2471 1174 2528 est.Nec
1205 2471 1424 2528 difficile
1451 2482 1534 2528 est
1559 2471 1760 2528 docere

188 2564 428 2633 quomodo
454 2563 717 2622 universa
742 2567 1036 2636 praecepta,
1065 2582 1172 2622 non
1196 2567 1575 2634 occides,‘non
1607 2567 1762 2622 adul-

190 2655 384 2726 terabis,
416 2673 526 2713 non
553 2657 848 2725 furaberis,
879 2674 988 2714 non
1019 2659 1214 2716 falsum
1265 2660 1645 2716 testimonium
1676 2659 1759 2715 di-

187 2765 283 2818 ces,
303 2760 353 2806 et
371 2761 571 2807 caetera
596 2751 686 2806 his
701 2752 926 2820 similia,
944 2767 1047 2807 una
1067 2752 1354 2808 cbaritatis
1377 2752 1758 2820 observatione

189 2851 467 2902 teneantur.
497 2845 623 2902 Hoc
645 2846 942 2903 ostendere
969 2847 1199 2902 arduum
1227 2857 1333 2916 est,
1359 2847 1632 2917 quomodo
1659 2848 1760 2904 ho-

187 2938 288 2992 stizc
313 2953 552 3012 quoque,
584 2954 708 3011 quae
729 2940 781 2994 in
815 2937 1062 2996 Levitico
1091 2950 1218 2996 sunt
1250 2950 1559 3011 praeceptae,
1593 2949 1650 2997 et
1679 2942 1757 2998 ci—

192 3031 361 3089 borum
381 3035 463 3090 vel
487 3034 848 3104 abstinentia,
877 3037 962 3091 vel
986 3037 1303 3107 permissio,
1324 3050 1447 3092 cum
1469 3035 1575 3092 alia
1603 3051 1759 3093 mun-

186 3129 260 3194 da,
295 3129 393 3186 alia
431 3130 695 3186 dicantur
736 3131 1018 3186 immunda
1041 3173 1054 3197 ,
1105 3131 1508 3187 solemnitatum
1538 3146 1756 3202 quoque

182 3221 302 3294 iugis
326 3237 417 3294 per
434 3238 613 3280 annos
638 3239 921 3291 recursus,
954 3225 1006 3280 in
1027 3239 1138 3280 uno
1168 3225 1450 3282 cltaritatis
1481 3235 1755 3295 praecepto

185 3317 610 3387 recapitulentur.
641 3317 759 3372 Nisi
806 3317 947 3374 forte
976 3317 1101 3388 quis
1131 3318 1224 3373 illo
1255 3332 1314 3373 se
1344 3317 1663 3384 transferat,
1694 3327 1754 3372 ut

185 3409 390 3467 afﬁrmet
431 3413 642 3485 Legem
684 3411 1025 3484 spiritualem
1059 3426 1202 3476 esse,
1250 3422 1305 3468 et
1347 3411 1671 3482 imaginibus
1699 3422 1753 3469 et

184 3506 563 3576 exemplaribus
596 3519 698 3561 nos
740 3504 1048 3561 ctelestium
1079 3503 1414 3572 deservisse,
1462 3515 1750 3576 antequam

185 3609 320 3653 vetus
348 3598 604 3654 Pontifex
632 3597 924 3655 adveniret
955 3614 968 3652 :
997 3598 1090 3669 qui
1121 3607 1406 3669 postquam
1441 3598 1612 3654 semel
1642 3599 1752 3653 sei-

184 3704 314 3759 psum
343 3689 581 3746 offerens
609 3690 912 3755 victimam,
948 3704 1048 3744 suo
1076 3690 1338 3761 sanguine
1369 3704 1468 3745 nos
1499 3689 1751 3755 redemit,

184 3785 334 3840 omnis
369 3786 458 3842 illa
514 3785 717 3857 priscae
764 3784 926 3856 Legis
954 3786 1204 3852 varietas,
1241 3795 1297 3841 et
1329 3783 1648 3853 difficultas,
1697 3785 1750 3840 in

182 3876 328 3945 ipsius
345 3895 513 3951 super
538 3880 796 3935 homines
815 3879 1109 3936 dilectione
1133 3881 1403 3952 completa
1426 3889 1530 3935 est.
1565 3882 1748 3936 lntan-

183 3979 275 4026 tum
302 3973 493 4044 quippe
524 3973 696 4029 Pater
730 3975 930 4028 amavit
963 3973 1250 4036 mundum,
1281 3981 1341 4028 ut
1366 3972 1564 4029 Filium
1593 3988 1750 4029 suum

181 4061 558 4135 cltarissimum,
594 4074 651 4122 et
683 4065 1017 4137 unigenitum
1042 4066 1197 4121 daret
1221 4081 1320 4136 pro
1350 4065 1529 4121 nobis.
1561 4065 1621 4120 Ei
1651 4079 1750 4120 au-

183 4163 271 4211 tem
297 4159 379 4225 qui
424 4157 604 4214 semel
649 4158 847 4230 spiritu
877 4159 1088 4226 vivens,
1117 4173 1281 4230 opera
1313 4161 1495 4213 carnis
1522 4156 1755 4214 mortifi-

180 4252 318 4318 cavit,
364 4266 417 4308 et
444 4268 473 4308 a
516 4254 810 4310 Salvatore
853 4253 1113 4321 dilectus,
1163 4268 1502 4324 nequaquam
1536 4267 1747 4320 servus,

182 4345 260 4400 sed
299 4349 500 4404 amicus
531 4357 795 4414 vocatur,
833 4361 940 4403 non
980 4356 1065 4403 est
1089 4347 1228 4403 ultra
1259 4346 1370 4402 Lex
1403 4347 1600 4417 posita,
1631 4361 1753 4416 quae

185 4438 342 4508 impiis
368 4451 426 4520 et
453 4442 863 4513 peccatoribus,
903 4451 958 4497 et
985 4455 1093 4497 non
1135 4440 1397 4511 subjectis
1431 4449 1486 4496 et
1527 4439 1751 4496 nefariis

183 4534 448 4590 constituta
478 4545 590 4591 est.
626 4537 696 4589 At
726 4548 869 4589 nunc
914 4549 1035 4590 cum
1069 4535 1250 4589 omnia
1278 4550 1400 4605 qua:
1441 4532 1747 4589 difficiliora

179 4633 301 4690 sunt,
329 4627 413 4680 vel
443 4625 665 4681 modica
695 4639 762 4680 ex
794 4635 949 4697 parte
981 4625 1267 4693 faciamus,
1302 4625 1404 4681 hoc
1430 4627 1610 4681 solum
1638 4642 1744 4681 non

180 4712 400 4779 facimus.
430 4717 579 4788 quod
622 4725 678 4774 et
721 4717 865 4772 factu
908 4717 1118 4772 facilius
1156 4727 1260 4785 est,
1303 4727 1358 4773 et
1402 4718 1610 4788 absque
1639 4733 1746 4788 quo

177 4821 306 4866 cassa
331 4814 735 4869 suntuniversa
759 4827 879 4883 quae
899 4812 1152 4868 facimus.
1175 4811 1374 4881 .lejunii
1401 4825 1603 4881 corpus
1625 4827 1744 4866 sen-

181 4899 231 4954 tit
259 4904 505 4973 injuriam
540 4924 553 4960 :
585 4905 786 4976 vigilite
811 4919 1031 4960 carnem
1064 4914 1350 4960 macerant
1384 4921 1398 4958 :
1440 4904 1746 4976 eleemosy-

178 5007 246 5048 tua
266 4996 444 5054 labore
467 5005 832 5070 quaeruntur:
861 4999 1082 5068 sanguis
1110 4995 1163 5051 in
1189 4995 1475 5068 Martyrio,
1498 4997 1746 5067 quamvis

181 5087 343 5144 ardeat
375 5089 538 5158 fides,
574 5101 758 5146 tamen
785 5090 903 5146 sine
942 5090 1130 5145 dolore
1159 5098 1216 5145 et
1247 5093 1442 5145 timore
1474 5105 1579 5144 non
1620 5089 1745 5144 fun-

178 5177 317 5236 ditur.
350 5182 478 5240 llaec
502 5183 686 5239 omnia
714 5193 846 5239 sunt
872 5184 966 5254 qui
992 5183 1190 5238 faciant
1222 5200 1232 5236 :
1259 5182 1375 5238 sola
1404 5181 1648 5238 charitas
1675 5185 1750 5239 si-

181 5286 236 5327 ne
262 5273 440 5332 labore
470 5284 581 5334 est.
611 5275 686 5332 Et
723 5276 849 5348 quia
883 5275 1002 5332 sola
1030 5289 1131 5332 cor
1175 5275 1433 5331 mundum
1481 5275 1674 5344 efficit,
1722 5292 1753 5332 a

238 5417 260 5447 ι
295 5410 544 5466 Martian.
575 5410 806 5482 legerat,
848 5411 1028 5482 fratris
1071 5411 1197 5478 mei,
1217 5424 1354 5480 'pro,
1387 5415 1564 5466 matris
1594 5429 1743 5478 meae,
1773 5451 1775 5454 ‹

1865 1901 2183 1972 sanguinem
2209 1899 2534 1970 fuderimus,
2557 1901 2993 1958 etsubstantiam
3020 1911 3264 1959 nostram
3294 1917 3465 1973 usque

1862 1995 1929 2049 ad
1983 1995 2396 2052 mendicitatem
2444 1999 2720 2068 pr0priam
2771 1996 3119 2067 dederimus,
3171 1996 3300 2054 huic
3349 1997 3463 2070 [Αι.

1863 2088 2016 2162 hinc]
2040 2091 2196 2161 operi
2225 2105 2332 2146 non
2361 2102 2468 2148 tam
2501 2093 2783 2162 praemium
2809 2107 2972 2163 quam
3005 2106 3163 2164 pmna
3189 2092 3460 2148 debetur:

1861 2195 1917 2240 et
1953 2184 2201 2255 perfidiae
2251 2187 2426 2257 magis
2467 2195 2740 2242 tormenta
2768 2193 2920 2255 sunt,
2948 2200 3110 2258 quam
3137 2200 3345 2244 corona
3374 2186 3460 2242 vi-

1861 2283 2071 2339 ctoriae.

1933 2377 2114 2448 (Vers.
2152 2377 2265 2447 l5.)
2299 2376 2453 2443 Quod
2482 2377 2527 2431 si
2554 2378 2766 2432 invicem
2794 2377 3064 2443 mordetis,
3095 2386 3145 2433 et
3167 2377 3456 2445 comeditis,

1861 2470 2026 2525 videte
2047 2486 2109 2524 ne
2137 2469 2202 2524 ab
2222 2470 2439 2524 invicem
2467 2471 2867 2525 consumamini.
2902 2470 3092 2526 Potest
3121 2470 3225 2526 hoc
3252 2479 3306 2526 et
3329 2471 3461 2526 sim-

1862 2564 2075 2635 pliciter
2096 2564 2289 2634 accipi,
2321 2580 2388 2620 ne
2409 2564 2760 2620 detrahamus
2783 2564 3044 2631 invicem,
3079 2578 3151 2622 ne
3173 2564 3463 2621 maledicto

1861 2672 1961 2714 nos
2014 2669 2270 2730 putemus
2335 2659 2564 2729 ulcisci,
2619 2675 2687 2715 ne
2748 2658 3063 2715 contristati
3135 2659 3465 2716 contristare

1859 2753 2164 2822 cupiamus,
2194 2760 2250 2808 et
2280 2750 2487 2808 similes
2521 2751 2846 2818 bestiarum,
2885 2751 3141 2808 mordere
3162 2750 3369 2822 pariter
3405 2759 3464 2807 et

1861 2845 2164 2901 remorderi
2197 2892 2211 2916 ,
2288 2855 2347 2902 ut
2404 2855 2530 2916 post
2601 2859 2822 2901 morsus
2897 2853 3158 2916 sequatur
3212 2842 3461 2899 interitus

1859 2950 2023 3013 atque
2070 2941 2434 3012 consumptio.
2490 2940 2684 2997 Melius
2732 2949 2918 2996 autem
2971 2949 3088 3006 est,
3149 2953 3219 2995 ne
3267 2948 3460 2995 contra

1859 3038 2128 3092 rationem
2166 3047 2219 3092 et
2262 3037 2433 3091 totius
2459 3035 2716 3107 Epistula:
2764 3035 3240 3104 consequentiam,
3277 3031 3461 3088 subito

1862 3133 1916 3188 in
1970 3131 2410 3189 extraordinaria
2463 3140 2758 3202 praecepta,
2807 3129 3007 3185 Paulus
3039 3137 3310 3198 erumpat,
3355 3125 3460 3182 hoc

1863 3224 1934 3282 ita
1979 3225 2323 3296 intelligere,
2365 3234 2425 3281 ut
2467 3225 2534 3280 ad
2592 3223 3068 3280 circumcisionem
3120 3221 3460 3278 observatio-

1857 3333 2093 3389 nemque
2116 3317 2278 3387 Legis
2302 3326 2496 3374 cuncta
2527 3318 2852 3374 referamus.
2879 3317 2936 3371 Si
2960 3331 3078 3384 vos,
3099 3315 3298 3385 inquit,
3331 3329 3464 3370 con-

1855 3409 2078 3465 turbant
2105 3409 2223 3475 alii,
2252 3425 2350 3464 vos
2379 3417 2562 3464 autem
2585 3408 3015 3465 conturbamini.
3041 3407 3100 3464 Si
3129 3417 3297 3462 totam
3315 3405 3465 3462 Scri-

1856 3510 2071 3574 pturam
2106 3511 2349 3558 veterem
2383 3501 2654 3573 legentes,
2703 3500 2781 3558 sic
2816 3499 3126 3572 intelligitis
3151 3508 3214 3555 ut
3257 3500 3460 3572 scripta

1855 3601 1941 3650 est
1975 3611 1987 3648 :
2017 3593 2238 3648 Oculum
2263 3611 2357 3667 pro
2379 3593 2530 3650 oculo
2561 3610 2580 3649 :
2601 3596 2805 3650 dentem
2830 3611 2924 3666 pro
2950 3593 3103 3648 dente
3128 3592 3312 3664 (Deut.
3342 3608 3461 3659 xu,

1854 3685 1976 3758 21),
2018 3696 2074 3742 et
2116 3688 2198 3742 ira
2229 3687 2505 3743 desiderat
2553 3691 2839 3753 ultionem,
2885 3687 3020 3741 ultio
3053 3700 3186 3742 vero
3233 3687 3463 3754 imponit

1855 3779 2142 3836 dolorem:
2174 3781 2316 3852 quod
2348 3780 2459 3836 Lex
2487 3797 2594 3836 non
2617 3782 2790 3836 solum
2823 3795 2930 3835 non
2959 3779 3234 3850 prohibet,
3267 3793 3456 3834 verum

1856 3875 2021 3932 etiam
2049 3875 2322 3945 prmcipit,
2366 3873 2632 3943 justitiam
2670 3876 2722 3929 in
2775 3873 2981 3927 talione
3022 3871 3340 3934 reSIituens,
3374 3885 3464 3926 se-

1855 3969 2065 4039 quitur,
2094 3977 2154 4022 ut
2174 3977 2230 4022 et
2255 3967 2691 4032 nudatusuudet,
2719 3977 2770 4022 et
2789 3967 3109 4020 vulneratus
3123 3963 3458 4027 revuluerct,

1855 4070 1910 4118 et
1953 4073 1974 4101 ε
2014 4073 2291 4118 comestus
2321 4061 2664 4127 remordeat,
2722 4069 2776 4115 et
2821 4073 2942 4129 quae
2987 4056 3205 4112 videtur
3245 4055 3457 4126 justitia

1854 4170 2001 4221 esse,
2050 4154 2416 4224 comsumptio
2465 4155 2571 4219 sit,
2628 4167 2736 4208 non
2790 4166 2954 4206 unum
3004 4149 3309 4214 vindicans,
3360 4148 3458 4204 sed

1856 4260 2146 4318 utrumque
2172 4263 2520 4305 consumens.
3097 4266 3100 4267 ν

1925 4344 2106 4415 (Vers.
2138 4343 2254 4413 16.)
2289 4341 2418 4398 Dico
2444 4352 2618 4397 autem
2649 4358 2667 4396 :
2701 4341 2906 4412 Spiritu
2931 4339 3214 4405 ambulate,
3247 4347 3294 4394 et
3322 4339 3462 4394 desi—

1854 4438 2058 4492 derium
2083 4437 2259 4491 carnis
2287 4452 2388 4490 non
2419 4435 2717 4508 per/Scietis.
2748 4434 2812 4489 Et
2844 4433 2944 4488 hoc
2975 4432 3138 4504 500
3157 4430 3454 4487 secundum

1856 4530 2138 4600 superiora
2186 4529 2484 4598 dupliciter
2528 4526 2939 4595 accipiendum,
2976 4538 3031 4579 ut
3072 4527 3319 4579 dicamus
3362 4537 3459 4578 eos

1855 4626 1944 4695 qui
1959 4624 2154 4693 spiritu
2178 4638 2344 4693 opera
2365 4621 2548 4676 carnis
2565 4621 3016 4675 mortificaverint
3033 4619 3080 4674 ei
3104 4617 3462 4674 seminaverit

1856 4717 1910 4772 itt
1929 4717 2144 4787 spiritu,
2161 4716 2296 4771 utde
2310 4716 2502 4785 spiritu
2522 4715 2905 4770 metantvitam
2921 4725 3206 4782 teternam,
3221 4711 3464 4784 quoties-

1856 4827 2086 4883 cumque
2100 4812 2432 4881 voluptatem
2447 4811 2630 4865 carnis
2653 4811 2926 4865 senserint
2941 4808 3188 4874 titillare,
3211 4823 3317 4862 non
3337 4822 3463 4879 pcr-

1857 4906 2019 4961 ficere
2064 4905 2392 4960 desiderium
2449 4904 2567 4974 ejus
2616 4903 2782 4976 (quod
2831 4903 3050 4974 quidem
3093 4902 3138 4957 si
3183 4900 3459 4970 expletum

1854 4995 2038 5062 fuerit,
2071 4995 2303 5051 blandiri
2327 4995 2544 5050 videtur
2565 4994 2630 5050 ad
2659 4995 2920 5065 tempus),
2950 4995 3047 5049 sed
3069 4994 3264 5064 spiritu
3288 4989 3459 5045 refre-

1855 5105 2008 5155 nare,
2032 5101 2086 5145 et
2115 5089 2412 5145 secundum
2443 5090 2770 5144 sententiam
2805 5087 3060 5144 Historici
3091 5081 3366 5159 (Sallust.)
3394 5080 3418 5117 ι¹
3441 5124 3457 5148 ,

1855 5181 2038 5239 Animi
2083 5182 2333 5254 imperio,
2382 5184 2630 5251 corporis
2656 5181 2881 5236 servitio
2909 5180 3081 5250 magis
3109 5179 3314 5232 vivere.
3346 5173 3458 5230 Nec

1855 5291 1962 5333 non
1979 5274 2202 5340 etillud,
2217 5273 2340 5346 quia
2362 5274 2473 5330 Lex
2487 5273 2791 5345 spiritualis
2804 5281 2889 5329 est
2905 5271 3081 5353 (liam.
3100 5267 3220 5340 vn),
3239 5277 3411 5322 etnon
3430 5275 3454 5304 ο

1852 5423 2010 5483 rupte.
2040 5423 2218 5468 autem
2251 5421 2378 5468 ante
2409 5421 2523 5468 tres
2554 5427 2767 5474 versus,
2790 5411 3060 5484 justitiam
3091 5411 3144 5464 in
3173 5408 3270 5464 tali
3297 5425 3453 5466 onere

177 5477 598 5539 dissentientibus
626 5477 763 5538 mss.
787 5477 1044 5547 et'sacro,
1073 5477 1247 5554 quem
1265 5482 1457 5567 alludit
1478 5477 1746 5558 Hierauy-L
1847 5477 2142 5567 instituens,
2176 5500 2296 5554 pro,
2327 5486 2382 5539 in
2409 5487 2604 5539 talione
2627 5477 2922 5567 restituens.

176 5564 278 5607 mus
297 5563 459 5609 textu.

235 5621 260 5660 ι’
294 5626 474 5681 Codex
517 5624 792 5692 Palatinus
833 5625 936 5682 sub
973 5626 1282 5683 asserentis
1314 5634 1465 5690 nota,
1504 5625 1747 5683 Charitas

178 5702 283 5771 eum
310 5695 442 5768 (sec.
463 5712 609 5752 man.
627 5701 776 5769 rara)
798 5698 1051 5768 possessio
1067 5707 1141 5754 est
1166 5699 1236 5766 ei,
1253 5699 1462 5771 quivult
1492 5700 1600 5770 ipse
1619 5717 1750 5754 ana-

180 5764 329 5821 thema
355 5784 482 5834 esse,
508 5776 613 5826 etc.

242 5847 263 5876 ε
301 5837 518 5899 Rectius
546 5840 716 5899 Palat.
745 5855 848 5900 ms.
889 5851 938 5900 et
966 5854 1217 5900 conrasas
1247 5839 1569 5901 remordeat.
1607 5841 1742 5901 Cor-

1924 5553 1952 5593 ἀ
1992 5555 2140 5612 Idem
2180 5553 2289 5611 ’ms.
2330 5571 2452 5612 cum
2485 5555 2715 5625 negandi
2746 5554 3029 5626 particula,
3071 5553 3312 5609 blandire
3341 5571 3446 5610 non

1852 5626 2078 5683 videtur.
2105 5628 2204 5683 Est
2226 5642 2390 5697 porro
2410 5626 2654 5690 Salustii,
2686 5625 2850 5696 quam
2883 5625 3087 5690 laudat,
3122 5627 3392 5682 sententia

1854 5701 2027 5754 Animi
2056 5701 2292 5769 imperio,
2324 5698 2784 5770 carparisservitio
2812 5697 2974 5770 magis
3003 5697 3274 5770 utendum.

1930 5781 1954 5808 °
1998 5772 2114 5826 Duo
2130 5766 2398 5826 'mss.non
2413 5766 2539 5838 'quia
2559 5769 2611 5840 in
2637 5768 2912 5838 manifesto
2928 5766 3290 5840 Judwus,gsed
3317 5771 3444 5840 quia

1852 5841 1908 5898 in
1937 5841 2161 5911 occulto,
2202 5850 2249 5898 et
2286 5837 2729 5901 circumcisionem
2769 5837 2938 5896 cordis
2974 5840 3027 5895 in
3062 5838 3295 5912 spiritu,
3330 5837 3442 5898 non
