3962 6338
491 265 591 323 dli

1724 265 1785 322 S.
1828 266 2102 323 EUSEBII
2138 267 2529 326 HIEHONYMI
3655 280 3740 336 lii

491 388 582 460 qui
622 387 675 442 in
707 387 1000 442 manifesto
1030 386 1276 453 Judaeus,
1309 387 1402 443 sed
1435 389 1524 460 qui
1550 390 1602 444 in
1628 387 1866 452 occulto,
1897 395 1953 443 et
1981 387 2087 442 ciro
2117 391 2170 448 Α.
2194 387 2384 443 festius
2436 389 2547 456 flat,
2595 388 2817 460 aliquod
2863 397 3147 445 sumainus
3193 389 3506 460 exemplum
3555 408 3568 444 :
3609 392 3740 464 Cara,

491 481 756 538 cumcisio
785 479 970 535 cordis
998 481 1051 536 in
1081 481 1297 550 spiritu,
1330 497 1436 536 non
1463 481 1664 546 littera,
1690 497 1786 536 eos
1806 483 2090 541 ambulare

493 579 710 646 spiritu,
745 584 799 631 et
827 576 1007 630 carnis
1035 575 1364 631 desiderium
1399 592 1504 630 non
1545 575 1808 646 perficere
1829 577 2085 646 dicimus,

492 673 585 744 qui
620 671 981 740 spiritualiter
1023 670 1378 740 egrediuntur
1405 668 1725 740 Egyptum,
1751 678 1807 724 et
1830 671 2090 740 spiritua-

492 765 600 820 lern
632 780 814 819 escam
857 774 1154 833 patumquc
1191 762 1260 816 de
1291 763 1567 832 spirituali
1614 763 1872 819 hauriunt
1911 774 2085 835 petra,

489 860 581 928 qui
613 872 718 911 non
743 856 1056 927 jndicantur
1087 855 1139 909 in
1173 854 1317 923 cibo,
1351 865 1442 910 aut
1471 858 1522 910 in
1551 867 1705 926 potu,
1733 866 1826 912 aut
1852 858 1904 912 in
1935 868 2088 928 parte

491 951 595 1006 diei
622 950 765 1019 fesri,
791 958 885 1004 aut
909 952 1212 1005 ncomeuize
1237 961 1292 1006 ot
1319 952 1554 1018 sabbati,
1581 954 1674 1007 sed
1705 954 1981 1008 ambulant
2033 958 2086 1010 in

490 1043 742 1097 omnibus
765 1042 1149 1112 spiritualitcr,
1183 1060 1287 1100 non
1319 1047 1661 1114 perticientes
1685 1062 1898 1102 carnea:
1927 1049 2085 1120 legis,

493 1137 755 1191 litterzeve
790 1137 1147 1203 desiderium,
1181 1138 1276 1192 sed
1308 1138 1515 1194 fructus
1561 1148 1835 1197 metentes
1878 1143 2085 1198 intelli-

489 1230 687 1300 gentiae
711 1229 1032 1301 spiritualis.
1062 1232 1242 1285 'i‘ertia
1267 1248 1488 1303 quoque
1510 1233 1888 1302 interpretatio
1911 1252 1940 1290 a
1968 1238 2086 1307 qui-

492 1321 723 1376 busdam
755 1324 806 1376 in
842 1323 946 1376 lroc
972 1323 1094 1377 loco
1117 1323 1259 1379 dicta
1289 1335 1398 1392 est,
1430 1327 1523 1381 sed
1557 1343 1677 1397 qua:
1705 1342 1808 1384 non
1853 1331 2084 1386 multum

492 1415 767 1484 discrepet
793 1430 822 1470 a
855 1417 1114 1485 secunda,
1148 1429 1205 1472 ut
1237 1417 1563 1476 desiderium
1597 1423 1779 1477 carnis
1809 1424 1858 1477 in
1893 1421 1978 1480 bis
1999 1439 2084 1480 as-

490 1517 676 1564 serant
707 1524 827 1565 esse
857 1511 948 1579 qui
997 1513 1204 1580 parvuli
1232 1516 1282 1568 in
1314 1512 1527 1568 Christo
1567 1525 1696 1569 sinit
1725 1535 1738 1569 ι
1771 1517 1878 1573 iter
1901 1528 2084 1574 autem

489 1602 718 1671 spiritus
752 1603 805 1657 in
841 1603 1092 1671 perieCIis
1117 1606 1269 1673 viris,
1300 1619 1354 1660 et
1375 1622 1496 1662 esse
1525 1622 1745 1663 sensum
1776 1625 1789 1663 :
1820 1610 1876 1664 in
1904 1613 2083 1680 gravia

491 1702 602 1749 tate
631 1695 879 1766 spiritus,
926 1696 978 1751 id
1021 1706 1125 1764 est,
1175 1700 1226 1752 in
1270 1699 1464 1755 itinere
1496 1701 1598 1755 viri
1643 1701 1920 1759 ambulate
1965 1719 2085 1774 per-

491 1788 639 1855 fecti,
674 1800 730 1844 et
759 1806 864 1844 non
894 1790 1107 1847 iacietis
1138 1791 1408 1849 desideria
1437 1796 1808 1864 parvulorum.

567 1883 753 1953 (Vt-rs.
789 1884 902 1956 i7.)
935 1883 1070 1940 Caro
1099 1887 1232 1939 enim
1279 1889 1597 1960 concupiscit
1641 1891 1890 1947 adversm
1921 1892 2078 1964 spiri-

490 1989 618 2044 tum,
649 1979 865 2048 spiritus
895 1989 1069 2034 autem
1114 1982 1361 2036 adversus
1400 1999 1625 2040 carnem.
1671 1984 1800 2040 Haec
1826 1989 1961 2042 enim
1987 1985 2082 2044 sibi

491 2071 708 2124 inuicem
745 2071 1108 2151 adversantur,
1155 2085 1210 2126 ut
1250 2091 1352 2128 non
1398 2091 1736 2149 quietumque
1766 2078 1940 2143 vultis,
1989 2079 2084 2134 illa

487 2163 718 2234 faciatis.
761 2164 902 2218 Caro
941 2167 1302 2234 praesentibus
1332 2167 1638 2226 delectatur
1683 2181 1734 2227 et
1783 2172 2078 2230 brevibus:

489 2254 711 2322 Spiritus
741 2257 1019 2326 perpetuis
1049 2266 1102 2312 et
1129 2259 1342 2313 futuris.
1375 2260 1520 2316 inter
1564 2263 1665 2318 lroc
1691 2263 1930 2336 jurgium
1963 2283 2081 2322 me-

487 2345 576 2402 dia
620 2357 645 2384 ι
688 2349 868 2405 anima
908 2351 1181 2418 constitit,
1228 2353 1437 2409 habens
1480 2357 1700 2426 quidem
1745 2357 1799 2412 in
1843 2375 1942 2415 sua
1985 2375 2084 2431 po-

489 2447 687 2496 testate
742 2441 941 2497 bonum
989 2454 1043 2499 et
1088 2445 1321 2514 malum,
1360 2447 1500 2504 velle
1538 2459 1593 2504 et
1625 2450 1794 2520 nolle,
1843 2453 1937 2508 sed
1974 2469 2082 2509 non

488 2533 692 2591 habens
743 2537 844 2592 boc
885 2538 1064 2608 ipsum
1094 2540 1230 2596 velle
1257 2555 1319 2595 ac
1349 2542 1492 2597 nolle
1527 2553 1847 2613 perpetuum
1878 2564 1891 2601 :
1920 2547 2080 2620 501

487 2629 612 2698 quia
679 2628 796 2685 ﬁeri
857 2642 1062 2701 potest,
1105 2642 1165 2687 ut
1211 2649 1333 2688 cum
1389 2635 1541 2690 carni
1608 2640 1972 2706 consenserit,
2027 2651 2085 2696 et

490 2737 656 2793 opera
708 2725 828 2794 ejus
899 2725 1116 2796 iecerit,
1179 2742 1396 2783 rursum
1454 2747 1548 2800 per
1616 2732 1994 2800 paenitentiam
2025 2749 2085 2790 se

497 2816 841 2885 rernorderrs,
887 2817 1108 2887 spiritui
1159 2821 1468 2891 copuletur,
1518 2833 1571 2876 et
1601 2838 1765 2893 opera
1799 2823 1920 2894 ejus
1964 2825 2082 2880 ειη.

487 2907 616 2962 ciat.
646 2907 758 2962 lloc
785 2917 869 2962 est
903 2925 1036 2979 ergo
1076 2911 1220 2981 quod
1264 2913 1338 2966 ait
1375 2932 1388 2968 :
1417 2912 1546 2968 Hrec
1574 2915 1712 2968 enim
1736 2914 1836 2970 sibi
1865 2916 2081 2972 invicem

488 2999 846 3067 adversantur,
874 3001 925 3056 id
959 3013 1063 3069 Bal,
1087 3019 1212 3058 caro
1234 3014 1289 3060 et
1317 3005 1541 3076 spiritus
1572 3025 1584 3062 :
1610 3018 1666 3063 ut
1692 3025 1797 3064 non
1821 3027 2083 3081 quacum-

487 3109 585 3163 que
614 3095 789 3159 vultis,
818 3093 913 3149 illa
943 3097 1170 3166 faciatis.
1206 3099 1320 3154 Non
1352 3117 1458 3170 quo
1496 3103 1773 3172 proprium
1804 3105 1962 3161 nobis
1989 3117 2078 3162 tn-

2194 491 2372 547 terra,
2425 482 2639 546 anima,
2695 498 2934 550 aurum,
2987 483 3248 552 spiritus,
3297 483 3437 553 ignis
3493 496 3740 546 vocentur.

2191 576 2458 645 Quamdiu
2497 593 2693 632 aurum
2729 577 2888 633 fuerit
2930 579 2984 632 in
3027 586 3196 641 terra,
3231 578 3411 648 perdit
3459 581 3744 641 vocabulum

2191 686 2376 739 suum,
2411 679 2465 726 et
2511 688 2540 726 a
2588 681 2732 728 terra
2779 671 2870 726 cui
2917 672 3272 727 commixtum
3311 679 3419 738 est,
3453 674 3742 742 appellatur.

2189 760 2322 816 Cum
2352 777 2480 818 vero
2523 775 2835 834 separatum
2866 764 2936 818 ab
2967 766 3156 830 humo,
3192 763 3311 818 auri
3341 773 3398 820 et
3441 765 3667 835 speciem
3697 778 3744 826 et

2189 872 2387 912 nomen
2408 861 2704 926 acceperit,
2721 874 2914 914 aurum
2935 858 3158 930 quidem
3186 858 3414 924 dicitur,
3427 857 3520 914 sed
3547 861 3746 920 necdum

2190 950 2496 1020 probatum.
2527 952 2584 1008 Si
2633 963 2815 1007 autem
2859 967 2954 1022 per
2992 953 3172 1024 ignem
3207 961 3498 1008 excoctum
3535 953 3750 1015 iueritot

2190 1052 2506 1113 purgatum,
2546 1053 2677 1099 tune
2721 1045 2841 1099 auri
2903 1044 3277 1115 splendorem,
3305 1053 3363 1100 et
3407 1054 3622 1102 ornatus
3675 1049 3748 1106 sui

2186 1139 2380 1207 accipit
2419 1138 2764 1210 dignitatem.
2794 1141 2873 1196 ita
2920 1151 2976 1197 et
3013 1141 3197 1196 anima
3255 1141 3397 1197 inter
3456 1142 3663 1198 humum
3703 1153 3751 1200 et

2188 1234 2386 1303 ignem,
2439 1235 2542 1289 boc
2573 1242 2679 1305 est,
2722 1233 2866 1291 inter
2909 1251 3134 1292 carnem
3184 1237 3547 1308 spiritumque
3586 1239 3746 1294 consi-

2185 1340 2354 1394 stens,
2409 1328 2628 1400 quando
2681 1346 2742 1386 se
2787 1331 3080 1387 tradiderit
3119 1331 3297 1398 carui,
3344 1347 3476 1388 caro
3526 1332 3747 1392 dicitur:

2186 1421 2404 1492 quando
2436 1422 2673 1494 spiritui,
2703 1423 2934 1495 spiritus
2963 1425 3299 1495 appellatur.
3324 1424 3352 1463 δ
3381 1425 3534 1493 Quod
3570 1428 3611 1481 si
3636 1442 3746 1497 pro-

2186 1516 2304 1584 prio
2343 1517 2640 1573 crediderit
2668 1518 2952 1590 cogitatui,
2983 1528 3038 1575 et
3079 1519 3294 1586 absque
3337 1520 3510 1590 gratia
3541 1519 3751 1590 Spiritus

2185 1609 2359 1662 sancti
2392 1610 2636 1666 invenire
2667 1625 2727 1665 se
2771 1612 3124 1668 mstimaverit
3167 1612 3476 1672 veritatem.
3507 1613 3650 1684 quasi
3671 1629 3752 1669 au-

2188 1716 2305 1755 rum
2356 1701 2662 1770 sordidum,
2695 1705 2947 1760 animalis
2995 1705 3232 1760 hominis
3279 1705 3643 1776 appellatione
3682 1707 3749 1762 si-

2110 1781 2158 1842 B
2183 1799 2377 1863 gnatur
2403 1791 2512 1865 [Αι.
2545 1794 2900 1869 signabitur].
2934 1797 3121 1852 Potest
3163 1798 3314 1852 locus
3347 1798 3452 1853 iste
3483 1798 3560 1852 sic
3581 1799 3750 1856 melius

2185 1886 2487 1956 explanari,
2517 1897 2572 1943 et
2615 1889 2768 1960 quasi
2811 1905 2920 1944 una
2965 1891 3139 1946 series
3189 1905 3504 1962 corpusque
3549 1891 3675 1959 ﬁeri,
3701 1907 3753 1948 se

2185 1981 2417 2037 invicem
2469 1993 2716 2048 nectens,
2751 1984 2968 2054 sibique
3014 1999 3122 2039 non
3150 1984 3495 2054 discrepans.
3534 1984 3749 2052 Fratres,

2185 2076 2253 2132 de
2280 2078 2544 2132 servitute
2591 2077 2750 2148 Legis
2783 2078 2959 2133 vocati
2986 2078 3120 2133 estis
3155 2078 3207 2133 in
3231 2077 3518 2150 Evangelii
3549 2079 3751 2134 liberta-

2188 2179 2314 2224 tem.
2351 2169 2547 2224 Verum
2581 2171 2812 2226 obsecro
2843 2185 2964 2235 vos,
2989 2187 3056 2226 ne
3101 2171 3357 2227 libertate
3402 2186 3504 2240 pro
3556 2171 3751 2227 licentia

2186 2261 2506 2331 abutamini,
2533 2271 2587 2319 et
2614 2265 2818 2334 putetis
2845 2263 3002 2318 vobis
3039 2273 3233 2319 cuncta
3264 2263 3526 2334 expedire
3554 2279 3663 2333 quae
3701 2263 3754 2319 li-

2185 2365 2311 2411 cent
2344 2372 2358 2409 :
2388 2355 2638 2427 detisque
2665 2358 3014 2412 occasionem
3045 2357 3209 2430 502
3239 2357 3388 2413 carni
3421 2366 3584 2425 atque
3614 2357 3752 2411 lusu-

2188 2448 2302 2502 riae.
2326 2447 2468 2516 Quin
2502 2447 2678 2516 potius
2708 2449 2907 2504 discite
2935 2450 3079 2519 quod
3114 2450 3338 2505 libertas
3368 2449 3489 2505 haec
3513 2449 3675 2519 major
3693 2449 3754 2504 sit

2186 2540 2442 2606 servitus,
2478 2549 2534 2595 ut
2573 2540 2717 2611 quod
2765 2551 2897 2597 ante
2946 2541 3053 2596 Lex
3085 2541 3155 2597 ab
3199 2542 3384 2596 invitis
3415 2541 3755 2612 extorquebat

2187 2634 2528 2704 obsequium,
2559 2649 2702 2688 nunc
2730 2649 2824 2703 per
2863 2634 3183 2689 cilaritatem
3207 2634 3363 2688 vobis
3401 2634 3628 2689 invicem
3655 2648 3757 2688 ser-

2185 2728 2358 2783 viatis.
2397 2728 2680 2798 Siquidem
2708 2743 2873 2784 omne
2896 2728 3022 2783 illud
3055 2728 3214 2797 Legis
3240 2742 3404 2794 onus,
3431 2738 3488 2783 et
3519 2727 3757 2798 multipli-

2184 2823 2265 2876 cia
2301 2831 2596 2892 praecepta,
2634 2836 2738 2876 non
2788 2830 2894 2877 tam
2933 2821 3156 2877 exclusa
3203 2831 3334 2875 sunt
3376 2833 3475 2891 per
3503 2818 3756 2890 Evangelii

2183 2918 2432 2987 gratiam,
2462 2933 2620 2981 quam
2657 2931 2766 2970 uno
2793 2914 3081 2970 cltaritatis
3121 2929 3378 2969 sermone
3424 2913 3682 2978 breviata,
3709 2918 3759 2965 ut

2184 3010 2473 3080 diligamus
2522 3008 2827 3079 proximum
2873 3009 3015 3061 sicut
3062 3007 3453 3076 nosmetipsos.
3482 3003 3584 3074 Qui
3628 3003 3755 3059 enim

2185 3101 2360 3174 diligit
2392 3099 2716 3172 proximum,
2747 3109 2912 3158 totam
2945 3099 3120 3170 legem
3152 3099 3342 3171 implet
3366 3097 3587 3170 (Matth.
3618 3094 3756 3165 xxii),

491 3186 617 3241 ierit
647 3188 954 3254 arbitrium,
990 3205 1098 3260 quo
1133 3193 1215 3247 vel
1238 3195 1407 3261 carni,
1439 3195 1524 3251 vel
1567 3197 1778 3266 spiritui
1808 3202 2079 3257 assentia-
2107 3178 2155 3244 α
2186 3195 2326 3249 bona
2356 3195 2404 3248 ei
2438 3193 2702 3256 tribuens,
2736 3194 2874 3246 mala
2913 3208 3019 3248 non
3055 3193 3313 3269 inferens.
3349 3203 3370 3230 ο
3405 3190 3562 3259 Quod
3592 3189 3633 3244 si
3656 3203 3759 3242 ces-

491 3295 614 3334 rnur
641 3297 653 3333 :
689 3280 784 3335 sed
809 3282 934 3353 quia
962 3285 1104 3352 quod
1144 3285 1391 3356 facimus,
1423 3304 1530 3344 non
1567 3301 1650 3346 est
1676 3305 1922 3350 nostrum
1951 3311 2082 3366 pro-

488 3371 628 3441 prie,
655 3373 749 3428 sed
774 3390 910 3444 Opus
931 3376 1104 3445 ipsum
1134 3379 1222 3433 vel
1247 3382 1419 3445 carni,
1437 3382 1524 3437 vel
1550 3384 1760 3454 spiritui
1789 3385 2086 3458 deputatur

490 3464 598 3538 [ΑΙ.
625 3467 964 3542 deputetur].
989 3472 1219 3527 Grandis
1256 3473 1460 3530 laboris
1500 3484 1555 3531 et
1591 3477 1973 3548 disputationis
2002 3491 2085 3537 est

490 3559 695 3626 nimim,
729 3562 970 3616 ostensis
1007 3565 1188 3618 carnis
1231 3567 1492 3635 operibus
1533 3581 1584 3624 et
1626 3570 1873 3640 spiritus,
1906 3573 2081 3627 media

487 3652 666 3722 aliqua
700 3656 960 3726 reperire,
991 3675 1227 3728 quaeuec
1254 3661 1319 3715 ad
1347 3677 1570 3718 carnem
1600 3664 1889 3722 videantur
1917 3669 2084 3739 perti-

491 3761 648 3812 nere,
701 3763 804 3803 nec
843 3749 910 3803 ad
951 3751 1226 3819 spiritum.
1259 3754 1524 3811 Carnales
1563 3755 1817 3826 dicimur,
1866 3761 2084 3830 quando

494 3850 640 3896 totos
670 3860 769 3899 nos
817 3845 1186 3914 voluptatibus
1228 3849 1441 3905 damus.
1478 3851 1830 3920 Spirituales,
1863 3854 2085 3924 quando

495 3936 758 4006 Spiritum
801 3949 1050 3994 sanctum
1087 3944 1343 4010 praevium
1393 3943 1696 4014 sequimur,
1729 3947 1781 4000 id
1825 3955 1928 4014 est,
1958 3964 2083 4004 cum

491 4031 609 4100 ipso
635 4034 878 4102 sapimus
908 4034 1237 4103 instruente,
1269 4037 1386 4107 ipso
1409 4039 1669 4093 docemur
1689 4051 1934 4096 auctore.
1953 4043 2086 4098 Anii

492 4123 663 4178 rnales
692 4140 822 4180 reor
847 4141 970 4180 esse
1003 4127 1382 4198 philosophos,
1407 4129 1500 4198 qui
1539 4131 1793 4203 proprios
1819 4132 2088 4203 cogitatus

493 4225 684 4286 putant
727 4233 850 4273 esse
897 4221 1256 4289 sapientiam,
1289 4222 1356 4278 de
1397 4224 1595 4294 quibus
1641 4235 1792 4282 recte
1842 4226 2084 4288 dicitur:

495 4308 752 4363 Animalis
771 4321 944 4365 autent
963 4311 1118 4368 ltonro
1146 4331 1246 4369 non
1272 4317 1449 4387 recipit
1476 4315 1587 4389 [AL
1620 4319 1861 4394 percipit]
1889 4338 1951 4376 ea
1972 4339 2088 4392 qua:

491 4409 607 4455 srmt
637 4403 873 4473 spiritus.
901 4403 1143 4460 Stultitia
1173 4407 1364 4479 quippe
1399 4419 1471 4464 est
1511 4411 1580 4465 ei.
1611 4410 1768 4480 Quod
1813 4422 1873 4468 ut
1907 4419 2084 4472 maui-

2185 3296 2268 3341 set
2300 3285 2542 3353 dilectio,
2568 3295 2622 3340 et
2651 3302 2756 3340 non
2783 3286 2856 3341 sit
2885 3283 3151 3350 clraritas,
3187 3299 3283 3352 per
3327 3299 3494 3354 quam
3529 3283 3611 3337 lex
3657 3281 3762 3335 uni-

2185 3395 2341 3435 versa
2365 3379 2694 3450 completur,
2732 3379 3004 3449 publicum
3035 3378 3307 3450 quoddam
3346 3378 3493 3433 inter
3533 3375 3762 3430 Imminet

2186 3472 2530 3528 latrocinium
2563 3475 2690 3539 erit,
2725 3481 2783 3526 ut
2829 3483 3019 3527 contra
3068 3487 3129 3528 se
3183 3473 3414 3526 invicem
3471 3469 3765 3525 dciurcntes

2187 3567 2293 3639 [Αι.
2318 3565 2677 3638 deferentes],
2702 3582 2868 3636 seque
2901 3565 3243 3632 mordentes,
3276 3579 3666 3620 censumarnur
3703 3560 3764 3614 ab

2185 3661 2438 3716 invicem.
2493 3659 2597 3714 Vos
2643 3668 2822 3714 autem
2873 3660 3093 3724 fratres,
3143 3668 3437 3727 propterea
3485 3655 3764 3713 secundum

2185 3752 2524 3822 spiritualcm
2556 3754 2730 3822 legem
2760 3752 2973 3808 debetis
3014 3754 3220 3817 virere,
3248 3768 3316 3806 ne
3356 3751 3630 3806 desideria
3659 3762 3764 3820 quat

2184 3849 2366 3904 carnis
2394 3858 2542 3915 sunt,
2573 3847 2889 3916 periiciaIis.
2919 3843 3061 3901 Caro
3093 3848 3239 3901 enim
3271 3845 3443 3915 frigus
3474 3845 3648 3907 timet,
3685 3856 3762 3896 as-

2188 3951 2448 4012 pernatur
2507 3942 2746 4004 famem,
2793 3947 3105 3994 attenuatur
3179 3939 3404 4008 vigiliis,
3467 3935 3767 3993 libidinibus

2190 4035 2521 4100 exardescit,
2553 4033 2734 4088 mollia
2774 4049 3003 4103 quaeque
3043 4041 3099 4088 et
3131 4032 3374 4104 jucunda
3404 4031 3700 4087 desiderat.
3733 4027 3767 4084 Ε

2189 4140 2378 4188 eontra
2399 4129 2651 4200 spiritus,
2683 4142 2744 4184 ea
2769 4142 2888 4198 qua:
2917 4127 3070 4182 carui
3103 4127 3378 4181 contraria
3402 4133 3554 4192 sunt,
3581 4134 3635 4180 et
3660 4135 3769 4192 quia

2191 4225 2339 4281 illam
2379 4221 2673 4279 debilitare
2717 4229 2942 4292 queant,
2976 4218 3203 4290 expetit.
3239 4219 3302 4274 Et
3345 4220 3419 4274 ita
3477 4220 3560 4283 iit,
3588 4226 3644 4271 ut
3678 4229 3771 4270 non

2190 4320 2314 4375 ideo
2345 4317 2469 4389 quia
2490 4315 2593 4372 sub
2632 4314 2898 4371 servitute
2929 4311 3089 4382 Legis
3115 4325 3240 4367 esse
3269 4310 3558 4375 cessastis,
3591 4306 3772 4379 putetis

2190 4431 2314 4475 esse
2343 4429 2440 4469 vos
2473 4411 2676 4470 liberos
2707 4408 2841 4466 :sed
2876 4406 3068 4465 sciatis
3099 4405 3272 4478 magis
3310 4415 3522 4462 natura:
3554 4419 3649 4460 vos
3669 4401 3774 4470 lege

489 4575 684 4660 littera.
718 4579 825 4634 Eos
867 4582 1037 4662 itaque
1063 4583 1338 4662 ambulare
1365 4588 1556 4662 spiritu
1596 4598 1645 4662 et
1683 4594 1855 4648 carnis
1881 4595 2084 4653 deside-
2113 4599 2165 4661 Ι)
2193 4599 2285 4655 lib.
2317 4613 2351 4652 rt
2383 4595 2453 4651 de
2497 4593 2696 4650 Genesi
2726 4592 2792 4650 ad
2826 4592 2908 4648 lit.
2943 4607 3064 4662 cap.
3108 4593 3196 4654 13.
3229 4591 3442 4647 laudari
3477 4590 3668 4660 possit,
3695 4586 3772 4641 ubi

489 4649 755 4728 rium‘non
780 4649 1023 4728 per/icere
1043 4655 1212 4728 jubet,
1247 4657 1333 4728 qui
1361 4649 1724 4727 spiritualitcr,
1756 4674 1860 4719 etc.

564 4719 585 4745 '
625 4719 952 4797 Origeniana
977 4719 1399 4784 sententia—lucc.
1426 4738 1528 4797 est,
1563 4719 1802 4788 animam
1848 4738 2082 4795 mediam

491 4807 612 4867 esse
641 4795 1044 4864 quodammodo
1090 4799 1342 4867 Spiritum
1383 4795 1524 4856 inter
1550 4813 1604 4857 et
1648 4819 1870 4862 carnem
1911 4809 2085 4866 :Cum

491 4865 704 4948 dicitur,
735 4868 907 4938 inquit
938 4869 1028 4951 ille
1057 4865 1152 4951 lib.
1185 4887 1220 4951 ιτ
1247 4873 1300 4926 in
1333 4873 1628 4951 Epistolam
1658 4877 1726 4931 ad
1749 4865 2082 4951 ilomanost,

489 4939 612 5007 quia
641 4955 764 5017 caro
803 4943 1120 5009 concupiscit
1150 4939 1394 5017 adversus
1426 4946 1687 5017 spiritum,
1729 4951 1944 5017 spiritus
1986 4939 2085 5009 αιιί

491 5019 590 5063 tem
619 5011 862 5090 adversus
884 5015 1315 5090 carueratmedia
1339 5011 1523 5082 procul
1547 5018 1701 5090 dubio
1736 5011 1946 5090 ponitur
1975 5028 2089 5080 ani-

492 5098 595 5158 ma,
624 5097 739 5152 qure
765 5085 843 5158 rei
890 5083 1159 5158 desideriis
1187 5088 1396 5152 spiritus
1427 5089 1717 5158 acquiescat
1736 5083 1834 5148 'rel
1871 5097 1940 5150 ad
1969 5113 2087 5152 cara

493 5154 573 5234 nis
601 5156 1046 5240 ceqcupiscentias
1075 5158 1370 5212 inclinetur.
1406 5154 1694 5240 ilis'_paria
1722 5164 2087 5240 inplerisque

493 5224 610 5305 ejus
642 5225 804 5305 libris
827 5227 1074 5305 invenire
1109 5238 1192 5283 est
1224 5246 1369 5305 :_ne_c
1420 5224 1663 5305 profecto
1706 5224 2085 5305 dubitandum,

491 5296 618 5368 quin
646 5298 717 5351 ab
747 5295 864 5360 illo,
901 5299 965 5352 ad
991 5300 1147 5368 cujus
1167 5316 1226 5355 se
1254 5295 1613 5359 imitationem
1642 5309 1949 5366 contulisse
1979 5295 2085 5368 non

492 5367 772 5423 diititetur.
811 5367 1172 5441 liicronyinus
1213 5373 1515 5430 doctrinam
1549 5377 1689 5433 hanc
1721 5378 1986 5437 hauserit.
2018 5367 2086 5439 At

491 5450 701 5494 certum
732 5456 951 5522 quoque
979 5451 1090 5522 est_,_
1131 5443 1183 5497 in
1216 5443 1410 5500 bertam
1444 5449 1613 5517 accipi
1650 5465 1811 5518 posse
1844 5466 2084 5522 partem,

492 5519 548 5565 et
578 5527 736 5566 auem
763 5512 1010 5581 Spiritum
1039 5512 1246 5583 dicunt,
1278 5532 1343 5571 es
1377 5512 1682 5575 corurn'rnet
1710 5512 1872 5580 sensu
1902 5512 2087 5580 aucto;

494 5598 743 5663 rnm__pr_o
774 5586 969 5663 animae
1017 5589 1319 5663 ἡγεμονικῇ.
1365 5587 1500 5655 sive,
1530 5594 1833 5663 principali,
1884 5597 2086 5653 debere

494 5654 720 5725 intelligi
749 5673 760 5708 :
788 5654 1078 5737 pluresque
1109 5654 1248 5738 suos
1272 5654 1465 5738 Patres
1489 5654 1831 5732 locottrrere,’
1865 5668 1958 5738 qui
1987 5669 2088 5728 lroo

495 5740 674 5812 senisu.
695 5730 1031 5812 superiorem
1073 5732 1268 5812 anima:
1298 5733 1450 5801 quasi
1481 5742 1693 5812 patrem
1743 5730 1966 5812 spiriius
1994 5755 2088 5812 ap-

497 5797 790 5868 pellatione
841 5801 1058 5857 donent.
1113 5797 1263 5859 Unus
1315 5797 1414 5876 pro
1461 5797 1674 5864 certetis
1715 5797 2086 5884 Augustinus,

2191 4670 2426 4725 a'nimam
2459 4663 3036 4741 tamquaminmedio
3069 4664 3305 4733 positam
3327 4673 3772 4741 non_n_trrrrqir_arua

2187 4756 2350 4796 carne
2367 4737 2433 4792 ad
2455 4737 2588 4790 vitia
2605 4736 3282 4811 deprimi,_nonuumquam
3311 4747 3340 4786 a
3363 4735 3559 4811 spiritu
3588 4737 3651 4784 ad
3682 4735 3774 4811 vir:

2193 4822 2360 4867 tutem
2394 4808 2553 4872 eri-tri,
2577 4807 2810 4884 scribit.
2830 4807 3214 4884 “Pluresvero
3245 4817 3411 4884 quam
3443 4807 3533 4884 qui
3585 4807 3777 4884 possint

2188 4882 2419 4938 indicari
2451 4881 2502 4935 in
2535 4883 2656 4942 eius
2675 4877 2948 4947 Operibus
2978 4877 3080 4932 loci
3112 4875 3272 4943 sunt,
3309 4875 3364 4932 in
3395 4876 3595 4947 quibus
3632 4875 3776 4947 spiri-

2189 4963 2303 5010 tum
2332 4952 2516 5006 carnis
2549 4945 2933 5028 adverSarium
2963 4966 3058 5028 pro
3088 4950 3283 5005 anima:
3310 4945 3774 5028 principaliqilane

2184 5027 2338 5098 juxta
2362 5023 2655 5098 Qrigenem
2692 5021 2980 5098 intellexit.
3010 5020 3090 5075 Ex
3117 5036 3222 5098 qun
3252 5019 3448 5073 mirum
3487 5019 3657 5098 magis
3684 5023 3777 5076 est,

2191 5091 2333 5168 quod
2378 5095 2764 5168 Pelagiar’rismi
2801 5093 2939 5147 hanc
2963 5093 3310 5168 _sc_ntentiam
3351 5095 3576 5145 accuset
3604 5091 3778 5166 .lanse-

2189 5137 2332 5230 ῖῗίῖις,
2366 5137 2696 5237 omniftmqrte
2717 5167 2926 5220 omnino
2956 5163 3383 5237 Pelagianorum,
3410 5177 3639 5232 quorum
3665 5157 3781 5237 scri-

2188 5253 2278 5312 pta
2307 5241 2478 5312 videre
2500 5229 2689 5308 potuit,
2709 5238 2984 5312 prepriam
3005 5229 3170 5299 dicat,
3190 5250 3311 5312 cum
3339 5229 3780 5312 luculenteradeo

2189 5303 2390 5370 nedum
2427 5303 3092 5386 iliererrymeprobctur,
3123 5303 3220 5360 sed
3249 5315 3306 5359 et
3337 5305 3668 5386 Augustino,
3699 5315 3780 5353 ru—

2184 5385 2271 5455 jus
2296 5379 2724 5455 summoveritra
2749 5380 2872 5436 illos
2895 5379 3186 5435 haereticos
3215 5379 3493 5433 sententia
3517 5387 3676 5446 atque
3699 5387 3780 5426 au-

2189 5453 2422 5512 steritas
2454 5453 2577 5506 fuit.
2696 5523 2712 5526 Α
2861 5525 2866 5526 ί
3182 5522 3192 5526 _
3508 5521 3518 5526 _
3696 5517 3706 5526 .

2263 5526 2422 5582 bDuo
2471 5529 2642 5580 ntSs.:
2678 5523 2898 5593 Quando
2937 5541 2989 5581 se
3011 5522 3226 5597 proprio
3260 5521 3541 5577 tradiderit
3595 5521 3783 5588 cogita-

2194 5600 2291 5653 tui.
2313 5607 2422 5653 etc.

2270 5641 2638 5726 3‘lir‘iui’alatin.
2664 5684 2796 5736 mss.
2826 5688 2838 5724 :
2875 5669 3035 5735 Quasi
3060 5668 3104 5723 si
3128 5673 3284 5722 cesset
3309 5664 3523 5719 dilectio
3553 5678 3570 5715 :
3595 5672 3779 5716 secun-

2196 5743 2265 5798 da
2289 5756 2451 5798 manu
2482 5759 2494 5795 :
2529 5742 2675 5812 quasi
2699 5743 2774 5798 sic
2799 5751 2924 5798 esset
2953 5739 3189 5796 dilectio.
