3962 6338
222 322 313 380 “5

676 317 1335 376 COMMENTARIUB‘JM
1372 317 1438 374 IN
1479 309 1867 376 EPISTULA.
1906 314 2001 375 AD
2037 312 2359 379 GALATAS
2395 322 2528 378 LIB.
2570 321 2659 379 ΙΙΙ.
2704 324 2856 380 CAP.
2903 324 2963 380 Υ.

3378 320 3487 381 414

220 435 445 504 retineri,
464 434 598 506 quia
621 450 733 490 nou
768 433 955 489 statim
977 434 1027 490 si
1059 434 1143 489 les
1173 447 1284 488 non
1324 434 1581 503 imperat,
1607 440 1663 487 et
1689 444 1781 487 na‘
1810 426 1861 495 Α
1892 444 1987 501 ras,
2023 430 2093 488 ad
2142 432 2495 489 altitudinem
2538 433 2770 504 spiritus
2822 434 3212 504 provocarent.
3261 431 3397 490 Nam
3434 437 3492 491 et

220 540 320 591 tura
341 529 592 597 cessavit,
617 543 688 584 ne
715 528 1055 584 voluntatem
1081 527 1301 582 scilicet
1325 528 1583 594 vestram,
1609 538 1781 595 opera

216 632 610 700 subsequantur,
631 627 728 683 sed
763 627 1087 697 trequenter
1106 640 1171 681 ea
1197 622 1380 681 facere
1401 622 1781 693 eompellamia

215 724 283 789 ui,
309 722 641 792 repugnante
661 733 829 776 carne
852 719 1121 775 adversus
1140 717 1413 787 spiritum,
1441 730 1569 787 qua!
1597 714 1782 772 facere

212 831 313 874 non
343 814 522 871 vitim.
552 814 632 870 Ex
672 824 804 885 quo,
832 813 1054 878 fratres,
1096 811 1349 876 obsecro,
1384 819 1443 865 ut
1491 822 1599 864 non
1635 807 1781 864 detis

214 910 497 966 libertatem
517 914 765 963 Vestram
789 907 847 962 is
873 907 1225 962 occasionem
1251 904 1456 970 carnis,
1479 900 1577 958 sed
1604 900 1781 972 magis

210 1001 405 1073 spiritui
440 1000 715 1064 servistis,
751 1006 809 1054 ut
837 997 1117 1069 incipiatis
1141 1010 1206 1054 ea
1232 997 1411 1053 facere
1434 1010 1557 1065 qua
1589 994 1775 1065 vultis,

208 1100 258 1153 el
296 1092 422 1151 nihil
467 1093 673 1153 debate
703 1094 832 1166 legi,
865 1093 923 1150 id
964 1104 1067 1156 eat,
1122 1107 1227 1148 non
1277 1102 1399 1148 ease
1446 1091 1550 1146 sub
1586 1104 1774 1147 carne.

206 1191 325 1261 Quia
359 1188 667 1245 libertatem
699 1187 723 1210 ⁸
755 1187 896 1258 legis
924 1186 1144 1242 abolitas
1180 1197 1306 1240 tunc
1341 1197 1473 1240 vere
1508 1184 1562 1239 in
1601 1184 1781 1239 Evan-

206 1285 334 1355 gelia
372 1280 576 1338 habere
618 1282 892 1351 poteritis,
929 1290 1057 1336 cum
1104 1293 1201 1334 vos
1259 1288 1607 1350 nequaquam
1648 1284 1780 1332 caro

202 1375 517 1444 compulerit
545 1370 731 1431 lacere
760 1378 883 1444 quso
929 1382 1041 1428 non
1070 1371 1257 1439 vultis,
1288 1371 1384 1427 sed
1417 1369 1633 1440 spiritui
1657 1383 1777 1426 seru

204 1469 412 1535 viantes,
442 1463 746 1521 docueritis
778 1464 1021 1535 vosznon
1063 1478 1186 1520 esse
1211 1464 1315 1521 sub
1353 1462 1520 1533 Lege.
1552 1461 1620 1517 Et
1650 1461 1780 1533 quia

201 1574 345 1631 supra
361 1558 668 1615 modum
691 1557 968 1629 duplicem
993 1556 1411 1628 intelligentiam
1432 1557 1574 1610 hunc
1599 1555 1779 1611 locum

200 1656 525 1723 emeramus
545 1664 850 1722 exponere,
870 1648 1147 1706 reddenda
1165 1656 1292 1704 sunt
1320 1656 1443 1718 qua:
1468 1646 1778 1702 carisimus.

197 1745 325 1802 Caro
349 1744 694 1816 concupiscit
715 1743 984 1800 adversus
1012 1742 1291 1814 spiritum,
1324 1741 1381 1796 id
1413 1750 1517 1810 est,
1552 1740 1781 1795 historia

1883 522 2081 579 Paulus
2128 525 2222 596 qui
2262 524 2467 580 ludatis
2504 523 2726 581 Indicus
2774 524 2953 582 tactus
2986 533 3093 594 est,
3136 526 3193 583 et
3230 524 3489 583 omnibus

1884 618 2088 687 omnia,
2120 624 2181 673 ut
2206 624 2396 675 omnes
2424 617 2774 675 lucrifaceret
2796 618 2848 689 (l
2875 618 2998 675 Cor.
3030 618 3143 691 is):
3178 634 3287 675 non
3319 618 3485 689 dixit,

1884 712 2054 779 factus
2100 700 2193 764 sub
2233 709 2392 783 Lege,
2450 709 2580 774 sed.
2645 712 2815 782 [actus
2856 712 3010 782 quasi
3053 711 3148 767 sub
3204 710 3364 785 Lege,
3427 716 3488 769 ut

1882 802 2199 860 ostenderet
2221 818 2283 859 se
2304 816 2413 859 non
2430 804 2714 860 veritatem
2731 804 2913 877 Legis,
2940 804 3037 861 sed
3064 803 3485 861 sltuilitudinem

1881 896 2205 952 custodisse.
2241 897 2500 953 Videntur
2526 898 2685 954 nobis
2716 899 2951 955 solvisse
2974 901 3311 971 prepositam
3336 913 3485 972 qute-

1882 990 2144 1045 stionem.
2181 989 2291 1046 Sed
2340 990 2469 1059 quid
2502 988 2761 1048 iaciemus
2797 991 2867 1047 de
2914 992 3007 1048 illo
3053 992 3203 1047 Pauli
3236 992 3482 1064 capitulo

1882 1083 2046 1159 5M
2068 1084 2303 1142 dicentis
2334 1104 2347 1141 :
2378 1084 2512 1141 Cum
2540 1096 2711 1142 autem
2739 1088 2879 1143 venit
2907 1087 3183 1157 plenitudo
3211 1090 3481 1162 temporis,

1880 1183 2018 1235 misit
2054 1180 2194 1235 Deus
2231 1179 2405 1251 ﬁlium
2446 1197 2620 1248 suum,
2652 1179 2847 1251 factum
2899 1188 2974 1235 est
3020 1182 3256 1251 muliere,
3284 1184 3484 1253 factum

1879 1274 1973 1329 sub
2001 1274 2159 1348 Lege,
2193 1282 2246 1328 ut
2269 1286 2356 1329 eos
2367 1275 2455 1345 qui
2472 1274 2566 1328 sub
2578 1272 2714 1346 Lege
2734 1285 2902 1339 erant,
2922 1275 3201 1330 redimeret
3216 1273 3476 1349 (Supra)?

1880 1367 1937 1424 Si
1984 1370 2132 1424 enim
2171 1368 2424 1425 Christus
2462 1370 2563 1423 sub
2603 1367 2748 1441 Lege
2795 1368 2917 1440 fuit,
2949 1380 3005 1425 et
3047 1386 3155 1426 non
3186 1369 3341 1442 quasi
3374 1371 3479 1429 sub

1880 1458 2045 1532 Lege,
2076 1468 2187 1515 tota
2212 1461 2298 1516 illa
2330 1462 2584 1531 superior
2613 1461 2914 1533 disputatio
2937 1477 3104 1519 vacua
3142 1463 3252 1520 ﬁet.
3279 1463 3483 1521 Verum

1879 1564 1939 1610 et
1976 1554 2092 1610 haec
2136 1556 2410 1626 oppositis
2453 1554 2526 1611 de
2572 1566 2673 1611 suo
2715 1556 2966 1612 solvetur
3004 1558 3144 1612 loco.
3188 1556 3289 1625 Qui
3332 1558 3480 1613 enim

1882 1656 2178 1718 propterea
2203 1646 2376 1703 factus
2406 1648 2510 1703 sub
2545 1647 2692 1720 Lege
2714 1662 2823 1717 εει,
2855 1654 2913 1703 ut
2945 1662 3040 1704 eos
3066 1649 3158 1721 qui
3186 1659 3342 1705 erant
3371 1651 3472 1707 sub

1880 1741 2050 1813 Lege,
2087 1743 2407 1814 redimeret,
2458 1745 2643 1815 utique
2681 1761 2803 1800 cum
2852 1755 3000 1802 esset
3041 1746 3182 1801 liber
3227 1763 3256 1801 a
3301 1747 3478 1818 Lege,

200 1848 248 1896 et
270 1837 563 1909 Scriptura:
588 1850 823 1894 corneus
864 1836 1199 1903 intellectus,
1222 1845 1411 1890 contra
1456 1833 1776 1904 allegoriam
1807 1823 1854 1888 Β
1880 1839 2010 1909 Legi
2040 1854 2103 1895 se
2134 1840 2374 1895 subdidit
2404 1840 2687 1897 voluntate
2715 1859 2727 1895 :
2761 1846 2817 1897 et
2856 1842 3028 1896 multo
3076 1853 3193 1897 erat
3224 1840 3391 1898 Paulo
3420 1841 3485 1897 li~

197 1930 603 2002 etspiritualem
640 1930 953 1986 doctrinam
994 1939 1280 2000 repugnat.
1314 1927 1550 1998 Spiritus
1592 1933 1777 1981 autent

193 2025 439 2080 adversus
464 2036 725 2088 earum,
754 2021 812 2078 id
834 2031 943 2091 est,
961 2022 1283 2077 sublimiora
1310 2018 1556 2089 dejectis,
1573 2029 1778 2074 aeterna

195 2116 453 2185 brevibus,
496 2116 711 2171 umbra-
743 2115 951 2170 veritas
985 2111 1314 2183 refragatur.
1355 2110 1516 2183 503
1556 2110 1623 2166 Et
1658 2124 1779 2165 caro

194 2215 313 2267 usus
355 2209 662 2280 Scriptura
712 2221 932 2275 sensus,
988 2209 1082 2279 qui
1136 2205 1429 2277 adimpleri
1478 2202 1598 2276 [ΑΙ.
1651 2202 1779 2274 quia

192 2300 411 2376 inpleri]
435 2317 549 2359 nam
583 2310 771 2373 potest
796 2301 921 2372 (nec
957 2302 1103 2358 enim
1149 2299 1394 2355 valemus
1442 2296 1624 2355 omnia
1654 2312 1783 2369 quin

193 2401 377 2471 scripta
407 2409 545 2456 sunt
576 2395 787 2465 lasere)
822 2395 1062 2452 ostendit
1102 2409 1205 2451 nos
1238 2408 1349 2449 non
1383 2393 1434 2448 in
1459 2404 1647 2448 nostra
1681 2406 1779 2462 ρο⁴¹

190 2493 314 2550 sitos
342 2498 623 2564 potestate
647 2488 809 2560 Legi:
836 2487 1146 2561 explendae,
1174 2494 1296 2543 cum
1337 2489 1503 2544 etiam
1550 2489 1594 2542 si
1641 2487 1779 2544 veli~

193 2586 563 2643 Itasiitterarn
593 2587 779 2656 sequi,
807 2584 1232 2655 impossibilitas
1257 2598 1364 2638 non
1393 2582 1668 2638 admittat.

250 2679 429 2753 (Ἴδη.
455 2678 582 2748 18.)
616 2677 773 2746 Quod
803 2679 849 2733 si
878 2680 1069 2749 spirits
1100 2678 1375 2744 durinrini,
1402 2694 1505 2732 non
1532 2678 1663 2731 estis
1681 2677 1781 2731 sub

191 2775 333 2849 Lege.
361 2775 641 2847 Spiritum
683 2786 791 2829 non
829 2786 980 2841 eum,
1008 2773 1077 2828 de
1104 2787 1215 2844 quo
1248 2771 1543 2843 Apostolus
1583 2771 1641 2826 in
1670 2772 1781 2827 alio

191 2869 297 2925 loco
345 2870 647 2940 loquitur:
685 2865 812 2938 Ipse
854 2865 1090 2939 Spiritus
1144 2865 1504 2921 testimonium
1545 2863 1779 2937 perhibet

192 2962 385 3034 spiritui
403 2970 623 3030 nostra,
644 2960 785 3035 quod
820 2973 1002 3017 suntm
1041 2958 1144 3031 ﬁlii
1172 2957 1276 3013 Dei
1308 2956 1487 3030 (Rom.
1514 2972 1629 3022 vut,
1666 2958 1775 3025 id),

190 3054 239 3109 id
256 3062 352 3121 est,
378 3067 487 3109 non
511 3050 771 3123 spiritum
797 3051 1037 3107 hominis
1062 3051 1157 3122 qui
1179 3050 1237 3105 in
1260 3050 1386 3119 ipso
1408 3057 1512 3118 est,
1537 3047 1632 3103 sed
1657 3046 1778 3118 Spi-

189 3147 333 3202 ritum
353 3154 615 3202 sanetqu
639 3143 918 3216 signiﬁcat
946 3162 957 3197 :
982 3157 1145 3215 quem
1170 3153 1485 3213 sequentes,
1509 3141 1779 3197 θεωρίων

1879 1933 2083 1999 berior,
2118 1934 2211 2005 qui
2254 1950 2361 1989 non
2396 1933 2499 1990 sub
2532 1930 2699 2005 Lege,
2739 1933 2834 1991 sed
2876 1935 3026 2006 quasi
3090 1934 3189 1991 sub
3230 1934 3375 2007 Lege
3423 1950 3482 1992 se

1879 2025 2051 2083 fuisse
2081 2030 2315 2083 testatus
2346 2034 2451 2084 est.
2483 2029 2550 2084 Et
2591 2028 2867 2100 quomodo
2896 2029 2951 2084 in
2982 2044 3201 2086 caenum
3238 2036 3292 2084 et
3324 2028 3484 2084 bara-

1880 2121 2065 2175 thrum
2097 2119 2292 2176 mortis
2326 2126 2553 2192 propter
2595 2136 2693 2177 nos
2732 2120 3036 2188 descendit,
3067 2123 3157 2193 qui
3190 2123 3485 2179 orabatnus

1882 2210 2168 2267 dicentes:
2204 2210 2334 2280 Quis
2372 2228 2452 2267 me
2497 2212 2729 2269 liberabit
2763 2212 2830 2269 de
2860 2230 3074 2285 corpore
3108 2217 3289 2270 mortis
3323 2218 3481 2287 hujus

1882 2303 2058 2378 (Rom.
2092 2316 2183 2370 vn,
2213 2304 2341 2376 lt)?
2366 2305 2441 2360 ita
2472 2312 2526 2361 et
2546 2320 2613 2361 ex
2636 2306 2866 2363 muliere
2892 2310 3041 2364 nasci
3074 2306 3264 2372 voluit,
3289 2318 3344 2364 et
3362 2323 3485 2366 esse

1879 2397 1981 2453 sub
2009 2397 2173 2467 Lege,
2203 2404 2260 2452 ut
2295 2413 2389 2453 eos
2422 2400 2513 2469 qui
2560 2399 2670 2454 nati
2714 2410 2873 2454 erant
2912 2401 2979 2455 de
3021 2400 3275 2467 muliere,
3299 2409 3351 2456 et
3378 2401 3480 2458 sub

1879 2489 2046 2561 Lege,
2080 2490 2335 2546 salvsret.
2368 2490 2434 2545 Et
2477 2498 2628 2547 certe
2668 2508 2773 2547 non
2806 2502 2889 2546 est
2924 2503 3084 2547 natus
3109 2492 3176 2547 de
3211 2491 3469 2559 muliere,

1880 2586 1932 2640 id
1982 2592 2084 2652 est,
2120 2585 2187 2639 de
2242 2592 2438 2655 nupta,
2468 2587 2565 2641 sed
2609 2587 2680 2642 de
2730 2586 2963 2656 virgine.
3011 2584 3211 2641 Verum
3250 2585 3479 2644 abusive

1879 2678 2037 2749 virgo
2077 2676 2279 2732 mulier
2328 2675 2597 2747 appellata
2651 2687 2755 2742 est,
2808 2688 3031 2747 propter
3073 2690 3167 2732 eos
3211 2675 3305 2749 qui
3331 2678 3477 2734 illam

1881 2773 2056 2827 fuisse
2085 2771 2354 2842 virginem
2383 2771 2719 2826 nesciebant.
2745 2768 2814 2827 Ut
2848 2770 3033 2841 itaque
3064 2781 3289 2841 propter
3328 2770 3480 2836 illos,

1881 2867 1968 2936 qui
1992 2875 2238 2920 sanctam
2261 2864 2484 2920 Marium
2512 2864 2923 2919 arbitrabantur
2956 2863 2982 2901 δ
3023 2869 3278 2918 maritum
3309 2862 3478 2919 habe-

1882 2977 1961 3025 re.
1992 2961 2195 3017 mulier
2240 2974 2339 3031 pro
2375 2960 2585 3031 virgine
2625 2959 2801 3031 posita
2841 2969 2926 3015 est
2959 2960 3072 3014 :sic
3114 2969 3333 3031 prepter
3381 2970 3479 3016 eos

1880 3055 1969 3124 qui
1998 3054 2343 3109 testimabant
2369 3050 2644 3108 Christum
2686 3067 2808 3108 esse
2838 3052 2937 3107 sub
2966 3050 3131 3124 Lege,
3164 3052 3476 3107 nescientes

1880 3146 2005 3217 quia
2037 3146 2215 3202 laetus
2247 3155 2396 3202 esset
2425 3145 2508 3200 bis
2540 3146 2633 3216 qui
2675 3153 2833 3201 erant
2874 3144 2974 3201 sub
3003 3143 3167 3216 Lege,
3193 3144 3345 3216 quasi
3378 3144 3480 3200 sub

188 3239 505 3309 spiritales,
533 3250 597 3295 et
625 3239 731 3294 sub
766 3237 909 3309 Lege
938 3251 1067 3293 ease
1093 3235 1429 3292 desistimus.
1464 3234 1773 3291 Notandum
1802 3221 1851 3286 Ο
1882 3239 2046 3309 Lege,
2082 3239 2283 3295 dicitur
2316 3247 2371 3293 et
2396 3238 2513 3309 ipse
2541 3237 2715 3295 factus
2739 3253 2860 3292 esse
2892 3237 2995 3292 sub
3032 3237 3195 3307 Lege.

188 3344 305 3405 ergo
329 3335 475 3408 quod
503 3334 600 3391 ltic
622 3332 852 3404 spiritus
881 3346 993 3387 non
1021 3346 1146 3387 cum
1170 3328 1346 3408 Ξρθρῳ
1371 3326 1671 3402 (articulo),
1716 3337 1773 3383 et

185 3444 292 3486 cum
314 3429 701 3486 additamenta
729 3427 939 3498 aliqua,
964 3426 1110 3482 sicut
1157 3425 1209 3479 in
1257 3427 1477 3480 castoris
1520 3423 1770 3493 legimus,

184 3521 410 3592 spiritum
442 3517 911 3585 mansuetudinis,
941 3527 998 3573 et
1018 3516 1275 3589 spiritum
1315 3516 1441 3573 ﬁdei
1470 3516 1606 3572 :scd
1642 3516 1775 3570 sim-

185 3612 375 3683 pliciter
412 3611 668 3685 Spiritus
714 3609 1025 3682 appellatur
1055 3624 1071 3663 δ
1100 3625 1225 3680 quas
1265 3609 1486 3679 quidem
1529 3609 1770 3662 minutim

184 3706 333 3777 magis
360 3706 419 3762 is
451 3705 677 3773 Greco,
701 3718 864 3776 quam
896 3705 950 3759 in
989 3713 1179 3760 nostra
1227 3702 1414 3773 lingua
1463 3702 1771 3757 observatas

185 3797 283 3867 (qui
305 3795 471 3878 ἄρθρα
497 3798 728 3869 penitus
758 3810 866 3851 non
897 3794 1189 3864 habemus)
1210 3794 1426 3851 videtur
1441 3793 1644 3864 aliquid
1671 3793 1770 3848 ba-

184 3889 297 3946 bere
317 3888 609 3947 momenti.
643 3888 925 3957 Quaeritur
964 3888 1019 3942 in
1049 3886 1155 3943 hoc
1196 3887 1340 3954 loco,
1365 3886 1410 3941 si
1440 3884 1773 3957 quicumque

183 3982 356 4053 spiritu
380 3981 634 4052 ducitur,
670 3995 781 4036 non
821 3991 905 4036 est
946 3980 1047 4035 sub
1087 3979 1252 4050 Lege,
1283 3989 1465 4034 utrum
1508 3978 1686 4035 Moses
1715 3986 1773 4036 et

184 4075 464 4145 propheta,
487 4074 585 4132 vel
614 4072 812 4145 spiritu
834 4073 943 4128 acti
970 4071 1105 4132 sint.
1125 4079 1181 4126 et
1209 4071 1310 4126 sub
1342 4071 1484 4141 Lege
1509 4071 1767 4140 vixerint,

183 4166 309 4235 φ)οὰ
335 4164 640 4238 Apostolus
672 4171 837 4237 negat
867 4181 881 4217 :
907 4170 1001 4219 aut
1051 4162 1318 4219 habentes
1360 4162 1635 4234 spiritum,
1664 4163 1771 4218 sub

181 4255 313 4329 Lege
339 4274 449 4315 non
478 4258 721 4323 luet-int,
747 4255 893 4327 quod
922 4254 1226 4327 Apostolus
1253 4254 1346 4310 hic
1366 4254 1603 4310 afﬁrmat
1637 4273 1649 4309 :
1674 4263 1771 4311 aut

179 4350 306 4417 quod
328 4361 414 4407 est
450 4350 713 4417 tertium,
739 4348 845 4406 sub
872 4349 1021 4422 Lege
1057 4347 1333 4417 viventes,
1363 4349 1613 4420 spiritqu
1654 4364 1767 4409 non

180 4443 473 4517 habuerint,
512 4445 670 4518 quod
709 4444 779 4501 de
812 4446 978 4501 tantis
1014 4445 1152 4501 viris
1195 4447 1345 4501 nefas
1390 4456 1474 4502 est
1514 4446 1762 4503 credere.

177 4539 248 4595 Ad
270 4540 413 4612 quod
436 4556 545 4598 nos
569 4540 812 4597 breviter
831 4540 1282 4612 respondebimus
1302 4559 1317 4597 :
1334 4540 1451 4597 Non
1469 4540 1614 4597 idem
1638 4556 1766 4600 esse

1948 3330 2129 3401 (Vers.
2158 3331 2369 3399 l9-2l.)
2399 3329 2683 3403 Manifesta
2707 3340 2883 3385 autem
2905 3338 3022 3383 sunt
3078 3346 3237 3402 Opera
3267 3331 3466 3398 carnis,

1872 3438 1988 3496 qutt’
2012 3433 2156 3489 sunt,
2176 3424 2477 3496 fornicatio,
2502 3422 2858 3486 immunditin,
2891 3431 2911 3460 ο
2946 3421 3177 3486 luxttria,
3213 3422 3477 3476 idolorum

1872 3519 2113 3583 servitus,
2141 3516 2409 3587 veneﬁcia,
2442 3516 2751 3582 inimicitus,
2775 3515 3146 3583 contentiones,
3177 3514 3476 3570 emutatio-

1873 3626 1984 3676 nes,
2014 3610 2127 3678 itte,
2164 3610 2316 3673 τίω»,
2352 3609 2713 3671 dissensiones,
2764 3606 3004 3674 Μεγαρίς,
3040 3606 3271 3672 invidia',
3317 3606 3481 3661 ebrie-

1872 3714 2024 3771 tates,
2055 3705 2483 3768 comessationes,
2514 3701 2663 3757 etItis
2692 3700 2919 3767 similia,
2941 3716 3058 3770 qua:
3088 3702 3316 3772 prwdico
3338 3700 3480 3757 rabie

1872 3798 2006 3853 sicut
2034 3805 2080 3851 et
2109 3796 2334 3869 praedixi
2368 3794 2656 3867 :quoniant
2686 3795 2773 3866 qui
2792 3795 2899 3849 licet:
2928 3802 3110 3865 agunt,
3139 3808 3353 3863 regnum
3378 3791 3479 3847 Dei

1871 3907 1975 3946 non
2026 3889 2359 3963 possidebunt
2412 3902 2432 3943 :
2470 3888 2736 3957 Superius
2789 3903 2908 3940 cum
2953 3898 3358 3956 exportaremus
3402 3883 3475 3941 de

1869 3997 2037 4039 carne
2060 3992 2116 4038 et
2146 3981 2366 4053 spiritu,
2389 3978 2656 4049 triplicem
2685 3974 3103 4047 intelligentiam
3129 3974 3473 4030 dixeramus:

1868 4076 1959 4131 vel
1996 4089 2093 4130 eos
2136 4086 2262 4129 esse
2298 4086 2551 4139 carueos,
2596 4071 2687 4141 qui
2736 4068 2942 4140 parvuli
2983 4077 3041 4123 et
3093 4068 3371 4139 corporei,
3416 4067 3473 4125 in

1870 4166 2097 4224 Christo
2127 4164 2358 4220 solidum
2387 4162 2596 4227 cibum,
2620 4169 2678 4217 et
2704 4160 2960 4232 perfectas
3004 4160 3184 4215 intutis
3209 4160 3476 4218 alimenta

1869 4275 2069 4333 capere
2087 4274 2198 4316 non
2221 4266 2452 4331 possent
2475 4273 2489 4311 ς
2520 4257 2602 4312 vel
2622 4254 2873 4310 carnales
2905 4269 3000 4309 eos
3030 4269 3175 4323 esse,
3200 4254 3290 4325 qui
3315 4266 3475 4311 more

1868 4354 2099 4412 Judaico
2138 4352 2425 4408 historiam
2455 4360 2667 4405 tantum
2698 4355 3062 4419 sequerentur
3088 4356 3141 4402 et
3171 4333 3409 4403 litteram
3445 4365 3458 4403 :

1868 4457 1963 4503 aut
1993 4455 2166 4514 certe,
2197 4442 2351 4517 juxta
2388 4443 2690 4515 simplicem
2729 4456 2983 4510 sensum,
3028 4441 3082 4495 in
3135 4440 3373 4496 hominis
3408 4440 3474 4495 ii-

1868 4543 2050 4599 ctione
2061 4554 2282 4597 carnem
2295 4538 2657 4610 spiritumque
2675 4536 2999 4603 subsistere,
3024 4544 3079 4591 et
3100 4535 3259 4607 juxta
3278 4534 3464 4592 diver-

176 4632 267 4688 sub
288 4633 432 4707 Lege
477 4649 633 4703 esse,
658 4643 713 4690 et
751 4649 879 4692 esse
918 4635 1073 4706 quasi
1110 4635 1210 4691 sub
1255 4635 1400 4709 Lege
1436 4654 1449 4692 :
1489 4637 1767 4707 quomodo
1790 4654 1846 4723 Β
1870 4630 2733 4701 sitatemsubstantiae,velopera
2755 4630 2938 4687 carnis
2954 4629 3467 4702 esse,velspiritus.

179 4739 272 4780 non
306 4726 548 4799 idipsum
600 4737 708 4795 est,
743 4727 802 4783 in
840 4727 1199 4785 similitudine
1240 4731 1421 4786 carnis
1458 4730 1684 4802 peccati,
1708 4732 1766 4788 et
1868 4731 2022 4787 Nunc
2042 4744 2174 4801 ergo
2203 4742 2325 4801 quat
2358 4727 2446 4782 hic
2475 4725 2656 4781 carnis
2683 4738 2850 4797 Opera
2884 4724 3265 4791 nominantur,
3297 4725 3470 4782 forni-

174 4814 221 4872 in
242 4832 399 4877 carne
419 4834 556 4876 esse
579 4821 815 4891 peccati.
832 4819 945 4877 Nec
963 4819 1107 4879 idem
1138 4832 1300 4879 sonat
1325 4838 1488 4879 verus
1510 4839 1760 4895 serpens.

177 4917 220 4962 et
245 4909 371 4968 seri
387 4910 707 4969 similitudo
731 4915 1028 4985 serpentis,
1059 4930 1220 4986 quem
1250 4916 1466 4989 Moyses
1499 4918 1551 4971 lu
1575 4932 1764 4974 eremo

172 5004 449 5076 suspendit
479 5004 683 5080 (Nam.
714 5006 853 5078 ut).
883 5007 972 5064 Sic
996 5009 1160 5081 igitur
1187 5020 1243 5067 et
1271 5018 1492 5069 sanctos
1523 5015 1763 5086 prophe-

174 5104 262 5167 tas,
288 5108 344 5156 et
370 5099 627 5175 lloysen,
656 5102 1003 5160 ambulantes
1033 5104 1248 5174 spiritu,
1274 5116 1333 5162 et
1356 5107 1550 5178 spiritu
1578 5109 1758 5164 viven-

174 5199 391 5260 tss,non
434 5194 549 5251 sub
594 5192 761 5268 Lege,
794 5194 891 5251 sed
941 5196 1095 5267 quasi
1140 5198 1245 5253 sub
1271 5198 1414 5271 Lege
1442 5199 1668 5268 vixisse,
1702 5212 1758 5257 ut

175 5282 267 5354 ipsi
304 5289 628 5348 viderentur
654 5289 875 5362 quidem
914 5305 1038 5348 esse
1078 5292 1182 5350 sub
1207 5291 1380 5366 Lege;
1414 5296 1511 5352 sed
1542 5313 1635 5352 eos
1669 5297 1761 5368 qui

175 5380 264 5439 sub
292 5381 439 5456 Lege
464 5391 629 5441 erant
659 5382 1063 5456 lucrifacerent,
1094 5393 1152 5443 et
1175 5386 1245 5441 ob
1272 5385 1580 5446 humilitate
1613 5391 1764 5449 litte-

233 5572 257 5602 ⁸
279 5561 428 5622 idem
454 5578 623 5632 mem,
652 5564 941 5621 libertatem
964 5567 1141 5624 carnis
1161 5567 1387 5626 abolitw.
1426 5542 1459 5572 ’

232 5632 258 5672 δ
284 5635 521 5717 Χξετὺωιι
545 5636 733 5717 habere
755 5636 864 5693 duo
892 5642 1323 5717 mssaneseiuut,
1356 5653 1409 5700 et
1450 5660 1549 5717 pro
1589 5647 1748 5702 mari-

175 5714 301 5790 tum,
313 5708 498 5780 legunt
527 5710 865 5790 maritatam;
889 5708 1483 5790 concinniusntaritant
1508 5718 1674 5790 legas.

236 5751 631 5859 σξιὲιὶἲιῖέὶνὲὶὲἵ
649 5751 1749 5859 ’ἁέὅ”ἱιέιὲἶ’ἑῖιὲἓὶἱὲἰὶἕει”ἱὲιῖ’ἔίὶἕὲἷη“’³ὃὶῖὲὲηι

175 5848 221 5905 in
251 5849 351 5910 ﬁne
378 5854 647 5912 subnexa:
679 5848 1058 5926 expositionis
1081 5848 1321 5916 testatur
1348 5848 1578 5934 ipsemet
1615 5861 1748 5921 Hie-

1865 4824 2009 4881 catio
2037 4822 2317 4886 videlicet,
2353 4817 2717 4887 lmmunditia,
2759 4817 2995 4883 luxuria,
3035 4828 3089 4874 et
3114 4827 3313 4873 eastern
3342 4833 3469 4889 quae

1866 4918 2190 4989 sequuntur,
2211 4911 2383 4985 magis
2403 4911 2535 4968 mibi
2570 4910 2824 4967 videntur
2852 4910 2919 4965 ad
2947 4910 3250 4982 simplicem
3281 4910 3468 4966 carnis

1862 5012 2024 5087 505
2069 5019 2124 5067 et
2165 5009 2391 5081 spiritus
2420 5006 2859 5079 intelligentiam,
2908 5022 3069 5077 quam
3119 5008 3186 5060 ad
3238 5016 3464 5061 carnem

1862 5109 2045 5179 Legis,
2078 5116 2135 5162 et
2161 5106 2423 5177 parvulos
2454 5102 2506 5158 lu
2531 5101 2751 5157 Christo
2782 5100 2999 5167 referri,
3031 5101 3161 5157 licet
3190 5100 3242 5154 in
3274 5114 3340 5154 eo
3388 5098 3468 5153 Io-

1865 5218 1954 5269 co,
1984 5202 2075 5257 ubi
2106 5215 2271 5271 supra
2299 5198 2369 5255 de
2394 5198 2607 5253 decimo
2632 5196 2885 5265 Origenis
2917 5197 3196 5253 Stromatc
3234 5194 3463 5249 verbum

1864 5295 2241 5353 transtulimus
2271 5291 2338 5347 ad
2383 5291 2636 5356 verbum,
2670 5290 2800 5361 quid
2846 5289 3012 5345 etiam
3060 5288 3127 5343 de
3158 5289 3244 5343 bis
3270 5286 3465 5342 sentiri

1868 5390 2057 5462 possit,
2088 5385 2115 5426 ιι
2146 5398 2466 5458 expressum
2500 5384 2589 5440 sit.
2619 5382 2773 5453 Quod
2800 5391 2981 5439 autem
3014 5383 3092 5436 ait
3121 5397 3134 5434 :
3175 5378 3463 5451 Manifesta

1859 5586 2148 5647 ronymus,
2174 5573 2227 5627 in
2254 5569 2460 5647 Latinis
2476 5568 2741 5625 corticibus
2764 5569 2815 5624 in
2839 5567 2938 5623 hoc
2962 5569 3197 5642 catalogo
3220 5568 3463 5624 vitiorum

1858 5645 2106 5723 scriptam
2138 5645 2348 5723 referri.
2729 5712 2761 5723 ,_
2943 5720 2950 5723 Α
2995 5712 3007 5723 .

1929 5711 2093 5774 (ιῬτο
2122 5711 2327 5785 verbis,
2355 5728 2656 5785 expressum
2695 5712 2784 5785 sit,
2835 5712 3009 5768 uestri
3052 5727 3179 5785 mss.
3234 5711 3457 5782 habent,

1860 5789 2093 5863 exetnpto
2122 5780 2430 5862 pressuritpti
2450 5796 2473 5841 :
2500 5780 2641 5839 laud
2663 5783 2776 5842 scio
2802 5794 2932 5839 num
2957 5783 3165 5843 verius.

3441 5977 3451 6009 ξ
