3962 6338
408 229 515 290 M5

1633 229 1690 286 S.
1731 227 2005 287 EUSEBll
2040 227 2423 290 HIERONYMI

3600 234 3700 293 H6

409 356 586 404 autem
611 353 734 400 sunt
773 360 932 418 opera
957 342 1154 408 carnis,
1195 341 1283 398 vel
1326 340 1583 397 omnibus
1612 355 1677 397 ea
1724 350 1853 397 nota
1884 357 2010 400 esse
2036 345 2086 408 Α
2115 345 2388 412 Quantum
2412 347 2557 403 enim
2589 348 2643 402 in
2673 349 2835 405 nobis
2875 357 2981 414 est,
3025 351 3226 406 nullius
3282 363 3407 406 esse
3452 348 3708 407 debemus

414 440 754 499 demonstrat
789 455 803 492 :
849 439 978 509 quia
1025 451 1125 508 per
1168 450 1228 492 se
1255 442 1477 506 pateant
1503 434 1646 490 mala
1685 449 1808 491 esse
1835 445 1891 492 et
1928 434 2011 492 fu-

415 533 636 608 gienda,
687 533 955 587 iutantum
1008 539 1068 584 ut
1110 529 1274 584 etiam
1324 528 1382 584 bi
1430 527 1521 598 qui
1567 542 1629 584 ea
1665 527 1886 591 faciunt,
1915 543 2014 584 cu-

417 628 571 699 piant
602 625 882 682 occultare
906 622 1051 693 quod
1099 622 1320 678 faciunt.
1354 620 1453 678 Vel
1483 632 1633 679 certe
1677 621 1763 678 bis
1810 632 2014 678 tantum

421 719 731 788 manifesta,
759 717 850 789 qui
873 718 928 773 in
946 715 1170 772 Cltritso
1191 715 1545 773 crediderint.
1571 715 1792 773 Plurimi
1815 719 2016 790 quippe

421 813 700 888 gentilium
735 813 787 868 in
820 812 936 867 suis
967 808 1282 882 ignominiis
1306 809 1630 881 gloriantur,
1658 821 1714 867 et
1745 821 1936 881 putant
1968 811 2014 867 si

423 907 763 980 expleverint
807 906 1165 975 voluptatem,
1192 901 1484 974 quamdam
1514 917 1576 959 se
1619 903 2013 974 turpitudinum

419 1001 706 1057 victoriam
736 1006 1080 1054 consecutos.
1137 996 1245 1053 Sed
1273 1005 1331 1052 et
1359 996 1494 1052 illud
1539 996 1843 1069 eleganter,
1871 998 2016 1069 quod

423 1095 478 1152 in
509 1110 678 1150 carne
707 1107 872 1163 opera
916 1092 1120 1161 posuit,
1170 1099 1224 1146 et
1263 1090 1471 1146 fructus
1517 1091 1570 1145 in
1611 1090 1848 1163 spiritu:
1891 1093 2018 1164 quia

432 1187 564 1242 vitia
588 1187 640 1241 itt
669 1185 967 1255 semetipsa
999 1183 1260 1238 finiuntur
1292 1193 1346 1238 et
1377 1190 1630 1254 pereunt,
1661 1171 1890 1239 virtutes
1910 1183 2021 1239 fru—

425 1283 584 1354 gibus
609 1280 878 1351 pullulant
907 1290 963 1336 et
1003 1278 1330 1336 redundant.
1373 1276 1485 1334 Nec
1535 1287 1785 1349 putemus
1826 1279 2020 1335 anima:

428 1376 634 1450 nullum
667 1389 792 1430 esse
820 1387 979 1445 Opus,
1018 1374 1063 1428 si
1112 1373 1240 1429 vitia
1290 1372 1475 1438 carni,
1525 1373 1758 1430 virtutes
1805 1373 2022 1446 spiritui

427 1471 781 1541 deputentur.
811 1469 948 1537 Quia
977 1469 1153 1523 anima
1184 1468 1205 1540 (
1230 1477 1290 1522 ut
1319 1481 1486 1538 supra
1511 1465 1780 1540 diximus)
1808 1470 1862 1523 in
1891 1485 2018 1540 quo-

428 1563 551 1620 dam
585 1561 886 1617 meditullio
917 1563 1118 1632 posita,
1163 1559 1249 1615 vel
1275 1561 1423 1616 carni
1448 1560 1714 1632 jungitur,
1748 1569 1801 1616 et
1827 1560 2025 1616 dicitur

425 1655 496 1713 de
541 1672 602 1712 ea
633 1673 648 1711 :
680 1654 803 1709 Non
843 1654 1156 1726 permanebit
1193 1655 1404 1727 spiritus
1451 1671 1595 1710 meus
1624 1655 1677 1708 in
1729 1655 2024 1710 hominibus

2117 440 2342 506 inimici,
2374 441 2471 498 sed
2510 457 2632 499 cum
2666 445 2922 500 omnibus
2963 445 3169 502 habere
3209 460 3422 517 pacem.
3473 444 3628 513 Quod
3667 445 3710 501 si

2118 535 2403 608 loquentes
2450 539 2770 607 veritatem,
2822 539 3033 612 aliquos
3085 556 3363 597 meremur
3417 536 3710 594 inimicos:

2119 644 2227 684 non
2257 639 2364 685 tam
2388 646 2491 686 nos
2513 631 2721 688 inimici
2743 649 2933 688 eorum
2965 648 3175 699 sumus,
3207 647 3368 704 quam
3402 631 3480 687 illi
3511 629 3714 686 inimici

2120 732 2246 778 sunt
2299 724 2562 780 veritatis.
2611 725 2747 780 Nam
2796 727 2940 797 quod
2981 738 3035 783 et
3088 728 3142 782 in
3171 726 3370 783 Genesi
3421 724 3622 780 dicitur
3650 724 3712 780 ad

2122 815 2396 871 Abraham
2425 835 2436 871 :
2469 814 2720 873 Inimicus
2752 833 2839 872 ero
2865 819 3090 872 inimicis
3128 819 3229 872 tuis
3259 834 3280 873 :
3311 825 3358 871 et
3405 815 3714 871 adversabor

2121 909 2511 964 adversantibus
2541 911 2655 978 tibi,
2703 912 2840 966 sicut
2888 927 3052 980 supra
3101 909 3558 980 intelligendum,
3611 923 3716 966 non

2123 1010 2230 1056 tam
2263 1001 2535 1056 Abraham
2571 1002 2677 1057 illis
2707 1003 2990 1058 inimicum
3019 1004 3228 1072 fuisse,.
3253 1017 3414 1075 quam
3459 999 3585 1056 illos
3611 999 3720 1056 Abo

2123 1094 2274 1149 rahze
2300 1094 2592 1151 virtutibus
2622 1105 2676 1151 et
2703 1096 2980 1167 religioni,
3009 1112 3106 1166 per
3131 1111 3326 1166 quam,
3355 1094 3579 1150 calcatis
3606 1092 3720 1149 ido-

2124 1187 2216 1255 lis,
2245 1190 2518 1260 cognitum
2546 1190 2912 1244 venerabatur
2937 1189 3129 1244 Deum.
3163 1187 3300 1244 ltlud
3331 1201 3549 1259 quoque
3577 1185 3720 1257 quod

2126 1283 2326 1355 populo
2360 1282 2670 1352 praccipitur
2715 1281 2904 1348 lsrael,
2937 1291 2993 1336 ut
3021 1281 3150 1336 odio
3179 1281 3543 1350 sempiterno,
3573 1289 3630 1334 et
3670 1279 3724 1334 in

2128 1387 2377 1446 posteros
2420 1377 2739 1432 transmissa
2785 1375 3081 1442 discordia,
3125 1374 3333 1431 inimici
3379 1374 3493 1430 sint
3523 1372 3728 1429 Madia-

2127 1470 2246 1526 neis
2280 1468 2468 1541 (Num.
2512 1467 2685 1541 xxxt),
2716 1471 2869 1541 quasi
2904 1469 2989 1524 his
3017 1467 3234 1533 dicitur,
3282 1468 3374 1539 qui
3416 1466 3519 1521 sub
3548 1465 3729 1537 paeda.

2126 1579 2266 1634 gogo
2290 1571 2472 1628 erant,
2497 1570 2553 1618 et
2581 1563 2637 1618 in
2667 1562 2775 1617 alio
2795 1563 2917 1617 loco
2946 1563 3300 1617 merebantur
3323 1558 3516 1615 audire
3550 1576 3564 1612 :
3593 1557 3728 1613 Odia

2127 1655 2335 1709 habebis
2366 1657 2632 1710 inimicum
2665 1665 2810 1709 tuum
2838 1653 3058 1728 (Matth.
3091 1669 3143 1720 v,
3175 1653 3294 1724 45).
3323 1657 3431 1708 Aut
3450 1663 3602 1708 certe
3624 1666 3731 1708 non

422 1749 557 1817 istis,
591 1750 711 1822 quia
737 1765 916 1802 carnes
941 1755 1058 1802 sunt
1083 1745 1236 1820 (Gen.
1265 1764 1339 1813 vr,
1365 1747 1421 1820 3)
1450 1765 1464 1811 ;
1493 1749 1576 1804 vel
1605 1748 1818 1819 spiritui
1863 1763 2028 1818 copu-
2059 1752 2106 1814 B
2133 1757 2240 1804 tam
2272 1763 2653 1818 personarum,
2683 1763 2842 1819 quam
2877 1761 3090 1802 morum
3125 1735 3388 1801 estfacta
3414 1743 3724 1800 dissensio:

432 1841 598 1904 latur,
632 1849 687 1894 et
719 1841 770 1894 in
800 1839 1025 1909 spiritus
1049 1837 1376 1893 vocabulum
1408 1840 1625 1893 transit.
1654 1837 1755 1907 Qui
1779 1841 1913 1894 enim
1928 1840 2026 1893 ad-

430 1933 589 1989 ha’ret
621 1931 866 1999 Domino,
899 1949 1032 1987 unus
1054 1933 1264 2004 spiritus
1293 1942 1366 1987 est
1392 1932 1453 2004 (ι
1487 1931 1606 1987 Cor.
1631 1949 1712 2000 vt,
1747 1934 1811 1988 Π
1834 1933 1874 2004 ).
1905 1933 2024 1988 Pri-

431 2043 576 2085 mum
626 2027 808 2096 itaque
835 2026 1018 2081 carnis
1048 2041 1205 2095 opus,
1253 2034 1335 2080 est
1379 2023 1693 2080 fornicatio.
1741 2023 2024 2081 Manifesta

431 2120 487 2178 in
514 2119 745 2176 exordio
784 2119 988 2190 posuit,
1013 2133 1084 2174 ne
1113 2117 1181 2172 de
1229 2115 1423 2173 mediis
1452 2117 1813 2188 atnbigamus.
1853 2117 2028 2172 Omne

432 2212 579 2270 enim
610 2211 993 2282 quodcumque
1025 2209 1214 2265 fecerit
1249 2207 1436 2275 homo,
1479 2219 1630 2264 extra
1671 2225 1871 2281 corpus
1899 2219 2024 2266 est:

431 2307 520 2380 qui
543 2315 725 2360 autem
750 2304 1074 2371 fornicatur,
1094 2303 1148 2358 in
1178 2317 1378 2372 corpus
1403 2318 1563 2360 suum
1587 2314 1798 2375 peceat.
1828 2304 1896 2360 Et
1920 2319 2028 2361 non

433 2413 622 2455 sumus
650 2398 821 2455 nostri
843 2399 1040 2470 :empti
1056 2399 1203 2454 enim
1228 2413 1418 2453 sumus
1440 2399 1638 2466 pretio,
1660 2398 2030 2469 glorificemus

432 2499 486 2550 et
517 2503 792 2563 portemus
823 2491 991 2548 Deum
1025 2495 1079 2548 in
1110 2507 1344 2562 corpore
1373 2501 1584 2548 nostro.
1635 2492 1692 2547 lu
1743 2509 1809 2548 eo
1856 2493 2030 2548 forni-

433 2595 586 2646 cator
616 2587 840 2658 majoris
865 2596 951 2643 est
974 2585 1224 2642 criminis
1246 2605 1259 2642 :
1281 2586 1404 2658 quia
1441 2586 1584 2643 tollit
1612 2588 1852 2643 membra
1875 2585 2034 2643 Chri-

436 2683 528 2751 sti,
575 2693 632 2736 ct
675 2682 804 2737 facit
830 2695 894 2738 ea
942 2682 1189 2736 membra
1233 2681 1562 2736 meretricis.
1607 2680 1787 2735 Erunt
1835 2681 2033 2752 quippe

437 2776 544 2834 duo
571 2776 623 2830 in
655 2790 822 2831 carne
853 2789 977 2830 una.
1011 2773 1113 2843 Qui
1147 2788 1254 2829 non
1278 2782 1365 2828 est
1396 2773 1595 2841 fidelis,
1626 2789 1728 2829 nec
1766 2773 1941 2830 credit
1977 2775 2032 2829 in

438 2867 677 2936 Christo,
706 2883 803 2924 sna
835 2867 1082 2922 membra
1120 2865 1248 2922 facit
1293 2867 1534 2922 membra
1567 2867 1871 2921 meretricis
1901 2884 1913 2920 :
1943 2866 2035 2937 qui

438 2962 612 3018 credit
645 2973 700 3017 et
728 2961 1045 3027 fornicatur,
1088 2959 1291 3015 Christi
1325 2959 1566 3016 membra
1614 2959 1739 3014 facit
1790 2959 2034 3016 membra

441 3053 768 3112 meretricis.
807 3053 1135 3108 Econlrario
1168 3052 1403 3108 infidelis
1453 3054 1505 3107 in
1549 3051 1910 3110 fornicatione
1940 3068 2036 3108 sua

2129 1851 2189 1899 ut
2215 1843 2492 1913 quomodo
2526 1843 2667 1898 Deus
2694 1842 2902 1897 utiliter
2931 1843 3074 1897 inter
3102 1851 3413 1908 serpentem
3460 1849 3518 1894 et
3548 1838 3733 1896 muliev

2130 1951 2244 1991 rem
2274 1935 2586 1990 inimicitias
2617 1933 2822 2005 posuit,
2855 1950 2924 1991 ne
2968 1933 3226 1990 amicitiae
3276 1947 3471 1990 eorum
3513 1931 3736 1988 inutiles

2129 2038 2314 2085 essent
2345 2028 2576 2093 homini,
2604 2044 2702 2098 per
2729 2045 2865 2100 quas
2894 2029 3172 2099 proiectus
3200 2036 3287 2084 est
3311 2027 3380 2084 de
3428 2027 3694 2099 paradiso
3719 2044 3735 2084 :

2130 2124 2202 2178 ita
2231 2133 2288 2177 et
2312 2123 2362 2176 in
2395 2121 2680 2188 lsraelitis,
2705 2131 2760 2178 et
2781 2120 3081 2177 Madianeis
3101 2123 3209 2174 vita
3234 2121 3406 2191 magis
3430 2120 3738 2188 dissimilis,

2130 2233 2292 2288 quam
2320 2232 2451 2286 gens
2482 2230 2590 2271 una
2617 2216 2872 2270 damnata
2903 2223 3008 2271 est.
3055 2214 3356 2285 Septimum
3391 2214 3572 2270 locum
3599 2214 3742 2271 inter

2131 2312 2315 2367 carnis
2342 2326 2533 2381 opera,
2563 2310 2843 2366 contentio
2873 2309 3135 2382 possidet,
3182 2308 3420 2380 quodam
3454 2309 3612 2381 quasi
3645 2324 3738 2365 sa-

2131 2417 2305 2472 crato,
2333 2413 2390 2461 et
2409 2405 2671 2461 eminenti
2695 2405 2853 2478 507
2885 2407 3026 2461 inter
3049 2405 3180 2460 vitia
3214 2420 3442 2460 numero
3493 2404 3741 2460 colloca-

2135 2509 2207 2554 ta.
2241 2499 2463 2556 Servum
2489 2509 2661 2554 autent
2685 2495 2902 2552 Domini
2929 2515 3032 2552 non
3061 2507 3262 2569 Oportet
3287 2498 3483 2562 rixari,
3512 2498 3607 2552 sed
3632 2512 3746 2553 esse

2133 2602 2462 2647 mansuetum
2505 2592 2575 2646 ad
2618 2608 2812 2658 omnes,
2859 2590 3148 2657 doctorem,
3202 2589 3583 2663 longanimem,
3626 2606 3745 2644 cum

2136 2685 2532 2740 mansuetudine
2553 2685 2895 2751 erndicntem,
2922 2686 3078 2738 etiam
3098 2699 3183 2738 eos
3207 2683 3298 2753 qui
3325 2692 3537 2737 econtra
3571 2683 3748 2754 dispu-

2138 2787 2249 2833 tant
2281 2776 2344 2849 (ll
2375 2776 2517 2831 Tim.
2549 2792 2610 2845 tt,
2643 2776 2738 2843 24,
2775 2774 2892 2848 25).
2923 2776 3050 2830 Post
3079 2775 3514 2840 contentionem,
3544 2782 3743 2829 octava

2137 2869 2384 2926 succedit
2408 2870 2707 2937 aemulatio,
2738 2884 2858 2941 qua!
2889 2868 3081 2925 Graeco
3105 2881 3360 2924 sermone
3389 2866 3538 2933 ζῆλος
3571 2864 3748 2936 signi-

2141 2966 2395 3021 ficantius
2423 2976 2477 3023 et
2510 2965 2694 3020 notius
2716 2964 3039 3036 appellatur.
3069 2963 3186 3030 Quo
3203 2962 3420 3034 quidem
3446 2960 3616 3032 malo,
3648 2977 3749 3016 ne-

2141 3060 2256 3116 scio
2296 3060 2421 3131 quis
2449 3067 2693 3114 nostrum
2727 3066 2933 3115 careat.
2981 3055 3156 3110 Zelati
3187 3063 3314 3110 sunt
3357 3053 3525 3118 enim,
3559 3062 3615 3108 et
3646 3067 3749 3124 pa-

447 3157 629 3204 utrum
663 3149 851 3214 violet,
903 3165 970 3203 an
1011 3147 1242 3202 a'dificet
1293 3148 1551 3216 templum
1604 3147 1776 3216 idolo,
1829 3148 2035 3204 nescio.
2067 3154 2111 3216 C
2147 3155 2399 3210 ιιιὶειτειιω
2425 3153 2628 3222 Joseph
2663 3151 2884 3206 fratrem
2928 3165 3087 3205 suum
3123 3166 3136 3203 :
3167 3157 3222 3204 et
3251 3147 3438 3211 Maria,
3473 3154 3532 3202 et
3557 3144 3747 3202 Aaron

446 3243 549 3299 Per
600 3243 728 3298 vilia
773 3244 971 3315 quippe
1021 3243 1105 3299 vel
1157 3243 1394 3298 maxime
1437 3242 1718 3298 daemones
1761 3245 2034 3298 coluntur.

446 3337 563 3396 Hoc
593 3355 756 3393 unum
789 3339 902 3393 scio
937 3356 950 3392 :
999 3337 1140 3408 quod
1171 3339 1261 3409 qui
1307 3348 1425 3408 post
1457 3337 1616 3392 fidem
1646 3337 1846 3392 Christi
1875 3337 2042 3392 forni-

447 3443 621 3497 catur,
653 3433 818 3488 violat
848 3432 1111 3502 templum
1142 3431 1260 3488 Dei.
1304 3429 1614 3488 Secundum
1665 3446 1801 3502 opus
1835 3430 2035 3498 carnis,

449 3527 793 3583 immunditia
836 3535 1210 3596 nuncupatur,
1252 3534 1309 3581 et
1336 3541 1455 3581 eam
1487 3540 1672 3582 comes
1717 3526 1926 3581 luxuria
1957 3541 2043 3580 se-

449 3621 654 3692 quitur.
702 3618 988 3687 Quomodo
1035 3618 1180 3674 enim
1214 3619 1268 3673 in
1297 3618 1467 3673 veteri
1498 3617 1640 3688 Lege
1683 3617 1752 3673 de
1801 3618 2044 3674 nefandis

446 3711 790 3778 criminibus,
815 3728 934 3781 qua:
967 3711 1021 3766 in
1054 3711 1271 3767 occulto
1303 3711 1468 3784 506
1497 3710 1654 3779 liunt,
1688 3719 1741 3765 et
1769 3726 1835 3766 ea
1865 3711 2044 3764 nomi-

450 3819 583 3861 nare
637 3803 1014 3874 turpissimum
1048 3813 1130 3858 est
1161 3803 1179 3873 (
1207 3818 1274 3858 ne
1322 3811 1377 3857 et
1423 3802 1658 3856 dicentis
1686 3815 1748 3856 os
1796 3812 1850 3857 ct
1886 3816 2047 3857 aures

449 3897 785 3954 audientium
823 3897 1222 3967 polluerentur)
1244 3897 1572 3967 generaliter
1592 3896 1872 3966 Scriptura
1901 3912 2050 3951 com-

451 3994 610 4067 plexa
641 4002 748 4061 est,
778 3992 968 4047 dicens
997 4011 1008 4046 :
1068 3991 1419 4057 Verecundos,
1469 3989 1553 4044 vel
1579 3999 1864 4046 reverentes
1895 3991 2050 4061 facile

451 4089 588 4160 ﬁlios
613 4086 779 4142 Israel
809 4087 872 4141 ab
903 4087 1043 4142 omni
1066 4087 1392 4141 immunditia
1423 4090 1441 4155 ί
1469 4084 1633 4140 Leuit.
1666 4100 1755 4149 xv,
1787 4083 1893 4159 51)
1927 4101 1939 4138 :
1973 4085 2051 4139 sic

452 4182 508 4238 in
539 4182 637 4236 hoc
665 4182 784 4238 loco
811 4191 1042 4237 caeteras
1073 4180 1544 4236 extraordinarius
1590 4180 1920 4249 voluptates,
1966 4178 2050 4248 ip-

454 4287 636 4330 sarum
678 4289 893 4344 quoque
922 4288 1089 4344 opera
1121 4272 1462 4343 nuptiarum,
1506 4273 1550 4326 si
1588 4285 1697 4327 non
1723 4271 2047 4336 verecunde,

456 4375 514 4423 et
561 4381 684 4421 cum
734 4365 1044 4432 honestate,
1087 4367 1243 4437 quasi
1294 4365 1398 4420 sub
1425 4364 1600 4420 oculis
1639 4364 1733 4419 Dei
1783 4365 1945 4429 fiant,
1996 4372 2054 4417 ttt

461 4467 670 4514 tantum
713 4458 902 4513 liberis
952 4459 1241 4521 serviatur,
1274 4457 1665 4512 immunditiam
1699 4466 1752 4512 et
1779 4456 2049 4510 luxuriam

2143 3246 2442 3320 prophetes
2475 3245 2569 3300 Dei
2603 3256 2656 3300 et
2684 3243 2965 3310 sacerdos,
3018 3249 3206 3297 contra
3237 3239 3457 3310 Moysen
3500 3239 3596 3294 tali
3627 3252 3753 3311 pas-

2144 3343 2304 3397 sione
2329 3339 2542 3409 decepti
2571 3346 2699 3393 sunt
2726 3337 2746 3410 (
2772 3335 2960 3391 Gcnes.
2996 3347 3214 3395 xxxvtt,
3247 3329 3414 3385 Nam.
3451 3345 3527 3386 xtt
3553 3329 3575 3399 )
3605 3349 3619 3384 :
3675 3333 3755 3386 in-

2145 3442 2354 3488 tantnm
2386 3443 2446 3488 ut
2478 3431 2565 3485 illa
2591 3430 2659 3487 de
2689 3445 2794 3500 qua
2825 3427 3108 3497 Scriptura
3139 3433 3487 3487 narraverat,
3516 3422 3752 3480 dicens:

2149 3527 2358 3584 Tolleus
2380 3535 2552 3580 autem
2585 3523 2759 3579 Maria
2788 3523 3060 3596 praphetes
3094 3530 3398 3591 tympanum
3421 3515 3629 3590 (Exod.
3662 3535 3753 3576 xv.

2146 3622 2266 3691 20),
2289 3619 2318 3658 ι’
2351 3628 2406 3676 et
2435 3627 2654 3686 caetera,
2682 3627 2871 3688 postea
2901 3626 3056 3670 extra
3081 3621 3257 3668 castra
3285 3610 3552 3680 proiecta,
3586 3610 3756 3680 leprte

2149 3717 2280 3772 vitio
2303 3714 2582 3769 sordidata
2608 3713 2703 3777 sit,
2729 3721 2782 3767 et
2811 3709 3190 3782 paenitentiam
3214 3709 3516 3775 longiorem
3538 3714 3758 3776 septem

2153 3811 2366 3866 diorum
2389 3808 2742 3878 separatione
2766 3804 3064 3873 signaverit
3093 3801 3282 3873 (Nam.
3305 3799 3429 3869 xu).
3455 3799 3542 3854 Ira
3557 3797 3760 3854 deinde

2151 3901 2415 3966 succedit,
2450 3915 2571 3970 quae
2591 3897 2857 3967 justitiam
2891 3895 2982 3950 Dei
3017 3911 3121 3949 non
3153 3903 3411 3965 operatur
3452 3891 3669 3965 (Iacob.
3696 3891 3756 3964 t),

2154 4004 2207 4050 et
2235 3997 2446 4064 species
2475 4000 2560 4047 est
2608 3991 2828 4044 furoris.
2883 3987 3030 4044 Inter
3080 3987 3417 4041 iracundiam
3460 3994 3651 4040 autem
3701 3992 3756 4038 et

2156 4087 2313 4150 iram,
2351 4085 2452 4138 hoc
2479 4084 2705 4137 interest
2739 4101 2752 4138 :
2797 4080 2941 4152 quod
2987 4079 3282 4135 iracundus
3310 4091 3527 4148 semper
3572 4076 3764 4132 irasci-

2158 4189 2244 4235 tur
2272 4199 2284 4234 :
2333 4178 2503 4232 iratus
2545 4191 2645 4246 pro
2678 4184 2938 4246 tempore,
2969 4172 3299 4227 concitatur.
3332 4169 3402 4225 Et
3423 4168 3617 4224 nescio
3642 4169 3762 4238 quis

2158 4272 2332 4342 possit
2362 4285 2592 4340 regnum
2634 4267 2726 4323 Dei
2758 4265 3040 4337 possidere
3074 4282 3086 4318 :
3121 4279 3243 4318 cum
3293 4263 3338 4318 is
3362 4263 3453 4333 qui
3484 4260 3762 4327 irascitur,

2157 4374 2442 4436 separetur
2479 4379 2509 4418 a
2541 4378 2714 4432 regno
2743 4358 2983 4431 (Matth.
3012 4375 3044 4412 v
3069 4364 3108 4428 ).
3158 4356 3313 4412 Rixae
3364 4369 3586 4426 quoque
3632 4367 3767 4425 quas

2163 4459 2308 4513 aliud
2337 4456 2515 4512 Graeci
2543 4454 2938 4526 significantes,
2974 4455 3190 4530 ἐριθείας
3222 4459 3417 4506 vocant
3454 4447 3765 4520 (siquidem

459 4555 781 4608 nominat-tt.
825 4551 1113 4620 Quartum,
1168 4553 1222 4606 in
1271 4551 1520 4621 catalogo
1571 4565 1799 4622 operum
1847 4551 2050 4614 carnis,
2081 4557 2134 4618 1)
2158 4553 2271 4608 rixa
2305 4553 2457 4623 μάχη
2487 4548 2710 4620 dicitur)
2739 4564 2769 4603 a
2795 4561 2963 4616 regno
2986 4547 3079 4601 Dei
3111 4544 3424 4614 prohibent.
3451 4539 3554 4596 Est
3582 4550 3766 4598 autem

458 4647 762 4703 idololatria
794 4647 971 4701 locum
1001 4654 1169 4701 tenet.
1219 4644 1321 4714 Qui
1353 4646 1499 4700 enim
1530 4645 1700 4701 semel
1731 4659 1789 4700 se
1821 4643 2050 4699 luxuriae

458 4740 830 4809 voluptatique
889 4741 1228 4809 permiserit,
1286 4754 1390 4794 non
1442 4737 1663 4809 respicit
1710 4739 2047 4795 Creatorem.

456 4833 609 4889 Alias
640 4841 818 4887 autem
851 4833 1031 4888 omnis
1056 4832 1384 4900 idololatria,
1417 4831 1729 4897 festivitate,
1761 4832 1908 4901 gula,
1929 4847 2057 4886 ven-

458 4936 560 4991 tre,
611 4937 668 4982 et
711 4925 791 4981 Itis
833 4941 955 4997 qua:
1007 4925 1146 4980 infra
1176 4935 1424 4981 ventrem
1455 4932 1600 4992 sunt,
1629 4923 1958 4980 delectatur.
1997 4926 2058 4978 Et

457 5037 527 5078 ne
574 5021 798 5076 forsitan
847 5020 1132 5086 veneficia,
1185 5030 1239 5076 et
1267 5020 1530 5075 maleficae
1578 5029 1727 5074 artes
1757 5034 1862 5074 non
1911 5018 2057 5073 vide-

458 5124 648 5172 rentur
676 5113 731 5168 in
761 5128 905 5167 novo
937 5112 1224 5184 prohibita:
1257 5112 1644 5177 Testamento,
1682 5111 1813 5180 ipsae
1842 5126 2060 5182 quoque

459 5209 601 5266 inter
642 5209 823 5263 carnis
869 5223 1035 5277 opera
1067 5207 1440 5263 nominantur.
1481 5205 1616 5275 Quia
1663 5220 1808 5275 sa-pe
1839 5206 2062 5274 magicis

458 5301 692 5369 artibus,
717 5311 771 5357 et
800 5316 987 5357 amare
1019 5301 1233 5356 miseris
1265 5300 1447 5356 evenit
1477 5308 1531 5355 et
1558 5298 1752 5354 amari.
1781 5298 2062 5353 lninticitia

457 5412 853 5471 quoquehqum
885 5405 1007 5469 post
1054 5397 1321 5454 veneficia
1371 5397 1612 5466 ponitur,
1662 5411 1821 5467 quem
1868 5395 2067 5450 habeat

459 5500 717 5560 reatum,
769 5500 794 5529 ⁸
838 5490 1112 5549 manifesti
1166 5491 1416 5547 criminis
1480 5488 1748 5560 subiectio
1801 5487 2060 5546 declarat.

494 5708 556 5827 tt:
590 5697 766 5822 l:enes
788 5693 1108 5764 Victorium,
1153 5697 1430 5768 manifesto
1465 5695 1668 5752 crimini
1707 5695 1938 5768 subjecta
1961 5697 2054 5752 de-

549 5786 607 5825 ra
637 5803 650 5823 .

461 5785 650 5825 uarat.

2160 4647 2366 4723 ἑριθεία,
2409 4657 2530 4698 cum
2579 4641 2703 4713 quis
2738 4655 2954 4710 semper
2979 4638 3045 4693 ad
3073 4635 3567 4694 contradicendum
3613 4649 3770 4702 para-

2115 4801 2128 4810 ,
2161 4747 2269 4802 tus,
2299 4735 2583 4790 stomacho
2613 4733 2920 4788 delectatur
2946 4731 3127 4784 alieno
3156 4744 3170 4782 :
3206 4737 3262 4783 et
3305 4726 3560 4782 muliebri
3585 4726 3770 4796 iurgio

2158 4830 2459 4891 contendit,
2492 4837 2546 4882 et
2577 4833 2841 4897 provocat
2865 4822 3314 4878 contendentem.
3367 4819 3493 4874 Hzec
3533 4817 3648 4874 alio
3678 4832 3772 4874 no-

2163 4924 2308 4980 mine
2336 4923 2479 4991 apud
2511 4918 2738 4975 Grarcos
2779 4918 3051 4994 φιλονεικία
3084 4914 3415 4985 appellatur.
3464 4913 3692 4969 Necnon
3721 4918 3777 4968 et

2165 5014 2530 5070 dissensiones
2561 5026 2728 5082 opera
2777 5010 2959 5064 carnis
3003 5016 3177 5062 sunt:
3226 5021 3351 5061 cum
3393 5007 3516 5076 quis
3565 5018 3774 5076 nequa-

2163 5123 2324 5180 quam
2357 5104 2655 5176 perfectus,
2688 5101 2880 5159 eodem
2913 5115 3105 5166 sensu,
3151 5109 3207 5154 et
3249 5098 3441 5154 cadent
3487 5097 3768 5153 sententia

2165 5202 2296 5258 dicit
2331 5219 2342 5255 :
2375 5200 2490 5274 Ego
2525 5216 2642 5253 sum
2672 5197 2852 5264 Pauli,
2889 5205 2936 5251 et
2966 5211 3060 5266 ego
3092 5194 3306 5267 Apollo,
3341 5202 3390 5248 et
3430 5209 3527 5264 ego
3557 5189 3770 5261 Ceplne,

2165 5307 2210 5352 et
2237 5311 2329 5366 ego
2353 5293 2543 5348 Christi
2573 5292 2620 5362 (ι
2646 5292 2770 5347 Cor.
2795 5306 2833 5360 ι,
2869 5291 2978 5358 1-2).
3012 5287 3120 5345 Sed
3150 5296 3205 5342 et
3231 5285 3521 5342 domorum
3544 5285 3693 5340 inter
3713 5298 3771 5340 se

2168 5389 2286 5446 inec
2330 5388 2518 5445 eadem
2551 5385 2823 5441 dissensio
2849 5383 3119 5453 reperitur
3148 5397 3162 5435 :
3199 5380 3382 5436 mariti
3411 5379 3669 5435 videlicet
3705 5376 3772 5434 ad

2165 5499 2413 5552 uxorem,
2462 5463 2633 5553 p'atris
2673 5479 2742 5535 ad
2786 5477 2980 5544 ﬁlium,
3013 5474 3201 5531 fratris
3246 5473 3315 5529 ad
3361 5473 3611 5543 fratrem,
3643 5486 3773 5529 con-

2234 5691 2264 5733 ι)
2296 5691 2449 5750 Unus
2477 5689 2736 5755 Palatin.,
2766 5696 2814 5743 et
2842 5688 3117 5762 citharam,
3167 5700 3269 5758 pro
3304 5695 3354 5742 et
3375 5693 3604 5762 partem.
3652 5680 3775 5741 Mox

2170 5779 2386 5836 quoque
2408 5775 2598 5821 vocem
2631 5763 2959 5833 separatione
2979 5761 3228 5830 ignorati
