3962 6338
211 325 284 386 lii

657 324 1306 387 COIIMENTARIORUM
1345 324 1412 384 IN
1457 303 1842 385 EPISTULA.“
1884 326 1975 383 AD
2015 321 2338 384 GALA'I‘AS
2378 328 2508 385 LIB.
2547 329 2636 412 III.
2676 329 2832 388 CAP.
2878 330 2942 388 V.

3333 293 3439 393 eis

206 450 308 509 servi
330 447 382 503 ad
411 462 760 513 conservum,
794 447 980 503 militis
1009 447 1076 502 ad
1105 447 1580 516 contubernalem,
1614 449 1743 502 arti-
1771 452 1820 509 Α
1849 433 2030 518 potest
2059 452 2340 518 accidere;
2373 469 2440 509 ex
2468 469 2574 523 quo
2596 461 2652 509 et
2673 452 2742 508 de
2770 461 2960 508 sancto
2991 451 3218 507 dicitur:
3249 451 3443 507 Vinum

206 545 294 600 ficis
313 543 364 598 ad
381 541 622 611 ejusdem
653 542 838 612 operis
861 541 1146 597 artiﬁcem.
1174 541 1590 614 Nonnumquam
1619 557 1743 597 eve-

204 639 293 702 nit,
335 647 379 690 nt
407 645 460 690 et
506 635 559 690 in
605 635 1042 705 expositionibus
1086 635 1494 706 Scripturarum
1534 636 1744 690 oriatur

204 730 452 788 dissensio:
505 744 538 785 e
579 729 774 802 quibus
819 730 1058 786 haereses
1096 745 1308 801 quoque
1353 746 1474 801 qua:
1516 727 1744 786 nuncin

201 826 343 885 carnis
364 839 522 894 opere
556 835 858 896 ponuntur,
892 824 1177 880 ebulliunt.
1221 823 1280 881 Si
1310 824 1453 879 enim
1481 822 1746 893 sapientia

201 920 342 978 carnis
367 916 582 972 inimica
605 926 690 973 est
716 916 870 990 Deo(
890 916 1046 974 Rom.
1074 917 1207 988 vni)
1253 917 1514 988 (inimica
1563 925 1745 973 autem

199 1027 295 1071 sunt
316 1011 477 1068 omnia
508 1012 765 1083 dogmata
789 1012 1038 1069 falsitatis
1074 1014 1183 1069 Deo
1207 1011 1584 1084 repugnantia)
1614 1027 1746 1068 con-

201 1113 440 1180 sequester
458 1114 515 1160 et
545 1107 785 1160 liazreses
813 1104 1044 1160 inimicae
1078 1105 1207 1175 Deo,
1260 1105 1328 1160 ad
1377 1107 1554 1160 carnis
1584 1119 1746 1171 opera

197 1201 478 1258 referuntur.
509 1200 717 1278 Αἵρεσις
742 1210 925 1254 autem
956 1199 1169 1265 Graece,
1201 1199 1271 1252 ab
1292 1199 1560 1255 electione
1587 1198 1751 1271 508

197 1293 357 1351 dicitur
389 1312 401 1348 :
429 1287 580 1365 quod
614 1295 825 1350 scilicet
863 1309 982 1348 eam
1022 1294 1124 1348 sibi
1174 1294 1545 1365 unusquisque
1585 1293 1752 1362 eligat

194 1386 514 1459 disciplinam,
562 1403 724 1459 quam
776 1396 928 1458 putat
983 1402 1108 1443 esse
1155 1388 1462 1443 meliorem.
1495 1386 1752 1456 Quicum-

196 1497 279 1554 que
315 1482 461 1551 igitur
486 1481 650 1537 aliter
673 1481 1011 1553 Scripturam
1051 1482 1333 1554 intelligit,
1364 1496 1523 1552 quam
1554 1497 1752 1537 sensus

192 1576 387 1648 Spiritus
409 1578 586 1633 sancti
619 1576 845 1649 ﬂagitat,
890 1594 998 1649 quo
1027 1579 1338 1648 conscripta
1367 1587 1450 1634 est
1481 1594 1497 1634 :
1531 1578 1656 1633 licet
1685 1576 1752 1632 de

194 1669 398 1725 Ecclesia
423 1684 531 1726 non
579 1673 894 1737 recesserit,
929 1683 1109 1726 tamen
1150 1670 1444 1726 haereticus
1487 1669 1752 1742 appellari

190 1770 356 1834 potest,
389 1770 444 1819 et
465 1763 535 1820 de
554 1765 738 1820 carnis
767 1765 1024 1834 otieribus
1051 1773 1156 1829 est,
1182 1765 1388 1835 eligens
1410 1780 1530 1836 qua:
1565 1766 1752 1836 pejora

1847 553 1895 597 et
1919 547 2132 600 siceram
2158 563 2260 601 non
2288 547 2417 602 bibet
2450 546 2600 618 (Luc.
2634 563 2671 622 ι,
2706 545 2816 617 15).
2854 545 3035 601 Sicera
3060 545 3444 616 interpretatur

1845 635 2082 692 ebrietas.
2121 638 2188 693 Et
2217 654 2284 695 ne
2306 639 2424 710 quis
2452 642 2635 694 vinum
2666 655 2773 693 non
2796 637 3012 708 bibens,
3041 638 3184 692 aliud
3214 637 3318 694 sibi
3347 653 3446 708 pu-

1848 737 1990 786 taret
2022 731 2314 788 bibendum
2345 775 2359 799 ,
2390 733 2613 790 exclusa
2640 730 2670 772 δ
2695 733 2944 789 causatio
2967 743 3083 798 est;
3127 719 3255 787 dum
3288 719 3452 788 omne

1849 825 1994 896 quod
2046 825 2322 882 inebriare
2353 836 2532 897 potest
2557 867 2571 892 ,
2617 842 2741 882 cum
2779 829 2908 883 vino
2938 825 3141 897 pariter
3171 823 3441 881 aufertur.

1849 915 2265 984 Quintadecima
2287 962 2300 986 ,
2333 934 2456 990 qua:
2491 929 2544 974 et
2590 929 2831 975 extrema
2871 921 3014 974 inter
3043 918 3225 974 carnis
3254 932 3442 988 opera,

1851 1013 2235 1068 commessatio
2261 1022 2368 1068 est.
2404 1011 2737 1067 Manducarit
2766 1013 2953 1085 quippe
2979 1012 3204 1085 populus
3226 1021 3276 1067 et
3301 1009 3448 1078 bibit,

1852 1116 1898 1160 et
1922 1117 2259 1161 surrexerunt
2289 1107 2468 1162 ludere
2497 1106 2692 1178 (Exod.
2719 1122 2885 1172 xxxii,
2909 1106 2986 1177 6).
3019 1105 3250 1176 Semper
3276 1101 3447 1160 ebrie-

1854 1199 1946 1254 tati
1973 1199 2162 1270 juncta
2199 1199 2414 1254 luxuria
2446 1209 2552 1254 est.
2590 1199 2821 1254 Pulchre
2847 1197 3065 1269 quidam
3097 1213 3207 1252 non
3241 1194 3450 1267 ignobi-

1854 1293 1921 1350 lis
1951 1302 2171 1366 orator,
2217 1309 2339 1350 cum
2379 1293 2592 1350 ebrium
2621 1292 2690 1349 de
2717 1308 2910 1350 somno
2934 1291 3272 1347 describeret
3297 1289 3449 1345 exci-

1855 1397 2045 1456 tatum,
2095 1390 2170 1444 ait
2206 1407 2219 1442 :
2264 1409 2283 1441 ι
2313 1387 2426 1444 Nec
2471 1388 2718 1444 dormire
2758 1387 3046 1452 excitatus,
3092 1401 3193 1440 nec
3225 1383 3450 1455 vigilare

1854 1484 2039 1540 ebrius
2069 1491 2305 1555 poterat.
2325 1503 2344 1537 s
2387 1482 2503 1551 Qua
2533 1481 2801 1539 sententia
2826 1479 3140 1548 expressit,
3180 1477 3450 1550 quodam-

1855 1576 2018 1630 modo
2043 1591 2144 1631 nec
2176 1588 2446 1631 mortuum
2481 1591 2602 1631 eum
2636 1574 2804 1630 fuisse
2829 1588 2932 1630 nec
2956 1573 3160 1628 vivum.
3207 1571 3450 1642 Longum

1855 1681 1973 1726 erat
2013 1670 2276 1726 universa
2309 1671 2492 1726 carnis
2522 1685 2687 1741 opera
2718 1669 3024 1741 replicare,
3059 1677 3116 1724 et
3144 1667 3454 1739 catalogum

1859 1762 2038 1820 facere
2067 1765 2346 1820 vitiorum.
2393 1763 2516 1820 Uno
2539 1765 2704 1834 igitur
2733 1764 2916 1820 onmia
2944 1777 3203 1820 sermone
3234 1759 3455 1816 conclu-

192 1867 312 1914 suut.
354 1859 594 1915 Ilaereses
617 1859 866 1930 sequitur
893 1857 1118 1923 invidia,
1162 1873 1324 1930 quam
1355 1873 1461 1914 non
1498 1867 1749 1928 putemus
1781 1857 1830 1920 B
1856 1858 1929 1913 sit
1953 1857 2171 1927 dicens,
2205 1868 2254 1912 et
2281 1859 2360 1913 his
2389 1858 2601 1913 similia.
2648 1859 2780 1927 Qua:
2811 1857 3018 1913 utinam
3053 1863 3159 1911 tam
3187 1853 3348 1909 facile
3374 1851 3455 1908 vi-

189 1951 305 2008 idem
330 1966 446 2008 esse
475 1951 620 2024 quod
648 1953 848 2008 zelum.
880 1950 1014 2020 Quia
1045 1954 1197 2009 zelus
1226 1962 1280 2008 et
1308 1953 1366 2009 in
1394 1953 1588 2009 bonam
1632 1969 1750 2025 par-

188 2048 276 2099 tem
302 2043 459 2114 accipi
495 2052 698 2114 potest,
746 2058 868 2099 cum
899 2043 1021 2115 quis
1067 2045 1254 2100 nititur
1276 2059 1339 2101 ea
1372 2061 1493 2117 quae
1527 2044 1752 2102 meliora

187 2147 310 2204 sunt,
337 2135 598 2192 :emulari.
631 2135 838 2192 Invidia
876 2151 1008 2192 vero
1043 2137 1223 2192 aliena
1251 2135 1510 2192 felicitate
1537 2144 1754 2209 torque-

187 2236 277 2299 tur,
303 2240 354 2285 et
390 2230 446 2284 in
485 2228 764 2300 duplicem
809 2229 1073 2286 scinditur
1121 2228 1428 2301 passionem
1464 2246 1478 2284 :
1508 2244 1630 2286 cum
1662 2240 1753 2286 aut

183 2322 281 2395 ipse
297 2334 375 2380 est
397 2323 606 2394 aliquid
641 2324 696 2379 in
738 2338 826 2390 eo,
851 2324 906 2378 in
945 2339 1057 2395 quo
1100 2323 1265 2379 alium
1297 2338 1418 2380 esse
1449 2338 1558 2379 non
1591 2323 1708 2379 vult
1737 2340 1752 2377 :

183 2427 260 2472 aut
303 2417 455 2472 alium
511 2432 635 2473 esse
683 2415 878 2472 videns
923 2416 1231 2482 meliorem,
1285 2415 1438 2472 dolet
1482 2430 1542 2472 se
1571 2417 1620 2472 ei
1649 2431 1756 2472 non

181 2524 282 2566 esse
321 2511 683 2568 consimilem.
745 2508 981 2566 Pulchre
1041 2510 1263 2582 quidam
1311 2508 1380 2565 de
1429 2508 1755 2576 neotericis,

183 2601 398 2659 GI‘J'CIItII
429 2618 654 2659 versum
679 2602 1031 2670 transferens,
1078 2603 1326 2673 elegiaco
1356 2611 1534 2660 metro
1561 2601 1629 2658 de
1670 2602 1757 2658 in—

181 2695 300 2751 vidis
327 2697 472 2762 lusit,
511 2696 700 2753 dicens
733 2714 748 2751 :

291 2806 473 2873 lustius
499 2809 684 2873 invidia
707 2807 827 2859 nihil
849 2815 958 2860 est:
982 2823 1093 2873 quae
1123 2809 1346 2873 protinus
1367 2809 1526 2872 ipsum

287 2872 552 2924 Auctorem
578 2871 726 2933 rodit,
753 2871 1374 2936 excruciatique—animum.

185 2975 386 3047 Scripsit
431 2986 488 3034 et
530 2977 726 3062 beatus
752 2975 1060 3049 Cyprianus
1090 2977 1293 3032 librum
1342 2976 1411 3032 de
1446 2975 1572 3032 Zelo
1601 2984 1655 3032 et
1681 2975 1766 3030 Li-

183 3082 285 3124 νοτε
315 3070 467 3128 valde
495 3071 768 3142 Optimum
802 3087 816 3124 :
851 3087 1010 3142 quem
1062 3072 1154 3141 qui
1203 3069 1426 3141 legerit,
1460 3085 1567 3125 non
1608 3068 1766 3125 dubi-

185 3163 305 3220 tabit
347 3182 714 3223 annumerare
758 3166 1021 3238 operibus
1062 3165 1242 3223 carnis
1280 3165 1562 3221 invidiam.
1619 3163 1768 3219 Inter

1858 1961 1970 2007 tare
2004 1966 2314 2022 possemus,
2358 1967 2521 2022 quam
2565 1950 2724 2006 facile
2764 1948 3138 2022 intelligimus.
3189 1944 3453 2012 Praedico,

1857 2044 2052 2118 inquit,
2087 2045 2224 2101 vobis
2255 2046 2386 2100 sicut
2415 2045 2676 2118 prwdiai:
2705 2045 2948 2116 quoniam
2977 2043 3063 2113 qui
3115 2041 3244 2096 talia
3270 2049 3452 2114 agunt,

1853 2156 2072 2213 regnum
2102 2138 2199 2193 Dei
2228 2155 2331 2194 non
2359 2149 2748 2210 consequentur.
2802 2135 2908 2194 Ubi
2942 2146 3068 2192 ante
3100 2126 3453 2205 praedixerat:

1859 2233 1982 2288 Non
2013 2246 2228 2306 regnet,
2274 2233 2483 2304 inquit,
2527 2242 2793 2304 peccatum
2828 2232 2881 2286 in
2918 2231 3125 2285 ntortali
3153 2239 3316 2284 vestro
3342 2243 3458 2283 cor-

1860 2343 2019 2398 pore,
2069 2326 2137 2381 ad
2179 2325 2518 2381 obedientium
2559 2324 2828 2380 desideriis
2865 2326 2978 2396 ejus
3021 2321 3200 2395 (Rom.
3233 2337 3308 2390 vr,
3342 2320 3457 2390 12).

1860 2421 2148 2498 Peccatum
2179 2435 2374 2477 omnes
2404 2421 2536 2476 istas
2561 2417 2775 2491 species
2797 2417 2982 2483 habet,
3015 2419 3068 2474 in
3092 2417 3290 2488 quibus
3316 2429 3460 2472 nunc

1861 2512 2303 2570 discriminandis
2331 2513 2454 2583 plus
2487 2511 2717 2567 forsitan
2749 2526 2913 2582 quam
2937 2512 3216 2581 oportuit.
3264 2509 3460 2565 immo-

1862 2610 1964 2665 rati
1989 2623 2201 2664 sumus.
2232 2608 2376 2678 Ergo
2408 2608 2465 2662 in
2495 2609 2700 2672 anima,
2737 2606 2789 2660 in
2821 2619 2926 2676 qua
2955 2613 3238 2675 peccatum
3270 2617 3462 2673 regna-

1863 2703 2039 2766 verit,
2085 2718 2191 2758 non
2226 2709 2402 2772 potest
2432 2699 2528 2755 Dei
2570 2713 2802 2770 regnare
2842 2713 3097 2769 regnum.
3153 2696 3286 2764 Qua:
3327 2695 3464 2749 enim

1865 2797 2192 2872 participatio
2232 2795 2457 2869 jnstitia:
2500 2803 2546 2849 et
2585 2794 2894 2866 iniquitati?
2928 2808 3042 2863 qua:
3070 2790 3464 2845 communicatio

1866 2893 1972 2947 luci
2022 2894 2090 2946 ad
2145 2891 2420 2946 tenebras?
2468 2890 2556 2963 qui
2613 2905 2895 2944 consensus
2949 2886 3153 2943 Christo
3200 2894 3248 2941 et
3299 2878 3464 2940 Belial

1869 2983 1936 3056 (II
1966 2984 2088 3038 Cor.
2125 3000 2197 3049 vi,
2243 2982 2479 3054 “,15).
2536 2983 2600 3038 Et
2653 2990 2906 3053 putamus
2955 2995 3054 3037 nos
3095 2994 3324 3050 regnum
3371 2975 3468 3034 Dei

1867 3077 2169 3148 consequi,
2217 3076 2262 3131 si
2294 3091 2323 3131 a
2356 3075 2748 3143 fornicatione,
2784 3073 3094 3130 idololatria
3117 3115 3133 3140 ,
3175 3082 3230 3128 et
3255 3072 3470 3129 veneli-

1869 3173 1970 3227 ciis
1993 3173 2260 3227 immunes
2280 3169 2471 3226 simus.
2509 3169 2650 3226 Ecce
2675 3167 3000 3236 inimicitiae,
3029 3165 3330 3232 contentio,
3365 3166 3468 3232 ira,

182 3257 402 3316 invidum
431 3273 623 3319 autem
653 3271 710 3317 et
755 3261 1082 3317 invidiosum
1134 3260 1243 3316 hoc
1283 3260 1514 3316 interest
1557 3275 1573 3313 :
1619 3259 1763 3330 quod
1791 3259 1839 3323 C
1873 3267 1992 3321 rixa
2019 3309 2034 3334 ,
2087 3264 2360 3320 dissensio
2387 3308 2400 3333 ,
2455 3263 2695 3320 ebrietas
2724 3277 2942 3334 quoque
2971 3303 2987 3329 ,
3026 3270 3082 3316 et
3119 3267 3316 3315 etetera
3349 3271 3472 3328 qua:

183 3350 376 3409 invidus
403 3354 645 3410 feliciori
677 3363 700 3392 ⁸
733 3353 958 3411 invidet.
1000 3353 1304 3410 Invidiosus
1347 3363 1528 3408 autem
1580 3355 1623 3408 is
1662 3363 1768 3418 est,

181 3445 259 3516 qui
285 3448 350 3502 ab
386 3449 496 3505 alio
532 3449 736 3519 patitur
765 3447 1045 3503 invidiam.
1095 3446 1640 3514 Quartumdecimum
1684 3445 1769 3500 lo-

182 3551 287 3592 cum
343 3540 488 3597 inter
547 3541 732 3596 carnis
787 3555 955 3612 Opera
1015 3540 1254 3596 ebrietas
1319 3549 1489 3597 tenet.
1558 3539 1772 3596 Ebriosi

183 3630 360 3701 quippe
389 3649 624 3705 regnum
672 3634 767 3691 Dei
809 3650 916 3689 non
967 3634 1344 3705 possidebunt.
1397 3634 1464 3689 Et
1511 3633 1774 3690 Dominus

182 3724 239 3777 ad
265 3725 572 3799 discipulos
606 3743 622 3782 :
656 3727 867 3795 Cavete,
899 3727 996 3792 ait,
1028 3745 1090 3782 ne
1128 3730 1262 3799 forte
1299 3738 1576 3802 graventur
1617 3728 1777 3781 corda

182 3827 332 3874 uestra
359 3820 412 3874 in
441 3823 569 3876 riuo
599 3830 647 3876 el
670 3823 886 3894 crapula
919 3819 1075 3890 (Luc.
1104 3837 1216 3888 nl,
1238 3819 1354 3891 54).
1392 3820 1524 3876 Vino
1569 3819 1776 3880 homini

184 3924 360 3970 scnsus
404 3915 687 3972 evertitur
719 3932 733 3970 :
783 3915 948 3986 pedes
974 3923 1240 3971 corruunt
1270 3931 1286 3969 :
1330 3930 1486 3971 mens
1517 3915 1732 3970 vacillat
1761 3931 1776 3972 :

183 4003 758 4064 Iibidosuceenditur:
794 4006 947 4063 Unde
971 4007 1268 4075 Apostolus
1299 4007 1582 4063 clamitat:
1609 4007 1678 4062 Et
1706 4007 1782 4061 ui-

182 4114 294 4154 num
318 4101 370 4156 in
393 4119 504 4174 quo
531 4111 613 4156 est
643 4101 853 4156 luxuria
880 4102 904 4171 (
925 4098 1120 4172 Ephes.
1148 4116 1201 4168 v,
1237 4100 1348 4169 18).
1400 4100 1580 4156 Habet
1617 4116 1784 4155 unus-

180 4193 398 4266 quisque
427 4211 550 4252 sua
581 4193 868 4251 sententiae
902 4203 1247 4264 potestatem.
1294 4191 1412 4263 Ego
1456 4193 1783 4264 Apostolum

179 4299 366 4358 sequor
395 4305 412 4344 :
443 4293 498 4344 in
531 4289 666 4344 vino
707 4303 829 4345 esse
861 4287 1129 4343 luxuriam
1151 4329 1166 4354 ,
1193 4288 1245 4342 in
1277 4287 1404 4341 vino
1435 4287 1781 4342 ebrietatem.

182 4378 512 4440 Ebrietatem
560 4392 750 4440 autem
796 4389 857 4439 et
903 4381 1170 4438 luxuriam
1218 4381 1362 4438 inter
1401 4383 1582 4439 carnis
1620 4397 1787 4454 opera

181 4478 478 4545 numerari,
515 4493 627 4534 nec
674 4475 770 4534 ille
797 4485 979 4550 potest
1009 4491 1205 4549 negare
1231 4476 1320 4550 qui
1351 4477 1556 4533 eisdem
1581 4476 1790 4548 passio-

183 4565 332 4625 nibus
356 4569 631 4627 vincitur.
661 4569 731 4624 Et
759 4569 888 4626 licet
911 4585 998 4626 me
1023 4568 1241 4641 quidam
1270 4572 1322 4624 in
1347 4585 1414 4625 eo
1441 4569 1600 4634 libro,
1627 4585 1786 4641 quem

1875 3375 2037 3432 parva
2070 3359 2437 3427 arbitramur,
2472 3357 2771 3415 excludunt
2802 3371 2902 3412 nos
2933 3372 2960 3410 a
2995 3369 3166 3426 regno
3199 3353 3316 3409 Dei.
3363 3351 3476 3408 Nec

1873 3454 2044 3510 refert
2077 3466 2098 3493 ο
2133 3471 2242 3510 uno
2273 3453 2396 3525 quis
2429 3469 2458 3509 a
2492 3453 2828 3510 beatitudine
2866 3450 3219 3515 excludatur,
3253 3464 3320 3504 an
3354 3447 3477 3520 plu-

1875 3547 2049 3610 ribus,
2076 3563 2200 3602 cum
2229 3547 2410 3602 omnia
2443 3547 2697 3603 similiter
2719 3545 3031 3602 excludant.
3064 3542 3121 3598 In
3154 3541 3362 3598 Latinis
3385 3555 3480 3595 co-

1877 3637 2110 3708 dieibus,
2141 3639 2466 3695 adulterium
2493 3653 2733 3710 quoque,
2765 3648 2821 3692 et
2847 3634 3208 3706 impudicitia,
3241 3641 3297 3690 et
3323 3629 3351 3672 ἀ
3380 3632 3480 3688 ho-

1879 3729 2098 3786 micidia
2127 3773 2142 3799 ,
2177 3730 2342 3803 510
2372 3730 2422 3786 in
2458 3731 2562 3786 hoc
2582 3730 2835 3800 catalogo
2861 3728 3119 3784 vitiorum
3151 3726 3360 3797 scripta
3387 3741 3480 3782 re-

1881 3823 2146 3880 feruntur.
2198 3823 2306 3880 Sed
2353 3823 2638 3880 sciendum
2681 3838 2787 3879 non
2819 3822 2940 3893 plus
2973 3837 3132 3893 quam
3165 3818 3479 3892 quindecim

1881 3917 2063 3974 carnis
2092 3931 2257 3987 opera
2291 3916 2596 3983 nominata,
2640 3914 2709 3971 de
2739 3913 2935 3986 quibus
2963 3923 3019 3969 et
3040 3909 3427 3969 disseruimus.

1955 4009 2138 4081 (Vers.
2168 4009 2286 4083 2‘2.)
2334 4009 2561 4065 Fructus
2607 4019 2779 4064 autem
2818 4009 3030 4082 spiritus
3055 4051 3070 4076 ,
3117 4017 3190 4062 est
3230 4006 3482 4074 charitas,

1884 4106 2154 4180 gaudium,
2184 4122 2307 4175 pax,
2335 4105 2723 4176 longanimitas,
2748 4104 3055 4177 benignitas,
3081 4101 3304 4166 bonitas,
3325 4101 3478 4172 ﬁdes,

1886 4199 2260 4269 mansuetudo,
2297 4199 2637 4269 continentia,
2670 4199 2919 4253 adversus
2948 4195 3249 4269 hujusmodi
3279 4211 3383 4250 non
3412 4203 3488 4250 est

1887 4293 2018 4350 Lex.
2053 4295 2116 4348 Et
2139 4308 2260 4364 qua:
2287 4291 2395 4348 alia
2422 4293 2567 4350 inter
2595 4291 2804 4348 fructus
2825 4290 3053 4362 Spiritus
3080 4287 3267 4346 debuit
3294 4297 3488 4346 tenere

1889 4389 2178 4460 primatum
2208 4429 2224 4457 ,
2276 4386 2378 4443 nisi
2406 4387 2646 4443 cbaritas
2669 4429 2686 4455 ,
2716 4386 2838 4442 sine
2882 4399 2987 4456 qua
3015 4383 3245 4438 virtutes
3269 4389 3488 4437 caetera:

1890 4497 2000 4537 non
2037 4490 2362 4552 reputautur
2396 4495 2520 4537 esse
2556 4479 2787 4536 virtutes
2812 4522 2828 4547 ,
2877 4486 2931 4533 ει
2958 4492 3025 4533 ex
3057 4492 3159 4549 qua
3189 4483 3489 4532 nascuntur

1893 4576 2144 4631 universa
2172 4591 2294 4646 qum
2321 4573 2462 4631 bona
2493 4572 2667 4630 sunt?
2694 4569 2976 4642 Siquidem
2999 4581 3053 4626 et
3081 4569 3136 4626 in
3161 4569 3324 4639 Lege.
3355 4574 3413 4623 et
3435 4565 3490 4622 in

181 4661 244 4718 de
265 4665 545 4721 servanda
573 4663 888 4735 virginitate
919 4663 1131 4733 scripsi,
1155 4661 1663 4735 reprehendendum
1695 4679 1792 4734 pu-
1815 4653 1868 4715 Ι)
1894 4667 2188 4739 Evangelia
2235 4667 2350 4738 ipsa
2390 4666 2600 4723 obtinet
2629 4664 3030 4738 principatum:
3079 4661 3281 4735 Diliges
3309 4659 3494 4716 Domi-

185 4761 333 4811 teut:
373 4757 532 4830 quod
591 4755 824 4813 dixerim
870 4756 1303 4814 adolescentulas
1348 4756 1420 4817 ita
1463 4758 1647 4813 vinum
1688 4755 1788 4814 de-

182 4847 307 4906 bere
355 4850 563 4922 fugere
614 4859 674 4905 ut
703 4865 972 4906 venenum
1005 4866 1018 4904 :
1054 4865 1163 4905 non
1206 4864 1294 4906 me
1342 4850 1632 4906 sententia:
1677 4865 1792 4922 pa:-

187 4939 390 4999 nitebit.
420 4942 590 5014 Opus
615 4941 816 5015 quippe
843 4943 914 4999 ibi
943 4944 1115 5016 magis
1145 4942 1276 5011 vini,
1307 4959 1468 5016 quam
1503 4943 1596 5000 Dei
1644 4960 1673 4999 a
1695 4957 1794 4998 no-

185 5035 261 5091 bis
309 5050 579 5096 creazura
633 5037 887 5099 damnata
939 5047 1026 5094 est
1076 5055 1092 5095 :
1144 5046 1198 5094 et
1239 5038 1518 5094 licentiam
1573 5038 1794 5094 tulimus

187 5127 342 5205 509
371 5132 587 5204 virgini
620 5133 850 5201 proprio
879 5131 1057 5187 astatis
1082 5130 1266 5188 calore
1291 5130 1556 5198 ferventi,
1600 5146 1669 5187 ne
1695 5129 1796 5186 sub

189 5229 480 5284 occasione
527 5240 731 5297 parum
773 5223 1032 5292 bibendi,
1081 5225 1205 5294 plus
1242 5224 1456 5281 biberet
1483 5234 1537 5280 et
1568 5224 1791 5295 periret.

196 5319 453 5391 Alioquin
487 5317 838 5381 sciebamus,
864 5325 919 5372 et
944 5317 997 5372 in
1028 5315 1232 5392 Christi
1263 5319 1583 5387 sanguinem
1615 5317 1801 5371 vinum

190 5415 549 5471 consecrari:
585 5423 645 5468 et
670 5410 966 5468 Timotheo
996 5411 1180 5466 vinum
1213 5422 1270 5467 ut
1303 5410 1536 5476 biberet,
1564 5410 1802 5481 impera-

193 5514 324 5561 tum.
378 5507 650 5562 Ebrietas
681 5513 864 5561 autem
895 5511 1006 5560 tam
1036 5519 1103 5559 ex
1136 5504 1266 5559 vino
1297 5519 1556 5576 quam.ex
1589 5504 1805 5561 caeteris

190 5597 405 5657 bibendi
456 5598 812 5673 generibus,
861 5614 981 5670 quae
1017 5597 1172 5655 vario
1213 5597 1377 5654 modo
1417 5597 1803 5667 conficiuntur,

263 5795 288 5823 ι
312 5786 467 5843 Idem
501 5800 644 5849 ms.,
680 5781 917 5854 feliciora
941 5781 1152 5852 invidet,
1177 5797 1275 5853 pro
1304 5782 1548 5854 feliciori.

263 5855 293 5895 δ
329 5857 509 5914 Palat.
545 5870 684 5925 ms.,
717 5855 930 5910 exclusa
953 5855 1126 5911 cautio
1153 5865 1268 5915 est,

1899 4779 2024 4818 num
2053 4759 2220 4816 Deum
2258 4769 2405 4816 tuum
2446 4777 2509 4816 ea:
2540 4768 2646 4816 toto
2673 4758 2827 4814 corde
2853 4768 2976 4826 tuo,
3017 4766 3064 4812 ct
3103 4774 3166 4812 ea:
3193 4765 3299 4812 tota
3321 4757 3497 4810 anima

1900 4864 1992 4910 tua
2017 4895 2032 4921 ,
2075 4863 2125 4910 et
2149 4871 2212 4910 ea:
2237 4863 2344 4910 tota
2369 4854 2558 4909 uirtute
2583 4861 2674 4909 tua
2695 4868 2715 4908 :
2745 4862 2792 4908 et
2816 4852 2999 4925 diliges
3030 4851 3324 4924 proximum
3354 4861 3498 4904 tuum

1900 4950 2033 5005 sicut
2063 4951 2284 5017 teipsum
2322 4946 2504 5020 (Deut.
2533 4964 2590 5004 vt
2611 4991 2626 5016 ,
2656 4946 2720 5016 5.;
2753 4946 2906 5003 Matt.
2931 4962 3043 5002 xxn
3063 4990 3077 5015 ,
3112 4944 3225 5017 57).
3273 4939 3500 5012 Quantis

1901 5041 2059 5099 bonis
2105 5040 2309 5098 referta
2356 5041 2430 5096 sit
2474 5041 2743 5106 charitas,
2789 5049 2846 5096 et
2883 5055 3046 5108 supra
3092 5037 3333 5095 breviter
3378 5049 3500 5102 per-

1902 5135 2258 5204 strinximus,
2309 5145 2368 5192 et
2404 5151 2549 5191 nunc
2588 5135 2674 5191 vel
2725 5150 2916 5204 parum
2964 5131 3172 5190 dixisse
3222 5127 3497 5186 sufﬁciat:

1903 5229 2046 5301 quod
2066 5228 2283 5286 dilectio
2297 5245 2406 5284 non
2423 5228 2750 5300 quaeritque:
2772 5241 2871 5283 sua
2893 5235 3040 5294 sunt,
3067 5223 3161 5280 sed
3184 5237 3305 5292 qua:
3325 5220 3502 5277 aliena

1907 5319 1950 5392 (I
1980 5319 2102 5376 Cor.
2131 5320 2274 5392 xtn).
2331 5321 2401 5376 Et
2429 5321 2679 5392 quamvis
2714 5335 2816 5376 suo
2846 5318 2970 5390 quis
2998 5316 3134 5370 vitio
3166 5312 3417 5368 inimicus
3435 5310 3508 5367 sit

1903 5415 2152 5487 diligenti
2170 5457 2184 5480 .
2224 5425 2280 5473 et
2309 5416 2759 5488 tranquillitatem
2785 5414 2906 5486 ejus
2932 5411 3000 5469 ad
3027 5411 3279 5467 odiorum
3310 5409 3505 5466 iluetus

1907 5511 2186 5590 concitare
2233 5509 2472 5567 nitatur:
2517 5519 2701 5566 tamen
2733 5520 3025 5579 numquam
3075 5503 3173 5559 ille
3219 5502 3507 5559 turbatur:

1909 5618 2207 5675 numquam
2238 5613 2546 5662 creaturam
2571 5603 2668 5660 Dei
2691 5601 2818 5659 odio
2839 5600 3059 5674 dignam
3082 5598 3338 5656 aestimat.
3368 5595 3513 5656 Cha-

1999 5794 2022 5855 ?
2050 5785 2198 5841 Idem
2225 5801 2352 5854 ms.,
2393 5801 2484 5841 nec
2509 5787 2685 5855 refert,
2713 5780 2761 5836 si
2779 5795 2927 5855 unus
2946 5783 3082 5854 quis.

1998 5853 2024 5891 ά
2058 5856 2176 5913 Duo
2202 5852 2344 5912 tuas.
2366 5864 2547 5912 tacent
2565 5852 2620 5910 et
2648 5852 2947 5909 homicidia.
