3962 6338
518 335 626 394 ηδ

1758 333 1816 392 S.
1861 332 2134 392 EUSEBII
2171 332 2553 393 HIERONYMI
3696 341 3787 402 ιιι

593 450 773 522 (Vers.
817 446 935 520 26.)
989 447 1114 503 Non
1143 448 1431 518 efficiamur
1459 447 1633 502 inanis
1667 447 1852 521 gloriw
1900 448 2113 518 cupidi,
2144 452 2193 510 Α
2224 449 2477 520 ﬁngenda
2505 459 2635 506 sunt
2673 450 2945 507 nomina:
2973 452 3097 522 quia
3147 451 3236 509 hic
3261 452 3464 508 dictum
3509 461 3595 510 est
3636 470 3650 508 :
3691 456 3792 513 Non

523 545 738 599 invicem
784 552 1154 615 provocantes,
1199 543 1416 596 invicem
1460 541 1765 596 invidentes.
1799 539 1974 596 Unum
2001 557 2122 595 ver-

523 638 652 695 bum
698 637 840 708 apud
888 636 1110 692 Graecos
1152 635 1434 702 κενόδοξοι,
1473 636 1634 688 trium
1689 633 1982 689 verborum
2013 633 2118 687 cir-

519 733 671 789 cuitu
723 731 995 803 interpres
1043 729 1273 786 Latinus
1319 727 1607 798 expressit.
1656 726 1893 796 Quantas
1940 735 2118 780 autem

523 822 721 881 habeat
747 822 1127 888 definitiones,
1155 834 1208 878 et
1238 821 1639 892 significantias
1679 819 1882 889 gloria,
1914 831 1968 874 et
1999 817 2119 888 phi-

518 916 872 988 Iosephorum
925 914 1358 970 innumerabiles
1391 913 1546 981 libri,
1603 924 1658 970 et
1698 913 1983 970 Ciceronis
2012 911 2122 966 duo

521 1012 838 1081 volumina,
894 1025 1019 1082 qua:
1071 1010 1137 1064 de
1189 1010 1358 1081 gloria
1409 1009 1663 1079 scripsit,
1726 1008 1920 1064 inditio
1972 1015 2117 1062 sunt.

519 1107 724 1164 Verum
776 1121 876 1162 nos
922 1106 1048 1178 quia
1079 1120 1184 1161 non
1230 1104 1528 1162 verborum
1581 1102 1974 1176 etymologias,
2024 1101 2120 1158 sed

522 1201 826 1274 Scriptura:
857 1216 1076 1258 sensum
1124 1198 1401 1256 disserere
1430 1213 1714 1267 conamur,
1757 1196 1830 1252 ita
1862 1195 2008 1251 hunc
2036 1195 2121 1249 l‘o-

519 1309 643 1352 cum
689 1310 810 1350 cum
858 1293 1239 1365 superioribus
1290 1278 1725 1363 copulahimus':
1755 1289 1813 1346 Si
1857 1299 1882 1326 ἰ
1924 1288 2119 1359 spiritu

520 1389 783 1456 vivimus,
827 1389 1045 1460 spiritui
1100 1388 1574 1457 obtemperemus,
1631 1399 1972 1456 nequaquam
2025 1398 2122 1452 per

520 1479 722 1552 Legem
742 1523 757 1547 ,
779 1480 873 1535 sed
901 1495 996 1551 per
1017 1478 1339 1535 charitatem
1365 1477 1520 1534 nobis
1543 1476 1772 1533 invicem
1796 1477 2116 1533 servientes.

521 1571 640 1630 Non
661 1572 927 1629 debemus
957 1571 1026 1628 de
1050 1571 1461 1642 Scripturarum
1491 1571 1945 1641 interpretatione
1990 1583 2122 1625 con-

2225 545 2518 615 efﬁciamur
2561 547 2751 611 inanis,
2794 547 2879 601 vel
2931 562 3104 602 vacua:
3131 548 3316 620 gloria?
3344 549 3523 621 cupidi
3553 565 3570 603 :
3598 565 3690 606 nos
3714 567 3794 610 eos

2223 653 2536 696 asseramus
2577 641 2753 711 plena:
2792 641 2980 710 gloriae
3012 656 3135 698 esse
3163 642 3424 711 cupidos,
3455 644 3547 714 qui
3591 644 3792 716 gloriam

2224 730 2319 786 Dei
2375 732 2723 798 desiderant,
2770 741 2829 790 et
2873 733 3089 790 laudem
3122 734 3326 792 virtute
3369 737 3716 808 condignam,
3749 748 3795 796 et

2225 835 2503 893 aSpectum
2536 825 2777 881 divinius
2805 827 3011 899 aliquid
3066 829 3467 886 ostendentem.
3497 828 3651 886 Unde
3677 839 3725 886 et
3751 832 3794 886 in

2225 916 2500 989 plerisque
2538 919 2692 975 locis.
2729 918 2912 974 Nostri
2941 921 3261 991 majestatem
3296 935 3396 992 pro
3423 921 3595 992 gloria
3640 931 3796 978 trans-

2225 1010 2486 1065 tulerunt.
2519 1010 2637 1066 Jam
2667 1010 2870 1067 dudum
2917 1015 3082 1083 cupio
3135 1013 3189 1069 in
3219 1013 3385 1071 verba
3433 1030 3793 1086 prorumpere,

2224 1101 2319 1158 sed
2345 1112 2538 1159 teneor
2569 1109 2765 1161 timore
2794 1105 3032 1162 dicendi.
3061 1105 3246 1163 Dicam
3276 1117 3452 1164 tamen
3473 1149 3488 1174 ,
3519 1123 3616 1163 nec
3633 1109 3796 1165 tacebo

2224 1198 2534 1268 passionem
2563 1215 2738 1258 meam
2759 1242 2774 1268 ,
2805 1202 3108 1272 passionem
3134 1218 3273 1274 pene
3295 1218 3644 1260 communem
3666 1247 3680 1271 ,
3705 1221 3795 1261 non

2224 1289 2292 1346 de
2322 1290 2560 1360 divitiis,
2587 1307 2694 1348 non
2723 1292 2790 1348 de
2819 1294 3059 1364 potentia
3079 1336 3094 1359 ,
3127 1309 3234 1350 non
3280 1294 3350 1352 de
3380 1295 3794 1366 pulchritudine,

2224 1391 2280 1438 et
2304 1399 2595 1456 corporum
2627 1394 2952 1452 venustate;
3003 1390 3119 1444 haec
3165 1389 3311 1444 enim
3356 1389 3642 1446 manifeste
3680 1391 3799 1446 inter

2223 1482 2406 1536 carnis
2451 1497 2617 1552 opera
2649 1492 2670 1521 ο
2707 1483 3082 1538 nominantur.
3123 1483 3487 1556 Eleemosyna
3516 1484 3562 1538 si
3606 1483 3672 1539 ob
3699 1484 3798 1540 lau-

2223 1573 2346 1630 dem
2376 1575 2501 1640 fiat,
2545 1575 2720 1632 inanis
2744 1586 2827 1631 est
2869 1576 3038 1648 gloria
3075 1596 3086 1630 :
3122 1578 3279 1649 longa
3305 1579 3517 1648 oratio,
3553 1578 3718 1648 pallor
3742 1595 3797 1635 ex

519 1666 746 1723 tendere
777 1675 833 1724 et
879 1665 1064 1722 dicere
1111 1682 1124 1720 ε
1165 1663 1529 1720 CircumCiSiO
1574 1664 1771 1720 melior
1818 1675 1900 1718 εει
1935 1679 1946 1715 ε
1977 1677 2115 1728 non.
2217 1667 2428 1739 jejunio
2447 1683 2702 1741 sequens.
2735 1668 2852 1725 Non
2887 1685 3006 1726 mea
3032 1681 3160 1727 sunt
3188 1671 3384 1736 verba,
3407 1671 3503 1728 sed
3525 1671 3799 1727 Salvatoris

517 1759 618 1818 sed
646 1759 993 1831 prteputium.
1021 1757 1433 1815 Cotitemnenda
1459 1757 1690 1814 historia
1712 1798 1727 1824 ,
1764 1765 1820 1813 et
1858 1755 2116 1829 allegoria

2224 1761 2276 1814 in
2311 1761 2607 1833 Evangelia
2625 1763 2959 1833 pertonantis
2986 1761 3203 1835 (Matth.
3235 1762 3335 1834 v1).
3358 1763 3478 1835 Ipsa
3507 1779 3716 1836 quoque
3731 1779 3802 1820 ca-

517 1853 794 1926 sequenda
835 1853 1004 1910 immo
1033 1853 1294 1924 allegoria
1324 1868 1460 1908 vana
1489 1862 1574 1908 est
1598 1862 1652 1908 et
1683 1851 1993 1906 umbratica
2015 1889 2031 1916 ,
2064 1857 2118 1904 et
2149 1848 2196 1909 B
2222 1855 2380 1910 stitas
2411 1853 2571 1926 δι’]
2598 1855 2652 1911 in
2698 1855 3050 1913 matrimonio
3078 1899 3093 1924 ,
3125 1855 3391 1914 viduitate
3415 1897 3432 1924 ,
3473 1856 3798 1928 virginibus,

522 1948 690 2005 nullis
713 1949 961 2006 veritatis
1011 1947 1114 2002 lixa
1145 1946 1438 2002 radicibus.
1471 1943 1624 2002 Unde
1666 1944 1876 2012 evenit,
1902 1953 1958 1998 ut
1984 1941 2120 1997 invi-

521 2059 640 2100 cem
687 2053 982 2101 nascantur
1022 2040 1266 2098 invidiae.
1323 2039 1618 2095 Excludere
1666 2039 1837 2107 enim,
1886 2038 1991 2106 ait,
2033 2053 2120 2091 vos

520 2139 700 2194 volunt
720 2179 735 2206 ,
768 2149 823 2193 ut
851 2137 974 2194 illos
1003 2137 1320 2194 wmulemini
1341 2153 1359 2191 :
1383 2151 1491 2193 non
1524 2146 1632 2192 tam
1650 2137 1937 2192 veritatem
1961 2131 2121 2206 Legis

522 2233 770 2290 volentes
800 2232 1033 2303 docere,
1073 2248 1235 2305 quam
1277 2231 1520 2288 vincere.
1570 2229 1646 2286 Ne
1690 2238 1871 2285 autem
1905 2228 2121 2299 penitus

521 2325 751 2382 verbum
783 2325 972 2398 glorise
1001 2325 1484 2396 prauermittamus
1511 2323 1773 2379 intactum
1793 2364 1807 2388 ,
1841 2336 1971 2377 suas
2002 2320 2123 2392 phi-

519 2419 766 2490 losophis
815 2418 1048 2490 ineptias
1075 2419 1486 2489 relinquentes,
1513 2417 1580 2474 de
1619 2415 1784 2489 516
1823 2414 2120 2486 Scripturis

486 2515 707 2587 -aliqua
760 2524 1142 2572 retractemus.
1203 2512 1530 2583 Opinionem
1583 2513 1755 2584 vulgi,
1803 2520 1857 2567 et
1905 2510 2119 2566 laudem

524 2608 804 2664 hominum
857 2608 1044 2664 favore
1070 2607 1392 2680 quaesitam,
1439 2607 1633 2679 glorias
1683 2620 1880 2661 nomen
1927 2612 2116 2670 sonat,

521 2700 612 2755 ubi
643 2699 846 2756 dicitur
878 2717 893 2755 :
931 2700 1122 2755 Omnia
1149 2711 1320 2756 autem
1351 2701 1590 2772 faciunt,
1625 2707 1680 2752 ut
1721 2698 1784 2752 ab
1827 2697 2120 2752 hominibus

517 2794 877 2868 glorificentur
918 2793 1100 2866 (Matt.
1154 2809 1324 2861 unt,
1373 2794 1453 2863 5).
1486 2792 1556 2847 Et
1609 2791 1739 2847 alibi
1788 2809 1802 2846 :
1844 2791 2118 2860 Quomodo

521 2889 736 2960 potestis
762 2889 970 2944 credere
990 2931 1006 2958 ,
1039 2887 1261 2963 gloriam
1290 2888 1353 2942 ab
1373 2885 1588 2941 invicem
1611 2894 1893 2958 quierentes
1924 2883 2115 2957 (Joan.

518 2995 589 3049 v,
627 2981 757 3054 44)?
797 2982 970 3039 Porro
1000 2982 1056 3038 in
1088 2982 1285 3038 bonam
1316 2989 1528 3053 partem
1557 2980 1611 3035 in
1639 2979 1832 3036 eodem
1864 2980 2023 3036 loco:
2051 2977 2122 3033 Et

519 3074 745 3146 gloriam
773 3073 838 3129 ab
869 3091 929 3130 eo
977 3076 1067 3146 qui
1107 3075 1252 3131 solus
1282 3082 1381 3142 est,
1423 3091 1528 3129 non
1569 3081 1872 3143 quaerentes.
1907 3073 1987 3128 Ex
2011 3087 2119 3144 quo

521 3165 872 3241 intelligimus
899 3167 1039 3226 idem
1065 3169 1290 3225 verbum
1309 3212 1322 3236 ,
1346 3183 1491 3223 nunc
1512 3167 1768 3223 virtutem
1789 3165 2116 3237 significare,

2224 1969 2371 2026 saepe
2387 1955 2632 2026 plausum
2657 1956 2852 2026 qumrit
2865 1955 3160 2011 humanum
3180 1973 3193 2009 :
3213 1963 3268 2011 et
3283 1954 3424 2026 quod
3439 1954 3641 2011 dudum
3657 1955 3802 2010 timeo

2227 2048 2433 2113 dicere,
2467 2048 2562 2104 sed
2585 2047 2874 2104 dicendum
2910 2057 3014 2115 est,
3039 2048 3361 2121 martyrium
3393 2047 3594 2120 ipsum,
3627 2047 3671 2102 si
3697 2045 3801 2102 ideo

2226 2147 2322 2201 fiat
2350 2145 2784 2201 utadmirationi
2829 2155 2885 2201 et
2937 2145 3085 2201 laudi
3135 2144 3438 2201 habeamur
3479 2159 3511 2199 a
3540 2144 3797 2210 fratribus,

2227 2239 2432 2295 frustra
2450 2238 2672 2309 sanguis
2694 2237 2913 2294 effusus
2942 2248 3048 2294 est.
3080 2238 3360 2308 Loquatur
3384 2235 3706 2308 Apostolus,
3734 2235 3800 2290 lo-

2228 2343 2424 2406 quatur
2450 2334 2738 2392 electionis
2767 2350 2900 2391 vas:
2936 2333 2997 2389 Si
3019 2333 3286 2388 tradidero
3319 2348 3508 2403 corpus
3553 2347 3737 2399 meum,
3760 2342 3803 2385 ut

2224 2429 2437 2502 glorier,
2469 2427 2777 2482 charitatem
2818 2436 2990 2482 autem
3019 2443 3121 2481 non
3144 2425 3383 2494 habeam,
3413 2424 3548 2480 nihil
3564 2423 3805 2496 mihipro-

2226 2522 2338 2576 dest
2373 2520 2417 2593 (l
2448 2519 2573 2576 Cor.
2613 2536 2732 2588 xm,
2757 2521 2790 2576 '5
2811 2521 2852 2592 ).
2887 2519 2970 2575 llli
3001 2519 3095 2590 qui
3125 2518 3342 2575 dixerat
3373 2536 3386 2574 :
3418 2515 3544 2574 Scio
3573 2516 3807 2570 hominem

2225 2617 2282 2671 in
2307 2615 2540 2683 Christo,
2571 2626 2688 2670 ante
2709 2631 2878 2669 annos
2913 2612 3309 2686 quatuordecim
3329 2657 3342 2681 ,
3375 2613 3480 2666 sive
3506 2611 3561 2664 in
3591 2624 3805 2681 corpore,

2225 2713 2398 2767 nescio
2419 2753 2434 2777 ,
2466 2709 2570 2766 sive
2599 2720 2746 2766 castra
2784 2727 3008 2781 corpus,
3040 2708 3210 2764 nescio
3231 2749 3247 2774 ,
3279 2707 3419 2762 Deus
3451 2706 3587 2774 scit,
3619 2711 3806 2770 raptum

2226 2820 2388 2877 usque
2417 2802 2486 2858 ad
2517 2804 2720 2859 tertium
2749 2802 2934 2858 caelum
2964 2800 3033 2872 (ιι
3063 2800 3185 2857 Cor.
3217 2815 3318 2869 xu,
3345 2799 3425 2871 Ξ).
3461 2799 3528 2853 Et
3558 2807 3677 2868 post
3705 2810 3806 2851 mo-

2226 2899 2407 2955 dicum
2440 2916 2453 2952 :
2492 2898 2696 2966 Raptus
2723 2897 2776 2950 in
2814 2895 3158 2968 paradisum,
3193 2891 3391 2948 audivit
3421 2908 3620 2947 arcana
3647 2891 3804 2953 verba,

2227 3011 2342 3068 qua:
2368 3011 2469 3049 non
2503 2991 2620 3048 licet
2643 2991 2842 3046 homini
2870 2991 3009 3062 loqui
3037 3007 3056 3045 :
3080 2988 3187 3056 illi,
3211 2987 3430 3059 inquam
3447 2986 3542 3059 qui
3573 2985 3687 3056 plus
3707 2998 3803 3039 om-

2229 3089 2390 3146 nibus
2418 3085 2688 3142 laboravit
2713 3127 2728 3152 ,
2753 3099 2824 3141 ne
2869 3081 3192 3154 magnitudo
3223 3079 3624 3136 revelationum
3654 3074 3806 3132 extol-

2227 3180 2366 3236 leret
2394 3194 2549 3243 eum,
2573 3177 2735 3232 datus
2763 3184 2849 3231 est
2887 3174 3144 3230 stimulus
3181 3171 3364 3229 carnis
3407 3171 3528 3242 ejus
3557 3213 3571 3237 ,
3605 3169 3807 3240 angelus

521 3277 668 3318 nunc
695 3263 908 3319 vitium.
939 3263 998 3321 Si
1021 3263 1090 3319 ab
1111 3261 1425 3318 hominibus
1446 3277 1632 3332 quaero
1651 3260 1907 3333 gloriam,
1934 3260 2120 3317 vitium

2228 3272 2469 3340 Satanae,
2501 3272 2592 3343 qui
2619 3286 2741 3327 eum
2771 3267 3166 3340 colaphizaret,
3196 3278 3258 3321 ut
3289 3281 3399 3321 non
3425 3264 3729 3321 tolleretur.
3752 3261 3810 3316 Et

521 3355 695 3412 est:si
727 3370 756 3410 a
783 3356 915 3424 Deo,
941 3355 1109 3412 virtus
1139 3365 1240 3420 est,
1265 3355 1360 3427 qui
1382 3363 1440 3411 et
1459 3355 1524 3410 ad
1550 3370 1735 3411 veram
1763 3369 1862 3412 uos
1887 3353 2117 3427 gloriam

523 3447 863 3521 cohortatur,
884 3449 1072 3506 dicens
1089 3467 1102 3504 :
1118 3448 1225 3503 Eos
1242 3459 1412 3503 autem
1426 3450 1513 3516 qui
1529 3464 1607 3504 me
1629 3450 1943 3521 glorificant,
1962 3450 2124 3522 glori-

524 3544 710 3614 ficabo.
737 3544 1013 3616 Significat
1043 3552 1100 3600 et
1128 3543 1276 3600 aliud
1300 3544 1352 3599 in
1380 3545 1678 3616 Scripturis
1705 3545 1902 3601 divinis
1927 3547 2118 3618 gloria,

522 3655 645 3697 cum
662 3640 940 3712 augu5tius
961 3640 1188 3711 aliquid,
1206 3649 1262 3696 et
1277 3639 1519 3697 divinius
1541 3639 1822 3697 hominum
1845 3657 1906 3698 se
1920 3642 2122 3712 praebet

526 3735 826 3792 obtutibus.
858 3733 990 3791 Visa
1014 3746 1097 3792 est
1124 3733 1176 3790 in
1208 3735 1564 3790 tabernaculo
1589 3733 1763 3806 gloria
1794 3735 2044 3802 Domini,
2068 3746 2123 3791 et

524 3828 581 3884 in
611 3829 814 3895 templo
842 3828 988 3900 quod
1020 3844 1050 3882 a
1081 3827 1375 3884 Salomone
1397 3838 1773 3886 constructum
1803 3841 1886 3886 est
1906 3873 1921 3898 ,
1947 3830 2120 3902 gloria

524 3931 644 3978 erat
673 3921 716 3994 (Ι
740 3921 871 3994 Reg.
894 3925 1036 3992 vtlt),
1067 3931 1123 3978 et
1149 3922 1202 3978 in
1235 3920 1372 3980 facie
1392 3921 1590 3995 Moysi,
1607 3924 1823 3994 quando
1845 3924 2123 3980 nesciebat

523 4018 667 4090 quod
715 4018 1052 4088 glorificatus
1078 4025 1224 4075 esset
1260 4017 1444 4074 vultus
1474 4017 1592 4088 ejus
1643 4016 1841 4089 (Exod.
1896 4020 2008 4088 xc),
2054 4019 2123 4075 de

523 4094 840 4182 quavultus
865 4111 1068 4182 gloria,
1113 4121 1243 4182 puto
1290 4119 1345 4167 et
1385 4109 1708 4180 Apostolum
1741 4111 1924 4167 dicere
1961 4126 1981 4166 :
2010 4109 2122 4166 Nos

523 4212 695 4258 autem
726 4220 902 4260 omnes
949 4205 1173 4259 revelata
1219 4205 1350 4276 facie
1377 4205 1604 4276 gloriam
1641 4202 1855 4258 Domini
1902 4215 2124 4258 contem-

527 4294 733 4366 plantes
757 4338 773 4363 ,
806 4297 862 4352 in
891 4297 1122 4352 eamdem
1141 4297 1424 4368 imaginem
1450 4298 1882 4368 transformamur
1904 4315 1936 4352 a
1956 4297 2125 4371 gloria

524 4391 581 4446 in
609 4391 850 4463 gloriam,
875 4392 1009 4447 sicut
1035 4411 1066 4448 a
1093 4390 1191 4447 Dei
1211 4391 1400 4463 spiritu
1429 4391 1494 4464 (ll
1519 4391 1642 4447 Cor.
1667 4408 1748 4458 ιιι,
1778 4391 1887 4462 18).
1920 4393 1984 4447 Ει
2010 4393 2124 4464 ipse

523 4483 797 4554 Salvator,
842 4486 1102 4556 splendor
1139 4487 1332 4559 gloria:
1377 4497 1434 4544 et
1477 4487 1651 4559 figura
1681 4487 1998 4543 substantia:
2031 4487 2124 4542 Dei

526 4579 704 4636 dictus
728 4588 811 4635 est
841 4578 1029 4651 (Hebr.
1053 4583 1110 4650 ι).
1143 4579 1291 4636 Vidit
1315 4588 1372 4636 et
1397 4580 1713 4653 Stephanus
1737 4581 1964 4651 gloriam
1993 4581 2116 4648 Dei,

2226 3379 2379 3424 certe
2403 3376 2488 3422 ter
2517 3365 2810 3421 Dominum
2835 3363 3058 3435 rogavit
3086 3368 3146 3417 ut
3174 3359 3477 3416 discederet
3499 3358 3574 3414 ab
3603 3371 3666 3414 eo
3690 3373 3703 3422 ε
3724 3353 3808 3410 sed

2226 3461 2428 3516 dictum
2461 3467 2544 3514 est
2572 3458 2622 3514 ei
2659 3476 2673 3514 :
2718 3457 2932 3527 Sufficit
2963 3455 3055 3510 tibi
3081 3454 3250 3530 gratia
3281 3468 3396 3507 utea
3426 3467 3445 3506 :
3473 3451 3641 3505 virtus
3690 3448 3809 3503 enim

2226 3557 2276 3611 in
2303 3555 2601 3624 infirmitate
2631 3553 2920 3626 perficitur.
2943 3549 3085 3618 Quid
3109 3559 3217 3604 tam
3247 3547 3342 3603 Dei
3367 3559 3506 3618 opus
3533 3555 3640 3612 est,
3661 3555 3806 3615 quam

2225 3648 2541 3720 Scripturas
2569 3647 2760 3718 legere
2786 3687 2800 3714 ,
2835 3645 2888 3700 in
2921 3644 3166 3700 Ecclesia
3197 3640 3502 3714 praedicare
3528 3680 3546 3708 ,
3571 3636 3808 3694 sacerdo-

2228 3743 2362 3798 tium
2394 3755 2629 3812 cupere,
2663 3746 2792 3794 ante
2820 3739 2998 3794 altare
3037 3735 3253 3792 Domini
3296 3734 3614 3792 ministrare
3655 3733 3677 3787 2
3714 3729 3807 3787 Sed

2227 3842 2284 3890 et
2313 3833 2451 3897 haec,
2477 3833 2584 3888 nisi
2613 3829 2809 3902 aliquis
2835 3829 2987 3885 omni
3029 3827 3314 3898 diligentia
3359 3825 3686 3882 custodierit
3726 3837 3809 3879 cor

2225 3941 2386 3980 suum
2406 3965 2420 3990 ,
2449 3924 2516 3978 de.
2541 3923 2840 3993 cupiditate
2866 3921 3046 3977 laudis
3072 3920 3348 3976 oriuntur.
3379 3918 3588 3976 Videas
3620 3918 3809 3990 pleros-

2225 4034 2331 4089 que
2352 4016 2520 4090 (quod
2547 4017 2713 4072 etiam
2741 4015 2959 4070 Tullius
2985 4012 3086 4088 ait)
3117 4014 3285 4070 libros
3325 4028 3456 4070 suos
3483 4013 3557 4069 de
3585 4021 3808 4069 contem-

2228 4110 2404 4166 nenda
2442 4110 2617 4180 gloria
2654 4108 2959 4166 inscribere
2983 4151 2998 4176 ,
3030 4107 3056 4146 α
3081 4120 3135 4165 et
3165 4123 3330 4165 causa
3381 4107 3595 4178 gloriae,
3626 4101 3809 4178 proprii

2228 4204 2464 4260 nominis
2480 4203 2668 4260 titulos
2685 4212 3014 4275 praenotare.
3032 4203 3806 4273 lnterpretamurScripturas:

2227 4313 2374 4368 saepe
2423 4295 2688 4354 vertimus
2741 4297 2945 4366 stylum
2988 4314 3002 4352 :
3039 4313 3160 4369 quae
3191 4297 3355 4368 digna
3389 4297 3626 4354 lectione
3672 4304 3808 4361 sunt,

2227 4390 2558 4456 scribimus;
2584 4398 2639 4447 et
2673 4390 2777 4446 nisi
2804 4389 3006 4446 Christi
3038 4405 3204 4445 causa
3235 4387 3388 4458 fiant,
3418 4389 3515 4447 sed
3548 4387 3809 4445 memoria:

2229 4485 2284 4541 in
2311 4495 2584 4554 posteros,
2614 4491 2670 4540 et
2699 4483 2856 4538 fama:
2884 4483 2938 4538 in
2971 4481 3240 4553 pepulos,
3273 4490 3421 4538 tctus
3453 4481 3610 4539 labor
3638 4481 3808 4537 irritus

2230 4579 2324 4634 fiet
2351 4597 2364 4633 :
2396 4587 2453 4635 et
2482 4579 2689 4636 erimus
2714 4579 2869 4649 quasi
2902 4585 3220 4650 tympanum
3252 4591 3484 4644 sonans,
3517 4585 3578 4633 et
3607 4573 3811 4648 cymba-

525 4681 581 4730 et
599 4671 786 4728 Jesum
809 4643 1044 4730 stantem
1070 4643 1101 4728 a
1123 4672 1337 4730 dextris
1360 4674 1481 4744 ejus
1498 4643 1650 4744 '(Act.
1688 4643 1808 4743 vti).
1840 4672 1910 4730 Ut
1936 4643 2117 4731 autem
2148 4643 2200 4707 D
2227 4674 2335 4730 lum
2367 4687 2708 4744 concrepans
2731 4643 2796 4745 (l
2832 4643 2954 4728 Cor'.
2986 4643 3081 4727 xiii
3111 4669 3154 4740 ).
3187 4669 3388 4727 Videas
3419 4643 3715 4741 plerosque
3752 4665 3809 4720 de

525 4773 582 4822 et
599 4777 700 4821 nos
722 4764 879 4822 nobis
899 4765 1278 4838 fingendorum
1303 4765 1585 4824 nominum
1617 4766 1895 4822 licentiam
1920 4782 2121 4836 prxesu-

2220 4768 2519 4840 Scripturis
2542 4767 2684 4823 inter
2703 4781 2764 4823 se
2784 4763 3118 4821 contendere
3144 4781 3157 4818 :
3185 4779 3216 4820 e
3245 4762 3566 4819 athleticum
3597 4772 3620 4802 ε
3650 4774 3809 4816 scam-

520 4872 737 4916 mamus
759 4899 776 4926 ,
807 4859 970 4915 rebus
996 4858 1198 4931 quippe
1224 4857 1381 4915 novis
1406 4857 1507 4932 (ut
1531 4856 1654 4913 aitb
1688 4858 1948 4931 quidam)
1979 4875 2119 4917 nova
2222 4876 2309 4917 ma
2341 4860 2438 4916 Dei
2469 4859 2651 4917 facere
2679 4871 2990 4916 sermonem
3025 4875 3039 4912 :
3072 4856 3307 4914 invicem
3340 4864 3678 4928 provocant,
3704 4853 3810 4909 etsi

600 5010 628 5071 fl
658 4999 830 5071 Penes
855 4997 1158 5054 Victorium
1176 5039 1191 5066 ,
1219 4996 1280 5053 Si
1303 5013 1334 5071 (ι
1360 4997 1543 5071 spiritu
1571 4997 1804 5071 uiuimus.

600 5069 629 5110 δ
655 5068 912 5139 Scilicet,
937 5085 1100 5140 quem
1127 5079 1180 5124 et
1207 5070 1368 5139 paulo
1388 5068 1664 5140 'superius
1696 5071 1906 5140 laudat,
1939 5069 2130 5128 Cicero

529 5142 624 5199 lib.
683 5159 702 5198 ι
735 5142 1111 5198 Academicar.
1161 5140 1364 5209 Quwst.
1419 5157 1486 5197 cx
1515 5141 1682 5198 Attici
1729 5143 1796 5198 ad
1829 5142 2128 5199 Varronem

531 5228 763 5286 persona
795 5233 809 5269 :
837 5215 940 5268 Aut
966 5214 1107 5268 enim
1123 5258 1137 5281 ,
1163 5211 1369 5286 inquit,
1391 5229 1524 5268 nova
1548 5223 1667 5286 sunt
1693 5230 1864 5269 rerum
1884 5232 2130 5270 nat-arum

538 5285 783 5358 facienda
808 5287 1050 5358 nomina,
1081 5291 1171 5339 aut
1199 5301 1263 5339 ea:
1291 5285 1411 5339 aliis
1437 5285 1796 5355 transferenda
1815 5327 1829 5353 ,
1860 5297 1968 5344 etc.

607 5370 631 5398 ο
664 5357 838 5416 Aliter
865 5357 973 5412 duo
996 5371 1128 5412 mss.
1157 5366 1512 5412 numerantur.

603 5427 629 5468 δ
658 5429 717 5486 In
763 5428 993 5485 Palatin.
1021 5443 1126 5484 ms.
1146 5469 1162 5498 ,
1197 5437 1246 5482 et
1280 5439 1490 5500 propter
1519 5427 1743 5503 gloriam
1786 5429 2009 5484 nominis
2040 5429 2124 5483 sui

533 5502 712 5576 titulos
737 5511 1046 5576 prtenotare.

611 5584 634 5612 ο
665 5572 874 5628 Vitiose
906 5572 1104 5628 lectum
1131 5581 1216 5626 est
1248 5572 1539 5643 hactenus,
1567 5587 1794 5625 scomma
1822 5615 1836 5639 ,
1896 5588 1995 5642 pro
2023 5587 2129 5643 quo

535 5661 764 5702 scamma
808 5643 876 5700 ad
905 5659 1038 5700 mss.
1073 5643 1233 5698 fidem
1260 5683 1276 5711 ,
1309 5642 1430 5713 ipso
1469 5652 1700 5712 cogente
1750 5655 1900 5699 recto
1935 5642 2120 5712 senati,

533 5717 896 5773 restituimus.
939 5715 1070 5772 Erat
1097 5715 1417 5770 atlileticum
1438 5719 1706 5770 'scamma
1753 5713 1926 5780 locus,
1951 5713 2116 5784 fossa,

532 5787 649 5843 sive
691 5788 828 5843 linea
868 5786 1343 5858 circumscriptus,
1375 5801 1540 5858 quem
1579 5785 2119 5858 ultragpraatergredi

539 5869 813 5917 certantes
843 5858 899 5915 in
923 5873 990 5915 eo
1018 5856 1240 5916 athleta:
1265 5873 1373 5918 non
1394 5856 1679 5932 poterant.
1708 5856 1916 5919 Nomen
1944 5856 2119 5920 acuit-

2231 5023 2345 5059 πτω
2373 4999 2564 5056 Graeco
2587 4999 2783 5066 verbo,
2811 4997 2956 5070 quod
2995 5007 3081 5055 est
3105 5001 3267 5069 fodio,
3297 4999 3535 5066 accepit.
3573 4997 3812 5069 Satisque

2233 5072 2540 5127 luculenter
2586 5071 2705 5135 ipse
2779 5071 3142 5141 Hieronymus
3215 5071 3390 5137 alibi,
3422 5071 3566 5127 libro
3619 5077 3808 5126 contra

2231 5143 2495 5200 Jonnnem
2526 5143 2900 5215 Jer0solymit.
2930 5140 3035 5198 cur
3076 5152 3154 5208 tu,
3185 5143 3402 5213 inquit,
3433 5143 3643 5199 omissis
3669 5155 3810 5208 super

2232 5215 2416 5288 quibus
2444 5231 2616 5288 pugna
2637 5224 2731 5288 est,
2747 5213 2826 5268 'de
2849 5223 3127 5288 scammate
3150 5224 3198 5268 et
3223 5215 3338 5270 loco
3363 5217 3663 5288 certaminis
3690 5228 3813 5288 egre-

2235 5285 2382 5342 diens
2405 5327 2421 5354 ,
2444 5285 2552 5343 etc.
2582 5287 2789 5342 Passim
2839 5301 2968 5356 vero
3020 5285 3181 5340 latius
3225 5301 3324 5355 pro
3369 5285 3490 5356 ipso
3521 5285 3810 5356 cermmine

2234 5360 2465 5414 sumitur
2491 5399 2506 5423 ,
2537 5368 2596 5412 ut
2623 5367 2912 5428 etgnoster
2941 5355 3046 5428 hoc
3096 5359 3212 5428 ipso
3233 5354 3296 5413 in
3337 5354 3460 5413 loco
3484 5398 3500 5428 ,
3523 5368 3582 5428 et
3612 5354 3810 5428 Tertul-

2235 5428 2413 5485 lianus
2440 5430 2537 5484 lib.
2571 5427 2637 5484 ad
2662 5427 2968 5502 Martyres):
2997 5425 3257 5502 Epistates
3283 5440 3448 5484 uester
3467 5427 3706 5502 Christus
3734 5425 3811 5502 Je-

2228 5519 2340 5572 sus,
2375 5502 2461 5572 qui
2487 5517 2574 5556 vos
2604 5499 2793 5572 spiritu
2808 5499 2986 5572 unxit,
3015 5499 3062 5556 et
3090 5501 3158 5572 ad
3176 5499 3274 5555 hoc
3297 5516 3528 5555 scamnta
3555 5499 3804 5572 perduxit,

2227 5571 2285 5628 S.
2311 5566 2527 5645 quoque
2558 5566 2879 5644 Ambrosius
2905 5571 3007 5627 lib.
3032 5588 3051 5627 ι
3073 5571 3338 5645 Officior.,
3364 5587 3488 5644 cap.
3525 5566 3652 5645 lli;
3685 5566 3810 5637 Quid

2227 5646 2428 5717 epulari
2441 5643 2628 5717 gestis,
2655 5652 2935 5717 antequam
2959 5644 3196 5717 studium
3224 5643 3498 5699 solvatur?
3524 5643 3700 5717 adhuc
3717 5658 3806 5717 pm

2263 5716 2382 5789 ulus
2407 5713 2619 5789 spectat,
2649 5713 2826 5789 adhuc
2844 5714 3144 5789 athletaein
3181 5725 3465 5789 stemmate
3492 5725 3656 5789 sunt.
3674 5713 3806 5789 Idem

2249 5785 2322 5842 ib.
2354 5783 2563 5845 de'Elia
2595 5796 2650 5844 et
2674 5787 2894 5858 Jejunio
2926 5802 3047 5858 cap.
3069 5787 3105 5843 5
3134 5783 3201 5858 :71
3211 5805 3241 5840 ιι
3285 5796 3568 5842 scammate
3613 5787 3660 5842 si
3702 5785 3806 5856 quis

2227 5867 2276 5916 te
2302 5876 2458 5917 manu
2501 5859 2649 5919 levat.
2688 5857 2761 5915 Et
2802 5874 2924 5930 cap.
2967 5857 3032 5917 21
3085 5877 3098 5914 ;
3141 5857 3453 5932 Progressus
3479 5859 3540 5914 in
3568 5871 3801 5922 scamma,
