3962 6338
198 306 285 374 tas

620 306 1278 369 COMMENTARIUHUM
1324 309 1391 368 IN
1433 308 1823 369 EPISTULAM
1865 313 1958 370 AD
1999 311 2322 372 GALATAS
2366 315 2496 375 LIB.
2541 316 2627 373 IlI.
2674 316 2824 374 CAP.
2873 315 2966 375 Vl.

3354 321 3462 384 HG

198 425 300 484 victi
334 424 556 494 fuerint,
591 424 843 483 invident
872 444 885 481 :
920 425 1097 482 inanis
1116 428 1317 498 quippe
1344 426 1533 498 gloria:
1561 426 1746 497 cupidi
1776 428 1828 492 Α
1855 436 1982 484 cato
2011 431 2274 498 praeventi
2303 429 2532 500 fuerint,
2569 447 2676 486 non
2708 431 2916 503 virgam
2947 432 3193 501 adhibet,
3225 434 3322 492 sed
3353 438 3466 507 spi-

196 535 314 580 sttnt.
333 520 447 578 Scio
472 521 523 575 in
554 519 769 577 Latinis
802 520 1081 576 codicibus
1105 522 1245 576 ineo
1271 520 1587 577 tesrimouiu
1611 520 1756 592 quod

193 611 329 686 supra
355 615 512 687 518
540 616 827 685 posuimus
858 633 870 670 :
900 614 961 672 Si
987 615 1257 669 tradidero
1286 631 1477 683 corpus
1507 631 1671 670 meum
1703 623 1758 669 ιιι

192 712 370 787 glorier,
400 720 423 749 ⁸
453 713 668 767 ardeam
698 711 901 768 habere
933 727 1036 783 pro
1067 713 1261 785 glorier
1290 727 1309 778 ,°
1334 710 1429 767 sed
1458 714 1527 766 ob
1558 710 1756 767 simili-

190 805 395 862 tudinem
416 803 567 860 Verbi
587 847 604 869 ,
630 821 735 877 qua
766 807 907 874 apud
932 804 1176 872 Gra‘cos,
1200 805 1431 874 ardeam,
1461 812 1516 862 ct
1540 807 1752 880 glorier,

190 898 232 956 id
250 912 350 963 εει,
379 900 707 973 καυθὴσομαι
735 909 788 955 et
818 904 1182 973 καυχήσομαι,
1211 916 1315 955 una
1365 900 1562 955 littera:
1604 910 1755 969 parte

187 992 502 1064 distinguitur
528 1039 543 1063 ,
599 994 742 1064 apud
783 1002 1005 1051 noSlros
1056 1011 1217 1051 error
1246 995 1498 1052 inolevit.
1531 994 1639 1052 Sed
1698 1006 1753 1052 et

185 1084 302 1158 apud
350 1087 489 1156 ipsos
512 1085 743 1142 Grascos
774 1088 1109 1157 exemplaria
1136 1097 1268 1144 sunt
1298 1089 1538 1147 diversa.

243 1177 380 1250 (Cap.
409 1176 489 1234 Vl.
525 1207 600 1219 —
627 1177 784 1235 Vcrs.
826 1180 910 1249 t.)
939 1177 1179 1250 Fratres,
1209 1190 1258 1236 et
1285 1181 1333 1237 si
1358 1189 1754 1254 prazoccupatus

185 1271 316 1344 fuerit
336 1272 478 1327 homo
506 1273 560 1326 in
592 1275 768 1344 aliquo
799 1274 1018 1341 delicto,
1056 1292 1144 1330 vos
1165 1276 1255 1347 qui
1283 1278 1583 1345 spirituum
1604 1278 1749 1345 estis,

181 1365 387 1421 instruite
416 1364 724 1438 Itujusmodt'
761 1368 815 1422 in
853 1369 1039 1440 spiritu
1085 1370 1505 1425 mansuetudinis
1534 1387 1553 1426 :
1580 1372 1753 1426 consi-

180 1460 339 1515 deruns
367 1462 606 1533 teipsum,
637 1477 700 1516 ne
719 1471 767 1515 ct
799 1472 853 1516 ιιι
883 1462 1119 1517 tenteris.
1150 1462 1345 1519 Sciens
1377 1464 1577 1520 Paulus
1633 1464 1752 1536 ejus

178 1551 256 1607 Dei
279 1567 333 1608 se
361 1568 480 1608 esse
504 1554 803 1620 cultorem,
831 1553 922 1623 qui
956 1553 1128 1608 nollet
1158 1563 1390 1611 mortem
1427 1556 1750 1626 peccatoris,

176 1645 254 1699 sed
282 1645 649 1715 pteniteutiam
679 1645 701 1719 (
726 1643 917 1700 Ezech.
943 1661 1099 1716 xvtn,
1130 1662 1299 1703 χχχιιι
1322 1644 1344 1717 )
1371 1664 1386 1701 :
1418 1658 1474 1704 et
1522 1657 1753 1720 excepta

174 1736 433 1807 Triuitate,
468 1755 689 1795 omnem
721 1750 1056 1807 creaturam,
1089 1740 1223 1796 licet
1255 1756 1364 1797 non
1400 1754 1614 1812 peccet,
1671 1751 1751 1797 ta-

1860 522 2023 578 ritum
2055 526 2492 582 mansuetudinis
2517 527 2539 581 ?
2567 525 2767 583 Verum
2796 527 2867 582 ibi
2898 527 2966 582 ad
2991 542 3087 584 eos
3117 527 3341 596 dicitur,
3371 530 3465 602 qui

1860 626 1983 687 post
2013 626 2295 687 peccatum
2330 637 2439 676 non
2466 621 2776 678 sentientes
2806 637 3059 679 errorem
3090 637 3273 691 suum,
3308 626 3464 681 nole-

1857 710 1992 766 bant
2024 712 2330 783 majoribus
2372 716 2488 770 suis
2533 714 2740 784 subdi,
2773 726 2826 772 et
2872 716 3194 787 ptenitcntia
3240 718 3467 791 corrigi.

1859 802 1962 859 Ubi
1996 821 2124 860 vero
2156 817 2415 878 peccatur
2461 809 2778 880 intelligens
2830 809 3031 865 vulnus
3060 825 3221 866 suum
3253 851 3268 877 ,
3301 811 3473 866 tradit

1858 896 2075 952 medico
2101 913 2162 953 se
2201 900 2533 970 curandum,
2565 900 2639 955 ibi
2677 917 2784 956 non
2812 912 2894 955 est
2938 903 3091 973 virga
3126 902 3463 971 necessaria,

1857 989 1954 1044 sed
1987 989 2217 1061 spiritus
2269 990 2540 1047 lenitatis.
2585 991 2695 1049 Sed
2737 1001 2792 1048 et
2821 991 2954 1048 illud
2991 992 3133 1048 forte
3162 1004 3463 1064 quzeratur,

1856 1082 2001 1154 quod
2033 1083 2077 1139 si
2112 1094 2401 1156 propterea
2425 1085 2703 1142 instruere
2730 1087 2856 1158 quis
2885 1086 3084 1143 debeat
3112 1096 3459 1157 peccatorem

1858 1178 1911 1234 in
1946 1179 2147 1252 spiritu
2179 1180 2466 1237 lenitatis:
2507 1182 2634 1253 quia
2670 1182 2985 1239 consideret
3013 1197 3109 1248 se,
3141 1198 3215 1239 ne
3243 1191 3301 1239 et
3351 1184 3472 1256 ipse

1857 1279 2144 1339 tentetur;
2178 1288 2309 1345 ergo
2333 1272 2543 1345 justus,
2576 1277 2669 1346 qui
2699 1275 2768 1332 de
2795 1292 2891 1331 sua
2917 1286 3105 1333 certus
3135 1284 3221 1333 est
3251 1287 3459 1346 mente,

1856 1364 1949 1436 qui
1989 1368 2092 1423 scit
2123 1383 2229 1423 non
2267 1382 2425 1439 posse
2470 1385 2531 1425 se
2561 1369 2670 1424 labi
2698 1412 2713 1437 ,
2751 1381 2774 1409 ε
2824 1386 2935 1427 non
2977 1370 3140 1427 debet
3188 1370 3467 1428 instruere

1854 1470 2207 1532 peccatorem
2239 1464 2292 1518 in
2324 1462 2523 1535 spiritu
2555 1463 2800 1521 lenitatis
2849 1466 2874 1521 i
2904 1465 2985 1522 Ad
3017 1465 3160 1537 quod
3189 1466 3464 1538 dicemus,

1855 1553 2066 1609 etiamsi
2098 1554 2295 1611 vicerit
2319 1555 2525 1627 justus,
2557 1555 2737 1614 sciens
2766 1566 2979 1629 quanto
3015 1558 3206 1615 labore
3236 1575 3471 1632 supera-

1854 1651 2016 1718 verit,
2053 1652 2225 1721 magis
2252 1652 2505 1723 peccanti
2529 1654 2745 1709 veniam
2780 1653 3066 1725 largietur.
3098 1653 3233 1711 Nam
3261 1664 3315 1712 et
3346 1653 3466 1712 Sal-

1854 1757 2009 1799 vator
2031 1756 2323 1815 proriterea
2348 1754 2588 1802 tentatus
2612 1758 2719 1815 est,
2739 1749 2891 1816 juxta
2920 1748 3103 1804 omnia
3128 1748 3288 1806 nobis
3311 1749 3467 1805 simi-

174 1846 276 1887 mea
306 1844 463 1903 posse
486 1847 723 1903 peccare
753 1848 914 1889 :eum
945 1847 1163 1905 quoque
1188 1834 1280 1905 qui
1306 1834 1614 1905 spiritualis
1643 1843 1748 1903 est,
1778 1836 1829 1899 B
1857 1836 1981 1893 liter
2006 1839 2214 1910 absque
2256 1849 2489 1912 peccato
2518 1858 2533 1897 :
2564 1851 2622 1896 ttt
2652 1842 2830 1911 possit
2876 1841 3140 1912 compati,
3175 1852 3231 1899 et
3259 1840 3468 1899 condo-

169 1918 461 1981 cohortatur
489 1927 573 1980 sui
617 1928 818 1982 timore
848 1942 917 1981 ne
942 1936 1138 1997 peccet
1164 1972 1178 1991 ,
1212 1943 1439 1983 manum
1470 1928 1755 1999 porrigere

170 2019 444 2075 corrurnti.
479 2020 547 2074 Et
579 2018 811 2090 pulchre
836 2029 1282 2092 praeoccupatum
1318 2022 1369 2077 in
1400 2021 1622 2089 delicto,
1654 2022 1753 2079 lto-

170 2115 343 2173 tniuem
366 2126 551 2186 vocat,
583 2119 677 2188 qui
712 2117 852 2173 mori
882 2118 1053 2190 possit
1086 2134 1191 2175 εει
1240 2120 1362 2189 ipso
1393 2120 1614 2176 nomine
1644 2119 1753 2176 fra-

168 2208 405 2279 gilitalcm
436 2211 777 2267 conditionis
803 2211 1142 2279 ostendens;
1169 2224 1228 2269 ut
1247 2212 1443 2285 dignus
1465 2214 1535 2270 sit
1566 2214 1749 2283 venia,

166 2302 243 2371 qui
273 2303 414 2359 velut
445 2301 617 2359 homo
646 2318 839 2360 errore
869 2304 1151 2376 deceptus,
1176 2314 1231 2361 et
1261 2320 1478 2363 mersus
1508 2306 1564 2362 in
1594 2323 1755 2363 vora-

163 2395 344 2464 ginem,
365 2395 611 2466 seipsum
643 2396 764 2453 sine
793 2397 1019 2469 auxilio,
1043 2408 1098 2455 et
1125 2399 1377 2468 adjutore
1407 2401 1619 2472 erigere
1643 2415 1752 2456 non

164 2488 333 2556 possit.
377 2488 665 2560 Spirituali
724 2497 903 2546 autem
962 2507 1069 2547 non
1118 2492 1339 2549 additur
1391 2492 1604 2550 homo:
1654 2493 1751 2550 sed

162 2585 291 2650 quasi
320 2584 431 2639 Deo
460 2585 824 2657 prmcipitur,
862 2595 921 2641 ιιι
976 2583 1256 2642 hominem
1308 2598 1750 2659 praeoccupatum

162 2676 206 2732 in
248 2679 443 2734 delicto
499 2679 782 2735 instruat:
828 2681 946 2737 sive
997 2679 1109 2755 (ιιι
1164 2680 1363 2737 melius
1408 2680 1648 2739 babetur
1694 2683 1752 2738 in

160 2769 352 2844 Cra-cu)
383 2772 639 2841 perﬁciat
665 2773 719 2828 in
752 2773 952 2845 spiritu
982 2772 1250 2831 lenitatis.
1282 2774 1387 2844 Qui
1410 2784 1595 2832 autem
1628 2790 1753 2847 per-

160 2864 335 2934 ficitur,
361 2881 474 2922 non
509 2867 560 2922 ei
592 2867 789 2923 desunt
818 2867 1104 2936 universa,
1128 2867 1226 2925 sed
1264 2870 1467 2940 aliqua.
1503 2869 1751 2941 Denique

158 2953 181 2994 ιο
203 2960 243 3013 si
272 2976 372 3014 non
404 2960 657 3030 peccatis
684 2959 932 3031 pluribus
958 3001 974 3028 ,
1006 2960 1102 3017 sed
1133 2962 1271 3018 vitio
1309 2961 1497 3033 aliquo
1542 2976 1752 3034 praeoc-

157 3061 361 3117 cupatus
387 3055 605 3109 erravit
634 3070 646 3107 :
674 3052 918 3109 leuitatis
945 3054 1196 3126 spiritum
1227 3064 1283 3111 et
1312 3055 1750 3111 mansuetudinis

158 3144 203 3196 in
224 3146 566 3202 corrcetiune
611 3147 891 3217 peccantis
923 3147 1228 3220 spiritualis
1251 3148 1535 3220 adhibeat,
1573 3166 1638 3205 ne
1668 3150 1749 3206 ri-

1858 1930 1978 1985 lere
2010 1930 2419 1988 infirmitatibus
2468 1932 2714 2001 uestris,
2745 1949 2849 1989 suo
2871 1930 2898 1971 δ
2935 1934 3133 1990 doctus
3180 1935 3461 2006 exemplo,

1854 2040 2019 2095 quam
2050 2023 2293 2101 difficilis
2320 2026 2389 2081 sit
2422 2027 2475 2082 in
2507 2041 2675 2083 carne
2707 2028 2956 2084 victoria.
2988 2027 3043 2083 Si
3072 2028 3195 2100 quis
3216 2027 3372 2099 virgo
3392 2025 3463 2083 ad

1854 2131 2131 2176 senectam
2181 2137 2356 2194 usque
2387 2123 2755 2194 permanserit
2791 2140 2807 2186 ς
2840 2123 3088 2194 ignoscat
3126 2124 3176 2181 ei
3207 2124 3298 2196 qui
3326 2123 3463 2181 ado-

1854 2214 2133 2271 lest-entiae
2174 2224 2198 2253 °
2248 2216 2526 2287 quondam
2578 2217 2765 2272 calore
2812 2215 3079 2287 deceptus
3124 2227 3250 2285 est,
3277 2217 3463 2273 sciens

1854 2310 2072 2385 quantis
2100 2308 2511 2367 dill‘tcultatibus
2542 2310 2692 2366 illam
2711 2312 3225 2368 trattsicritmtatcm
3266 2311 3463 2384 Siquis

1855 2416 1955 2472 pro
1983 2400 2186 2458 Christi
2218 2402 2455 2457 nominis
2486 2401 2834 2459 confessione
2864 2403 3173 2477 cruciatnsj,
3200 2402 3372 2460 alium
3407 2405 3464 2460 in

1858 2497 2148 2551 tormentis
2176 2495 2378 2552 viderit
2407 2495 2681 2565 denegare
2702 2537 2719 2563 ,
2749 2497 3117 2569 compatiatur
3139 2497 3465 2555 vulneribus

1855 2587 2156 2656 negatoris,
2182 2596 2235 2642 et
2266 2601 2373 2642 non
2400 2596 2506 2642 tam
2534 2586 2684 2642 illum
2707 2587 2938 2657 vietum,
2962 2604 3126 2661 quam
3152 2604 3211 2645 se
3235 2589 3458 2656 vicisse,

1856 2681 2104 2736 miretur.
2137 2677 2420 2736 Cautelam
2450 2695 2670 2753 quoque
2699 2682 2996 2737 scribentis
3027 2681 3468 2754 attendite,quia

1856 2790 1889 2830 ιι
1915 2793 1962 2827 ιιι
1996 2773 2235 2830 dixerit:
2263 2772 2613 2829 Considamus
2644 2783 2712 2843 te,
2738 2790 2801 2829 ne
2820 2782 2875 2829 tu
2904 2775 3087 2844 cados;
3109 2774 3226 2842 sed,
3254 2792 3319 2832 ne
3339 2784 3386 2831 ct
3407 2784 3464 2831 tu

1854 2867 2087 2923 tenteris.
2122 2865 2278 2922 Vinci
2299 2868 2503 2938 quippe
2532 2866 2617 2923 vel
2662 2867 2887 2924 vincere
2914 2909 2930 2933 ,
2960 2882 3371 2939 nonnumquam
3405 2868 3462 2924 in

1855 2971 2041 3018 nostra
2066 2971 2153 3018 est
2179 2968 2458 3033 potestate
2485 2979 2500 3018 :
2527 2961 2692 3035 520
2716 2971 2974 3017 caeterum
3008 2963 3206 3019 tentari
3233 3008 3247 3031 ,
3279 2962 3333 3019 in
3364 2976 3462 3033 po-

1853 3062 2051 3110 testate
2084 3054 2350 3109 tentautis
2376 3061 2484 3109 est.
2516 3053 2573 3109 Si
2605 3055 2754 3108 enim
2786 3050 3043 3109 Salvator
3073 3063 3312 3111 tentatus
3349 3062 3459 3123 est,

1853 3147 1975 3219 quis
2006 3155 2189 3217 potest
2217 3160 2341 3202 esse
2376 3160 2610 3203 securus
2643 3145 2970 3202 intentatum
3017 3162 3077 3204 se
3114 3147 3243 3204 vita:
3292 3148 3459 3219 hujus

155 3236 312 3306 gidus,
338 3255 407 3295 ue
438 3240 621 3296 iratus
641 3249 699 3295 et
721 3239 894 3296 triSIis
921 3240 1200 3314 corrigere
1222 3242 1406 3313 cupiat
1437 3250 1747 3311 errantem;
1778 3239 1826 3305 C
1858 3242 2031 3296 maria
2080 3240 2315 3297 transire
2352 3241 2504 3308 iQui
2540 3248 2734 3311 putant
2787 3241 3019 3298 Paulum
3046 3242 3205 3309 juxta
3239 3240 3461 3297 humili~

155 3334 233 3387 sed
261 3348 523 3404 provocet
548 3352 696 3404 eum,
721 3338 1001 3408 spondens
1023 3340 1291 3404 salutem;
1316 3338 1531 3394 veniam
1559 3352 1751 3410 repro-

158 3429 356 3485 mittens
385 3448 401 3486 :
435 3430 651 3488 Christi
685 3432 1063 3489 testimonium
1091 3433 1333 3504 proferat
1362 3451 1376 3490 :
1409 3433 1557 3506 quod
1599 3435 1751 3506 gravi

153 3519 270 3592 l~gis
325 3535 381 3580 et
433 3536 797 3595 peccatorum
855 3542 1026 3582 onere
1075 3525 1372 3598 depressos
1401 3570 1415 3596 ,
1444 3527 1511 3583 ad
1554 3526 1748 3600 jugum

157 3628 292 3672 suum
319 3633 513 3686 suave,
545 3630 605 3675 et
632 3619 755 3675 leve
782 3618 979 3676 invitet
1009 3635 1147 3678 Otttts
1201 3638 1214 3676 :
1267 3630 1327 3677 ut
1352 3621 1592 3687 discant,
1625 3624 1748 3694 quia

158 3709 358 3769 butnitis
383 3716 457 3769 sit
483 3723 543 3771 et
567 3715 736 3781 mitis,
764 3723 819 3770 ct
852 3726 1172 3772 mansuetus
1202 3716 1375 3773 corde
1397 3714 1616 3781 (Matth.
1643 3720 1750 3785 χι),

153 3812 205 3858 ct
243 3808 524 3864 inveniant
572 3811 821 3880 requiem
852 3808 1143 3866 animabus
1188 3812 1325 3865 suis.
1356 3808 1588 3866 Utamur
1647 3810 1750 3867 hoc

154 3901 449 3958 testimonio
466 3903 774 3957 adversum
792 3900 1080 3958 luereticos
1095 3919 1109 3956 :
1125 3902 1216 3975 qui
1230 3902 1571 3958 diversarum
1587 3903 1753 3977 519

155 3995 400 4067 ﬁngentes
432 3999 658 4053 fabulas
686 4007 1028 4067 naturarum,
1064 3997 1220 4054 aiunt
1246 3996 1626 4068 spiritualem,
1653 3998 1750 4053 bo-

152 4102 258 4145 nam
285 4107 406 4147 esse
437 4093 728 4159 arborem,
757 4100 812 4147 et
854 4106 1152 4162 numquam
1203 4093 1380 4146 malos
1410 4089 1608 4145 afferre
1642 4090 1752 4144 fru-

150 4194 274 4238 eius.
300 4184 447 4242 Ecce
480 4186 809 4257 Apostolus.
829 4185 986 4255 cuius
1018 4193 1074 4240 et
1103 4184 1212 4254 ipsi
1240 4184 1629 4239 auctoritatem
1660 4199 1752 4240 se-

149 4290 392 4347 quuntur,
408 4280 666 4333 dicitcos
687 4278 776 4349 qui
801 4278 1124 4347 spirituales
1145 4286 1294 4335 sunt.
1314 4290 1479 4348 posse
1498 4290 1750 4347 peccare,

149 4366 189 4421 si
212 4386 301 4436 ιιιῚ·
336 4370 697 4425 altitudinem
735 4368 918 4425 cordis
967 4369 1051 4424 sui
1089 4367 1349 4424 inflentur
1371 4377 1427 4423 et
1461 4377 1748 4424 corruant.

147 4466 285 4526 Quod
322 4476 379 4521 ct
411 4482 520 4521 nos
548 4479 771 4535 quoque
801 4464 1074 4531 fatemur;
1110 4472 1164 4519 et
1201 4467 1415 4537 χοῖκούς
1443 4460 1746 4536 (terrenos),

147 4560 448 4624 rp‘ritualcs
492 4560 617 4616 tieri
640 4604 655 4628 ,
690 4559 735 4613 si
766 4559 835 4613 ad
870 4559 1101 4614 meliora
1136 4568 1509 4615 rmertanlttr.
1532 4556 1750 4627 Oppoui

1855 3346 2044 3406 latent,
2075 3348 2129 3390 et
2156 3352 2262 3392 non
2292 3351 2419 3392 vere
2441 3335 2650 3392 dixisse
2674 3351 2692 3391 :
2713 3333 2784 3390 Et
2815 3337 2861 3390 si
2889 3337 3166 3407 mrperitus
3195 3352 3455 3405 sermone,

1851 3449 1957 3487 non
1989 3444 2159 3487 tamen
2189 3432 2427 3499 scientia,
2456 3430 2760 3487 delendam
2794 3430 2955 3502 hujus
2983 3430 3088 3489 loci
3116 3446 3462 3504 consequen-

1850 3525 2004 3581 tiam.
2061 3525 2262 3580 Debuit
2307 3527 2509 3596 quippe
2557 3524 2860 3581 secundum
2913 3525 3165 3583 ordinem
3226 3525 3459 3585 dicere:

1858 3618 1987 3687 Vos,
2008 3619 2098 3689 qui
2118 3618 2423 3692 spirituales
2446 3619 2589 3683 estis,
2616 3617 3243 3690 instruitelmjusmodit’n
3270 3619 3461 3689 spiritu

1853 3713 2103 3783 lenitatis,
2134 3713 2520 3767 considerantes
2536 3713 2896 3783 vosmetipsos,
2918 3730 2982 3769 ne
3005 3723 3053 3769 et
3068 3715 3460 3782 vostcnlcmini;

1851 3818 1907 3865 et
1948 3822 2054 3863 non
2095 3806 2291 3877 plurali
2345 3805 2552 3871 inferre
2601 3821 2895 3862 numerum
2945 3807 3302 3880 singularem.
3347 3807 3461 3864 ile-

1854 3899 2037 3956 brtcus
2072 3900 2239 3970 igitur
2268 3915 2337 3953 ex
2370 3898 2617 3955 Hebraeis
2642 3939 2657 3967 ,
2688 3907 2745 3953 et
2773 3898 2863 3970 qui
2895 3908 3044 3955 esset
3073 3899 3128 3955 in
3162 3899 3460 3956 vernaculo

1853 4007 2106 4048 sermone
2123 3989 2501 4059 doctiSsimus,
2529 4008 2541 4059 ι
2565 3989 2828 4046 rofundos
2854 4006 3053 4048 sensus
3074 3990 3249 4049 aliena
3274 3990 3460 4063 lingua

1853 4084 2165 4152 esprimere
2196 4097 2302 4137 non
2335 4082 2551 4138 valebat
2587 4100 2599 4137 :
2635 4098 2735 4139 nec
2765 4081 2999 4139 curabat
3031 4099 3363 4157 magnopere
3389 4086 3461 4143 de

1854 4174 2061 4240 verbis,
2095 4188 2217 4228 cum
2243 4188 2465 4228 sensum
2498 4172 2732 4230 haberet
2755 4174 2809 4228 in
2836 4182 2977 4229 tuto.
3002 4174 3132 4231 Haec
3153 4175 3458 4233 secundum

1853 4268 2161 4339 simplicem
2195 4268 2640 4339 intelligentiam.
2673 4268 2946 4325 Caeterum
2972 4313 2988 4337 ,
3025 4282 3082 4325 ιιι
3111 4281 3167 4328 et
3195 4273 3464 4332 secunda:

1854 4365 2214 4436 espositionis
2260 4363 2516 4417 ordinem
2562 4377 2998 4434 prosequamur,
3030 4363 3188 4421 locus
3233 4366 3338 4423 iste
3386 4364 3457 4425 de

1856 4459 2119 4529 Epistula:
2165 4456 2232 4511 ad
2294 4457 2573 4512 Romanos
2636 4457 2742 4511 line
2820 4456 3146 4527 pandendus
3205 4468 3313 4516 est.
3381 4459 3462 4516 lbi

1855 4554 2001 4609 enim
2036 4568 2158 4607 cum
2191 4550 2455 4607 similiter
2485 4551 2554 4607 de
2582 4551 2724 4606 escis
2748 4559 2802 4604 ct
2823 4550 3304 4609 observationibus
3324 4555 3462 4610 scri-

144 4655 284 4707 nutris
302 4666 487 4725 potest
513 4654 649 4708 illul
671 4654 816 4722 quod
839 4654 905 4708 ad
927 4652 1242 4709 Corinthios
1266 4652 1530 4707 scribitur
1559 4669 1572 4706 :
1608 4651 1748 4716 Quid

1858 4649 2009 4702 heret
2061 4645 2406 4710 Ιιιιιςυιιιιιιιι,
2444 4653 2499 4699 ει
2536 4658 2635 4699 eos
2663 4643 2753 4714 qui
2799 4642 2962 4715 Legis
3002 4644 3164 4715 juxta
3217 4644 3462 4703 litteram

148 4748 283 4803 mltis
308 4750 332 4805 ἵ
359 4748 428 4804 In
460 4751 614 4822 virga
639 4750 838 4804 renimn
865 4746 935 4801 ad
956 4764 1067 4812 vos,
1093 4763 1159 4802 an
1192 4748 1245 4802 in
1267 4746 1544 4814 charitate,
1571 4754 1618 4800 et
1646 4745 1755 4818 spi-

142 4840 237 4898 iitn
249 4844 684 4901 mansuetudinis
708 4843 885 4916 (lCnr.
904 4859 981 4909 tv,
1001 4842 1122 4913 ειη
1144 4842 1202 4899 Si
1220 4842 1364 4898 enim
1383 4841 1457 4897 ibi
1477 4841 1542 4897 ad
1564 4857 1756 4914 pecca-

149 4945 297 5004 tores.
333 4957 449 4996 ιιοι
507 4941 564 4995 in
613 4940 814 5008 Spiritu
849 4938 1290 4994 mansuetudinis
1315 4981 1332 5007 ,
1362 4938 1459 4994 sed
1504 4937 1559 4993 in
1605 4938 1754 5008 virga

146 5033 319 5090 venire
347 5052 408 5091 sc
441 5034 624 5091 dicit:
657 5032 939 5105 quomodo
967 5031 1058 5089 hic
1090 5032 1179 5088 his
1208 5032 1297 5105 qui
1326 5032 1381 5087 in
1414 5031 1599 5104 aliquo
1631 5047 1755 5103 pec-

148 5237 332 5292 ιρι-εισι
357 5232 433 5276 est
462 5232 521 5277 ιιι
551 5221 784 5292 excipias
815 5220 1095 5289 pulverem.
1120 5216 1191 5272 Et
1217 5228 1466 5292 rursum;
1501 5214 1750 5292 buctntor

149 5286 193 5340 in
216 5306 529 5362 sesmmatc,
557 5286 698 5361 etei,
729 5304 791 5348 ut
816 5286 955 5346 alios
983 5305 1311 5362 praeteream
1341 5287 1747 5344 ecclesiasticos

146 5367 480 5422 iNCIIIOI't'S.
1662 5410 1673 5421 .

208 5446 233 5470 ³
253 5438 427 5515 Hauc,
459 5453 592 5515 qure
623 5436 960 5515 liieronynto
992 5434 1258 5502 probatur
1284 5429 1704 5515 lectionglorier
1729 5470 1746 5497 ,

148 5517 239 5569 itm
264 5507 506 5576 “deum,
542 5511 627 5565 vix
652 5510 707 5563 in
737 5507 848 5563 uno
876 5508 1121 5562 alterove
1152 5507 1460 5575 exemplari
1492 5507 1747 5557 invenire

147 5585 240 5657 est.
267 5578 610 5657 pntaGrmco
631 5597 696 5657 ex
725 5579 987 5634 γνιιιειΙίἰ
1009 5577 1273 5638 editione.
1299 5589 1353 5631 et
1375 5576 1595 5657 Celmi}
1626 5586 1748 5641 ἰπο-

149 5647 315 5718 balatu
342 5666 484 5706 vero
525 5648 766 5718 cuipiam
794 5664 891 5703 seu
918 5659 1163 5706 veterum
1194 5691 1210 5715 ,
1240 5664 1337 5703 seu
1371 5647 1748 5718 recentiorum

147 5716 529 5789 interpretum.
553 5715 731 5775 ne’vix
753 5719 972 5790 quidem
987 5718 1163 5775 Grmci
1184 5722 1546 5790 καυθήσωμαι,
1571 5715 1752 5790 Latini

146 5788 367 5868 parum,
391 5794 515 5868 pari
547 5806 821 5850 consensu
850 5789 1064 5856 Patres,
1094 5788 1510 5862 Paulinianique
1531 5788 1754 5846 codices

150 5860 349 5935 legunt.

653 5959 930 6030 Ρᾼτιιηι..
969 5956 1209 6037 χχιιι.

1861 4751 2137 4813 praecepta
2167 4749 2613 4803 contemnerent,
2641 4738 2825 4793 firmos
2852 4752 3017 4810 atque
3047 4738 3319 4809 perfectos
3348 4759 3363 4798 :
3399 4741 3468 4796 il-

1859 4837 1940 4892 los
1965 4852 2114 4900 vero,
2132 4835 2221 4906 qui
2239 4834 2416 4888 adhuc
2438 4834 2656 4901 antiqua
2671 4832 3072 4888 consuetudine
3096 4834 3464 4906 ducebantur,

1860 4929 2110 4987 infirmos
2155 4927 2524 4998 parvulosque
2566 4936 2859 4993 narraret,
2885 4938 2939 4983 et
2968 4927 3184 4984 videret
3222 4929 3466 5001 jurgium

1860 5037 1986 5081 esse
2020 5024 2165 5079 inter
2209 5019 2524 5092 spirituales
2551 5030 2609 5076 et
2645 5035 2877 5077 carneos
2911 5038 2926 5075 :
2960 5020 3249 5079 admonuit
3294 5022 3465 5095 spiri-

1928 5208 1959 5249 δ
1984 5209 2058 5263 Ex
2095 5205 2308 5275 pridem
2356 5204 2591 5275 vulgatis
2618 5244 2634 5268 ,
2663 5204 2707 5257 si
2734 5245 2749 5269 ,
2775 5202 3023 5275 voculam
3048 5244 3064 5269 ,
3097 5220 3256 5274 quam
3298 5205 3459 5261 Mart.

1856 5274 2213 5353 prmtertttis'tt
2234 5321 2248 5343 ,
2276 5274 2631 5342 suffecturus,
2663 5285 2719 5329 et
2751 5290 2873 5346 qua:
2913 5274 3323 5344 subsequuntur
3350 5293 3462 5333 uno

1857 5350 2023 5410 Sensit
2043 5350 2344 5417 junximtts.

1935 5435 1957 5464 ο
1990 5422 2225 5479 Palatio.
2253 5436 2357 5477 ms.
2376 5466 2392 5490 ,
2426 5436 2529 5475 non
2556 5434 2708 5491 posse
2737 5417 2843 5473 labi
2865 5463 2880 5489 ,
2902 5434 3008 5473 non
3036 5419 3256 5474 instruet
3283 5435 3474 5493 pecco-

1971 5513 2037 5551 111.

1971 5513 2037 5551 ΙΙΙ.

1856 5508 1967 5606 ιυνὲ
1986 5567 2133 5623 Idem
2180 5581 2285 5623 ms.
2316 5579 2440 5620 cum
2470 5563 2826 5620 Cisterciensi
2880 5567 3056 5625 altero
3081 5606 3096 5632 ,
3125 5580 3222 5619 suo
3268 5565 3458 5623 docens

1859 5637 2165 5840 “(fixes
2193 5719 2330 5781 erat,
2361 5709 2586 5784 quodam
2610 5725 2629 5765 :
2658 5707 2823 5765 nobis
2847 5708 2966 5768 haec
2987 5710 3184 5769 melior
3209 5711 3325 5773 visa
3353 5729 3470 5783 ms.

1859 5792 1947 5840 est
1990 5786 2152 5840 ectio.
2988 5809 2996 5819 -

1859 5792 1947 5843 est
1972 5792 2152 5843 lectio.
2986 5809 2996 5843 :

2824 5946 2899 6015 11t-
