3962 6338
211 370 294 434 η,
630 360 1285 423 COMMENTARIOBUM
1323 359 1390 419 IN
1430 352 1829 417 EPISTULAM
1868 355 1962 415 AD
2000 352 2323 417 GALATAS
2359 354 2494 416 LIB.
2536 355 2630 417 Ill.
2669 357 2826 418 CAP.
2866 358 2957 419 Vl.
3350 362 3462 424 ιδσ

212 490 362 546 dicat:
392 481 510 539 Mihi
549 492 721 538 autem
766 480 897 536 absit
926 479 1168 554 gloriari,
1222 480 1323 535 nisi
1366 480 1420 533 in
1470 494 1619 533 cruce
1653 474 1756 532 Do-
1784 474 2247 544 Aascenderant,
2306 478 2401 536 sed
2452 477 2627 534 adhuc
2685 479 2945 536 lmmilius
2998 479 3356 547 incedebant,
3408 493 3462 540 et

209 582 310 638 mini
331 576 473 633 nostri
513 573 644 629 Iesu
673 573 888 643 Christi,
918 589 1009 643 per
1030 590 1181 645 quem
1209 573 1334 627 mihi
1381 572 1603 627 mundus
1631 588 1749 625 rru-
1857 569 1956 625 sibi
1986 570 2107 625 addi
2152 572 2445 642 poscebant
2484 573 2667 639 iidem,
2699 573 2899 628 dixerit
2932 591 2944 627 :
2979 574 3039 628 Si
3066 592 3187 647 ergo
3228 593 3313 630 eos
3344 594 3461 631 cum

210 677 357 745 ci/irus
381 679 463 739 est,
494 680 542 725 et
568 686 663 742 ego
692 668 906 723 mundo.
948 668 1047 737 Qui
1079 668 1307 738 gloriam
1349 668 1547 738 qumrit
1577 664 1646 720 ab
1678 664 1755 719 al—
1858 661 1985 715 mali
2027 663 2164 728 sitis,
2196 663 2340 718 scitis
2389 665 2521 718 bona
2546 664 2671 719 data
2711 666 2837 719 dare
2864 666 2987 735 ﬁliis
3013 668 3195 720 vestris
3221 684 3237 720 :
3269 680 3463 740 quanto

208 780 318 829 tero.
348 766 460 822 huic
487 778 586 819 nec
609 762 845 818 mundus
866 761 1162 817 cruciﬁxus
1193 770 1300 829 est,
1335 777 1434 816 nec
1464 760 1755 815 cruciﬁxus
1860 758 2025 830 magis
2056 754 2217 811 Pater
2256 767 2419 813 vester
2450 759 2667 814 caelestis
2712 759 2857 814 dabit
2895 759 3028 814 bona
3079 762 3365 833 petentibus
3411 779 3466 818 se

209 876 273 919 est
297 863 399 932 ipse
415 874 533 912 cum
563 856 807 912 Christo.
842 855 1072 925 Recepit
1102 854 1328 925 quippe,
1373 850 1517 924 quod
1540 866 1755 923 quaerc-
1862 848 2081 922 (Matth.
2114 866 2212 917 vn,
2248 848 2372 923 li)!
2403 851 2516 924 Ego
2546 863 2676 925 puto
2708 863 2760 909 et
2784 851 2908 920 Job,
2953 869 3074 907 cum
3118 854 3184 907 ad
3213 872 3467 923 uxorem,

207 956 279 1012 bat
304 954 363 1007 ab
387 949 711 1015 hominibus,
742 947 1054 1004 mercedem
1074 961 1251 1002 suam.
1861 943 2014 1015 quasi
2060 960 2224 1000 unam
2255 943 2323 1000 de
2354 944 2735 1017 insipientibus
2764 948 3086 1004 mulieribus
3127 950 3466 1021 loqueretur,

262 1048 418 1123 (Vers.
440 1044 522 1113 5.)
558 1042 922 1115 Unusquisque
972 1043 1109 1097 enim
1154 1057 1285 1098 onus
1332 1055 1483 1097 suum
1512 1038 1757 1108 portabit.
1863 1047 2113 1109 respectu
2160 1038 2301 1108 ejus,
2347 1055 2467 1111 qtae
2498 1040 2571 1093 ita
2607 1041 2852 1110 putabat,
2886 1042 2953 1098 de
2979 1044 3355 1113 corporalibus
3383 1045 3468 1102 di-

211 1144 397 1198 Videtur
414 1139 793 1211 superioribus
837 1138 1138 1202 contraire,
1187 1134 1277 1192 ubi
1309 1134 1385 1190 ait
1414 1151 1429 1191 :
1464 1133 1605 1189 Alter
1632 1130 1762 1187 alte—
1867 1129 2016 1184 vitiis
2057 1126 2297 1187 locutum
2330 1147 2344 1186 :
2370 1132 2453 1203 ‘Si
2483 1130 2615 1187 bona
2642 1134 2935 1203 accepimus
2962 1136 3025 1190 de
3053 1152 3211 1192 manu
3246 1136 3467 1194 Domini

205 1239 293 1294 rius
311 1252 451 1291 onera
478 1242 682 1307 portate
707 1248 726 1287 :
767 1232 810 1288 si
844 1232 989 1287 enim
1024 1246 1163 1285 onus
1190 1244 1349 1284 suum
1389 1224 1762 1299 unusquisque
1870 1218 2014 1294 (Job.
2046 1238 2107 1290 tt,
2138 1222 2225 1297 10)
2253 1243 2265 1279 :
2319 1234 2371 1280 et
2418 1240 2635 1281 rursum
2683 1226 2753 1283 de
2781 1230 3046 1298 angustiis
3091 1240 3147 1286 et
3177 1234 3468 1301 pressuris,

205 1327 424 1400 portabit,
452 1328 594 1381 alter
634 1323 858 1380 alterius
905 1338 1072 1378 onera
1126 1330 1343 1394 portare
1384 1336 1492 1377 non
1542 1320 1761 1391 poterit.
1867 1320 1918 1371 et
1952 1316 2272 1385 tentatione,
2304 1332 2425 1389 qua:
2454 1319 2737 1375 victoriam
2769 1319 3036 1377 alierant:
3072 1322 3246 1393 Quare
3274 1326 3474 1382 malum

204 1425 289 1481 Sed
314 1422 615 1487 videndum,
645 1418 789 1489 quod
815 1419 888 1474 ibi
921 1418 1243 1489 praeceperit
1268 1424 1325 1471 ut
1374 1424 1667 1486 peccantes
1710 1413 1764 1468 iu
1869 1428 1972 1465 non
2012 1412 2403 1468 sustineamus?
2448 1411 2582 1469 Cum
2619 1414 2803 1484 utique
2839 1414 2975 1470 mala
3016 1426 3073 1472 et
3102 1416 3239 1472 bona
3271 1436 3376 1472 non
3419 1422 3475 1474 iu

203 1520 286 1574 hac
311 1519 404 1573 vita
436 1531 533 1571 nos
579 1512 821 1569 invicem
861 1520 1258 1575 sustentemus,
1312 1514 1369 1565 et
1411 1508 1465 1564 in
1512 1509 1767 1580 prteseuli
1870 1502 2083 1560 divitiis
2111 1514 2166 1560 et
2210 1507 2509 1576 prcssuris,
2560 1507 2654 1562 sed
2693 1506 2745 1562 in
2789 1508 3080 1563 virtutibus
3121 1519 3393 1578 ponantur
3421 1520 3478 1568 et

201 1612 373 1669 seculo
395 1612 719 1666 alterutrum
745 1608 952 1662 auxilio
982 1604 1152 1661 simus
1180 1623 1195 1659 :
1228 1602 1317 1660 hic
1350 1610 1531 1658 autem
1569 1602 1636 1657 de
1669 1601 1770 1656 Do-
1872 1596 2045 1663 vitiis,
2077 1606 2136 1653 ut
2158 1597 2345 1669 justus
2370 1598 2618 1671 loquitur
2663 1598 2715 1654 in
2758 1601 2968 1672 psalmo
2998 1620 3010 1655 :
3042 1600 3169 1669 Quis
3210 1615 3281 1657 est
3323 1603 3478 1659 homo

204 1706 311 1763 mini
339 1705 470 1761 dicat
500 1701 611 1778 [AL
642 1700 882 1775 dicebat]
912 1702 964 1755 in
988 1714 1087 1755 nos
1117 1698 1342 1769 judicio,
1381 1697 1527 1770 quod
1560 1712 1664 1751 non
1705 1711 1767 1750 cx

203 1804 396 1859 alterius
443 1811 668 1872 peccato
719 1805 778 1854 et
824 1795 1237 1866 comparatione
1287 1791 1613 1857 deterioris;
1671 1789 1770 1845 διά

1874 1696 1963 1769 qui
1994 1696 2102 1752 vult
2146 1699 2329 1765 vitam,
2359 1701 2502 1769 cupit
2534 1701 2707 1755 videre
2754 1700 2865 1755 dies
2892 1703 3095 1758 bonos?
3121 1703 3348 1759 Prohibe
3379 1706 3483 1761 lina

1877 1808 2033 1861 gnam
2056 1799 2201 1845 tuam
2230 1810 2262 1846 a
2281 1791 2443 1859 malo,
2474 1803 2522 1848 et
2550 1804 2571 1834 ο
2602 1794 2741 1849 labia
2766 1805 2855 1849 tua
2880 1814 2945 1851 ne
2970 1798 3252 1869 loquantur
3278 1800 3480 1855 dolum.

197 1900 324 1970 juxta
369 1907 615 1952 nostrum
664 1908 825 1965 opus,
871 1902 963 1947 aut
1008 1900 1320 1962 peccatores
1349 1887 1418 1942 ab
1458 1900 1526 1942 eo
1554 1884 1765 1956 judice-
1798 1878 1847 1943 B
1876 1882 2093 1940 Declina
2117 1905 2147 1941 a
2174 1889 2335 1950 malo,
2364 1899 2410 1942 et
2432 1890 2518 1961 fac
2559 1889 2747 1944 bonum
2773 1890 2892 1963 (Ps.
2921 1909 3113 1959 χχχιιι,
3151 1895 3218 1949 l5
3246 1913 3410 1966 θρίω..
3436 1901 3489 1950 et

204 2009 322 2055 mur,
361 2001 448 2046 aut
489 1988 688 2056 sancti,
742 1985 1038 2055 recipiente
1088 1996 1421 2054 unoquoque
1469 1977 1769 2036 secundum

204 2092 318 2154 opus
355 2099 531 2138 suum.
582 2080 827 2137 Obscure
877 2080 1004 2134 licet
1055 2077 1317 2133 docemur
1349 2090 1446 2146 per
1475 2073 1617 2129 hanc
1643 2088 1773 2127 scn-

204 2180 478 2244 tentiolam,
504 2192 710 2233 novum
754 2175 952 2245 dogma
982 2172 1126 2243 quod
1157 2172 1369 2225 latitat:
1399 2168 1526 2224 dum
1556 2168 1608 2222 in
1637 2182 1774 2237 pra:-

203 2278 320 2329 scnti
348 2275 541 2328 szeculo
568 2286 792 2335 sumus,
827 2271 943 2324 sive
970 2265 1329 2334 orationibus,
1360 2265 1481 2319 sive
1508 2260 1774 2329 consiliis,

202 2368 414 2424 invicem
444 2382 608 2438 posse
649 2378 750 2419 nos
777 2356 1112 2430 coadjuvari.
1147 2361 1280 2415 Cum
1308 2366 1490 2413 autem
1521 2366 1649 2411 ante
1679 2354 1777 2409 tri-

204 2460 347 2515 hunal
374 2460 573 2515 Christi
606 2458 952 2519 venerimus,
982 2469 1086 2510 n0u
1117 2452 1244 2521 Job,
1285 2467 1390 2507 non
1436 2446 1647 2515 Daniel,
1680 2460 1781 2501 nec

202 2551 299 2608 Noe
326 2568 513 2623 rogare
546 2565 712 2622 posse
744 2564 842 2619 pro
871 2563 1167 2620 quoquam,
1216 2543 1314 2601 sed
1343 2555 1782 2614 unumquemque

204 2656 404 2716 portare
428 2654 455 2683 ι
483 2659 631 2715 opus
663 2658 821 2697 suum
853 2641 1071 2712 (Ezeclt.
1103 2634 1237 2711 stv).

258 2735 436 2804 (γεγε.
462 2733 545 2804 6.)
584 2731 938 2787 Commuuicet
980 2738 1153 2784 autem
1197 2730 1242 2782 is
1292 2726 1380 2798 qui
1432 2725 1786 2781 eatecltizatur

202 2826 409 2890 verbum,
437 2828 486 2881 ei
526 2827 621 2898 qui
664 2841 716 2880 se
762 2823 1044 2877 catechizat
1094 2822 1147 2875 in
1177 2820 1413 2875 omnibus
1440 2819 1607 2875 bonis.
1638 2818 1785 2875 Mar-

200 2919 307 2975 cion
335 2919 480 2976 hunc
510 2920 699 2974 locum
750 2917 823 2972 ita
875 2916 1262 2985 interpretatus
1309 2922 1412 2984 est,
1466 2920 1525 2968 ut
1573 2920 1789 2982 putaret

203 3013 396 3082 titleles,
442 3023 499 3071 et
559 3010 994 3069 catechumenos
1040 3009 1201 3066 simul
1250 3024 1408 3064 orare
1457 3007 1687 3073 debere,
1735 3016 1790 3063 et

198 3111 501 3179 magistrum
535 3107 950 3165 communicare
990 3107 1044 3161 in
1075 3105 1328 3161 oratione
1353 3103 1670 3176 discipulis;
1699 3103 1789 3158 illo

199 3203 272 3256 vel
295 3201 529 3258 maxime
557 3201 761 3267 elatus,
792 3199 934 3272 quod
958 3209 1242 3271 sequatur,
1274 3198 1325 3252 in
1354 3198 1589 3253 omnibus
1619 3196 1786 3251 bonis.

1878 1994 2059 2044 xxxvr,
2091 1978 2208 2051 27).
2245 1979 2472 2051 Proprie
2504 1982 2703 2037 malum
2732 1984 2954 2053 dicitur,
3008 1988 3155 2056 quod
3200 1990 3483 2045 vitandum

1877 2079 1961 2127 est
1990 2088 2003 2124 :
2034 2069 2262 2140 bonum,
2281 2073 2423 2142 quod
2448 2070 2628 2131 facere
2650 2075 2935 2135 debemus.
2960 2078 3123 2136 Dives
3144 2098 3361 2153 quoque
3387 2083 3483 2139 illc

1878 2162 1933 2219 in
1963 2163 2286 2235 Evangelio,
2318 2165 2409 2237 qui
2443 2166 2571 2223 mali
2595 2178 2647 2223 et
2681 2168 2807 2225 boni
2839 2173 3122 2228 scientiam
3166 2191 3273 2229 non
3321 2176 3492 2232 hahc‘

1881 2257 1996 2323 bat,
2060 2266 2211 2315 recte
2255 2274 2509 2331 agrorum
2555 2262 2860 2320 ubertatem
2908 2267 3048 2322 bona
3096 2269 3491 2341 arbitrabatur,

1882 2352 2072 2409 dicens
2104 2371 2118 2408 :
2151 2356 2360 2419 Anima,
2395 2354 2552 2411 habes
2582 2358 2718 2414 bona
2750 2363 2919 2430 posita
2947 2365 3001 2419 in
3040 2384 3204 2422 annos
3248 2369 3441 2424 multos
3467 2385 3491 2424 :

1882 2447 2104 2517 quiesce,
2149 2448 2378 2514 comede,
2428 2449 2560 2517 bibe,
2593 2462 2641 2505 et
2686 2454 2865 2509 lecture
2911 2456 3066 2527 (Luc.
3118 2476 3217 2525 xu,
3268 2460 3383 2531 i9).
3428 2461 3501 2520 Et

1883 2542 2023 2599 alius
2068 2543 2163 2611 qui
2207 2544 2429 2613 jacebat
2476 2546 2528 2600 in
2571 2563 2829 2618 purpura,
2870 2560 2927 2606 et
2965 2552 3177 2608 deliciis
3204 2554 3495 2625 altlnehat,

1886 2638 2038 2694 audit
2061 2637 2202 2709 apud
2235 2636 2441 2696 inferos
2492 2641 2561 2698 ab
2612 2643 2888 2699 Abraham
2919 2664 2932 2699 :
2959 2645 3224 2720 Recepisti
3264 2650 3395 2704 bona
3441 2654 3501 2705 in

1886 2733 1992 2787 vita
2034 2744 2123 2788 tua
2166 2730 2321 2805 (Luc.
2364 2750 2473 2802 xw,
2504 2735 2621 2807 25).
2658 2736 2796 2793 Illud
2839 2756 3059 2813 quoque
3095 2744 3496 2801 attendendum

1890 2820 2051 2901 525
2082 2841 2150 2883 ne
2180 2827 2318 2883 forte
2346 2827 2530 2884 ethoc
2556 2831 2735 2899 possit
2766 2832 3024 2906 intelligi,
3059 2836 3178 2892 dari
3205 2838 3497 2910 discipulis

1893 2919 2232 2989 niandatum,
2260 2929 2319 2974 ut
2345 2920 2424 2976 eis
2448 2922 2539 2993 qui
2572 2938 2632 2978 se
2652 2923 2953 2991 instruunt,
2983 2929 3209 2984 verbum
3240 2948 3493 2988 commu-

1892 3011 2095 3077 nicent,
2116 3014 2512 3085 obsequantur,
2536 3014 2766 3084 dociles,
2789 3018 3087 3092 facilesque
3110 3038 3168 3077 se
3193 3025 3492 3093 pra-beant.

1893 3102 1949 3159 ln
1982 3104 2068 3160 his
2100 3114 2280 3161 tamen
2304 3121 2427 3177 qua:
2457 3106 2599 3163 bona
2623 3118 2778 3177 sunt,
2807 3128 2926 3179 quae
2948 3114 3278 3187 spiritualia,
3306 3129 3361 3174 et
3389 3134 3497 3173 non

1895 3196 2174 3267 haeretica,
2203 3199 2285 3255 vel
2311 3199 2533 3257 Judaica
2568 3206 2841 3272 pravitate
2873 3224 3155 3277 perversa.

198 3297 313 3350 Cum
345 3298 537 3369 utique
572 3297 618 3351 si
653 3298 723 3352 «‘e
751 3296 1002 3349 oratione
1053 3307 1236 3348 sermo
1283 3289 1496 3358 fuisset,
1531 3307 1637 3346 non
1687 3289 1783 3346 de-
1812 3266 1861 3331 ο
1963 3292 2255 3365 (Vers.7.)
2312 3292 2493 3351 Nolite
2512 3266 2705 3364 errare,
2738 3266 2886 3356 Deus.
2903 3319 3006 3357 non
3037 3266 3285 3360 irridetur
3322 3324 3342 3363 :
3383 3325 3501 3381 quis

200 3387 355 3444 bucrit
400 3391 451 3445 ei
498 3391 725 3460 [it-recipi
772 3389 862 3459 qui
909 3386 1297 3456 catechizatur,
1340 3383 1440 3442 sed
1471 3383 1522 3441 ei
1547 3381 1695 3455 quib
1728 3399 1790 3440 se

197 3485 508 3553 catechizat,
558 3485 617 3540 id
669 3493 776 3550 est,
832 3498 939 3538 non
1001 3481 1290 3553 discipulo,
1356 3480 1450 3537 sed
1505 3483 1786 3552 magistro.

200 3577 387 3635 Deinde
410 3579 587 3635 etiam
618 3583 817 3633 caetera
860 3591 982 3647 qua:
1022 3586 1354 3648 sequuntur,
1389 3590 1511 3631 cum
1540 3573 1657 3646 ejus
1698 3589 1792 3629 cx-

197 3672 451 3743 positioue
503 3689 616 3728 non
665 3677 981 3741 congruunt
1018 3686 1034 3727 :
1086 3669 1215 3737 Quae
1260 3669 1584 3724 seminaverit
1612 3665 1789 3737 homo,

198 3765 293 3820 licet:
317 3778 362 3821 et
388 3776 572 3821 metet.
629 3765 696 3820 Et
726 3782 739 3819 :
772 3760 977 3818 Bonum
1022 3775 1193 3818 autem
1236 3763 1502 3831 facientes,
1533 3777 1635 3816 non
1664 3759 1795 3829 deﬁ-

193 3865 265 3917 eia
316 3881 374 3918 us
403 3881 423 3919 :
452 3874 692 3935 tempore
718 3861 860 3917 enim
901 3874 994 3916 suo
1028 3867 1290 3923 metemus,
1341 3873 1443 3911 non
1475 3855 1791 3926 deﬁcientes.

196 3952 345 4030 524
369 3957 594 4014 Sensus
642 3956 827 4026 itaque
871 3954 975 4009 iste
1004 3961 1125 4007 est:
1176 3950 1310 4019 Quia
1340 3948 1591 4020 superius
1632 3947 1797 4018 Spiri-

193 4050 414 4107 lualibus
443 4057 818 4123 prteceperat,
843 4053 903 4103 ut
934 4061 1031 4102 eos
1067 4044 1157 4115 qui
1191 4042 1553 4114 praeoccupati
1585 4039 1797 4097 fuerant

195 4144 241 4198 in
265 4145 443 4217 aliquo
473 4144 707 4208 delicto,
754 4141 1025 4196 instruere
1050 4149 1081 4191 ut
1114 4137 1167 4192 in
1214 4134 1402 4205 Spiritu
1452 4133 1711 4197 lenitatis,
1743 4143 1796 4188 ct

191 4237 317 4293 alter
363 4239 609 4293 alterius
644 4248 816 4289 onera
862 4238 1163 4301 portarent,
1214 4226 1573 4296 adimplenles
1620 4225 1794 4297 legem

192 4331 378 4388 Christi
409 4349 425 4387 :
460 4346 618 4387 nunc
649 4328 961 4385 econtrario
1003 4325 1087 4380 his
1118 4325 1208 4396 qui
1258 4323 1432 4379 adhuc
1474 4321 1798 4378 imber-illio-

190 4443 286 4495 res,
312 4439 371 4485 et
398 4427 687 4498 discipuli,
720 4433 775 4481 et
799 4425 1046 4482 carnales
1072 4431 1250 4485 erant,
1280 4419 1551 4491 przt'cipll,
1586 4427 1641 4471 ut
1664 4434 1799 4488 quo-

194 4524 345 4577 tnudo
376 4523 482 4592 ipsi
517 4538 547 4574 τι
586 4519 864 4589 magistris
905 4515 1206 4587 Spiritualia
1256 4524 1509 4569 metunt:
1563 4512 1639 4567 sic
1687 4528 1794 4567 ma-

188 4617 363 4685 gi5tris
386 4614 645 4671 carnalia
679 4611 957 4683 pra‘beaut
989 4627 1002 4663 :
1037 4610 1127 4680 qui
1166 4617 1307 4664 totus
1344 4622 1405 4662 se
1432 4606 1626 4661 divin-.e
1674 4621 1796 4659 eru-

1893 3386 2026 3441 enim
2047 3387 2371 3440 seminaverit
2399 3385 2573 3453 homo,
2607 3387 2717 3443 Itth
2760 3401 2807 3445 et
2848 3401 3019 3449 metet.
3052 3395 3361 3454 Praevidens
3386 3402 3503 3470 spi-

1895 3477 2028 3543 ritu,
2058 3493 2155 3534 eos
2185 3480 2278 3550 qui
2310 3480 2599 3549 docentur,
2632 3493 2680 3538 et
2710 3483 2911 3541 debent
2946 3490 3221 3559 magistris
3250 3505 3499 3563 sumptos

1896 3580 1950 3628 et
1972 3577 2099 3629 vitae
2127 3576 2437 3630 necessaria
2468 3576 2808 3648 ministrare,
2858 3596 3019 3650 posse
3046 3582 3345 3641 obtendere
3368 3604 3502 3656 pau-

1896 3673 2186 3736 pertatem,
2216 3675 2272 3721 et
2304 3666 2489 3724 dicere
2514 3685 2525 3722 :
2552 3669 2697 3740 Ager
2726 3686 2881 3727 meus
2905 3674 3008 3729 hoc
3037 3691 3183 3731 anno
3212 3679 3359 3732 aruit
3390 3679 3500 3734 sica

1895 3758 2099 3815 citate:
2130 3758 2345 3817 vineam
2392 3763 2603 3833 grando
2651 3765 2948 3820 contrivit:
2977 3769 3230 3826 redditus
3255 3774 3349 3842 qui
3382 3788 3507 3829 esse

1893 3863 2191 3925 potuerunt
2238 3851 2361 3927 [Αι.
2406 3854 2721 3931 poterunt],
2774 3859 2975 3916 tributa
3006 3875 3309 3933 rapuerunt
3340 3882 3357 3921 :
3388 3883 3497 3922 non

1900 3946 2074 4003 habeo
2121 3945 2263 4003 unde
2287 3947 2519 4003 tribuam
2568 3948 2714 4019 quod
2754 3952 2997 4020 juhetur,
3042 3955 3290 4026 adjecit:
3322 3958 3503 4014 Nolite

1897 4056 2093 4103 errare,
2120 4037 2261 4095 Deus
2286 4057 2392 4094 non
2420 4041 2690 4096 irridetur.
2723 4042 2859 4111 Scit,
2890 4045 3086 4116 inquit,
3110 4049 3272 4105 corda
3296 4060 3501 4121 vestra,

1899 4151 2005 4191 non
2032 4136 2244 4205 ignorat
2276 4132 2587 4192 facultates.
2615 4135 2912 4191 Excusatio
2941 4141 3260 4197 verisimilis
3325 4143 3503 4200 homi-

1900 4246 2023 4286 nem
2072 4236 2258 4300 potest
2312 4236 2607 4299 utcumque
2656 4231 2906 4303 placare,
2954 4233 3129 4291 Deum
3170 4253 3281 4292 non
3327 4249 3507 4309 potest

1900 4325 2112 4381 fallere.
2146 4323 2214 4379 Et
2243 4322 2402 4378 simul
2432 4322 2752 4380 cohortatur
2779 4326 2845 4381 ad
2889 4328 2943 4382 id
2983 4332 3126 4399 quod
3161 4346 3499 4403 prmceptum

1900 4427 1983 4474 est
2008 4415 2399 4482 exhibendum,
2440 4432 2629 4472 semen
2674 4419 2985 4489 nominans,
3030 4438 3099 4479 ne
3137 4435 3294 4496 putet
3315 4430 3506 4498 petdi-

1902 4523 2040 4578 tum,
2070 4511 2212 4583 quod
2262 4510 2620 4582 tuuftiplicato
2672 4512 2863 4569 fenore
2909 4527 3231 4585 recepturus
3269 4530 3373 4577 est.
3422 4524 3507 4578 Ad

1902 4605 2217 4663 Corinthios
2258 4619 2476 4673 quoque
2523 4605 2788 4660 rationem
2836 4607 2950 4662 dati
2980 4618 3034 4664 et
3074 4613 3308 4682 accepti,
3338 4616 3458 4668 sim;
3492 4617 3509 4669 i

191 4709 369 4764 ditioni
420 4719 478 4764 et
526 4704 716 4764 studio
764 4702 1061 4769 tradentes,
1104 4700 1231 4756 vitae
1274 4698 1434 4770 hujus
1473 4699 1798 4753 necessariis
1825 4672 1880 4734 D
1904 4699 2090 4755 docuit
2115 4697 2368 4767 exemplo
2400 4712 2416 4749 :
2452 4696 2555 4765 Qui
2586 4716 2741 4767 parce
2763 4701 3009 4770 seminat,
3052 4672 3455 4774 parce-ethicis:
3492 4725 3513 4766 .-

192 4801 495 4875 iudigeant;
531 4811 591 4857 et
620 4800 713 4855 liat
735 4798 862 4853 illud
888 4796 1030 4867 quod
1065 4794 1131 4851 de
1157 4809 1350 4849 manna
1380 4791 1641 4862 scriptum
1674 4801 1796 4847 est:

195 4896 287 4962 Qui
332 4895 598 4957 multum,
642 4910 753 4948 non
801 4892 1118 4956 abundavit;
1149 4899 1197 4945 et
1244 4888 1333 4959 qui
1363 4888 1647 4951 modicum,
1696 4902 1801 4940 non

191 4991 465 5046 minorueit
502 4990 583 5062 (ll
615 4986 740 5043 Cor.
779 5000 894 5052 τω,
927 4985 1037 5054 15).
1071 4984 1215 5038 Bona
1248 4991 1426 5038 autem
1459 4983 1511 5038 in
1547 4981 1799 5054 praesenti

192 5084 302 5141 loco
321 5086 487 5160 juxta
515 5084 667 5155 vulgi
700 5081 1173 5151 consuetudinem,
1206 5096 1524 5150 moremque
1551 5093 1800 5134 commu-

192 5195 328 5249 nem,
376 5181 599 5237 victum
643 5186 701 5233 et
744 5178 1027 5241 vestitum,
1073 5186 1128 5232 et
1173 5184 1372 5231 cratera
1406 5189 1528 5245 quae
1555 5173 1805 5231 homines

193 5270 325 5330 inter
366 5275 518 5331 bona
571 5280 889 5338 numerant,
924 5269 1240 5341 appellavit.
1272 5266 1535 5323 Habentes
1563 5269 1702 5322 enim
1729 5253 1816 5323 υἱέ

192 5374 321 5423 ctum
364 5377 417 5424 et
462 5367 741 5434 vestitum,
777 5364 858 5418 Itis
897 5363 1121 5417 contenti
1161 5376 1339 5414 sumus
1383 5361 1423 5432 (1
1462 5359 1595 5413 Tim.
1628 5376 1701 5426 vt,
1726 5360 1806 5432 8).

192 5454 297 5513 Nec
342 5464 564 5517 mirum
614 5460 660 5515 si
713 5457 914 5512 Paulus
951 5471 1013 5510 ea
1044 5470 1165 5523 qua:
1193 5462 1354 5509 erant
1376 5450 1590 5522 corpori
1618 5467 1809 5508 neces-

193 5553 327 5608 saria
372 5552 510 5609 boni
543 5549 922 5622 appellatione
948 5549 1186 5620 signavit
1220 5566 1233 5603 :
1265 5561 1389 5602 cum
1421 5547 1584 5602 etiam
1628 5548 1817 5602 Salva-

195 5654 274 5703 tor
302 5658 503 5704 noster
554 5645 625 5700 ad
669 5660 767 5701 eos
798 5645 887 5716 qui
936 5642 1168 5699 necdum
1212 5642 1280 5697 ad
1312 5642 1569 5697 virtutum
1600 5644 1817 5698 culmen

259 5794 285 5825 ο
313 5787 673 5859 Reponimus
719 5785 786 5842 ad
830 5797 961 5859 mss.
999 5784 1184 5852 tidem,
1237 5782 1580 5839 concinniori
1632 5784 1819 5858 utique

193 5872 380 5931 sensu,
408 5858 588 5929 epes,
612 5874 713 5931 pro
739 5873 849 5930 quo
878 5858 1477 5931 lectum‘anteatonus.

255 5928 287 5974 δ
318 5927 459 6002 ilic,
490 5947 579 6003 se,
615 5927 879 5988 'vocu'lam
930 5929 1165 5986 Palatia.
1198 5935 1254 5986 ct
1281 5927 1516 5986 Cisterc.
1566 5942 1706 5987 mss.
1742 5937 1827 5991 ta-

1902 4806 1957 4850 et
1983 4794 2072 4863 qui
2099 4791 2316 4846 seminat
2356 4792 2409 4844 in
2439 4791 2809 4860 benedictione,
2840 4794 2905 4850 de
2930 4795 3281 4854 benedictione
3326 4813 3372 4855 et
3401 4821 3508 4856 mr-

1904 4896 1992 4943 tet.
2025 4884 2361 4956 Unusquique
2396 4884 2529 4939 sicut
2572 4887 2895 4957 prepositum
2925 4890 3077 4945 habet
3107 4895 3164 4945 in
3194 4896 3365 4961 corde,
3408 4912 3512 4951 non

1906 4998 1968 5038 ex
1998 4980 2225 5041 tristitia,
2251 4988 2341 5032 aut
2368 4979 2668 5034 necessitate
2695 4997 2713 5034 :
2739 4980 2957 5037 hilarem
2986 4986 3127 5039 enim
3166 4987 3399 5041 datorem
3428 4990 3514 5043 di-

1904 5076 2017 5150 ligit
2047 5075 2179 5130 Deus
2203 5072 2250 5147 (l
2272 5073 2392 5128 Cor.
2422 5088 2503 5133 ιι.
2534 5077 2589 5138 li,
2616 5074 2695 5145 7).

1979 5171 2161 5245 (Vers.
2196 5169 2277 5240 8.)
2323 5166 2583 5236 Quoniam
2617 5168 2708 5239 qui
2748 5170 2968 5225 seminat
2999 5173 3052 5225 in
3084 5188 3241 5226 carne
3278 5191 3394 5240 sua,
3441 5175 3507 5229 de

1910 5280 2069 5322 carne
2105 5269 2156 5316 et
2199 5268 2349 5316 metet
2394 5259 2805 5333 corruptionem.
2842 5261 2944 5328 Qui
2987 5274 3158 5317 autem
3197 5267 3412 5321 seminat
3457 5269 3513 5324 iu

1913 5360 2126 5432 spiritu,
2170 5353 2234 5407 de
2275 5353 2463 5425 spiritu
2492 5362 2647 5407 metet
2672 5354 2826 5407 vitam
2863 5365 3128 5409 teternam.
3160 5355 3332 5411 Οιιιιιρ
3365 5362 3515 5429 quod

1915 5453 2217 5525 loquimur,
2248 5449 2482 5519 agimus,
2511 5447 2837 5517 cogitamus,
2879 5447 2932 5500 iu
2964 5446 3182 5501 duobus
3212 5454 3518 5509 seminatur

1919 5547 2087 5619 agris,
2122 5556 2289 5601 carne
2311 5547 2368 5597 et
2396 5539 2609 5610 spiritu.
2632 5538 2686 5593 Si
2720 5537 2860 5594 bona
2891 5548 3040 5603 sunt,
3073 5556 3197 5610 qua:
3220 5543 3289 5597 de
3324 5561 3516 5613 manu,

1922 5658 2041 5711 ore,
2098 5638 2267 5695 corde
2323 5642 2666 5707 promuntur,
2715 5634 2985 5689 seminata
3027 5634 3081 5689 in
3121 5638 3345 5706 spiritu,
3393 5628 3523 5699 vitae

1923 5792 2071 5849 cent,
2106 5779 2339 5835 fortasse
2371 5775 2589 5832 rectius.

2005 5866 2027 5895 c
2056 5843 2221 5910 ﬁdem
2250 5865 2409 5919 mss.,
2436 5856 2486 5903 et
2513 5863 2568 5903 os
2593 5854 2737 5899 tuum
2766 5859 2830 5900 ne
2860 5843 3103 5918 loquatur
3130 5852 3330 5917 dolum,
