3962 6338
454 352 557 423 431

1709 336 1768 397 S.
1810 332 2083 396 EUSEBII
2122 334 2510 396 HIERONYMI

3651 341 3749 400 £32

449 483 681 532 aerei-nte
734 465 1007 523 fructibus
1062 452 1467 518 redundabunt.
1505 455 1564 515 Si
1612 455 1776 521 mala,
1809 453 1880 508 ab
1928 466 2058 525 agro
2086 452 2304 514 Abona
2354 453 2612 520 seminat,
2664 469 2771 510 non
2830 453 2885 510 in
2939 465 3040 510 suo
3083 445 3390 527 quippiam,
3426 454 3526 512 sed
3571 456 3622 513 iu
3661 458 3750 515 Dei

450 566 634 624 carnis
662 570 918 630 excepta,
954 556 1327 625 corruptionis
1359 551 1515 607 nobis
1546 558 1786 621 segetem
1819 544 2055 617 pullula-

446 648 616 715 buut.‘
637 656 851 710 Aliter:
887 651 989 720 Qui
1016 652 1189 719 legem
1218 645 1512 702 carnaliter
1544 641 1825 711 intelligit,
1859 652 2056 707 repro-

448 752 744 807 miSsittueS
818 758 1038 816 quoque
1096 740 1373 806 carnales,
1417 746 1475 796 et
1520 753 1643 808 quae
1690 737 1743 790 in
1801 730 2056 805 praesenti

446 843 653 899 Sa‘cnlu
702 844 1153 906 corrumpuntur,
1191 841 1501 901 exSpectat.
1536 830 1638 898 Qui
1682 837 1865 883 autem
1896 824 2060 898 526

454 935 759 1006 spiritualis
781 931 1000 986 auditur
1028 936 1133 995 est,
1167 926 1407 983 seminat
1439 924 1493 979 in
1527 923 1748 994 spiritu,
1771 932 1827 976 et
1857 920 1923 975 de
1945 916 2059 990 spi-

446 1030 553 1085 ritu
582 1036 750 1082 metet
774 1028 943 1080 vitam
972 1021 1391 1092 sempiternam.
1414 1018 1592 1075 Simul
1617 1029 1868 1073 amemus
1892 1023 1917 1051 α
1942 1028 2057 1069 ser-

450 1121 633 1175 monis
689 1117 1164 1187 consequentiam,
1203 1124 1259 1170 et
1323 1130 1443 1167 eam
1502 1127 1626 1167 cum
1676 1108 2059 1181 superioribus

440 1214 758 1283 copulemus
784 1229 797 1265 :
833 1210 1114 1264 hominem
1142 1207 1326 1263 vocari
1355 1206 1410 1261 in
1438 1204 1637 1276 spiritu
1662 1203 2052 1266 setninantem,

443 1309 539 1379 qui
570 1306 786 1378 quando
818 1304 1051 1375 coeperit
1083 1305 1252 1357 vitam
1286 1311 1492 1357 tnctere
1516 1299 1934 1370 sempiternam,
1958 1295 2060 1350 ho-

442 1419 536 1458 mo
559 1404 788 1457 fortasse
809 1416 933 1457 esse
951 1399 1191 1455 desistit.
1223 1395 1251 1434 ι)
1280 1394 1606 1461 Cassianus,
1632 1392 1726 1464 qui
1756 1390 2054 1462 putativam

444 1492 653 1548 Clu-isti
682 1507 901 1547 carnem
931 1490 1315 1557 iutroducens,
1350 1503 1569 1542 onmem
1607 1484 2054 1554 eonjuuctionem

445 1587 676 1642 masculi
710 1586 778 1640 ad
815 1585 1079 1641 feminam
1119 1580 1461 1637 immundam
1497 1580 1819 1644 arbitratur,
1850 1578 2059 1633 Encra-

446 1681 670 1735 titarum
703 1679 788 1732 vel
830 1677 1136 1732 acerrimus
1169 1673 1595 1738 haeresiarebes,
1632 1672 1722 1726 tali
1761 1670 2054 1725 adversum

444 1788 548 1828 nos
575 1774 679 1827 sub
706 1773 998 1832 occasione
1028 1767 1318 1840 praesentis
1351 1767 1649 1822 testimonii
1690 1780 1824 1820 usus
1854 1772 1940 1820 est
1968 1779 2055 1818 ar-

2158 547 2352 618 Spiritu
2384 547 2643 619 seminat,
2675 547 2743 605 de
2773 563 2879 619 quo
2899 559 2954 605 et
2988 550 3151 605 vitam
3176 560 3256 606 est
3287 565 3568 606 messurus
3599 563 3752 641 teter;

2156 658 2305 698 nam.

2233 734 2420 804 (Vers.
2454 736 2536 808 9.)
2565 734 2770 791 Bonum
2797 747 2966 793 autem
2991 739 3263 811 facientes,
3290 754 3391 793 non
3415 737 3754 803 deﬁciamus:

2159 839 2385 903 ternpore
2404 833 2537 885 enim
2556 849 2649 886 suo
2673 842 2944 899 metemus,
2960 850 3063 889 non
3084 833 3407 904 deﬁcientes.
3434 832 3756 890 Cohortatur

2158 937 2253 976 eos
2280 921 2346 977 ad
2370 923 2609 979 studium
2641 926 3089 994 perseverantire,
3119 927 3213 997 qui
3253 927 3305 981 in
3338 925 3442 982 bac
3469 926 3581 980 vita
3614 941 3750 980 mer-

2152 1013 2345 1069 cedem
2376 1015 2503 1071 boni
2530 1020 2715 1087 operis
2744 1027 3089 1089 exspectant,
3127 1021 3444 1075 nescientes
3468 1020 3595 1089 quia
3624 1023 3758 1074 sicut

2158 1108 2212 1163 in
2245 1111 2461 1166 semine
2495 1110 2643 1166 aliud
2683 1111 2935 1180 sationis,
2968 1112 3114 1168 aliud
3147 1115 3345 1168 messis
3375 1123 3464 1169 est
3500 1123 3714 1184 tempus
3743 1130 3757 1168 :

2156 1201 2237 1255 sic
2264 1210 2320 1257 et
2352 1201 2404 1256 in
2439 1205 2699 1273 praesenti
2735 1207 2873 1273 vita,
2907 1215 3214 1267 sementem
3248 1221 3374 1263 esse
3414 1222 3583 1278 opera
3617 1207 3757 1279 (qua:

2156 1292 2245 1348 vel
2272 1294 2325 1348 in
2358 1295 2588 1365 spiritu,
2616 1296 2704 1352 vel
2736 1300 2790 1352 in
2818 1313 2986 1353 carne
3019 1296 3339 1370 metantur),
3374 1313 3611 1355 messem
3638 1315 3761 1356 vero

2157 1383 2398 1441 futurum
2434 1388 2733 1458 judicium,
2776 1399 2830 1445 et
2871 1407 2968 1461 pro
3008 1392 3273 1460 qualitate
3312 1391 3397 1447 vel
3442 1389 3758 1446 diversitate

2157 1480 2445 1548 sementis,
2470 1481 2721 1538 diversas
2744 1499 2841 1539 nos
2867 1483 3046 1539 facere
3072 1499 3373 1553 messuras,
3398 1485 3755 1539 centesinuun

2159 1584 2208 1627 et
2241 1574 2667 1644 sexagesimum,
2699 1584 2754 1631 et
2780 1576 3118 1632 tricesimum
3156 1575 3420 1644 fruetmu,
3466 1593 3631 1649 quam
3681 1593 3762 1632 sc-

2155 1676 2335 1735 getem
2368 1682 2531 1721 nemo
2563 1676 2743 1737 potest
2768 1676 2976 1724 metere
3010 1668 3296 1726 deliciens.
3341 1669 3444 1735 Qui
3471 1672 3608 1724 enim
3643 1688 3755 1743 per-

2157 1758 2462 1813 severaverit
2484 1775 2642 1828 usque
2660 1760 2715 1815 in
2741 1760 2919 1828 ﬁnem,
2945 1762 3027 1815 Itic
3045 1762 3217 1816 salvus
3244 1763 3339 1816 (fit
3368 1761 3546 1834 (Matt.
3571 1779 3629 1831 x,
3651 1762 3763 1834 9.2).

450 1875 711 1937 gumento
739 1882 752 1917 :
787 1864 845 1920 Si
875 1863 995 1934 quis
1026 1862 1264 1919 seminat
1290 1862 1343 1916 in
1373 1876 1561 1926 carne,
1591 1860 1659 1915 de
1692 1874 1860 1914 carne
1891 1865 2062 1913 metet
2089 1851 2136 1911 Β
2166 1850 2313 1907 Sicut
2347 1863 2399 1906 et
2432 1851 2485 1905 in
2516 1852 2627 1907 alio
2662 1854 2784 1909 loco
2830 1854 3184 1925 praccipitur:
3217 1854 3343 1910 Esto
3382 1872 3487 1913 non
3520 1855 3765 1926 deﬁciens

443 1960 855 2029 earrttptionem
884 1976 897 2013 :
934 1958 986 2012 in
1012 1972 1177 2012 carne
1209 1964 1391 2011 autem
1420 1953 1678 2017 seruiunt,
1707 1953 1801 2023 qui
1836 1952 2055 2007 mulieri

443 2053 695 2124 jungitur
723 2070 736 2108 :
766 2067 898 2123 ergo
930 2061 985 2106 et
1024 2051 1069 2105 is
1101 2050 1196 2121 qui
1230 2065 1404 2104 uxore
1426 2048 1624 2113 utitur,
1649 2057 1705 2103 et
1733 2046 1970 2102 seminat
1999 2045 2052 2099 in

448 2162 615 2203 carne
656 2147 797 2217 ejus,
823 2148 890 2199 de
920 2160 1086 2201 carne
1129 2154 1293 2199 metet
1324 2142 1763 2214 corruptionem.
1800 2141 2048 2213 Respon-

440 2239 662 2294 debitur
684 2240 753 2306 ei,
784 2240 1018 2309 primum
1048 2254 1154 2291 nun
1184 2238 1398 2291 dixisse
1422 2237 1674 2304 Paulum,
1699 2236 1787 2304 qui
1818 2236 2054 2290 seminat

441 2334 497 2387 in
527 2349 729 2400 carne;
760 2332 877 2399 sed,
901 2332 956 2385 in
984 2348 1139 2385 carne
1167 2348 1283 2384 sua.
1310 2329 1482 2384 Nemo
1512 2341 1694 2385 autem
1718 2344 1903 2385 secum
1935 2328 2052 2399 ipse

447 2427 785 2491 concumbit,
821 2434 877 2480 et
924 2426 977 2480 in
1024 2440 1119 2480 sua
1153 2440 1318 2479 carne
1346 2425 1600 2479 seminat.
1631 2423 1836 2479 Deinde
1866 2433 1925 2478 ut
1953 2424 2051 2479 ob-

444 2520 818 2575 servationem
858 2517 997 2571 bauc
1028 2532 1188 2585 quam
1213 2516 1624 2583 aunmavimus,
1654 2515 1709 2569 in
1742 2532 1899 2571 carne
1927 2532 2046 2582 sua,

443 2629 511 2667 ex
560 2611 855 2665 abundanti
916 2610 965 2665 ei
1012 2608 1402 2675 concedamus,
1451 2608 1759 2664 addendum
1812 2619 1898 2664 est
1949 2623 2046 2665 eos

440 2720 681 2775 quoque,
715 2704 803 2773 qui
831 2703 1123 2758 emnedaut
1145 2713 1199 2756 et
1225 2702 1437 2770 bibant,
1470 2712 1525 2756 et
1559 2702 1837 2757 dormiant
1863 2712 1920 2758 et
1944 2703 2045 2757 ali-

443 2799 572 2869 quid
617 2797 820 2852 faciant
863 2796 934 2850 ul)
978 2795 1321 2866 refrigerium
1378 2794 1835 2865 corp0t‘is,juxta
1886 2795 2041 2850 illum

440 2891 717 2946 seminare
747 2892 799 2943 in
842 2905 1031 2955 carne,
1067 2898 1122 2943 et
1160 2890 1228 2943 de
1259 2904 1319 2943 ca
1361 2897 1567 2943 metere
1607 2890 2039 2958 corruptionem.

437 2986 597 3055 Quod
629 2987 671 3041 si
702 2985 769 3039 ad
811 2985 913 3041 hoc
966 2984 1304 3055 confugerit,
1333 2992 1392 3038 ut
1436 2985 1583 3039 dicat
1612 2997 1708 3039 eos
1763 2984 1876 3055 qui,
1925 2983 2042 3038 sive

439 3081 654 3147 bibant,
688 3081 803 3135 sive
859 3080 1207 3144 manducent,
1252 3081 1367 3135 sive
1416 3080 1708 3145 dormiant,
1735 3080 1787 3134 in
1821 3081 2041 3135 nomine

443 3186 628 3230 tamen
686 3176 904 3229 Domini
952 3176 1132 3230 omnia
1167 3192 1291 3231 cum
1326 3176 1541 3232 ratione
1580 3162 1884 3247 perficiant,
1927 3190 2036 3231 non

2159 1943 2317 2016 (lsai.
2346 1945 2425 2017 v).
2457 1946 2633 2015 Quale
2664 1958 2749 2003 est
2772 1956 2982 2017 autem,
3016 1961 3074 2004 ut
3112 1964 3235 2004 cum
3268 1961 3594 2021 peccatores
3635 1964 3766 2020 quo-

2159 2037 2293 2094 tidie
2315 2037 2367 2093 in
2390 2040 2549 2095 malis
2574 2040 2839 2111 Operibus
2861 2051 3191 2113 augeantur,
3213 2057 3314 2097 nos
3338 2041 3392 2097 in
3418 2043 3563 2098 bnuo
3596 2058 3761 2114 opere

2155 2132 2466 2190 lassemur?
2881 2202 2893 2215 .

2228 2227 2409 2301 (Vers.
2448 2227 2561 2302 10.)
2591 2228 2765 2305 Ergo,
2791 2230 2915 2286 dum
2948 2241 3152 2303 tempus
3186 2230 3457 2293 habemus.
3495 2246 3766 2298 aperenmr

2153 2323 2347 2378 bonum
2375 2324 2444 2378 ad
2476 2342 2677 2392 omnes,
2707 2328 2935 2381 maxime
2962 2339 3135 2382 autem
3176 2327 3246 2381 ad
3282 2328 3592 2381 domesticos
3623 2328 3763 2397 ﬁdei.

2151 2416 2393 2488 Tempus
2429 2420 2714 2489 sementis,
2748 2429 2807 2475 ut
2832 2422 3093 2488 diximus,
3132 2430 3349 2490 tempus
3377 2431 3466 2476 e-t
3491 2435 3765 2491 prmsens,

2146 2521 2201 2566 et
2237 2511 2344 2565 vita
2378 2528 2538 2582 quam
2571 2513 2875 2569 currimus.
2916 2511 2974 2568 In
3014 2512 3117 2568 hac
3146 2514 3275 2569 lieet
3305 2513 3461 2568 nobis
3491 2514 3642 2581 quod
3677 2529 3767 2565 vo-

2149 2605 2329 2663 lumus
2364 2606 2677 2674 seminare;
2711 2623 2836 2663 cum
2869 2607 2974 2662 ista
3014 2607 3123 2660 vita
3161 2606 3460 2674 transit-rit,
3493 2605 3762 2677 Opt‘mt:tit

2150 2711 2367 2771 tempus
2410 2698 2675 2757 aufertur.
2729 2699 2882 2756 Unde
2925 2712 2980 2757 et
3026 2699 3277 2756 Salvator
3302 2701 3421 2756 ait:
3458 2699 3765 2771 Upcrantini

2150 2798 2275 2849 dum
2308 2793 2419 2847 dies
2452 2803 2527 2847 est
2552 2809 2571 2848 :
2599 2792 2761 2847 veniet
2789 2808 2913 2857 nox,
2942 2792 3150 2862 quando
3180 2795 3300 2865 jam
3344 2792 3522 2848 nullus
3567 2792 3763 2864 poterit

2144 2887 2352 2952 operari
2378 2884 2562 2957 (Joan.
2597 2901 2672 2951 ts,
2704 2885 2791 2958 4.)
2824 2885 2989 2941 Ortus
3015 2895 3101 2940 est
3131 2886 3291 2941 nobis
3324 2886 3418 2941 Dei
3440 2901 3653 2950 sermo,
3682 2885 3762 2940 Sui

2146 2996 2327 3049 verus,
2352 2988 2407 3035 et
2426 2988 2770 3049 congregata:
2787 2987 2914 3033 sunt
2935 2978 3124 3034 besute
3143 2977 3465 3035 recedentes
3481 2979 3534 3035 in
3557 2979 3763 3034 cubilia

2143 3089 2239 3127 sua
2268 3092 2281 3128 :
2312 3072 2664 3142 procedamus
2714 3084 2770 3126 ut
2823 3072 3074 3129 homines
3106 3072 3172 3128 ad
3200 3088 3341 3142 opus
3381 3083 3663 3139 nostrum,
3711 3081 3765 3128 et

2144 3181 2317 3236 usque
2356 3164 2423 3220 ad
2451 3181 2739 3235 vesperam
2789 3165 3123 3233 laboremus,
3171 3167 3307 3220 sicut
3350 3168 3589 3238 mystice
3639 3183 3763 3221 can-

441 3276 498 3328 iu
525 3288 687 3327 carne
716 3270 1011 3336 seminare,
1041 3271 1135 3326 sed
1170 3287 1221 3325 ιιι
1251 3269 1476 3338 spiritu;
1498 3281 1549 3325 et
1579 3287 1677 3327 nos
1707 3270 1756 3324 ei
1776 3270 2038 3333 ,similiter

2149 3268 2289 3314 tatur
2319 3261 2370 3314 in
2414 3261 2661 3331 p~almoz
2700 3258 2937 3315 Posuisti
2965 3260 3223 3329 tembras,
3256 3271 3301 3317 ct
3334 3262 3475 3334 facta
3508 3270 3586 3315 est
3638 3276 3759 3317 nor.

442 3363 923 3434 respondebinms.
947 3380 1043 3420 eos
1071 3378 1285 3435 quoque
1313 3365 1404 3435 qui
1430 3364 1526 3419 Dei
1558 3366 1786 3435 primam
1816 3372 2039 3419 senten-

434 3458 566 3511 tiam
615 3468 919 3527 sequantur
959 3471 1079 3511 eum
1132 3456 1343 3511 ratione
1390 3457 1690 3512 facientes:
1724 3454 1946 3511 Crescite
1986 3467 2035 3511 et

434 3549 887 3621 multiplicamini,
920 3558 965 3603 et
997 3548 1189 3617 replete
1236 3557 1426 3603 terram
1477 3547 1683 3617 (Cenes.
1713 3565 1752 3616 ι,
1779 3549 1896 3620 22),
1921 3563 2031 3604 non

432 3644 485 3696 in
512 3657 703 3705 carne,
729 3642 824 3697 sed
854 3643 904 3697 iu
931 3642 1123 3712 spiritu
1143 3643 1433 3697 seminare.
1460 3642 1823 3715 Syllogismus
1846 3642 2032 3712 itaque

437 3734 558 3804 ejus
606 3735 777 3789 futilis
822 3747 874 3789 et
914 3734 1173 3800 caducus,
1199 3734 1535 3805 sepliismatc
1562 3736 1795 3806 primmn
1827 3735 2034 3805 decipit

427 3829 767 3883 audientem.
824 3827 1098 3884 thtcrum
1169 3830 1461 3899 diligi-nter
1514 3831 1817 3902 inspectus,
1877 3830 2039 3887 facile

431 3923 701 3977 solvitur:
732 3923 921 3994 Neque
963 3925 1107 3978 enim
1154 3939 1444 3992 possumus
1482 3922 1687 3993 dicere,
1732 3923 2032 3991 Abraham,

422 4017 573 4073 Isaac
604 4028 659 4072 et
683 4018 877 4081 Jacob,
903 4025 959 4073 et
991 4017 1129 4072 alios
1158 4026 1384 4071 sanctos
1415 4017 1583 4082 viros,
1612 4017 1705 4088 qui
1734 4016 1803 4072 de
1836 4032 2033 4088 repro-

431 4109 696 4163 missione
750 4108 861 4162 nati
911 4116 1058 4174 sunt,
1096 4106 1273 4177 ipsum
1307 4124 1523 4178 quoque
1552 4108 1769 4164 Domini
1797 4124 2037 4179 prtccur-

426 4219 630 4266 sorem,
658 4202 817 4274 527
842 4202 964 4271 quia
983 4202 1036 4257 in
1070 4217 1237 4257 carne
1263 4214 1422 4258 natus
1444 4214 1550 4271 est,
1572 4203 1641 4259 de
1662 4206 2035 4276 eorruplionis

426 4296 671 4362 germine
696 4295 1019 4364 pullulasse,
1051 4295 1181 4350 illud
1212 4296 1417 4366 pariter
1441 4298 1868 4366 observandum,
1893 4298 2039 4370 quod

424 4387 517 4450 qui
558 4385 796 4441 seminat
826 4387 879 4440 in
910 4402 1103 4456 carne,
1136 4402 1259 4442 cum
1293 4388 1675 4445 additamento
1712 4405 1828 4445 sua:
1856 4392 2041 4446 carnis

425 4479 685 4545 ponitur:
719 4479 814 4550 qui
853 4490 1035 4536 autem
1075 4481 1316 4535 seminat
1351 4480 1403 4535 in
1438 4482 1659 4549 spiritu,
1698 4496 1804 4536 non
1837 4481 2037 4539 dicitur

2141 3352 2211 3407 In
2247 3354 2362 3426 ipsa
2392 3354 2785 3424 pertransibunt
2811 3353 2988 3410 besme
3024 3355 3190 3422 silvae,
3235 3355 3399 3409 catuli
3428 3355 3648 3409 leonum
3673 3372 3763 3409 ru-

2139 3448 2356 3521 gientes,
2382 3459 2441 3503 ut
2466 3448 2698 3519 rapiant,
2732 3460 2780 3503 et
2810 3458 3096 3518 qtttcranta
3120 3446 3231 3502 Deo
3253 3464 3423 3502 erant
3449 3448 3571 3502 sibi.
3605 3447 3765 3502 Ortus

2136 3552 2213 3600 est
2245 3544 2346 3608 sol,
2390 3551 2435 3597 et
2477 3554 2807 3616 congregatae
2836 3553 2978 3614 sunt,
3006 3552 3054 3598 et
3097 3544 3153 3598 in
3184 3543 3440 3598 cubilibus
3468 3544 3584 3597 suis
3631 3545 3760 3597 tior-

2137 3638 2381 3692 mierunt.
2408 3636 2730 3708 digredietur
2752 3636 2909 3691 homo
2930 3639 2999 3691 ad
3030 3654 3160 3710 opus
3189 3654 3365 3701 suum,
3395 3648 3443 3691 et
3476 3637 3547 3689 ad
3574 3652 3762 3710 opera-

2133 3734 2481 3787 tionemsuam
2496 3748 2658 3799 usque
2678 3732 2745 3787 ad
2762 3732 3290 3804 vesperam(f’s.cnt,
3314 3731 3384 3787 9.0
3413 3732 3608 3803 seqq.).
3630 3730 3764 3788 Sive

2139 3838 2491 3897 :egrotamus,
2514 3826 2639 3881 sive
2667 3825 2785 3881 sani
2818 3840 3030 3891 sumus,
3057 3823 3318 3888 humiles,
3352 3826 3436 3880 vel
3470 3835 3758 3897 potentes,

2138 3936 2413 3991 pauperes
2436 3962 2450 3986 ,
2484 3919 2715 3986 divites,
2747 3919 3051 3990 ignobiles,
3095 3919 3377 3984 honorati,
3411 3918 3757 3982 esurientes,

2139 4016 2306 4090 528
2331 4015 2446 4070 sive
2472 4024 2783 4080 vescentes,
2815 4015 2998 4069 omnia
3036 4013 3091 4068 in
3119 4012 3344 4068 nomine
3378 4014 3599 4068 Domini
3631 4028 3755 4068 cum

2138 4108 2401 4177 patientia
2431 4116 2484 4163 et
2534 4106 2939 4178 :equanimitatc
2966 4105 3252 4171 faciamus,
3281 4116 3337 4161 et
3361 4105 3684 4177 implebitur
3706 4105 3758 4159 in

2142 4200 2300 4255 nobis
2346 4198 2477 4253 illud
2524 4198 2671 4270 quod
2706 4200 2968 4267 scriptum
3018 4209 3158 4263 est:
3190 4197 3542 4267 Diligentibns
3572 4207 3753 4253 autem

2146 4292 2449 4358 Dominum,
2488 4291 2664 4346 omnia
2702 4302 3055 4363 cooperantur
3095 4292 3151 4345 in
3186 4291 3398 4344 bonum.
3436 4289 3518 4344 Ira
3554 4290 3679 4357 ip-a
3708 4296 3761 4343 et

2143 4386 2332 4452 libido,
2390 4395 2446 4443 et
2504 4384 2699 4456 injuria
2751 4402 2875 4454 quze
2924 4384 3203 4440 desiderat
3250 4386 3536 4454 ultionetr,
3578 4382 3626 4437 si
3674 4398 3758 4436 mc

2142 4482 2420 4539 refrenem
2450 4501 2463 4536 :
2495 4482 2539 4536 si
2562 4491 2789 4554 propter
2819 4480 2990 4535 Deum
3024 4491 3233 4536 taceam
3260 4497 3274 4533 :
3300 4480 3347 4533 si
3375 4495 3475 4550 per
3506 4478 3758 4546 singulos

425 4573 478 4627 in
511 4573 706 4643 spiritu
734 4584 754 4611 ο
783 4589 918 4642 suo,
952 4573 1053 4629 sed
1077 4575 1403 4645 simpliciter
1432 4575 1486 4630 in
1514 4574 1734 4648 spiritu.
1760 4576 1862 4644 Qui
1893 4578 2036 4634 enim
2070 4570 2117 4632 D
2144 4577 2530 4635 commotionis
2589 4577 2843 4642 aculeos,
2893 4584 2950 4633 et
2997 4574 3269 4631 incentiva
3323 4574 3610 4642 vitiorum,
3660 4570 3756 4629 Dei

501 4762 527 4786 λ
556 4752 744 4811 Aliter.
778 4766 843 4805 ac
862 4751 1045 4805 verius
1090 4750 1346 4816 fortasse,
1390 4751 1622 4807 Palatio.
1657 4768 1817 4820 mss.,
1857 4753 2031 4809 Simul

427 4823 688 4876 uo'antlus
711 4823 841 4896 ordo
867 4823 1140 4885 sermonis,
1173 4831 1359 4876 etcum
1380 4825 1752 4895 superioribus.
1779 4826 2033 4896 copulan-

426 4896 552 4959 tlus,
597 4894 746 4968 quod
798 4897 950 4968 homo
1008 4902 1219 4947 rocetm‘
1268 4896 1319 4947 in
1371 4894 1560 4964 spiritu
1586 4894 1874 4967 seminans,
1911 4898 2035 4968 quia

425 4967 640 5035 quando
669 4966 894 5038 (ceperit,
925 4976 1030 5019 etc.

494 5038 520 5075 ι)
562 5034 781 5110 V'ulgati
817 5040 1085 5091 haetenns
1115 5037 1269 5110 libri,
1294 5034 1596 5104 Taliunum,
1645 5041 1733 5095 hic
1764 5056 1863 5110 pro
1903 5041 2031 5097 Cas-

419 5110 567 5163 simtu
592 5108 893 5163 obtrudunt
922 5126 934 5161 :
966 5114 1095 5184 quin
1120 5108 1464 5184 Martiauaus
1501 5108 1778 5184 refragari
1797 5130 2020 5168 suorum

421 5184 729 5257 auctoritati
785 5181 1179 5257 exemplarium
1242 5195 1349 5234 non
1402 5181 1697 5257 dubitavit,
1743 5183 2028 5257 impressa:

422 5252 670 5307 lectionis
703 5253 1018 5319 prmjudacio
1047 5251 1328 5321 deceptus,
1372 5263 1429 5308 et
1465 5269 1589 5309 cum
1638 5251 1842 5312 laudati
1868 5258 1937 5312 ab
1963 5272 2030 5312 eo

421 5322 1051 5398 Codimmitllunincensis
1091 5339 1152 5398 ac
1205 5324 1401 5394 Regius
1430 5326 1752 5382 Cassianum
1803 5328 2026 5398 prtcfcr—

419 5409 544 5450 rent
578 5415 589 5449 :
644 5397 830 5461 Error,
866 5397 1062 5463 inquit,
1093 5396 1179 5449 bic
1211 5403 1295 5450 est
1320 5399 1719 5466 exscriptnrum
1757 5396 2026 5465 veterum,

423 5468 621 5536 quibus
646 5469 825 5520 notior
862 5468 957 5522 fuit
998 5466 1311 5529 Cassianus,
1344 5484 1502 5537 quam
1547 5470 1833 5526 Tatianus.
1861 5472 2029 5525 lnuno

421 5549 541 5593 erat
585 5538 953 5610 colligendum
1006 5556 1084 5605 pe.
1112 5538 1221 5592 itus
1259 5542 1599 5610 econtra-irin.
1648 5542 1830 5597 Julius
1881 5544 2026 5598 enim

419 5608 801 5675 Cassianusex
829 5611 1030 5665 nefaria
1059 5608 1563 5665 Valentiuianorum
1585 5615 1819 5669 colluvie
1851 5616 2023 5671 fcrtue

422 5683 660 5759 ignotior
686 5683 917 5759 'l‘atiano
946 5690 1051 5742 est,
1085 5696 1318 5759 curaque
1350 5683 1601 5759 absolute
1634 5692 1643 5734 ι
1671 5690 1718 5739 ic
1753 5684 2024 5759 ltirrony-

417 5768 541 5827 tuus
601 5755 913 5827 liucratitas
952 5752 1324 5822 perstringat,
1381 5756 1722 5827 notissimum
1777 5752 2015 5827 'l'atimii,

416 5823 536 5892 ejus
560 5834 723 5879 sectae
747 5824 1005 5892 principis
1026 5840 1220 5877 nomen
1253 5826 1494 5888 proclive
1521 5827 1620 5881 luit
1647 5827 1833 5884 sciolis
1861 5823 2018 5884 ama;

410 5897 710 5953 nutuisibus
737 5910 838 5967 pro
860 5895 1108 5949 Cassiano
1141 5910 1399 5967 perquam
1445 5897 1607 5955 simili
1638 5902 2011 5961 comminisci.

2138 4754 2209 4811 Et
2263 4769 2433 4823 vero,
2484 4754 2561 4808 uti
2615 4752 2887 4821 fecimus,
2934 4754 3356 4825 reponendum,
3423 4751 3752 4815 Cassianus,

2137 4830 2379 4883 Omnium
2412 4839 2541 4896 quat
2567 4826 2823 4889 vidimus,
2856 4824 3101 4883 codicum
3130 4841 3258 4881 mss.
3294 4827 3347 4881 in
3380 4824 3485 4880 hac
3516 4825 3756 4880 lectione

2140 4914 2445 4953 coascnsus
2478 4901 2787 4964 pmsundrt.
2827 4902 2947 4970 Ipse
2968 4907 3133 4953 etiam
3166 4907 3479 4970 contextus,
3506 4909 3557 4951 et
3582 4912 3752 4963 quam

2142 4971 2510 5041 Hieronymus
2544 4972 2846 5037 impugnat,
2882 4971 3006 5039 ejus
3035 4971 3240 5024 evincit
3273 4969 3551 5024 Ita-reseas
3576 4970 3757 5021 histu-

2142 5045 2250 5108 ria;
2308 5042 2397 5110 qui
2429 5043 2574 5095 enim
2616 5044 2904 5114 putativam
2932 5042 3127 5097 Christi
3181 5057 3389 5095 carnem
3428 5041 3749 5114 introdux't,

2141 5116 2257 5170 sive
2288 5113 2381 5182 qui
2416 5112 2625 5181 primus
2643 5118 2964 5170 ementitum
3001 5115 3231 5167 Domino
3264 5128 3468 5179 corpus
3499 5112 3747 5175 :tflitrxit,

2139 5202 2246 5241 non
2296 5185 2584 5251 'I'atinmts,
2620 5187 2713 5241 sed
2744 5187 2923 5240 Julius
2963 5184 3260 5241 Cassianus
3309 5184 3431 5251 fuit,
3463 5183 3555 5252 qui
3606 5183 3753 5238 adeo

2134 5259 2334 5313 dicitur
2361 5256 3115 5312 S.ClementiAlexandrino
3156 5258 3253 5312 ιιι».
3277 5271 3333 5310 ιιι
3375 5256 3753 5316 Stromatum,

2134 5339 2228 5406 ςτῆς
2259 5329 2520 5389 δοκήσεως
2549 5330 2808 5406 ἐξάρχων,
2846 5329 3152 5384 Docetarum
3202 5329 3464 5406 princeps.
3501 5328 3648 5394 Quin
3697 5336 3753 5377 et

2132 5401 2359 5464 librum,
2404 5417 2471 5471 es
2517 5401 2945 5468 .quo'subncxa
3001 5410 3317 5471 aigutmuta
3377 5401 3754 5471 Hieronymus

2133 5474 2403 5536 coniurat,
2437 5467 2599 5527 facile
2642 5474 2899 5527 existimo
2941 5467 3090 5526 cunf
3121 5475 3317 5542 ipsum,
3362 5486 3525 5540 quem
3580 5467 3752 5521 inodu

2136 5544 2389 5598 laudatus
2438 5543 2695 5600 Clemens
2735 5546 3042 5599 Alexaudr.
3088 5562 3114 5596 a
3167 5545 3432 5597 Cassiano
3472 5548 3752 5592 rit-morat

2127 5615 2500 5689 lucubratum,
2540 5617 2611 5671 ab
2641 5632 2816 5687 eoque
2843 5618 3190 5686 inscriptum,
3223 5616 3343 5689 περὶ
3381 5614 3689 5687 ἐγκρατείας
3717 5610 3750 5671 ἦ

2122 5691 2245 5764 περὶ
2265 5688 2569 5764 cumuli“.

2206 5772 2227 5796 υ
2265 5750 2694 5813 υιιιιε’⁷ιίιΙιιιὶιι.
2730 5773 2858 5828 ms.,
2904 5775 3007 5813 non
3049 5759 3264 5821 dicitur,
3306 5756 3358 5809 in
3407 5754 3626 5827 spiritu,
3658 5750 3753 5828 sed

2133 5829 2467 5899 simpliciter,
2508 5831 2696 5900 spiritu
2732 5847 2749 5884 :
2780 5825 2885 5885 non
2930 5834 3001 5887 ita
3044 5829 3208 5887 bene.
3242 5831 3309 5886 tit
3351 5825 3502 5896 mox,
3546 5841 3659 5881 non
3696 5825 3751 5880 in

2125 5919 2186 5981 su
2200 5919 2227 5969 ρ
2261 5901 2586 5975 ιιιιορὶρίιιιη,
2618 5917 2738 5976 pro,
2763 5904 3058 5979 quippiam.
3350 5954 3373 5981 ε
