3962 6338
222 336 314 394 ‘33

666 332 1323 396 COMMENTARIORUSI
1361 335 1431 394 IN
1470 335 1761 396 EPISTOL

1906 338 1996 394 AD
2034 339 2171 396 GAL
2193 339 2357 400 ΧΤ.Αὸ
2396 344 2526 400 LIB.
2574 346 2659 403 Iil.
2702 347 2857 404 C‘tI‘.
2906 348 2998 407 VI.

3377 359 3486 420 454

220 456 428 526 desuper
472 467 559 510 me
604 453 839 511 videntis
891 456 1170 524 recorder,
1211 459 1349 512 lluut
1387 456 1519 513 mihi
1562 454 1780 512 occasio
1805 459 1854 518 Α
1884 453 2096 513 litteras
2128 473 2507 532 repraesentat.
2540 464 2610 522 Et
2638 481 2706 522 ne
2738 466 2914 539 aliqua
2947 471 3244 541 suppositae
3271 473 3490 543 Episto-

220 546 609 616 lriumpltorum.
666 545 747 603 Ne
796 547 1047 605 dicamus
1094 550 1148 604 in
1204 549 1525 619 largiendo:
1573 547 1669 603 lllc
1696 557 1781 604 est

212 641 419 705 amicus,
453 639 591 696 hunc
622 643 812 697 nescio
846 658 863 700 :
902 644 989 697 hic
1016 642 1179 700 debet
1210 644 1480 712 accipere,
1514 645 1618 700 iste
1648 658 1778 698 cou-

211 733 384 790 temui.
415 732 687 789 Imitemur
718 734 935 791 Patrem
970 749 1237 803 nostrum,
1265 737 1356 807 qui
1400 736 1573 793 solent
1618 751 1776 792 suum

209 826 321 880 oriri
346 824 471 880 far-it
489 840 652 895 super
672 827 851 897 bonos
875 839 929 883 et
955 830 1154 896 malos,
1182 842 1235 885 et
1255 830 1389 900 pluit
1410 844 1575 899 super
1594 828 1777 899 justos

207 927 252 970 et
277 916 491 987 injustos
519 917 701 987 (Matt.
729 921 805 983 ν).
842 921 987 977 Fons
1024 922 1283 977 bonitatis
1312 922 1572 977 munibus
1602 929 1770 991 patet.

206 1011 386 1066 Servus
407 1020 461 1065 et
484 1012 641 1073 liber,
672 1012 924 1083 plebeius
956 1024 1009 1069 et
1041 1029 1163 1082 rex,
1194 1015 1348 1072 dives
1373 1023 1429 1072 et
1454 1030 1680 1085 pauper,
1705 1031 1774 1071 ex

204 1101 520 1157 eosiiuiliter
550 1102 761 1159 bibunt.
796 1101 1047 1162 Lucerna
1076 1123 1202 1163 cum
1238 1123 1470 1163 accensa
1512 1106 1677 1162 fuerit
1717 1107 1772 1164 in

202 1196 369 1264 domu,
393 1198 649 1253 omnibus
682 1199 827 1255 lucet
853 1202 1162 1271 ωιιιιςιιίιθτ.
1196 1203 1351 1270 Quod
1379 1203 1427 1258 si
1456 1204 1510 1258 in
1542 1214 1774 1259 cunctos

200 1289 549 1348 indifferenter
624 1294 967 1351 liberalitatis
1021 1296 1171 1353 l'reua
1232 1298 1513 1364 laxantur,
1564 1310 1772 1370 quanto

198 1383 347 1456 magis
394 1385 448 1439 in
497 1386 831 1444 domesticos
887 1389 1037 1457 fidei,
1078 1401 1133 1447 et
1169 1391 1222 1446 in
1269 1391 1630 1459 Christianos,
1678 1390 1771 1460 qui

195 1476 421 1532 euntdtm
463 1474 669 1536 habent
713 1480 955 1550 Patrem,
982 1483 1211 1555 ejusque
1249 1484 1497 1551 magistri
1528 1483 1771 1554 appella-

191 1566 317 1623 tione
362 1572 692 1627 censentur!
752 1572 982 1630 Videtur
1035 1587 1217 1631 autem
1265 1574 1399 1631 mihi
1460 1576 1611 1632 locus
1667 1576 1770 1633 iste

190 1676 331 1733 posse
349 1673 400 1718 et
426 1665 813 1736 superioribus
839 1666 1146 1737 colum-ere,
1172 1678 1227 1723 ut
1257 1668 1592 1724 domesticos
1616 1668 1765 1736 littei,

188 1757 459 1826 magistros
490 1759 760 1825 nominet,
789 1760 987 1832 quibus
1012 1776 1175 1829 Supra
1209 1761 1396 1817 omnia
1419 1776 1539 1833 quze
1565 1772 1762 1831 putan-

1881 548 1949 605 la:
1973 555 2214 624 suspicio
2248 571 2589 625 nasceretur,
2616 564 2683 614 ab
2717 562 2819 615 hoc
2853 564 2971 617 loco
2997 580 3166 633 usque
3195 566 3260 620 ad
3297 566 3485 641 linem,

1882 661 2042 702 manu
2091 665 2188 704 sua
2235 650 2352 721 ipse
2384 655 2722 726 perscripsit,
2756 656 3055 713 Ostendens
3088 661 3372 727 superiora
3418 663 3489 720 ab

1878 738 1989 792 alio
2015 751 2258 797 exarata.
2304 744 2459 813 Quod
2507 755 2688 802 autem
2718 749 2821 802 sub
2854 751 3079 804 nomine
3123 751 3243 821 ejus
3273 768 3301 805 a
3336 753 3488 809 falsis

1877 828 2193 888 doctoribus
2247 833 2505 907 Epistula:
2537 840 2905 908 mitterentur,
2940 840 3007 895 ad
3033 841 3492 899 Tliessalonicmt-

1876 940 1964 981 ses
2011 944 2224 997 quoque
2253 928 2596 990 demonstrat
2643 935 2935 990 scribens:
2993 935 3259 1007 Rogamus
3313 948 3488 995 autent

1874 1033 1983 1077 vos.
2015 1018 2226 1089 fratres,
2256 1037 2348 1092 per
2375 1022 2653 1078 adventum
2680 1022 2895 1080 Domini
2922 1028 3087 1081 nostri
3111 1027 3239 1081 Jesu
3275 1026 3492 1100 Christi,

1874 1123 1922 1167 et
1947 1120 2138 1169 nostra:
2161 1119 2581 1188 congregationis
2603 1121 2657 1174 in
2682 1122 2874 1193 ipsum,
2912 1129 2967 1175 ut
3009 1139 3115 1176 non
3153 1123 3254 1177 cito
3285 1142 3490 1179 movea-

1872 1206 2003 1260 mini
2024 1224 2055 1260 a
2080 1218 2247 1263 vestro
2265 1228 2438 1279 sensu,
2463 1229 2553 1268 nec
2576 1216 2894 1282 terreamini,
2927 1234 3088 1288 neque
3108 1235 3201 1290 per
3221 1221 3488 1291 spiritum,

1873 1316 2033 1371 neque
2057 1320 2151 1374 per
2175 1320 2486 1372 sermonem,
2532 1325 2693 1378 neque
2737 1327 2828 1381 per
2876 1308 3169 1382 Epistolam
3226 1322 3487 1385 tamquam

1869 1412 1962 1467 per
1986 1414 2077 1451 nos
2104 1397 2338 1461 missam.
2372 1403 2521 1471 quasi
2547 1403 2699 1456 instet
2733 1404 2843 1458 dies
2872 1402 3109 1473 Domini,
3143 1422 3207 1459 ne
3233 1408 3346 1477 quis
3392 1426 3483 1464 ros

1868 1490 2085 1546 seducet
2128 1493 2236 1547 ullo
2269 1495 2422 1550 modo
2455 1496 2517 1566 (Il
2549 1495 2734 1552 Thess.
2763 1514 2821 1564 ιι,
2848 1497 2875 1552 1
2906 1499 3093 1569 seqq).
3129 1499 3196 1553 Et
3224 1511 3278 1554 ιιι
3312 1511 3484 1560 totam

1873 1584 2078 1656 EpiSIol
2099 1602 2169 1641 tm
2193 1604 2353 1658 quam
2381 1590 2655 1656 mittebat,
2683 1591 2999 1661 sustiicionc
3024 1603 3238 1647 erueret
3273 1592 3483 1648 falsita-

1871 1678 1962 1743 tis,
2000 1695 2163 1735 manu
2202 1697 2297 1737 sua
2346 1682 2400 1737 itt
2441 1684 2547 1740 line
2577 1684 2921 1755 subscripsit,
2955 1685 3185 1741 dicens:
3217 1686 3481 1743 Salulalio

1869 1787 1981 1827 mea
2003 1790 2164 1829 manu
2195 1773 2378 1846 Pauli,
2402 1779 2546 1851 quod
2576 1790 2650 1834 est
2673 1781 2881 1853 signans
2921 1780 2974 1834 in
3012 1782 3155 1835 omni
3178 1779 3423 1850 Epistola
3458 1800 3479 1837 :

188 1857 262 1902 tur
293 1848 448 1916 bona,
473 1849 545 1903 ab
596 1852 940 1909 auditoribus
988 1853 1104 1910 suis
1145 1855 1390 1924 juSserat
1436 1854 1756 1911 ministrari.
1794 1853 1838 1913 Β
1868 1863 1941 1918 ita
1977 1876 2000 1905 ε
2033 1868 2243 1921 scribo:
2278 1848 2457 1924 Gratia
2491 1848 2919 1928 Domini'nostri
2968 1872 3093 1929 Iesu
3132 1848 3326 1928 Christi
3363 1891 3483 1929 cum

187 1941 335 1998 llrcve
366 1949 451 1997 est
488 1942 621 1998 vita:
668 1945 826 2001 istius
863 1947 1217 2003 curriculum.
1254 1946 1369 2004 lloc
1398 1948 1574 2019 ipsum
1616 1948 1761 2020 quod

185 2042 374 2113 loquor,
401 2044 552 2116 quod
587 2043 756 2111 dicto,
790 2042 937 2112 quod
970 2048 997 2079 ⁸
1026 2044 1238 2112 scribo,
1311 2044 1458 2116 quod
1502 2044 1760 2111 emendo,

180 2136 306 2205 quod
336 2137 539 2206 relego,
571 2136 641 2193 de
671 2146 920 2207 tempore
971 2153 1094 2194 meo
1124 2138 1261 2194 mihi
1290 2148 1384 2194 aut
1414 2138 1636 2205 crescit,
1669 2146 1764 2193 aut

181 2228 387 2300 deperit.
435 2230 616 2300 Titus,
664 2229 810 2286 lilius
849 2230 1190 2302 Vestiasiani,
1240 2234 1333 2305 qui
1390 2233 1445 2290 in
1495 2233 1760 2287 ultionem

181 2322 421 2381 Donninici
448 2325 768 2395 sanguinis,
796 2325 1087 2391 subversis
1116 2327 1504 2401 Jerosolymis,
1531 2328 1759 2384 Romam

179 2414 331 2471 victor
362 2417 647 2490 ingressus
686 2428 793 2486 est,
824 2428 991 2473 tanta:
1022 2419 1223 2475 dicitur
1252 2419 1427 2477 fuiSse
1474 2420 1757 2488 bonitatis,

177 2519 224 2563 ut
240 2525 351 2565 cum
381 2511 624 2583 quadam
657 2520 818 2568 nocte
848 2511 874 2551 ι’
905 2528 1031 2568 sero
1057 2514 1466 2582 recordaretur,
1494 2513 1547 2568 in
1576 2529 1758 2581 coena,

176 2603 300 2675 quod
340 2605 469 2660 nihil
519 2606 649 2661 boui
683 2607 773 2662 die
825 2606 918 2662 illa
968 2607 1214 2672 fecisset,
1261 2605 1468 2662 dixerit
1521 2607 1759 2663 amicis:

177 2696 327 2753 llodie
352 2699 496 2754 diem
531 2698 772 2769 perdidi.
802 2700 914 2756 Nos
960 2709 1215 2772 putamus
1254 2717 1361 2756 non
1394 2702 1573 2772 perire
1604 2700 1763 2756 nobis

178 2787 365 2856 horam,
394 2791 576 2858 diem,
603 2801 904 2861 moiuenta,
950 2801 1185 2864 tempus,
1226 2802 1440 2860 aetates,
1470 2808 1591 2849 cuiu
1622 2793 1764 2848 utio-

175 2867 278 2937 sutn
319 2884 548 2939 verbum
605 2884 903 2955 loquimur,
950 2901 1051 2957 pro
1094 2901 1203 2957 quo
1244 2885 1519 2942 reddituri
1572 2899 1763 2942 sumus

176 2975 419 3031 rationein
452 2977 507 3031 in
552 2977 641 3031 die
667 2978 865 3047 judicii
895 2977 1079 3050 (Matt.
1106 2976 1243 3050 an)?
1274 2978 1433 3047 Quod
1461 2978 1507 3034 si
1542 2978 1644 3034 hoc
1669 2979 1762 3035 ille

176 3066 277 3122 sine
297 3065 456 3140 Lege.
481 3069 607 3125 sine
629 3069 950 3140 Evangelia,
974 3070 1096 3127 sine
1122 3070 1443 3135 Salvatoris,
1467 3082 1523 3126 et
1544 3082 1763 3144 aposto-

175 3158 326 3214 Ιιιιιιιι
357 3163 639 3228 doctrina,
674 3162 1007 3218 naturaliter
1032 3172 1088 3219 et
1132 3163 1299 3229 dixit,
1331 3174 1386 3220 et
1419 3163 1547 3219 fecit
1583 3182 1597 3217 :
1631 3163 1760 3234 quid

1865 1956 2103 2012 omnibus
2133 1959 2271 2015 vobis
2314 1960 2377 2032 (ll
2416 1959 2597 2018 Thess.
2629 1979 2710 2031 ιιι,
2746 1964 2835 2031 17,
2869 1965 2983 2035 l8).
3013 1964 3095 2021 Ad
3123 1965 3483 2022 Colossenses

1863 2053 2028 2109 etiam
2059 2071 2194 2128 quas
2222 2056 2530 2114 dictaverat
2581 2059 2814 2129 litteras,
2865 2078 3030 2115 tnanu
3083 2078 3179 2116 sua
3229 2062 3484 2117 similiter

1863 2147 2227 2204 subnolavit:
2279 2151 2547 2208 Salutatio
2595 2171 2708 2209 mea
2761 2172 2915 2210 manu
2956 2154 3115 2210 Pauli
3158 2174 3177 2211 :
3223 2156 3483 2212 Memores

1861 2247 2022 2295 estote
2046 2241 2375 2297 vinculorum
2397 2260 2650 2299 meorum.
2681 2246 2747 2301 Et
2777 2248 3109 2318 ubicumque
3139 2247 3346 2303 sciebat
3376 2248 3482 2303 fal-

1862 2344 1956 2387 sos
1980 2331 2175 2387 adesse
2202 2335 2479 2403 doctores,
2512 2336 2605 2408 qui
2637 2347 2864 2407 possent
2894 2355 2987 2409 per
3012 2341 3265 2409 Apostoli
3295 2353 3483 2397 auctos-

1863 2424 2081 2482 ritatem
2117 2443 2254 2483 nova
2304 2429 2565 2501 dogmata
2615 2436 2914 2497 seminare,
2967 2435 3267 2502 Epistolam
3318 2454 3483 2493 manu

1865 2525 2088 2590 promta
2107 2522 2511 2579 subscribebat.
2544 2524 2791 2597 Denique
2812 2536 2867 2581 et
2889 2526 2953 2580 ad
2985 2528 3305 2583 Corinthios
3336 2532 3481 2585 seri-

1866 2612 2024 2678 beus,
2057 2614 2109 2669 in
2134 2615 2331 2686 quibus
2354 2623 2512 2671 erant
2536 2618 2836 2673 schismata
2865 2629 2918 2673 et
2942 2618 3204 2685 han-eses,
3234 2638 3480 2692 unoque-

1864 2723 1971 2779 que
2000 2707 2554 2783 530diceutezEgo
2581 2728 2696 2766 sum
2723 2710 2909 2781 Pauli,
2950 2721 2996 2766 et
3026 2729 3118 2784 ego
3145 2713 3354 2784 Apollo,
3381 2732 3477 2785 ego

1863 2811 2036 2857 autem
2061 2802 2249 2871 Cepha:
2272 2803 2313 2874 (l
2338 2802 2460 2859 Cor.
2493 2804 2671 2877 ι,12),
2692 2805 2977 2875 epistolam
3002 2819 3154 2859 ειιιιιιι
3186 2805 3479 2861 ιθιὶειιιιιοο

1866 2896 2074 2951 latione
2101 2896 2375 2967 signavit:
2411 2896 2678 2954 Salutatio
2707 2914 2820 2951 mea
2849 2914 3007 2951 manu
3040 2896 3200 2951 Pauli
3228 2914 3244 2951 :
3277 2898 3335 2952 Si
3357 2900 3477 2968 quia

1866 3005 1968 3043 non
2001 2999 2140 3044 amat
2173 2988 2458 3045 Dominum
2503 2991 2685 3045 Jesum
2735 2990 3022 3055 Christum,
3062 2994 3340 3045 anathema
3383 2991 3475 3059 sit,

1867 3082 2198 3151 maranatha,
2232 3094 2286 3139 ct
2308 3096 2531 3140 etetera.
2561 3085 2794 3156 Pr0pter
2818 3085 2922 3140 hoc
2943 3084 3111 3156 igitur
3145 3084 3335 3139 volens
3362 3100 3480 3139 om—

1867 3192 1990 3231 nem
2045 3178 2396 3232 occasionent
2446 3177 2600 3233 lalsis
2629 3177 2855 3232 auferre
2905 3177 3241 3241 doctoribus,
3283 3176 3372 3247 qui
3423 3182 3483 3232 et,

177 3269 262 3310 nos
311 3267 527 3327 oportet
587 3256 802 3326 facere,
854 3259 910 3314 in
964 3273 1196 3327 quorum
1244 3259 1760 3315 condemnationem

1872 3270 2087 3328 Galatas
2119 3290 2146 3326 a
2179 3273 2412 3329 veritate
2444 3273 2724 3347 Evangelii
2758 3273 3143 3344 depravarant,
3172 3274 3332 3327 linem
3365 3271 3485 3341 epit

179 3345 316 3403 ltaba-l
359 3360 415 3406 et
455 3350 609 3407 Juno
661 3353 932 3420 univiras,
963 3362 1019 3409 et
1063 3352 1225 3408 Vesta
1269 3354 1535 3425 virgines,
1564 3364 1619 3410 et
1654 3352 1760 3410 alia

180 3441 301 3499 idola
326 3448 715 3503 continentes?
753 3448 953 3502 Beatus
981 3447 1222 3504 Joannes
1267 3449 1607 3519 evangelista
1633 3463 1759 3503 cum

181 3535 354 3604 Ephesi
386 3552 702 3595 moraretur
736 3555 909 3611 usque
937 3551 959 3580 ο
983 3539 1053 3596 ad
1088 3540 1341 3596 ultimam
1398 3543 1561 3616 529
1599 3557 1764 3598 sene-

179 3638 439 3699 ctutem,et
462 3635 557 3687 vix
584 3633 1143 3702 interdiscipulorum
1163 3649 1355 3689 manus
1376 3636 1442 3690 ad
1470 3637 1759 3691 ecclesiam

180 3720 487 3790 deferretur,
524 3742 629 3782 nec
671 3737 855 3797 posset
899 3730 953 3783 in
992 3728 1145 3798 plura
1183 3742 1377 3783 vocem
1419 3730 1584 3786 verba
1628 3745 1765 3785 con-

183 3823 375 3882 texere,
407 3818 546 3874 nihil
602 3818 753 3873 aliud
798 3833 898 3890 per
941 3819 1193 3890 singulas
1251 3819 1467 3875 solebat
1512 3819 1763 3892 proferre

180 3910 441 3981 collectas,
469 3912 582 3968 nisi
607 3911 746 3968 hoc:
775 3911 982 3978 Filioli,
1015 3911 1227 3983 diligite
1248 3913 1595 3969 alterutrum.
1614 3913 1763 3968 Tan-

181 4004 285 4059 detu
309 4008 569 4079 discipuli
602 4017 663 4066 et
699 4009 897 4066 fratres
935 4009 1032 4082 qui
1070 4011 1323 4081 aderant,
1358 4009 1519 4065 taedio
1554 4008 1762 4077 alit-eti,

179 4101 305 4170 quod
337 4102 533 4158 eadem
564 4117 786 4174 semper
815 4103 1097 4171 audirent,
1127 4103 1396 4159 dixerunt
1427 4118 1442 4157 :
1478 4101 1760 4172 MagiSter,

178 4208 326 4264 quare
352 4210 582 4266 semper
614 4196 719 4251 ltoc
749 4195 1030 4268 loqueris?
1062 4196 1166 4267 Qui
1206 4196 1501 4266 respondit
1543 4196 1763 4268 dignam

178 4287 373 4347 Jonnne
425 4290 765 4347 sententiam
801 4308 816 4346 :
854 4292 996 4360 Quia
1039 4302 1373 4363 praeceptum
1405 4291 1624 4346 Domini
1654 4300 1762 4358 est,

181 4383 290 4434 etsi
314 4383 489 4437 Solum
518 4385 636 4451 Ilal,
666 4384 886 4438 sufﬁtit.
917 4384 1030 4440 lloc
1060 4395 1286 4455 propter
1325 4399 1570 4455 prtesens
1617 4387 1766 4454 Apo-

180 4476 287 4531 stoli
316 4479 670 4535 ntandatuut:
700 4478 987 4552 Operemur
1008 4481 1198 4535 bonum
1218 4481 1288 4535 ad
1310 4497 1486 4536 omnes
1509 4483 1766 4536 :maxitue

181 4577 333 4622 autem
360 4573 427 4625 ad
456 4571 770 4627 domesticos
790 4572 937 4640 ﬁdei.

240 4662 413 4730 (V’ers.
449 4667 571 4734 il.)
608 4662 787 4719 Videte
805 4665 1041 4733 qualibus
1069 4665 1255 4721 litteris
1282 4665 1469 4735 scripsi
1494 4664 1632 4720 vobis
1654 4681 1768 4719 mea
1793 4647 1841 4706 Ῑ)

182 4770 341 4811 manu.
368 4756 430 4811 lli
469 4757 565 4828 qui
609 4755 929 4814 circumcidi
958 4757 1176 4814 Galatas
1202 4757 1480 4825 volebant,
1514 4757 1770 4815 dissemi-

182 4858 432 4905 uaveraut
460 4852 571 4906 alia
590 4851 664 4907 Pa
675 4851 823 4907 nlum
851 4851 1053 4920 facere,
1077 4851 1185 4908 alia
1207 4851 1531 4923 praedicare,
1553 4849 1651 4908 etc|
1671 4868 1770 4907 suo

183 4957 329 5012 opere
357 4945 654 5002 destruere
680 4961 1019 5017 sermonem,
1073 4947 1217 5016 quod
1264 4947 1355 5016 qui
1381 4945 1582 5019 Legem
1614 4961 1768 5002 asse-

183 5046 315 5092 reret
342 5038 629 5108 abolttam,
673 5039 793 5110 ipse
822 5038 1165 5096 inveniretur
1194 5039 1245 5094 in
1276 5038 1439 5110 Lege.
1476 5038 1626 5096 Ilanc
1653 5040 1772 5110 Opi-

185 5128 409 5201 nionem,
437 5134 569 5205 quia
599 5149 708 5190 non
740 5146 958 5205 poterat
986 5134 1183 5191 Paulus
1226 5134 1370 5204 apud
1399 5150 1594 5191 omnes
1636 5151 1775 5205 pra:-

185 5236 297 5279 sens
320 5225 439 5296 ipse
471 5226 797 5283 subvertere
835 5226 1265 5301 (prohibebatur
1292 5225 1495 5298 quippe
1519 5226 1776 5294 vinculis,

184 5328 293 5384 quas
316 5319 388 5374 ob
412 5317 621 5376 Christi
651 5322 977 5393 martyrium
1000 5318 1361 5392 sustinebat),
1404 5321 1646 5391 seipsum
1677 5335 1774 5391 per

186 5461 272 5576 Μ·
295 5452 443 5511 Idem
494 5470 627 5525 ms.,
683 5455 824 5528 quod
874 5456 1141 5523 scribitur,
1167 5454 1307 5528 quod
1357 5453 1593 5522 emendo,
1633 5454 1772 5525 quod

258 5541 305 5576 0.

258 5541 305 5579 0.

204 5538 273 5635 ⁸9⁵
305 5595 537 5663 Vocem,
567 5615 707 5662 sero.
753 5615 888 5656 mss.
931 5599 1108 5656 nostri
1140 5616 1249 5656 non
1289 5606 1616 5667 agnoscunt.
1651 5596 1772 5653 Mox

186 5682 388 5738 quoque
421 5670 627 5742 legunt.
653 5671 845 5735 Amici;
877 5670 1033 5726 hodie
1061 5672 1197 5727 diem
1220 5671 1443 5741 perdidi.

255 5749 276 5778 ε
309 5746 522 5814 annum
563 5744 786 5798 ςιοὶιὶερι
812 5745 1008 5813 agebat
1041 5743 1457 5813 nonagesimum
1491 5750 1768 5814 quartum,

186 5809 329 5880 iusta
361 5813 645 5881 Epipltanii
678 5809 925 5870 rationes
961 5815 1058 5869 lib.
1106 5831 1143 5879 t,
1192 5809 1317 5882 cap.
1364 5815 1454 5871 12.
1486 5809 1683 5869 (ζυιιίιει
1718 5823 1774 5868 et

190 5895 427 5940 nostrum
445 5885 832 5970 Hieronymum
858 5884 954 5943 lib.
980 5886 1048 5944 de
1075 5886 1214 5945 Viris
1236 5887 1559 5956 Illustrtbus,
1584 5885 1771 5957 cap.9.

1863 3365 2018 3417 stol.e
2054 3380 2245 3419 inaniis
2292 3381 2405 3419 sua:
2457 3366 2811 3421 annotatione
2861 3366 3183 3435 complevit,
3235 3365 3427 3419 dicen.at
3458 3372 3480 3415 'i

1870 3458 2055 3515 Videte
2077 3459 2318 3533 qualibus
2345 3462 2529 3515 litteris
2548 3461 2733 3531 scripsi
2754 3462 2920 3527 vobis;
2938 3476 3051 3515 non
3074 3459 3217 3530 quod
3243 3458 3478 3526 grandes

1866 3550 2062 3607 littera:
2098 3552 2293 3608 fuerint
2324 3553 2464 3626 (_ltoc
2485 3554 2687 3624 quippe
2711 3554 2763 3607 in
2793 3553 2988 3609 Graeco
3013 3550 3473 3621 sonatmiixoig),

1865 3645 1960 3701 sed
1989 3645 2129 3716 quod
2158 3662 2269 3700 sua:
2303 3663 2492 3701 manus
2524 3658 2709 3701 essent
2741 3648 2817 3701 eis
2844 3658 2968 3701 nota
2996 3646 3245 3717 vestigia,
3268 3656 3325 3699 ut
3347 3645 3477 3700 dunt

1864 3738 2170 3793 litterarum
2214 3740 2403 3810 apices
2433 3750 2853 3810 recognoscunt,
2913 3740 3089 3810 ipsum
3123 3754 3182 3793 se
3221 3748 3481 3808 putarent

1866 3831 2076 3899 videre,
2124 3831 2216 3902 qui
2248 3830 2571 3902 scripserat.
2606 3831 2661 3887 In
2693 3832 2800 3886 hoc
2826 3832 2948 3887 loco
2988 3833 3074 3885 vir
3103 3831 3349 3901 apprime
3380 3846 3480 3883 no-

1865 3924 1995 3978 stris
2026 3924 2369 3993 temporibus
2396 3923 2413 3962 ί
2448 3923 2720 3989 eruditus,
2746 3926 2918 3980 miror
2949 3924 3228 3994 quomodo
3249 3938 3370 3976 rem
3405 3924 3477 3975 ri—

1866 4015 2104 4071 diculam
2130 4018 2346 4072 locutus
2369 4017 2461 4072 sit.
2488 4017 2715 4083 Paulus,
2741 4017 2938 4086 inquit,
2968 4015 3233 4069 Hebraeus
3256 4021 3394 4080 erat,
3422 4022 3479 4068 et.

1866 4107 2087 4164 Griecas
2114 4108 2331 4164 litteras
2354 4110 2654 4166 nesciebat.
2683 4110 2745 4164 Et
2773 4108 2900 4180 quia
2931 4109 3232 4162 necessitas
3254 4119 3477 4176 expete-

1865 4198 1976 4265 bat,
2010 4208 2069 4254 ιιι
2123 4216 2286 4255 manu
2333 4216 2429 4256 sua
2485 4200 2774 4271 epistolam
2830 4199 3222 4261 subscriberet,
3283 4209 3477 4252 contra

1865 4291 2320 4347 COl:SllcltltllttClll
2362 4308 2560 4347 curvos
2595 4291 2840 4345 tramites
2874 4293 3205 4353 litterarum,
3240 4290 3325 4343 \ix
3360 4307 3475 4343 nta-

1868 4390 1994 4457 gnis
2022 4387 2271 4458 apicibus
2307 4387 2653 4457 exprimebat
2685 4388 2889 4442 :etiam
2925 4386 2977 4439 in
3012 4385 3115 4439 hoc
3141 4401 3253 4438 suae
3280 4386 3345 4438 ad
3371 4384 3478 4439 Ca-

1868 4479 2005 4533 latas
2030 4478 2225 4534 iudicia
2259 4478 2542 4533 charitatis
2564 4477 2882 4543 ostendens,
2912 4478 3057 4550 quod
3092 4484 3317 4547 prepter
3346 4477 3475 4531 illos

1870 4573 1921 4628 id
1950 4589 2165 4645 quoque
2189 4574 2333 4643 quod
2368 4588 2473 4628 nun
2500 4583 2734 4643 peierat,
2764 4572 2945 4627 facere
2968 4581 3277 4627 conaretur.
3303 4569 3481 4625 Cran—

1872 4667 2031 4722 dibus
2060 4680 2193 4736 ergo
2245 4665 2445 4719 Paulus
2474 4666 2674 4720 litteris
2723 4664 2945 4734 scripsit
2992 4664 3305 4734 epistolam,
3352 4664 3483 4732 quia

1872 4773 2068 4814 sensus
2098 4768 2214 4814 erat
2247 4757 2468 4824 grandis
2496 4758 2547 4812 in
2596 4757 2818 4826 litteris,
2863 4767 2918 4813 et
2963 4757 3158 4828 Spiritu
3193 4754 3288 4809 Dei
3341 4753 3479 4821 vivi,

1873 4863 1978 4907 nun
2010 4857 2340 4916 atramento,
2379 4865 2480 4906 nec
2528 4851 2739 4905 calamo
2792 4850 2965 4905 fuerat
2994 4857 3273 4905 exaratos.
3322 4849 3477 4915 Quod

1870 4957 2050 5000 autem
2082 4947 2362 5015 apposuit,
2412 4960 2525 4998 utea
2576 4961 2760 5010 manu,
2793 4959 2960 5014 opera
3011 4942 3378 5011 intelligamus
3425 4941 3477 4993 in

1872 5041 2142 5095 manibus.
2191 5040 2362 5107 Quam
2395 5039 2465 5094 ob
2496 5054 2721 5094 causam
2751 5038 2948 5093 crebro
2996 5046 3051 5089 et
3101 5036 3154 5088 in
3200 5032 3480 5102 prophetis

1869 5134 2128 5190 scribitur
2154 5153 2165 5186 :
2196 5131 2381 5189 Sermo
2409 5131 2501 5187 Dei
2531 5132 2621 5203 qui
2648 5133 2820 5202 [actus
2849 5141 2923 5186 est
2944 5130 2996 5183 in
3027 5145 3183 5181 manu
3212 5125 3474 5188 Jcrentia',

1873 5228 1987 5284 sive
2013 5228 2214 5299 Aggwi,
2266 5238 2325 5281 ut
2376 5242 2474 5298 per
2506 5226 2648 5281 lianc
2693 5242 2912 5297 qttoque
2957 5220 3369 5279 similitudinem
3423 5219 3477 5272 in

1876 5338 2040 5379 manu
2072 5321 2225 5385 Pauli
2280 5321 2521 5377 sciamus
2572 5320 2773 5376 factum
2817 5318 2917 5374 Dei
2967 5331 3088 5371 eSse
3136 5328 3473 5368 sermonem.

1885 5454 2051 5510 Paulo
2087 5462 2207 5525 pnst
2237 5467 2370 5506 mss.
2418 5450 2683 5521 sull'ragio
2711 5446 3076 5509 restituimns,
3112 5444 3167 5498 in
3200 5443 3356 5525 plura
3391 5458 3483 5525 uo—

1881 5544 1989 5581 cem
2019 5515 2172 5580 verba
2201 5535 2493 5587 contexere,
2526 5515 2623 5591 .m'.
2654 5537 2762 5587 quo
2789 5530 2928 5581 erat,
2962 5532 3141 5591 vocum
3165 5515 3340 5578 verba,
3372 5523 3479 5567 etc.

1954 5596 1979 5635 (1
2008 5594 2592 5659 RescribitVictmius,
2624 5603 2671 5648 et
2698 5609 2850 5646 suum
2878 5603 3030 5659 opere
3061 5590 3342 5652 destruere,
3369 5599 3478 5641 etc.

1956 5679 1979 5708 ο
2008 5671 2242 5724 l’alatin.
2277 5685 2407 5729 tns..
2433 5669 2507 5721 ita
2533 5665 2817 5737 subscribe:
3026 5735 3031 5737 ί
3358 5726 3370 5737 .

1955 5739 1975 5778 ι
2024 5741 2359 5810 Quanam“,
2404 5740 2507 5792 huc
2559 5736 2728 5810 lenne
2773 5732 3435 5810 Cl:rysostomus'smtiat.
3462 5768 3475 5787 ,

1878 5800 2277 5885 quod'lliero'n.
2312 5812 2616 5887 impugnat,
2660 5807 2809 5861 illum
2858 5800 3039 5859 tamen
3073 5803 3159 5857 hic
3192 5800 3482 5869 dettl.lltll‘l,

1880 5900 1986 5940 nou
2012 5893 2166 5955 puto.
