3962 6338
446 264 553 323 I35

1702 263 1762 321 S.
1805 261 2079 322 EUSEBII
2113 260 2500 323 HIERONYMI

3654 266 3759 327 £36

447 379 695 436 Grandes
717 380 922 436 Paulus
946 381 1160 437 litteras
1198 394 1307 436 non
1340 380 1517 436 solum
1553 388 1683 435 tunc
1712 379 1780 435 ad
1808 378 2052 447 Galatas,
2080 383 2136 443 Δ
2160 384 2309 439 canit
2336 385 2611 441 canticum
2632 392 2929 452 novum,et
2952 385 3156 457 accipit
3180 400 3378 444 nomen
3405 399 3608 443 novum
3632 382 3760 440 scri-

447 476 545 531 scd
575 474 737 531 etiam
770 476 931 532 hodie
963 477 1147 533 scribit
1172 477 1237 531 ad
1266 484 1514 541 cunctos,
1540 486 1594 531 et
1622 477 1873 547 quamvis
1901 473 2053 547 parvi

447 568 558 623 sint
603 567 787 638 apices
835 569 1033 641 quibus
1059 570 1178 639 ejus
1214 568 1475 639 Epistolte
1504 569 1941 635 conscribuntur,
1973 580 2053 624 ta-

452 679 579 718 men
612 680 822 735 magna:
849 676 979 719 sunt
1016 665 1234 732 litterae,
1268 665 1392 735 quia
1425 664 1479 720 in
1505 664 1701 721 litteris
1724 680 1948 739 magnus
1969 673 2054 720 est

448 772 665 813 sensus.

522 856 704 927 (Vcrs.
760 854 874 925 12.)
907 856 1235 925 Quicumque
1263 855 1447 909 volunt
1473 854 1677 925 placere
1711 854 1767 908 in
1793 870 1965 914 carne.
1994 849 2052 906 hi

448 959 636 1019 cogunt
670 966 754 1002 vos
803 949 1106 1003 circumcidi
1132 966 1152 1003 :
1185 958 1383 1003 tantum
1409 956 1462 1003 ut
1511 948 1679 1001 crucis
1710 945 1901 1002 Christi
1928 963 2050 1013 per-

446 1043 757 1096 sccutionem
785 1050 811 1077 ιι
842 1057 947 1094 non
968 1042 1256 1113 patiantur.
1297 1040 1564 1113 Superius
1594 1038 1835 1094 ostendit
1852 1054 1921 1094 ex
1942 1055 2052 1110 quo

443 1134 570 1188 loco
597 1149 691 1187 sua
737 1134 1130 1201 subscripserit
1158 1149 1323 1190 manu
1359 1152 1372 1187 :
1404 1149 1547 1189 nunc
1585 1132 1712 1205 quid
1740 1133 2048 1203 scripserit,

444 1225 697 1293 replicat.
738 1224 904 1281 Caius
933 1227 1139 1291 Cmsar,
1190 1236 1246 1282 ct
1293 1228 1625 1282 Octavianus
1668 1227 1964 1298 Augustus,
1997 1239 2053 1283 et

445 1317 696 1373 Tiberius
724 1336 1014 1375 sueccssnr
1060 1320 1318 1389 Augusti,
1353 1320 1502 1391 leges
1555 1323 2048 1390 prtmtulgaverant.

444 1423 507 1467 ut
540 1414 715 1469 Jtnla-i
742 1415 833 1483 qui
866 1427 1022 1469 erant
1052 1416 1104 1468 in
1136 1425 1250 1468 toto
1278 1414 1511 1469 Romani
1547 1415 1759 1484 imperii
1798 1415 1933 1470 orbe
1970 1396 2054 1470 tli-

445 1508 651 1576 spersi,
683 1509 906 1577 proprio
935 1511 1042 1562 ritu
1094 1508 1366 1576 viverent,
1404 1518 1459 1563 et
1496 1510 1685 1577 patriis
1712 1509 2054 1564 ctrremoniis

446 1598 814 1654 deservirem.
867 1602 1206 1672 Quit-umque
1263 1602 1422 1677 531
1489 1601 1651 1673 igitur
1697 1602 2053 1659 circumcisus

445 1702 588 1752 erat,
617 1695 751 1749 licet
778 1696 828 1749 in
853 1696 1131 1751 Christum
1154 1698 1426 1765 crederet,
1459 1698 1615 1770 quasi
1644 1697 1865 1755 Judaeus
1889 1699 2055 1755 habe-

2160 486 2310 550 ptum
2342 477 2505 553 532
2527 479 2579 534 in
2611 479 2843 547 calcu!o,
2872 480 3018 549 quod
3050 496 3213 537 nemo
3242 480 3391 537 novit
3422 481 3526 538 nisi
3552 480 3648 552 qui
3678 492 3764 535 ac-

2154 574 2363 644 ceperit
2394 572 2551 627 illud.
2575 571 2852 639 Quaeritur
2881 574 3158 646 quomodo
3185 589 3329 629 nunc
3350 573 3555 633 Paulus
3582 572 3762 629 dicat:

2158 663 2295 720 Mihi
2332 677 2505 721 autem
2543 666 2677 722 absit
2701 666 2946 739 gloriari,
2979 668 3082 723 nisi
3108 670 3159 723 in
3191 685 3342 727 cruce
3370 666 3586 724 Domini
3605 667 3766 724 nostri

2154 756 2284 815 Iesu
2310 758 2527 826 Christi,
2556 777 2683 817 cum
2717 760 2772 817 in
2814 762 2925 818 alio
2952 761 3076 818 loco
3118 762 3189 819 de
3228 763 3356 819 aliis
3382 763 3682 838 glorietur,
3711 770 3767 818 ut

2157 853 2233 909 ibi
2265 863 2289 892 ε
2319 853 2399 908 ait
2428 871 2443 907 :
2473 852 2578 910 Per
2605 863 2826 910 vestram
2856 854 3101 930 gloriam,
3133 872 3287 923 quam
3304 855 3466 911 habeo
3495 858 3547 911 in
3565 854 3767 911 Christo

2155 944 2281 1002 Iesu
2315 947 2361 1021 (ι
2401 946 2523 1003 Cor.
2560 964 2651 1017 xv,
2691 946 2811 1018 3i).
2845 948 2915 1004 Et
2963 949 3160 1004 iterum
3193 967 3207 1004 :
3238 947 3478 1003 Libenter
3505 946 3768 1022 gloriabor

2156 1042 2211 1096 in
2237 1040 2633 1111 infirmitatibus
2662 1043 2813 1111 meis,
2844 1051 2902 1096 ut
2931 1043 3180 1098 inhabitet
3209 1043 3263 1096 in
3290 1058 3369 1097 me
3387 1043 3549 1097 virtus
3576 1040 3768 1097 Christi

2157 1135 2227 1207 (ll
2257 1136 2378 1191 Cor.
2422 1152 2524 1203 xu,
2570 1136 2649 1209 9).
2676 1136 2742 1192 Et
2768 1136 2823 1192 in
2853 1137 2966 1192 alio
2996 1138 3123 1193 loco
3159 1157 3171 1191 :
3206 1136 3410 1191 Bonum
3438 1145 3614 1193 autem
3643 1137 3769 1191 mihi

2156 1236 2233 1282 est
2275 1229 2440 1301 magis
2467 1228 2619 1296 mori,
2660 1245 2819 1301 quam
2865 1237 2922 1284 ut
2975 1229 3199 1302 gloriam
3226 1246 3391 1284 meam
3416 1229 3536 1303 quis
3563 1236 3769 1284 evacuct

2159 1319 2202 1397 (l
2223 1321 2344 1377 Cor.
2369 1337 2441 1388 ιι,
2476 1320 2593 1394 15).
2614 1331 2671 1378 et
2692 1332 2892 1377 caetera
2921 1337 3042 1392 qua:
3075 1320 3128 1376 in
3156 1322 3300 1378 hunc
3326 1322 3549 1377 modum
3567 1320 3767 1392 scripta

2158 1424 2305 1468 sunt.
2339 1413 2446 1471 Sed
2469 1414 2756 1470 sciendum
2781 1414 2925 1483 quod
2954 1413 3135 1470 omnis
3156 1413 3248 1469 illa
3269 1415 3526 1487 gloriatio
3550 1413 3620 1471 ad
3648 1429 3770 1469 cru-

2157 1521 2277 1563 cem
2310 1508 2506 1573 relata,
2538 1508 2709 1579 gloria
2742 1525 2789 1561 ct
2810 1507 2922 1561 tt(i~
2948 1508 3018 1560 sit
3049 1524 3062 1562 :
3096 1518 3149 1563 et
3170 1507 3437 1580 quidquid
3459 1508 3686 1580 dignum
3720 1507 3770 1564 in

2158 1600 2459 1656 virtutibus
2487 1612 2858 1674 perpetimur,
2905 1602 3009 1656 hoc
3052 1600 3170 1657 ﬁeri
3216 1601 3287 1656 ob
3318 1599 3536 1657 Domini
3562 1602 3771 1673 passio-

2159 1708 2310 1750 nem.

443 1786 611 1843 batur
639 1803 668 1841 a
702 1788 989 1844 Gentibus.
1025 1790 1128 1858 Qui
1158 1805 1287 1847 vero
1314 1791 1521 1862 absque
1548 1792 1968 1849 circumcisione
1998 1808 2058 1853 se
2084 1782 2140 1849 Β
2234 1788 2421 1861 (Vcrs.
2454 1788 2567 1861 l5.)
2603 1790 2788 1863 Neque
2810 1792 2946 1846 enim
2968 1790 3293 1848 circumcisio
3321 1788 3527 1861 aliquid
3556 1798 3655 1855 est,
3681 1806 3773 1846 ne-

445 1897 557 1936 non
590 1899 712 1938 esse
740 1882 988 1938 Judaeum
1033 1888 1301 1955 praeputio
1336 1887 1680 1956 prmlerebat,
1714 1888 2053 1959 persecutio-

441 1974 608 2029 nibus
651 1985 759 2030 tam
792 1976 1113 2043 Gentilium,
1146 1994 1307 2049 quam
1337 1978 1677 2048 Judmorum,
1736 1980 1901 2036 liebat
1950 1981 2052 2035 ob-

444 2070 667 2124 noxius.
701 2070 807 2123 llas
836 2069 999 2139 igitur
1024 2073 1438 2138 persecutiones
1472 2072 1522 2126 hi
1566 2073 1655 2144 qui
1702 2071 1922 2129 Galatas
1958 2072 2057 2128 de-

446 2174 812 2235 pravavcrant
860 2164 1141 2220 declinare
1197 2164 1516 2235 cupientes,
1581 2167 2054 2223 circumcisionem

446 2272 554 2328 pro
584 2257 905 2314 defensione
949 2259 1239 2329 discipulis
1290 2259 1696 2331 persuadebant
1720 2278 1881 2330 quam
1914 2278 2057 2319 nunc

450 2349 746 2420 Apostolus
774 2350 1165 2406 conﬁdentiam
1196 2353 1250 2407 in
1281 2369 1448 2410 carne
1473 2367 1653 2421 vocat,
1682 2355 1828 2428 quod
1850 2356 2060 2413 scilicet

447 2452 558 2499 tam
583 2443 855 2498 Gentibus
886 2442 1005 2517 [AL
1035 2444 1402 2520 Gentilibus],
1430 2461 1569 2519 quos
1589 2448 1876 2516 timebant,
1895 2465 2057 2521 quam

450 2534 683 2601 Iudaeis,
730 2537 825 2605 qui
876 2538 1139 2594 volebant
1191 2539 1427 2609 placere,
1479 2540 1955 2598 circumcisionem
2006 2544 2058 2598 in

451 2630 842 2698 persecutione
867 2640 1259 2701 proponerent.
1290 2619 1427 2687 Nam
1457 2649 1561 2689 nec
1590 2633 1766 2689 ludaai
1804 2638 2059 2706 persequi

453 2734 551 2775 eos
582 2731 859 2790 poterant,
894 2738 996 2779 nec
1022 2724 1291 2795 Gentiles,
1319 2741 1457 2799 quos
1482 2727 1742 2784 videbant
1769 2727 1878 2802 [ΑΙ.
1909 2729 2057 2786 vole-

452 2811 609 2886 bant]
636 2824 689 2869 et
717 2817 1025 2889 proselytos
1046 2818 1467 2889 circumcidere,
1493 2830 1548 2877 et
1570 2819 1721 2892 ipsos
1741 2821 1903 2894 Legis
1923 2838 2062 2894 prie-

453 2915 611 2975 cepta
635 2921 879 2964 servare.

527 3000 716 3071 Neque
746 3004 881 3056 enim
910 3004 998 3075 qui
1019 3002 1049 3041 ι)
1094 3004 1384 3062 circumcisi
1426 3017 1568 3079 sunt,
1600 3009 1655 3063 hi
1682 3006 1873 3083 Legem
1896 3022 2067 3066 custov

454 3096 631 3162 diunt,
661 3096 751 3149 sed
791 3097 969 3151 volunt
1014 3115 1102 3153 vos
1130 3099 1452 3170 circumcidi,
1504 3108 1563 3156 ut
1606 3102 1660 3158 in
1709 3121 1864 3162 carne
1901 3117 2066 3161 vestra

2159 1902 2259 1957 que
2278 1887 2617 1958 pra’putium,
2643 1886 2735 1942 sed
2757 1903 2889 1942 nova
2915 1896 3169 1941 creatura.
3202 1883 3491 1955 Quomodo
3513 1882 3698 1940 ﬁdelis
3720 1894 3772 1940 et

2161 1978 2420 2046 inﬁdelis,
2448 1994 2572 2035 cum
2602 1993 2745 2036 unus
2783 1979 2857 2034 sit
2887 1994 2987 2050 per
3015 1976 3402 2042 substantiam,
3436 1977 3493 2032 in
3517 1976 3659 2032 duos
3687 1976 3769 2032 di-

2160 2072 2367 2128 viditur
2405 2072 2565 2146 juxta
2619 2073 2993 2146 intelligentiae
3040 2074 3459 2139 diversitatem,
3508 2074 3773 2143 Apostolo

2161 2164 2382 2222 dicente
2413 2181 2433 2221 :
2454 2165 2825 2239 Exspatiantes
2852 2183 2937 2224 vos
2964 2177 3186 2224 veterem
3212 2166 3479 2222 hominem
3502 2182 3623 2223 cum
3647 2182 3772 2239 ape-

2162 2259 2303 2314 ribus
2323 2262 2459 2333 ejus,
2482 2270 2530 2316 et
2559 2261 2828 2315 induentes
2856 2278 3070 2331 novum,
3094 2263 3185 2332 qui
3204 2271 3482 2317 renovatur
3509 2262 3565 2316 in
3592 2264 3775 2333 cogni-

2163 2354 2356 2408 tionem
2374 2354 2533 2426 juxta
2577 2356 2856 2429 imaginem
2886 2354 3148 2411 Creatoris
3177 2355 3404 2429 (Coloss.
3431 2372 3515 2423 ιιι,
3550 2356 3605 2423 9,
3631 2357 3726 2423 10)
3756 2371 3771 2411 ;

2164 2447 2244 2502 sic
2271 2457 2327 2502 et
2350 2446 2589 2504 mundus
2618 2464 2745 2504 eum
2773 2448 3072 2504 secundum
3106 2448 3467 2504 substantiam
3512 2461 3654 2503 unus
3679 2449 3772 2519 sit,

2165 2540 2464 2596 secundum
2486 2557 2711 2598 sensum
2748 2542 2890 2597 alius
2912 2552 2999 2609 atq
3011 2556 3078 2598 ne
3104 2540 3245 2597 alius
3288 2541 3547 2598 el’ﬁcitur.
3574 2539 3775 2596 Pecca-

2168 2633 2294 2701 tori,
2326 2633 2562 2689 mundus
2605 2646 2764 2691 vetus
2805 2643 2927 2691 est:
2958 2644 3168 2703 sancto,
3215 2651 3412 2691 novus.
3454 2636 3591 2690 Cum
3627 2634 3773 2690 enim

2166 2735 2361 2784 sancto
2398 2728 2636 2786 mundus
2682 2729 2851 2787 fuerit
2894 2730 3211 2797 cruciﬁxus,
3243 2745 3585 2801 nequaquam
3614 2736 3701 2785 est
3726 2727 3775 2785 ei

2166 2820 2523 2879 circumcisio
2545 2831 2603 2878 et
2632 2823 2958 2897 praeputium
2987 2842 3001 2879 :
3026 2839 3134 2879 non
3155 2822 3398 2889 Judaeus,
3431 2838 3608 2894 neque
3627 2822 3776 2879 Gen-

2170 2914 2283 2969 tilis
2314 2932 2329 2968 :
2354 2914 2449 2971 sed
2479 2930 2615 2974 nova
2644 2928 2916 2984 creatura,
2941 2917 2995 2972 itt
3023 2933 3185 2989 quam
3211 2916 3632 2988 transﬁguntur
3652 2930 3774 2972 cor-

2167 3022 2271 3078 pus
2319 3007 2643 3065 humilitatis
2689 3017 2916 3081 nostraa,
2972 3008 3258 3069 conlorme
3304 3009 3554 3080 corporis
3584 3007 3773 3081 glorizc

2168 3100 2375 3159 Christi
2404 3119 2419 3160 :
2456 3102 2649 3160 Vetera
2680 3102 2885 3174 quippe
2917 3103 3271 3164 transierunt.
3304 3117 3434 3158 cccc
3476 3100 3618 3157 facta
3648 3107 3776 3154 sunt

457 3186 765 3261 glorientur.
796 3189 1026 3259 Propter
1067 3191 1466 3260 inﬁrmitatem,
1489 3196 1682 3269 inquit,
1714 3198 1916 3263 carnis,
1944 3197 2062 3258 Lex
2091 3187 2142 3253 ϐ
2172 3196 2351 3252 omnia
2381 3210 2523 3252 nova
2577 3194 2642 3269 (ll
2673 3192 2793 3251 Cor.
2819 3196 2899 3266 v).
2931 3194 3001 3250 Et
3046 3195 3323 3264 quomodo
3351 3194 3457 3250 alia
3488 3203 3574 3249 εει
3600 3191 3774 3264 gloria

459 3278 680 3350 impleri
731 3297 840 3335 non
872 3289 1077 3353 potest.
1109 3282 1263 3341 Unde
1287 3291 1345 3341 et
1370 3284 1543 3342 Judaei
1589 3298 1861 3362 praecepta
1890 3292 2067 3364 magis

459 3372 740 3428 hominum
796 3385 849 3431 et
901 3375 1202 3447 doctrinas,
1255 3395 1419 3451 quam
1448 3380 1543 3436 Dei
1575 3382 1833 3441 mandata
1881 3395 2067 3443 custo-

459 3467 641 3535 diunt,
671 3484 846 3541 neque
874 3472 1221 3542 corporalem
1249 3472 1518 3533 facientes
1543 3475 1764 3548 Legem,
1812 3479 2061 3552 impossi-

459 3558 572 3615 bile
616 3560 816 3631 quippe
845 3571 931 3618 est
963 3581 977 3618 :
1013 3579 1192 3635 neque
1232 3566 1595 3637 spiritualem,
1633 3585 1800 3642 quam
1831 3586 1939 3628 non
1985 3573 2071 3629 in-

462 3654 735 3725 telligunt.
789 3655 947 3713 [lude
980 3659 1085 3714 hoc
1112 3667 1199 3714 est
1247 3676 1410 3717 omne
1436 3662 1582 3734 quod
1626 3663 1876 3731 Student,
1922 3667 2068 3737 quod

460 3756 655 3817 agunt,
688 3748 833 3819 quod
874 3750 1143 3817 nituntur,
1198 3761 1259 3808 ut
1302 3755 1447 3825 apud
1492 3754 1714 3814 Iudaeos
1761 3757 1831 3814 de
1873 3771 2070 3817 vestra:

461 3842 649 3897 carnis-
681 3840 875 3912 injuria
898 3842 1227 3913 glorientur,
1258 3854 1315 3901 et
1329 3846 1587 3917 jactitent
1607 3867 1707 3907 suo
1728 3850 1935 3909 Gentes
1957 3868 2072 3909 ma-

462 3933 692 4005 gisterio
734 3934 1117 3991 circumcisus.
1150 3937 1265 3993 Hoc
1306 3947 1490 3996 autem
1523 3950 1697 3998 totum
1749 3943 1981 4014 faciunt,
2014 3958 2072 4003 ut

461 4027 667 4084 Judzris
719 4028 989 4097 placeant,
1042 4042 1091 4082 ct
1132 4044 1454 4102 expugnatae
1482 4034 1644 4107 Legis
1690 4035 1896 4093 invidia
1943 4054 2074 4096 con-

463 4134 733 4191 qmcsltal.

541 4215 725 4289 (Vers.
757 4217 870 4289 14.)
905 4217 1040 4273 Mihi
1070 4230 1240 4275 autem
1270 4222 1403 4276 absit
1442 4223 1682 4296 gloriari,
1713 4225 1816 4281 nisi
1843 4227 1897 4283 in
1925 4244 2075 4284 cruce

466 4306 683 4363 Domini
704 4311 863 4362 nostri
890 4308 923 4362 J
929 4327 1015 4364 esu
1037 4308 1251 4377 Christi,
1274 4329 1365 4386 per
1385 4330 1535 4385 quem
1560 4314 1691 4371 mihi
1713 4319 1938 4374 mundus
1956 4338 2077 4377 cru-

467 4401 656 4470 ci/iatus
685 4410 777 4469 est,
801 4411 846 4457 et
864 4420 957 4474 ego
983 4404 1201 4458 mundo.
1230 4405 1391 4460 Solus
1412 4418 1592 4478 pOIest
1612 4409 1669 4465 in
1692 4425 1854 4468 cruce
1870 4410 2074 4471 Christi

469 4494 723 4563 gloriari,
754 4494 844 4563 qui
870 4495 1016 4549 tollit
1049 4510 1190 4564 eam,
1223 4509 1279 4552 et
1306 4502 1556 4571 sequitur
1587 4501 1951 4573 Salvatorem,
1979 4509 2073 4579 qui

2168 3290 2324 3356 solis,
2356 3290 2461 3344 alia
2494 3290 2661 3368 lunae,
2684 3288 2787 3346 alia
2809 3288 3094 3345 stellarum
3126 3307 3139 3342 :
3166 3287 3331 3346 Stella
3356 3287 3545 3360 quippe
3572 3302 3606 3339 α
3625 3286 3776 3341 stella

2168 3381 2346 3451 differt
2370 3383 2428 3439 in
2455 3382 2624 3455 gloria
2649 3397 2667 3437 :
2695 3382 2771 3436 sic
2794 3390 2840 3436 et
2865 3381 3175 3436 resurrectio
3219 3392 3546 3435 mortuorum
3577 3379 3623 3453 (l
3651 3378 3772 3435 Cor.

2170 3492 2259 3544 xv,
2291 3475 2388 3543 4|,
2416 3475 2533 3547 62).
2567 3476 2644 3533 De
2685 3490 2791 3546 qua
2821 3483 2877 3531 et
2910 3474 3099 3531 Daniel
3140 3475 3257 3546 pari
3289 3488 3425 3529 voce
3450 3471 3772 3537 concordat,

2169 3566 2403 3625 dicens:
2434 3566 2660 3622 Plurimi
2701 3566 3070 3623 dormientium
3117 3566 3183 3621 de
3211 3573 3361 3620 terra:
3408 3565 3619 3638 pulvere
3660 3577 3776 3619 sur-

2169 3671 2292 3739 gent
2316 3678 2337 3719 :
2367 3661 2422 3717 hi
2469 3662 2524 3717 in
2551 3662 2709 3717 vitam
2751 3669 3018 3728 cateruam,
3048 3666 3095 3713 et
3124 3658 3177 3713 hi
3204 3658 3257 3713 in
3283 3656 3618 3729 opprobrium
3645 3666 3693 3710 et
3721 3655 3778 3711 in

2172 3756 2527 3828 confusionem
2552 3765 2798 3810 wtcrnam
2822 3751 2991 3825 (Dan.
3018 3767 3125 3818 xtl,
3154 3750 3237 3823 3);
3267 3760 3326 3807 et
3358 3767 3374 3807 :
3418 3747 3775 3822 Intelligenzes

2172 3851 2440 3925 fulgebunt
2488 3852 2624 3907 sicut
2675 3849 2924 3921 splendor
2958 3847 3296 3920 ﬁrmamenti.
3351 3844 3416 3901 Et
3460 3843 3532 3899 de
3563 3840 3771 3914 jus.is:

2176 3943 2333 3999 Multi
2364 3945 2496 3998 sicut
2517 3941 2683 3998 stella:
2702 3944 2754 3995 in
2776 3942 3168 4013 sempiternum.
3197 3938 3384 4007 Neque
3404 3939 3551 3991 enim
3586 3934 3638 3988 in
3659 3932 3776 3988 solc

2175 4047 2230 4093 et
2278 4038 2429 4103 luna,
2477 4035 2827 4091 ﬁrmamento
2856 4042 2911 4087 et
2936 4032 3146 4099 stellis,
3196 4030 3542 4086 circumcisio
3571 4023 3774 4097 aliquid

2175 4132 2341 4198 valet,
2371 4141 2465 4186 aut
2497 4128 2821 4200 praeputium
2845 4146 2860 4182 :
2888 4127 2984 4182 sed
3014 4138 3096 4181 est
3120 4140 3255 4180 nova
3286 4123 3532 4181 conditio
3552 4122 3669 4175 sine
3693 4121 3778 4175 his

2177 4223 2424 4295 partibus
2455 4236 2769 4292 corporum,
2802 4236 2924 4291 qua:
2962 4228 3193 4291 possunt
3224 4216 3421 4271 secari.
3445 4215 3521 4270 lla
3543 4215 3702 4287 igitur
3724 4219 3780 4268 ct

2179 4334 2278 4375 nos
2325 4318 2421 4389 qui
2469 4315 2746 4386 diligimus
2776 4314 2977 4382 Deum,
3025 4324 3078 4367 et
3129 4322 3435 4385 pra-parata
3463 4319 3591 4366 sunt
3618 4308 3780 4364 nobis

2178 4430 2301 4484 quae
2330 4427 2433 4468 nec
2467 4410 2660 4467 oculus
2685 4407 2847 4475 vidit,
2879 4423 2978 4463 nec
3021 4407 3169 4462 auris
3212 4404 3443 4473 audivit,
3476 4421 3573 4460 nec
3597 4405 3649 4459 in
3681 4416 3779 4458 cor

2180 4504 2416 4562 hominis
2462 4501 2835 4557 ascenderunt
2875 4500 2920 4575 (l
2948 4497 3067 4555 Cor.
3094 4498 3175 4570 ιι),
3204 4515 3328 4554 cum
3358 4497 3429 4554 de
3454 4496 3611 4571 533
3653 4511 3779 4551 cor—

472 4587 749 4642 cruciﬁxil
768 4603 989 4641 carnem
1022 4602 1174 4643 suam
1198 4606 1321 4645 cum
1342 4593 1492 4648 vitiis
1520 4599 2072 4670 etconcupiscentiis,
2100 4581 2152 4641 Ῑ)
2182 4614 2314 4670 pore
2337 4595 2659 4661 humilitatis
2678 4593 3051 4661 translnrtnati
3082 4589 3343 4646 luerimus
3363 4590 3417 4645 in
3441 4605 3635 4659 corpus
3657 4589 3782 4656 glo-

471 4679 564 4749 qui
595 4690 840 4734 mortuus
868 4692 953 4736 cst
985 4685 1207 4752 mundo,
1242 4696 1295 4741 et
1322 4702 1431 4741 non
1449 4690 1853 4759 contemplatur
1872 4708 1939 4750 ea
1954 4711 2077 4766 qua

472 4775 750 4839 videntur,
784 4776 879 4831 sed
913 4793 1031 4846 quae
1073 4793 1179 4833 non
1226 4781 1525 4837 videntur:
1572 4783 1765 4840 videns
1814 4789 2076 4847 mundum

472 4869 819 4933 cruciﬁxum,
853 4881 910 4925 et
954 4878 1327 4929 transeuntem
1360 4875 1587 4944 ﬁguram
1628 4879 1771 4946 ejus.
1801 4879 2076 4955 Cruciﬁgi-

476 4974 564 5017 tur
610 4972 791 5017 autent
819 4964 971 5033 justo
1003 4968 1242 5022 mutulos
1274 4968 1383 5034 illo,
1415 4968 1484 5021 de
1533 4987 1643 5039 quo
1670 4971 1925 5031 Salvator
1954 4978 2028 5033 ait
2062 4996 2076 5034 :

475 5056 590 5125 Ego
615 5057 713 5110 vici
744 5057 991 5111 mundum
1023 5055 1201 5128 (Joun.
1230 5075 1339 5125 XVI,
1374 5060 1486 5132 55).
1514 5061 1583 5117 Ει
1613 5082 1625 5117 ;
1660 5063 1841 5121 Nolite
1866 5069 2083 5144 diligere

473 5149 743 5202 mundum.
779 5149 846 5203 Et
874 5166 887 5206 ;
938 5146 1063 5202 Non
1105 5153 1373 5222 accepistis
1400 5155 1639 5223 spiritum
1666 5176 1693 5210 ιε
1722 5161 1936 5215 mundo.
1980 5162 2082 5219 Cui

476 5264 488 5285 ι
512 5260 521 5295 2
544 5243 768 5295 ucilixus
792 5250 876 5295 est
904 5241 1161 5306 mundus,
1194 5243 1320 5297 huic
1348 5246 1583 5302 mundus
1612 5256 1668 5304 et
1690 5264 1943 5308 mortuus
1961 5266 2042 5310 est
2067 5274 2079 5309 :

474 5343 523 5379 et
555 5332 665 5398 jam
697 5332 746 5384 ei
778 5332 927 5387 venit
950 5333 1136 5388 mundi
1165 5339 1584 5407 Consummatio,
1628 5350 1684 5396 et
1727 5343 1832 5414 dign
1856 5361 1923 5400 us
1948 5346 2083 5404 elle-

471 5446 499 5480 c
532 5441 591 5478 us
638 5439 777 5479 novo
804 5425 964 5496 coelo,
992 5436 1047 5483 et
1077 5443 1217 5484 nova
1244 5438 1412 5498 terra,
1443 5440 1500 5488 et
1529 5448 1672 5490 novo
1697 5434 2075 5511 Testamento,

547 5586 855 5666 {Negandi
909 5588 1263 5666 particulam,
1312 5610 1475 5666 quam
1524 5605 1711 5655 tamen
1751 5607 1807 5656 et
1849 5600 2077 5662 Graecus

474 5660 673 5735 probat
702 5668 897 5735 textus,
933 5662 1103 5735 nostri
1136 5662 1223 5719 hic
1252 5660 1506 5735 ignorant
1536 5685 1668 5725 mss.

545 5726 576 5766 δ
605 5729 783 5807 Nostri
813 5747 942 5786 mss.
955 5774 969 5796 ,
986 5734 1075 5801 qui
1094 5726 1562 5807 circumciduntur;
1581 5744 1797 5799 variant
1811 5753 1867 5800 et
1881 5744 2072 5803 Graeca

473 5802 829 5873 exemplaria,
859 5818 1096 5874 quorum
1138 5807 1244 5863 alia
1283 5802 1694 5888 περιτιμνᾶμινοι
1718 5855 1735 5886 ,
1766 5816 1873 5874 alia
1917 5802 2071 5893 περιέ

2178 4694 2275 4748 rite
2310 4692 2521 4747 Domini
2571 4690 2701 4747 Jesu
2754 4686 2982 4758 Christi,
3040 4686 3170 4742 illud
3224 4685 3545 4742 habebimus
3580 4697 3780 4753 corpus

2178 4785 2323 4857 quod
2355 4800 2453 4840 nec
2477 4784 2703 4841 Jutla'us
2740 4783 2913 4853 possit
2947 4781 3209 4849 incidere,
3240 4796 3337 4835 nec
3363 4795 3485 4833 cum
3516 4776 3778 4848 pra-potio

2179 4876 2464 4935 custodire
2480 4876 2734 4934 Gentilis.
2757 4873 2875 4931 Non
2906 4874 3050 4944 quod
3078 4871 3221 4928 aliud
3238 4871 3398 4943 juxta
3420 4868 3777 4927 substantiam

2182 4975 2295 5029 sit:
2330 4972 2425 5028 sed
2455 4969 2598 5042 quod
2624 4970 2779 5040 juxta
2825 4968 3054 5042 gloriam
3102 4971 3173 5022 sit
3219 4966 3518 5022 diversum.
3564 4963 3777 5036 Oportet

2179 5069 2315 5122 enim
2342 5064 2558 5122 mortale
2594 5066 2690 5120 hoc
2716 5066 2928 5119 induere
2953 5063 3419 5132 immortalitatem,
3445 5071 3495 5116 et
3518 5063 3777 5130 corrupti-

2177 5177 2298 5216 vum
2323 5159 2420 5216 hoc
2460 5159 2847 5230 incorruptione
2875 5157 3047 5213 vestiri
3095 5155 3142 5225 ll
3192 5154 3312 5210 Cor.
3370 5170 3460 5220 xv,
3493 5151 3606 5225 5'5).
3637 5150 3779 5206 Huic

2177 5255 2312 5327 quid
2344 5254 2521 5308 simile
2564 5262 2622 5308 et
2669 5254 2862 5307 beatus
2890 5248 3228 5322 evangelista
3255 5248 3498 5303 Joannes
3532 5244 3779 5300 sentiens

2180 5361 2266 5407 est
2286 5350 2499 5405 locutus
2526 5365 2539 5401 :
2573 5346 2897 5414 Charissimi,
2933 5360 3069 5398 nunc
3097 5341 3197 5397 Dei
3222 5340 3321 5410 ﬁlii
3341 5357 3517 5395 sanius
3542 5355 3563 5393 :
3581 5347 3626 5392 et
3650 5353 3780 5391 nec-

2181 5446 2305 5498 dum
2328 5442 2662 5513 manifestum
2686 5448 2763 5495 est
2783 5439 2907 5511 quid
2928 5437 3095 5510 futuri
3122 5436 3307 5492 simus.
3351 5434 3557 5491 Scimus
3579 5431 3703 5504 quia
3731 5430 3778 5485 si

2182 5602 2828 5687 "TMWO.Lprml'_erttttt.
2928 5670 2944 5687 .
3042 5686 3047 5687 γ
3191 5684 3206 5687 Α

2253 5663 2284 5716 ε’
2308 5663 2411 5732 Pro
2440 5663 2709 5730 ait'verho
2732 5714 2747 5740 ,
2801 5670 2945 5745 quod
2978 5686 3109 5727 mss.
3143 5669 3318 5745 nostri
3336 5680 3536 5735 omnes
3580 5663 3781 5745 praefe-

2178 5758 2341 5877 rt‘tht,
2378 5757 2567 5831 .antea
2626 5738 2907 5817 legebaiur
2954 5745 3109 5816 quasi
3163 5741 3307 5797 sacri
3372 5748 3546 5795 textus
3598 5738 3778 5807 partio

2178 5832 2211 5877 ο
2271 5834 2325 5877 ι.
2370 5827 2461 5874 ιω.

2177 5827 2325 5890 ctua,
2370 5827 2461 5874 ita.
