3962 6338
186 270 277 338 ιδ’]
642 268 1300 326 COMMENTARIORUM
1340 268 1408 326 IN
1452 269 1841 332 EPISTULAM
1882 273 1973 330 AD
2018 274 2514 369 GALA'I‘ASLIB.
2561 278 2649 334 lll.
2693 280 2847 336 CAP.
2890 281 2980 336 Vl.

3344 285 3454 343 458

186 394 533 464 manifestatum
557 388 737 458 fuerit,
763 389 962 444 similes
986 389 1032 443 ei
1063 390 1259 444 erimus
1290 390 1455 462 :quia
1477 390 1759 447 videbimus
1789 395 1835 454 Α
1865 393 2105 463 veritati,
2135 396 2332 467 quierit
2371 395 2499 467 quid
2530 396 2879 467 respondeat,
2912 404 2968 453 et
2991 398 3187 469 quibus
3217 401 3461 462 nitantur

185 503 283 546 eum
304 485 428 540 sicut
464 482 576 555 ipse
604 491 680 537 est
714 481 758 554 (l
778 481 939 535 loan.
973 494 1053 550 ιιι,
1082 481 1166 552 2).
1198 482 1333 551 Quia
1366 497 1499 556 ergo
1526 484 1757 540 necdum

186 578 561 640 manifestatum
592 574 701 649 [ΑΙ.
737 574 1114 651 manifestum]
1139 586 1225 632 cst
1261 576 1395 632 illud
1423 593 1624 650 corpus
1644 578 1762 650 glo-

184 676 267 732 ria:
286 672 404 729 Jesu
429 670 661 735 Christi,
692 671 839 742 quod
871 680 924 726 et
952 671 1183 741 vestigia
1213 671 1494 730 clavorum
1522 682 1644 745 post
1672 688 1760 731 re-

185 765 547 825 surrectiouem
570 763 783 829 habuit,
810 772 866 820 et
889 764 1091 820 clausis
1110 764 1293 834 januis
1315 775 1400 822 est
1416 767 1757 838 ingressum:

187 874 271 916 nos
295 857 377 927 qui
404 857 515 926 jam
564 872 711 911 nunc
761 856 815 911 in
864 857 1194 927 baptismate
1219 857 1442 914 Christo
1469 874 1764 916 conresur-

185 954 419 1015 rcsimus.
453 953 505 1007 in
541 966 741 1006 novum
772 953 946 1007 renati
979 951 1285 1019 hominem,
1337 968 1436 1007 nec
1479 953 1764 1009 circumci-

187 1046 327 1117 sioni,
358 1061 455 1102 nec
484 1046 755 1116 przeputio
784 1045 1091 1101 serviamus
1124 1064 1140 1103 :
1172 1046 1271 1103 sed
1303 1046 1446 1118 quod
1478 1044 1648 1109 futuri
1671 1063 1763 1105 su-

189 1159 308 1205 ιιιιιε,
332 1142 436 1210 jam
469 1156 619 1196 nunc
647 1156 747 1196 nos
775 1156 899 1196 esse
930 1142 1242 1197 credamus.

246 1235 409 1307 (Vers.
439 1234 555 1301 16.)
590 1234 656 1289 Et
683 1236 995 1308 quicumque
1024 1236 1157 1289 hanc
1182 1236 1417 1309 regulam
1451 1246 1759 1309 sequuntur,

188 1344 277 1401 pax
301 1344 445 1396 super
476 1329 619 1394 illos,
654 1337 703 1382 et
754 1328 1133 1394 misericordia,
1166 1336 1213 1383 et
1240 1344 1402 1400 super
1443 1325 1613 1383 Israel
1642 1328 1759 1385 Dei.

189 1424 257 1482 ΑιΙ
284 1439 519 1479 normam
575 1423 759 1479 omnia
798 1423 1150 1493 diriguntur;
1180 1431 1236 1479 et
1267 1432 1452 1491 utrum
1489 1439 1653 1494 prava
1677 1439 1767 1480 re-

189 1527 322 1573 ctave
348 1518 618 1585 sint,cum
647 1518 831 1586 regula
856 1517 1108 1589 apposita
1136 1515 1654 1589 fuerit,arguuntur.
1684 1518 1764 1574 Ita

190 1622 235 1668 et
262 1612 496 1668 doctrina
531 1612 629 1667 Dei
655 1611 906 1683 quaedam
936 1611 1092 1680 quasi
1141 1627 1335 1667 norma
1358 1612 1631 1667 sermonis
1653 1618 1759 1681 est,

190 1721 289 1778 qtue
310 1705 447 1761 inter
470 1704 619 1775 iusta
643 1703 855 1775 iudicat
884 1714 938 1759 et
966 1702 1172 1775 iniusta
1199 1721 1213 1757 :
1236 1719 1401 1775 quam
1427 1704 1520 1775 qui
1545 1712 1764 1759 secutus

1862 495 2077 554 contra,
2121 488 2263 544 sciat
2312 502 2372 544 se
2412 490 2775 560 rcSpousione
2806 505 2914 544 non
2948 490 3198 561 dignum,
3221 494 3313 565 qui
3344 510 3459 549 ma-

1860 580 1943 651 gis
1973 579 2306 636 contendere
2333 593 2554 653 paratus
2571 590 2676 649 est,
2704 596 2868 653 quam
2898 581 3108 638 doceri.

1933 672 2050 747 Ego
2074 682 2249 730 autem
2283 676 2530 748 stigmata
2576 675 2790 731 Domini
2830 673 2959 731 Iesu
2998 676 3052 732 in
3083 693 3300 751 corpore
3346 695 3462 735 meo

1862 779 2031 841 porto.
2063 771 2165 839 Qui
2191 781 2310 843 post
2337 770 2631 827 adventum
2661 770 2864 827 Christi
2892 772 2945 827 in
2971 787 3138 829 carne
3174 773 3463 830 circumci-

1862 862 2034 930 ditur,
2061 878 2170 918 non
2220 873 2401 932 portat
2446 865 2700 935 stigmata
2736 863 2946 921 Domini
2973 864 3104 922 Jesu
3131 882 3147 933 ;
3176 866 3271 922 sed
3298 866 3463 923 habet

1863 956 2091 1028 gloriam
2126 957 2177 1011 in
2203 957 2524 1014 confusione
2553 972 2669 1013 sua.
2702 958 2806 1025 Qui
2838 973 2968 1013 vero
2997 958 3048 1012 in
3086 958 3259 1030 plagis
3294 974 3459 1030 supra

1865 1051 2111 1117 modum,
2141 1050 2194 1105 in
2225 1050 2541 1105 carceribus
2598 1050 2935 1129 frequenter,
2975 1061 3060 1106 ter
3088 1050 3255 1123 virgis
3289 1066 3466 1109 caesus

1864 1152 1968 1208 est,
2001 1144 2169 1200 semel
2198 1143 2475 1216 lapidatus
2500 1157 2607 1212 est,
2638 1154 2694 1199 et
2745 1155 2941 1201 caetera
2972 1161 3094 1216 quae
3137 1145 3192 1201 in
3215 1146 3465 1217 catalogo

1865 1237 2069 1307 scripta
2101 1245 2229 1291 sunt
2257 1237 2551 1306 gloriandi.
2580 1236 2668 1292 hic
2710 1239 2966 1308 stigmata
2994 1237 3207 1292 Domini
3247 1236 3376 1293 Jesu
3410 1239 3465 1295 in

1865 1347 2098 1402 corpore
2130 1346 2232 1387 suo
2271 1341 2477 1403 portat.
2510 1330 2676 1387 Forte
2700 1342 2753 1387 et
2794 1332 2841 1386 is
2872 1331 2965 1403 qui
2995 1341 3235 1387 macerat
3263 1347 3467 1404 corpus

1864 1440 2045 1486 suum,
2103 1430 2161 1479 et
2225 1422 2447 1491 subjicit
2494 1422 2796 1487 servituti,
2864 1438 2933 1477 ne
2997 1423 3117 1479 aliis
3162 1424 3468 1497 praedicans

1867 1516 1983 1586 ipse
2038 1515 2308 1583 reprobus
2357 1515 2708 1580 inveniatur,
2752 1523 2933 1584 portat
2960 1514 3213 1586 stigmata
3254 1516 3471 1575 Domini

1869 1608 1996 1666 Jesu
2029 1610 2081 1663 in
2112 1623 2346 1678 oorpore
2370 1594 2493 1663 ‘suo
2524 1607 2566 1679 (l
2594 1606 2714 1663 Cor.
2744 1610 2842 1677 ιι).
2872 1606 3224 1662 Laetabantur
3254 1618 3309 1665 et
3336 1624 3470 1682 apo-

1866 1702 1992 1759 stoli
2020 1701 2164 1774 quod
2220 1700 2368 1773 digni
2402 1700 2616 1755 fuerant
2643 1716 2739 1771 pro
2766 1702 2987 1756 nomine
3012 1698 3142 1756 Jesu
3174 1710 3464 1759 contume‘

190 1796 351 1857 fuerit.
370 1798 597 1853 habebit
620 1812 811 1868 pacem
838 1798 891 1851 in
916 1796 1213 1866 semetipso
1240 1811 1361 1867 qua:
1389 1804 1619 1864 superat
1648 1811 1761 1851 om-
1791 1801 1836 1861 B
1864 1797 1992 1851 liam
2020 1795 2130 1863 pati
2156 1793 2296 1866 (Art.
2331 1796 2406 1859 v).

193 1907 299 1948 nem
330 1907 546 1947 sensum
579 1908 594 1957 ;
626 1900 683 1946 et
715 1900 837 1959 post
882 1906 1103 1958 pacem,
1160 1889 1598 1945 misericordiam
1647 1904 1770 1959 qua:

192 1986 435 2057 pracipua
466 1995 552 2041 est
575 1985 627 2038 in
652 1982 750 2038 Dei
782 1984 968 2038 Israel.
993 1983 1091 2038 Dei
1119 1997 1255 2038 vero
1275 1983 1442 2039 Israel
1469 1981 1647 2038 dictus
1664 1990 1769 2051 est,

193 2079 250 2133 ad
294 2080 695 2135 distinctionem
740 2079 862 2146 eius
889 2079 980 2150 qui
1014 2078 1111 2134 Dei
1142 2078 1313 2133 Israel
1338 2093 1459 2133 esse
1503 2079 1765 2139 cessavit.

193 2173 366 2229 Dicunt
386 2174 532 2228 enim
568 2188 630 2230 se
661 2189 785 2228 esse
814 2172 1057 2237 Judmos,
1081 2183 1131 2227 et
1158 2189 1267 2227 non
1298 2180 1460 2238 sunt;
1484 2172 1579 2227 sed
1614 2189 1768 2227 men-

193 2265 394 2335 tiuntur,
429 2283 555 2322 cum
586 2267 700 2320 sint
729 2265 796 2322 de
820 2282 1093 2339 synagoga
1119 2265 1356 2321 Satran'r.
1384 2264 1496 2320 Nec
1526 2265 1769 2331 mireris,

191 2357 231 2413 si
276 2358 336 2414 ad
386 2360 752 2416 imitationem
800 2359 1108 2430 spiritualis
1156 2359 1350 2425 Israel,
1410 2359 1644 2413 carnalis
1698 2359 1772 2416 sit

192 2450 469 2524 lsrael,qui
502 2469 605 2510 nec
634 2468 822 2524 pacem
852 2453 1050 2509 haheat
1080 2467 1179 2509 nec
1202 2453 1636 2509 misericordiam
1663 2470 1679 2519 ;
1703 2453 1771 2510 de

193 2562 285 2617 quo
311 2557 367 2605 et
401 2548 467 2604 ad
516 2547 835 2604 Corinthios
863 2548 1154 2605 scribitur:
1197 2545 1377 2603 Videte
1403 2545 1572 2602 Israel
1591 2564 1773 2603 secun-

194 2639 300 2694 dum
340 2659 548 2697 carnem
582 2642 625 2715 (ι
673 2641 795 2697 Cor.
822 2658 876 2706 x,
928 2640 1017 2711 18)
1051 2658 1065 2707 ;
1120 2656 1244 2697 cum
1277 2639 1345 2696 ad
1409 2641 1771 2697 imitationem

194 2745 391 2802 quoque
416 2732 509 2788 Dei
541 2742 597 2788 et
646 2732 884 2797 Domini,
915 2732 1070 2787 multi
1116 2734 1227 2788 sint
1283 2733 1380 2793 dii.
1408 2740 1467 2788 et
1495 2732 1651 2788 multi
1676 2732 1773 2789 do-

194 2826 332 2895 mini,
350 2827 465 2884 sive
485 2827 540 2883 in
564 2828 731 2891 creto,
763 2828 879 2883 sive
908 2827 961 2883 in
994 2839 1163 2883 terra.
1194 2826 1433 2883 Pulchre
1456 2834 1637 2882 autem
1662 2841 1772 2883 uno

197 2933 448 2987 sermone,
480 2929 540 2975 ut
569 2920 857 2990 epistolam
909 2919 1061 2988 juxta
1109 2919 1455 2991 propositum
1485 2935 1774 2992 argumen-

197 3020 295 3082 tum
324 3014 519 3078 ﬁniret,
570 3012 746 3070 Israel
776 3012 871 3068 Dei
897 3013 1151 3079 vocavit;
1197 3027 1306 3084 quo
1349 3012 1559 3068 scilicet
1588 3013 1770 3068 omnia

196 3118 303 3177 qua:
325 3122 485 3179 supra
512 3106 658 3162 dicta
700 3114 851 3170 sunt,
903 3122 1013 3162 non
1068 3116 1223 3162 extra
1282 3119 1502 3159 causam
1531 3121 1546 3172 ;
1577 3103 1671 3160 sed
1703 3120 1769 3161 ex

197 3213 342 3258 causa
366 3201 635 3273 disputata
664 3202 984 3259 doceantur.

262 3294 431 3368 (Vers.
460 3296 574 3367 l7.)
608 3295 688 3352 De
711 3307 898 3351 cetera
926 3311 1077 3349 nemo
1103 3294 1236 3349 mihi
1263 3295 1508 3350 molestus
1533 3294 1619 3349 sit.
1650 3294 1767 3351 Non

202 3387 334 3456 quasi
351 3386 617 3444 defecerit
645 3388 699 3443 iu
729 3388 1006 3455 docendo;
1037 3387 1131 3442 sed
1157 3403 1264 3460 quo
1292 3397 1346 3443 et
1368 3387 1600 3458 agricola
1626 3386 1771 3443 hunc

202 3477 381 3537 habeat
410 3491 436 3521 ³
465 3482 735 3547 laborem,
767 3483 812 3539 si
844 3500 963 3555 qum
989 3481 1152 3557 535
1180 3482 1509 3554 plantaverit
1537 3483 1769 3553 virgulta

202 3571 492 3642 siccentur;
525 3585 582 3633 et
608 3585 797 3647 pastor
841 3574 1298 3645 sollicitudinem,
1347 3575 1392 3630 si
1419 3560 1611 3645 pecora
1648 3590 1771 3647 qum

205 3679 605 3739 congregaverat
655 3668 915 3739 dissipata
975 3670 1267 3725 lanientur.
1314 3669 1507 3725 Melius
1556 3686 1688 3741 ergo
1716 3669 1770 3728 in

206 3755 369 3816 Greco
390 3762 612 3833 legitur,
639 3760 718 3818 De
745 3778 929 3818 emero
959 3761 1164 3817 labores
1179 3764 1307 3817 mihi
1330 3780 1479 3819 nemo
1492 3764 1769 3832 exhibeat;

210 3864 480 3910 nerarsum
511 3854 724 3910 scilicet
753 3856 804 3908 in
833 3856 987 3911 vobis
1021 3856 1404 3912 necessitatem
1428 3856 1661 3912 habeam
1694 3857 1774 3911 la-

208 3941 427 4003 horandi.
464 3948 738 4004 Laborem
789 3958 1014 4018 praestat
1067 3948 1352 4020 magistro.
1407 3948 1499 4018 qui
1530 3949 1690 4005 aliter
1717 3958 1776 4006 et

208 4036 320 4094 vivit
341 4048 391 4096 et
424 4042 613 4107 sentit,
643 4056 805 4112 quam
838 4041 1098 4113 magister
1125 4050 1183 4098 et
1203 4040 1631 4097 docuitetiecit.
1665 4041 1770 4097 Po-

212 4136 369 4188 testet
411 4136 823 4191 contentionem
862 4151 1052 4191 eorum
1079 4176 1095 4201 ,
1146 4135 1193 4189 si
1245 4134 1336 4206 qui
1393 4135 1775 4192 contradicere

212 4219 436 4297 deinceps
469 4228 763 4293 voluerint,
802 4227 1127 4299 praevenire,
1162 4226 1304 4298 quod
1349 4227 1512 4282 etiam
1561 4225 1628 4281 ad
1669 4227 1774 4283 Co-

212 4313 413 4374 rinthios
439 4320 492 4375 in
519 4319 761 4376 velando
788 4319 1034 4375 mulieris
1085 4320 1283 4391 capite,
1318 4327 1374 4375 et
1407 4319 1632 4375 masculi
1666 4338 1772 4374 uott

216 4408 450 4477 velanda,
502 4421 624 4484 post
674 4414 845 4467 multa
888 4412 1207 4482 complexos
1263 4422 1385 4477 est,
1433 4392 1671 4469 dicens:
1713 4413 1775 4469 Si

218 4503 312 4569 quis
337 4514 495 4560 autem
515 4507 719 4561 videtur
749 4509 1097 4561 cnntentiosus
1128 4524 1236 4561 esse
1262 4525 1280 4561 :
1312 4525 1403 4561 nos
1448 4506 1606 4561 talem
1652 4524 1776 4561 con-

1944 1886 2125 1959 (Vers.
2162 1885 2277 1959 l8.)
2326 1884 2508 1940 Gratia
2535 1884 2741 1940 Domini
2766 1883 2929 1939 nostri
2954 1881 3083 1938 Iesu
3110 1882 3327 1950 Christi,
3354 1901 3473 1940 cum

1871 1982 2060 2052 spiritu
2087 1990 2276 2046 vestro,
2310 1980 2519 2051 fratres,
2545 1979 2728 2034 Amen.
2753 1977 2871 2033 Non
2900 1976 3197 2045 dissensio,
3222 1993 3333 2033 non
3366 1977 3474 2035 Le.

1870 2074 1953 2146 gis
1999 2074 2257 2140 servitus,
2289 2087 2394 2128 non
2414 2072 2557 2138 rixa,
2582 2087 2691 2127 non
2742 2070 3003 2143 iurgium,
3034 2071 3128 2127 sed
3161 2073 3334 2142 gratia
3362 2072 3469 2127 Do-

1874 2167 2003 2222 mini
2034 2166 2161 2223 Jesu
2191 2166 2393 2222 Christi
2417 2166 2631 2221 sitcum
2663 2163 2860 2235 spiritu
2888 2165 3468 2237 vestro.Nequaquam

1872 2276 2197 2329 cumcarne,
2229 2274 2574 2331 nequaquam
2603 2274 2727 2314 cum
2766 2259 2945 2314 anima
2974 2276 2989 2326 ;
3021 2259 3137 2315 sive
3159 2260 3287 2330 quia
3313 2260 3476 2330 spiri-

1874 2358 2044 2412 tualcs
2073 2355 2216 2421 facti,
2249 2370 2377 2410 caro
2407 2364 2459 2410 et
2518 2354 2700 2410 anima
2726 2369 2849 2410 esse
2890 2353 3136 2423 desisﬁs,
3179 2355 3298 2411 sive
3326 2354 3473 2426 quod

1875 2452 1926 2506 in
1954 2449 2239 2520 principali
2266 2449 2426 2504 etiam
2451 2463 2672 2521 ea,quaa
2694 2447 2904 2503 minora
2937 2456 3085 2515 sunt,
3107 2449 3471 2520 comprehen-

1873 2544 2090 2601 dantur.
2118 2542 2313 2599 Auima
2347 2542 2491 2598 enim
2539 2553 2591 2595 et
2633 2557 2762 2596 caro
2791 2542 3039 2609 subjecta
3071 2550 3198 2597 sunt
3229 2542 3467 2613 spiritui.

1875 2638 1954 2694 De
1978 2651 2085 2709 quo
2111 2645 2166 2692 et
2193 2635 2553 2692 Ecclesiastes
2590 2635 2833 2705 loquitur
2863 2652 2874 2688 ε
2920 2635 3151 2707 Spiritus
3191 2647 3474 2691 revertetur

1874 2737 1944 2791 ad
1975 2751 2092 2790 eum
2135 2735 2223 2806 qui
2251 2733 2395 2789 dedit
2425 2730 2577 2786 illum
2628 2729 2798 2805 (Eccl.
2852 2747 2947 2799 χιι,
2974 2731 3051 2801 7).
3088 2731 3157 2786 Et
3196 2731 3396 2787 Paulus
3419 2733 3473 2790 iu

1874 2833 1983 2887 alio
2014 2831 2170 2886 loco:
2202 2827 2326 2899 Ipse
2369 2828 2586 2901 spiritus
2615 2827 2965 2884 testimonium
2997 2826 3228 2899 perhibet
3264 2830 3478 2901 spiritui

1875 2923 2256 2992 nostro(llom.
2287 2936 2404 2987 vtu,
2456 2919 2569 2992 16).
2623 2919 2751 2975 Hmc.
2788 2929 2969 2975 autem
3026 2920 3204 2992 gratia
3261 2921 3474 2979 Domini

1874 3018 2004 3077 Jesu
2037 3033 2142 3072 non
2174 3031 2299 3073 cum
2326 3013 2576 3070 omnibus
2621 3022 2723 3080 est,
2759 3012 2852 3068 sed
2881 3028 3005 3067 cum
3040 3013 3123 3068 his
3151 3014 3240 3084 qui
3273 3013 3474 3075 fratres

1874 3112 1943 3167 ab
1987 3108 2240 3181 apostolo
2291 3116 2569 3164 merentur
2597 3105 2758 3181 535
2786 3106 2993 3171 vocari,
3017 3103 3220 3161 fratres
3262 3105 3473 3178 ﬁdeles,

1798 3198 1844 3263 C
1877 3207 2187 3278 fratresque
2238 3203 2511 3276 germani,
2561 3202 2706 3274 quod
2756 3217 2901 3257 ausu
2928 3200 3153 3257 verbum
3203 3201 3483 3275 significat

1874 3302 2186 3359 llehrmum.
2214 3299 2390 3357 Amen
2413 3297 2559 3354 enim
2578 3296 2937 3368 Septuaginta
2970 3296 3323 3367 interpretes,
3348 3297 3478 3373 ﬁat;

1873 3397 2089 3469 Aquila,
2112 3394 2502 3466 Symmachus,
2538 3399 2594 3445 ct
2648 3388 2981 3457 Theodotio,
3032 3389 3281 3460 ﬁdeliter,
3333 3391 3478 3463 sive,

1872 3508 2007 3556 vere,
2039 3485 2377 3556 interpretati
2409 3493 2554 3539 sunt.
2591 3483 2657 3538 Et
2685 3480 2964 3553 quomodo
3001 3480 3055 3537 in
3087 3482 3257 3538 veteri
3288 3480 3482 3540 Testa.

1876 3592 2058 3641 mento
2082 3581 2317 3651 quadam
2349 3577 2565 3649 iurandi
2594 3575 2990 3633 consuetudine
3022 3576 3163 3631 Deus
3191 3592 3287 3632 sua
3308 3577 3479 3635 verba

1874 3678 2187 3742 confirmat,
2234 3673 2421 3728 dicens
2454 3687 2465 3725 :
2495 3669 2623 3725 Vivo
2653 3687 2770 3742 ego,
2823 3669 2947 3725 dicit
2976 3668 3231 3725 Dominus
3285 3670 3478 3744 (Num.

1874 3787 1988 3836 xsv,
2021 3769 2116 3840 ΞΒ)
2147 3786 2159 3822 :
2195 3783 2293 3839 per
2320 3776 2535 3822 sanctos
2585 3779 2803 3835 quoque
2826 3764 3083 3835 juratur:
3121 3763 3258 3819 Vivit
3303 3768 3481 3822 anima

1875 3864 2104 3931 tua;ita
2156 3871 2207 3916 ct
2239 3860 2485 3917 Salvator
2543 3866 2732 3914 noster
2785 3858 2840 3914 in
2872 3857 3169 3929 Evangelio
3215 3874 3313 3930 per
3356 3874 3481 3915 ver-

1875 3957 2004 4013 bum
2033 3954 2197 4029 536
2224 3953 2423 4020 Amen,
2469 3967 2595 4007 vera
2654 3966 2777 4007 esse
2831 3966 2952 4020 quae
3002 3951 3262 4021 loquitur,
3294 3958 3483 4008 osten-

1876 4050 1973 4107 dit.
2002 4050 2161 4116 Quod
2189 4056 2374 4103 autem
2401 4046 2576 4103 Amen
2600 4057 2934 4100 consensum
2967 4042 3487 4115 signiﬁcetaudien~

1875 4146 1967 4211 tis,
1994 4152 2050 4199 et
2074 4144 2148 4200 sit
2173 4135 2515 4212 signaculum
2541 4137 2806 4203 veritatis,
2832 4135 2898 4195 ad
2917 4134 3238 4192 Corinthios
3268 4150 3487 4209 quoque

1877 4240 2051 4311 prima
2076 4252 2177 4293 nos
2202 4235 2385 4301 docet,
2419 4234 2471 4289 in
2504 4248 2611 4305 qua
2648 4230 2854 4288 Paulus
2893 4231 2971 4285 ait
2996 4246 3009 4284 :
3033 4228 3290 4286 Craterum
3319 4231 3364 4286 si
3392 4231 3481 4288 be-

1877 4334 2138 4392 nedixeris
2195 4332 2386 4401 spiritu
2406 4374 2421 4402 ,
2466 4330 2579 4400 quis
2609 4327 2809 4400 supplet
2846 4326 3021 4381 locum
3065 4325 3245 4381 idiotas
3273 4326 3300 4381 2
3331 4326 3472 4394 Quo-

1877 4429 2031 4486 modo
2081 4428 2215 4483 dicet
2255 4442 2405 4481 arneu
2435 4440 2593 4495 super
2637 4432 2732 4477 tua
2778 4422 3131 4477 benedictione
3175 4438 3195 4478 :
3232 4423 3484 4494 quoniam

1877 4522 2086 4596 quidem
2116 4521 2275 4577 nescit
2322 4519 2447 4591 quid
2476 4518 2620 4572 dicas
2662 4516 2705 4590 (Ι
2752 4515 2874 4571 Cor.
2920 4531 3033 4583 stv,
3070 4513 3211 4589 16)?
3242 4516 3318 4572 Ex
3373 4531 3486 4588 quo

220 4597 501 4653 suetudinem
538 4615 641 4654 non
666 4599 934 4660 habemus,
992 4616 1153 4673 neque
1186 4598 1419 4654 Ecclesia
1452 4597 1549 4681 Dei
1579 4598 1620 4672 (l
1647 4597 1767 4654 Cor.
1800 4603 1853 4665 D
1877 4617 2114 4674 ostendit
2147 4632 2255 4671 ηοη
2308 4628 2470 4685 posse
2502 4611 2709 4668 ίάίοιεη
2755 4609 3097 4682 respondere
3142 4623 3488 4683 vernale“.

224 4694 284 4747 ιι.
307 4687 384 4760 l6)
415 4706 431 4746 :
458 4691 561 4748 hnc
579 4701 686 4757 est,
717 4707 819 4748 nos
848 4692 1084 4747 diximus
1106 4710 1226 4762 qua:
1258 4693 1419 4749 nobis
1441 4691 1672 4749 honesta
1692 4693 1773 4747 vi-

225 4778 454 4841 debantur
476 4795 530 4842 et
548 4786 693 4857 justa
723 4785 803 4852 ;si
832 4786 956 4857 quis
984 4794 1165 4843 autem
1196 4786 1393 4843 nolens
1419 4787 1776 4858 acquiescere

283 4947 308 4980 ⁸
330 4942 430 5002 Duo
452 4960 606 5014 mss.,
636 4947 773 5001 hunc
792 4944 979 5000 habent
1000 4945 1255 5002 dolorem.

1877 4709 2024 4783 quod
2050 4708 2274 4775 dicitur,
2304 4706 2407 4762 nisi
2446 4703 2790 4762 intellexerit
2809 4703 2955 4777 quod
2984 4702 3013 4742 ι’
3046 4702 3303 4760 docetur.

1950 4939 1979 4978 δ
2003 4938 2173 4996 Iidem
2201 4951 2364 5004 mss.,
2394 4936 2533 5007 quod
2558 4934 2775 5003 dicitur,
2802 4947 2901 5005 pro
2925 4931 3159 4988 docetur.
