3962 6338
468 308 577 367 I39

1708 312 1764 365 S.
1811 308 2077 367 EUSEBII
2121 308 2496 368 ιῑιΕιιολιίιι

3650 325 3741 390 ιιο

1099 492 2094 502 -ῌοη-η--ρ-α-..η
2179 498 2248 503 η
2369 463 2664 505 ..τ--ν

2097 496 2114 502 ο-
2129 497 2178 503 φ-
2249 497 2366 505 φάο-’ές
3721 494 3728 498 7‘

473 526 483 533 .
2681 508 2791 516 -ι--ι-
2816 508 2933 517 α-ςιο-
3024 508 3073 521 ιο
3221 510 3228 511 ί
3317 511 3322 513 -
3333 511 3350 513 Α
3361 505 3382 514 ’ν
3395 510 3432 517 οη
3451 510 3472 515 ο
3485 508 3564 514 ’τνθ-
3585 510 3606 513 ‘
3621 512 3636 516 -
3674 512 3698 516 --

1560 823 2129 890 STRIDONENSIS
2162 828 2686 911 PRESBYTER],

1260 990 2986 1147 COMMENTARIORUM

528 1400 1930 1578 EPISTOLAM
2060 1241 2388 1571 1m“)
2518 1411 3695 1591 EPHESIOS

1750 1692 2073 1778 LIBRI
2147 1693 2481 1782 TRES.
3348 1703 3370 1800 ξ

1397 1863 2832 1910 Α

1743 2002 2467 2187 aptataque.

1867 2235 2394 2288 -ιιοςδ-

541 2396 897 2474 537.533
918 2394 974 2451 Si
995 2387 1415 2467 quidquam'est,
1437 2385 1604 2443 Paula
1620 2392 1676 2440 et
1694 2376 2072 2443 Eustochium,
2099 2375 2159 2438 Δ
2184 2381 2401 2440 unicum
2425 2387 2704 2447 viduitatis
2729 2397 3032 2468 exemplar,
3057 2415 3123 2456 ne
3145 2401 3301 2458 faci!e
3327 2403 3609 2460 maledicis
3623 2414 3675 2460 et
3691 2406 3762 2462 in-

463 2493 678 2566 quodin
697 2491 918 2545 hacvita
934 2487 1238 2555 sapientem
1254 2484 1427 2539 virum
1443 2486 1655 2544 teneat,
1671 2486 1726 2533 et
1744 2474 1892 2530 inter
1915 2484 2071 2544 prrs-

465 2594 695 2643 suraset
726 2582 974 2639 turbines
993 2579 1180 2636 mundi
1211 2594 1368 2650 :rqno
1387 2576 1572 2629 animo
1602 2584 1826 2627 manere
1846 2580 2072 2637 persua-

463 2680 620 2748 deat,
672 2679 727 2733 id
778 2692 901 2733 esse
951 2675 1035 2731 νυι
1067 2675 1300 2747 primum
1356 2685 1513 2737 reor,
1553 2665 1967 2723 meditationem
2015 2666 2072 2712 et

464 2772 758 2830 scientiam
789 2769 1225 2840 Scripturarum.
1259 2764 1399 2820 Cum
1436 2762 1579 2818 enim
1620 2775 1651 2813 a
1692 2756 1908 2811 ea'teris
1954 2752 2072 2808 ani-

465 2868 741 2925 mantibus
769 2868 870 2921 hoc
893 2865 977 2919 vel
1008 2862 1243 2919 maxime
1263 2858 1604 2923 dilleramua
1627 2852 1772 2925 quod
1803 2847 2070 2906 rationale

462 2960 668 3018 animal
688 2975 874 3015 sumus
899 2969 955 3015 et
980 2956 1127 3028 loqui
1149 2968 1440 3025 possumus
1471 2968 1486 3006 :
1519 2951 1660 3006 ratio
1686 2954 1865 3002 autem
1889 2943 2068 3000 omnis

464 3063 524 3111 et
577 3069 764 3111 sermo
816 3051 1016 3109 divinis
1064 3049 1217 3104 libris
1262 3046 1638 3109 contineatur,
1691 3056 1793 3111 per
1824 3052 1962 3109 quos
2015 3043 2070 3089 rt

461 3147 638 3204 Deum
669 3144 955 3210 discimus,
988 3152 1043 3197 et
1074 3156 1241 3211 quare
1269 3139 1435 3194 creati
1461 3149 1652 3192 sumus
1689 3147 1794 3188 non
1844 3130 2066 3199 ignora-

464 3250 589 3292 mus
619 3252 634 3291 :
665 3236 837 3291 miror
864 3233 1125 3301 quosdam
1145 3230 1440 3297 exstitisse,
1472 3227 1563 3300 qui
1586 3238 1677 3281 aut
1706 3224 1807 3296 ipsi
1835 3237 1895 3278 se
1923 3222 2070 3276 iuer-

464 3331 555 3386 tiae
586 3340 644 3387 et
668 3344 866 3385 somno
891 3328 1107 3393 dantes,
1141 3326 1318 3382 nolint
1349 3339 1470 3396 qum
1508 3321 1767 3393 prteclara
1805 3325 1934 3372 sunt
1986 3316 2070 3370 di-

462 3437 660 3481 scere:
691 3430 788 3479 aut
821 3433 1074 3484 caeteros.
1100 3419 1193 3490 qui
1238 3418 1289 3474 id
1317 3415 1486 3490 studii
1523 3412 1745 3479 habent,
1767 3407 2069 3480 reprehen-

456 3516 674 3575 dendos
704 3523 917 3588 putent.
951 3514 1160 3584 Quibus
1187 3528 1309 3568 cum
1353 3510 1559 3581 possim
1621 3504 1931 3563 districtius
1979 3517 2068 3557 re-

459 3608 759 3679 spondere,
792 3616 848 3661 ct
877 3607 1114 3662 breviter
1137 3621 1235 3661 eos
1268 3603 1354 3659 vel
1388 3602 1625 3658 oll'ensos
1651 3598 1949 3664 dimittere,
1983 3595 2071 3651 vel

461 3701 730 3772 placatos,
767 3700 942 3755 multo
968 3715 1091 3755 esse
1123 3699 1317 3755 melius
1337 3696 1648 3767 Scripturas
1680 3693 2067 3763 legerc,quam

2177 2475 2316 2533 vidis
2348 2485 2607 2551 opuscula
2640 2503 2758 2543 mea
2801 2491 3071 2547 tradatis:
3106 2510 3283 2564 neque
3328 2496 3474 2552 detis
3533 2507 3760 2555 sanctum

2175 2573 2424 2664 canibus,
2451 2586 2508 2632 et
2550 2583 2872 2651 margaritas
2907 2586 3138 2643 mittatis
3167 2598 3294 2645 ante
3331 2607 3529 2660 porcos
3556 2592 3759 2664 (ﬂama.

2175 2662 2293 2734 vn).
2323 2667 2423 2735 Qui
2452 2686 2574 2726 cum
2613 2672 2756 2729 bona
2801 2676 3003 2735 itnitari
3033 2697 3139 2736 non
3172 2691 3397 2751 queant,
3426 2662 3572 2756 quod
3602 2687 3760 2742 solum

2176 2756 2362 2817 facere
2394 2775 2641 2833 possunt,
2678 2767 2968 2827 invident:
2993 2775 3122 2829 etin
3169 2790 3236 2831 eo
3266 2792 3327 2833 se
3359 2777 3562 2834 doctos
3590 2779 3762 2835 erudi~

2173 2859 2368 2924 tesque
2392 2857 2750 2929 arbitrantur,
2776 2863 2822 2917 si
2854 2863 2925 2920 de
2952 2866 3076 2922 aliis
3095 2866 3405 2924 detrahant.
3439 2870 3650 2940 Quibus
3672 2873 3759 2929 ob-

2173 2965 2331 3006 set-ro
2353 2956 2756 3024 respondeatis,
2784 2969 2843 3019 ut
2872 2962 3046 3032 ligant
3073 2965 3176 3035 ipsi
3205 2968 3429 3040 stylum,
3460 2970 3567 3025 tria
3599 2980 3652 3024 ut
3682 2969 3760 3025 di-

2173 3047 2313 3098 citur
2345 3048 2507 3103 verba
2535 3052 2887 3124 conjungant,
2919 3058 3115 3114 sudent
3150 3061 3451 3130 paululum,
3479 3052 3762 3133 experian~

2174 3141 2617 3210 tursemrtipeos,
2638 3153 2693 3198 et
2714 3162 2782 3200 ex
2812 3147 3000 3205 labore
3019 3156 3238 3222 proprio
3256 3151 3469 3209 discant
3499 3156 3761 3227 ignoscere

2171 3228 2571 3290 laborantibus.
2602 3235 2767 3293 Scitis
2796 3241 2944 3296 enim
2973 3252 3028 3298 et
3057 3241 3192 3313 ipsa!
3218 3246 3363 3316 quod
3415 3247 3489 3301 ad
3537 3249 3637 3304 hoc
3685 3262 3762 3304 me

2170 3324 2617 3393 explanatiomtm
2646 3346 2800 3402 opus,
2851 3333 3079 3391 invitum
3111 3346 3167 3393 et
3206 3348 3600 3396 retractantem
3629 3356 3763 3396 eom-

2171 3418 2445 3484 puleritis.
2477 3420 2596 3478 Non
2620 3440 2730 3496 quo
2758 3426 2827 3481 ab
2855 3428 3249 3498 adolescentia,
3295 3442 3391 3487 aut
3423 3433 3607 3505 legere
3650 3450 3760 3489 nmc

2169 3526 2356 3583 quam,
2379 3516 2676 3573 autdoctos
2690 3518 2833 3573 viros
2854 3535 2918 3576 ea
2942 3539 3061 3594 qua:
3087 3524 3401 3581 nesciebam
3426 3526 3759 3599 interrogare

2170 3608 2528 3677 cessaverim,
2576 3618 2633 3666 et
2685 3612 2954 3685 meipsnm
2988 3624 3218 3685 tantum,
3251 3627 3308 3671 nt
3355 3620 3638 3689 plerique,
3675 3618 3761 3674 ba-

2171 3699 2382 3755 huerim
2442 3705 2786 3774 magistrum.
2840 3708 3089 3780 Denique
3141 3727 3321 3781 nuper
3368 3713 3441 3769 ob
3494 3713 3639 3770 hanc
3685 3711 3761 3768 vel

462 3792 728 3865 augendis
755 3800 812 3849 et
835 3790 1181 3850 cumulandis
1204 3790 1401 3861 opibus
1430 3787 1641 3842 inhiare
1669 3784 1835 3840 :illud
1861 3784 2059 3853 dicant,
2094 3767 2145 3829 Β
2172 3794 2406 3851 maxime
2443 3810 2669 3851 Causam
2707 3767 3096 3856 Alexandrinam
3142 3767 3380 3873 perrexi,
3426 3814 3490 3859 ut
3535 3805 3760 3860 viderem

461 3886 605 3956 quod
636 3885 719 3941 vel
748 3884 891 3956 apud
921 3882 1321 3956 iniquissimum
1348 3882 1588 3951 judicent
1622 3878 1921 3939 obtineam,
1951 3876 2067 3947 pla-

457 3994 588 4035 cere
611 3977 741 4034 mihi
764 3978 935 4032 otium
962 3993 1167 4046 metnn,
1197 3985 1250 4031 et
1281 3969 1630 4030 solitudinem
1660 3972 1812 4028 onmi
1835 3969 2068 4026 celebri-

459 4081 574 4130 tate
595 4072 981 4145 jucundiorem
1004 4070 1199 4127 videri.
1222 4070 1289 4126 Et
1315 4068 1587 4139 quomodo
1612 4081 1714 4139 ego
1736 4080 1843 4121 non
1875 4080 2063 4133 repre-

460 4164 684 4232 hendo,
734 4179 844 4220 non
874 4163 1075 4219 damno
1102 4164 1251 4235 quod
1283 4162 1489 4217 iaciunt
1517 4178 1530 4215 :
1563 4161 1635 4215 ita
1672 4158 1795 4213 illos
1827 4158 2067 4227 ineptias

461 4272 614 4315 meas
645 4258 775 4313 tnihi
801 4257 1007 4313 debere
1037 4256 1361 4312 concedere.
1397 4254 1596 4310 Parum
1617 4253 1885 4321 eloquens
1916 4266 2060 4320 sum,

458 4351 591 4423 quid
622 4352 688 4408 ad
727 4352 818 4408 te?
846 4351 1194 4409 disertiorem
1240 4350 1381 4420 lege.
1407 4348 1523 4405 Non
1565 4346 1731 4419 digne
1771 4345 1959 4403 Gneca
2006 4346 2061 4400 iu

460 4447 716 4503 Latinum
764 4445 1035 4502 transfero
1066 4469 1079 4500 ;
1114 4453 1207 4499 aut
1252 4444 1478 4500 Graecos
1530 4443 1652 4512 lege
1704 4441 1772 4512 (si
1814 4439 2061 4509 ejusdem

457 4540 661 4611 lingua:
687 4539 859 4597 babes
889 4540 1237 4610 scientiam);
1266 4549 1357 4593 aut
1388 4541 1433 4593 si
1478 4546 1689 4593 tantum
1725 4538 1947 4592 Latinus
1978 4552 2058 4605 cs,

458 4632 572 4689 noli
594 4636 664 4688 de
683 4634 925 4704 gratuito
954 4647 1181 4687 munere
1199 4632 1471 4703 judicare,
1495 4640 1572 4700 et,
1602 4637 1661 4684 ut
1688 4630 1911 4699 vulgare
1931 4645 2061 4699 pro.

459 4726 707 4783 verbium
726 4734 847 4782 est:
876 4726 1013 4798 Equi
1040 4726 1236 4781 dentes
1265 4726 1533 4797 inspirere
1558 4724 1762 4779 donati.
1788 4721 2059 4793 Numquid

459 4829 514 4876 te
545 4836 711 4875 manu
737 4831 988 4877 conserta
1014 4821 1066 4876 in
1095 4821 1185 4890 jus
1208 4820 1387 4883 traho,
1418 4820 1543 4891 quia
1579 4832 1762 4874 n05tra
1788 4834 1895 4874 non
1919 4819 2059 4873 seri-

459 4914 562 4971 bas
594 4911 781 4989 [Forte
821 4913 1029 4987 legas]?
1071 4915 1156 4970 Me
1185 4914 1491 4985 imperitior
1530 4914 1757 4985 quisque
1807 4913 2059 4968 lecturus

451 5019 536 5065 est
570 5025 585 5063 :
621 5019 709 5063 tua
737 5005 966 5063 forsitan
997 5007 1138 5064 dicta
1170 5010 1217 5064 si
1244 5007 1553 5078 scripseris,
1586 5006 1794 5062 'l'ullius
1819 5006 2059 5061 admira-

455 5100 621 5157 bitur.
670 5098 941 5172 Numquid
981 5108 1076 5155 aut
1104 5099 1471 5156 Tertullianus
1500 5101 1716 5155 beatum
1761 5099 2050 5171 Martyrem

452 5192 810 5265 Cyprianum,
849 5201 943 5248 aut
971 5193 1275 5266 Cyprianus
1309 5190 1669 5259 Lactantimn,
1699 5201 1793 5245 aut
1822 5191 2050 5248 Lactan-

449 5285 562 5343 tius
583 5285 849 5343 Hilarium
879 5285 1148 5343 deterruit
1172 5300 1202 5341 a
1228 5283 1555 5341 scribendo?
1583 5283 1761 5339 Taceo
1791 5282 1858 5337 de
1884 5298 2052 5340 caete-

452 5378 531 5437 ris
561 5378 918 5435 minutalihus
939 5424 955 5449 ,
987 5379 1081 5450 qui
1120 5393 1334 5434 meeum
1368 5378 1420 5431 iu
1451 5376 1608 5432 libris
1638 5376 1751 5432 suis
1777 5378 2071 5447 garriunt-

452 5471 571 5530 Nisi
596 5479 654 5530 et
694 5487 857 5543 parva
888 5471 1114 5537 fuerint,
1149 5488 1341 5543 magna
1372 5473 1618 5528 eminere
1645 5487 1752 5527 non
1800 5480 2045 5542 possunt.

448 5565 693 5623 Primum
724 5581 833 5622 non
866 5565 1086 5633 dicitur,
1113 5564 1215 5622 nisi
1242 5564 1544 5621 secundum
1577 5573 1836 5634 sequatur
1859 5573 1915 5621 et
1942 5576 2054 5620 ter-

447 5658 610 5717 tium.
642 5658 724 5716 Ad
755 5673 968 5715 summa
1014 5675 1121 5717 non
1171 5657 1527 5727 seandimus,
1575 5658 1677 5714 nisi
1721 5673 1818 5729 per
1859 5658 2048 5733 539-

450 5749 616 5824 m
642 5750 750 5808 ima
776 5751 1109 5823 gradiantur.
1139 5751 1508 5822 Quamobrem
1534 5751 1767 5808 obsecro
1810 5760 1918 5807 tam
1944 5766 2046 5809 vos

448 5844 638 5915 quain
659 5844 1071 5917 praesentiarum
1093 5847 1248 5917 estis,
1268 5861 1428 5919 quam
1448 5853 1686 5903 sanctam
1708 5844 2041 5916 Marcellam,

2171 3887 2483 3959 Didymum,
2511 3899 2567 3945 et
2589 3891 2658 3946 ab
2678 3906 2745 3947 eo
2778 3892 2828 3947 in
2852 3892 3157 3966 Scripturis
3181 3896 3437 3953 omnibus
3458 3914 3586 3968 qua:
3605 3897 3760 3953 habe-

2168 3976 2293 4033 bam
2342 3980 2501 4035 dubia
2552 3983 2889 4040 seiscitarer.
2924 3986 3030 4042 Sed
3057 4003 3179 4043 eum
3211 3988 3357 4043 aliud
3404 3992 3481 4045 sit
3523 3990 3759 4062 Proprias

2169 4070 2334 4127 libros
2365 4088 2731 4146 componere,
2764 4078 2913 4133 verbi
2950 4080 3142 4149 gratia,
3193 4079 3261 4136 de
3286 4082 3547 4151 avaritia,
3599 4092 3653 4139 et
3699 4081 3760 4137 dc

2168 4162 2294 4233 title,
2324 4164 2396 4220 de
2426 4167 2757 4238 virginitate,
2800 4170 2870 4227 de
2900 4171 3102 4239 viduis,
3145 4183 3198 4228 et
3240 4187 3412 4243 super
3441 4190 3758 4246 unaquaque

2166 4258 2393 4313 materia
2418 4259 2744 4318 testimoniis
2776 4262 3180 4332 Scripturarum
3210 4265 3338 4321 hinc
3364 4266 3498 4324 inde
3526 4267 3760 4339 quaesitis

2165 4349 2533 4420 eloquentiam
2561 4353 2791 4426 jungere
2818 4357 3155 4426 sa‘eularem,
3190 4368 3245 4414 et
3268 4374 3414 4431 pene
3442 4361 3496 4416 in
3526 4376 3761 4416 commu-

2165 4440 2325 4496 nibus
2345 4443 2478 4499 loeis
2506 4448 2874 4516 pompaticnm
2899 4449 3113 4518 jactare
3140 4464 3455 4507 sermonem
3493 4471 3509 4508 :
3540 4454 3683 4509 aliud
3710 4454 3761 4508 in

2115 4605 2117 4607 ι
2163 4550 2383 4592 Sensum
2417 4540 2693 4610 prophetae
2722 4553 2777 4597 et
2806 4544 3038 4612 apostoli
3058 4543 3295 4614 ingredi,
3330 4546 3641 4618 intelligere
3669 4561 3758 4603 cur

2164 4632 2505 4701 scripserint,
2538 4650 2643 4703 qua
2674 4638 3004 4692 sententiam
3053 4653 3205 4693 suam
3248 4642 3471 4695 ratione
3521 4641 3759 4697 ﬁrmave-

2164 4723 2293 4789 rint,
2322 4724 2454 4795 quid
2481 4724 2720 4782 habeant
2753 4728 2804 4782 in
2829 4729 2997 4785 veteri
3030 4729 3177 4802 Lege
3206 4733 3491 4802 proprium
3525 4732 3755 4801 ldummi,

2162 4814 2435 4883 Moabitae,
2469 4820 2817 4887 Ammonitre,
2846 4821 3018 4895 Tyrii,
3047 4822 3369 4891 Pbilistiim,
3412 4824 3678 4899 Egyptii,
3706 4835 3755 4882 et

2160 4907 2410 4982 Assyrii;
2451 4912 2580 4980 quid
2611 4929 2830 4968 rursum
2867 4916 2918 4970 in
2951 4930 3091 4971 novo
3119 4915 3484 4973 Testamento
3516 4917 3753 4979 Romani,

2159 4999 2454 5073 Corinthii,
2498 5006 2727 5075 Galam,
2761 5008 3138 5083 Philippenses
3158 5051 3174 5078 ,
3205 5010 3755 5075 Thessalonicenses,

2161 5092 2395 5164 llebrtei,
2437 5098 2831 5166 Colossenses,
2884 5111 2939 5157 et
2973 5118 3133 5172 quam
3185 5119 3329 5159 nunc
3380 5104 3448 5160 ad
3498 5105 3756 5176 Ephesios

2165 5187 2461 5256 Epistulam
2508 5190 2770 5248 habemus
2798 5194 2854 5248 in
2898 5195 3169 5251 manibus.
3199 5195 3443 5254 Necesse
3475 5208 3566 5253 est
3594 5198 3753 5259 enim.

2162 5291 2221 5336 ut
2241 5282 2392 5353 juxta
2420 5284 2772 5342 diversitates
2797 5286 3041 5343 locorum
3065 5299 3119 5345 et
3143 5299 3478 5361 temporum,
3510 5301 3566 5345 et
3590 5289 3758 5345 homi-

2162 5393 2311 5445 num,
2344 5379 2540 5451 quibus
2569 5381 2786 5453 scripta:
2807 5392 2959 5453 sunt,
2991 5382 3240 5440 diversas
3270 5392 3327 5440 et
3350 5401 3571 5453 causas,
3604 5397 3657 5441 et
3682 5400 3757 5439 ar-

2157 5482 2436 5541 gumenta,
2478 5483 2535 5531 et
2562 5476 2804 5546 origines
2836 5475 3091 5534 habeant.
3142 5479 3207 5534 Et
3247 5480 3529 5547 quomodo
3571 5479 3753 5535 beatus

2154 5564 2398 5623 Joannes
2425 5569 2478 5623 in
2523 5570 2849 5644 Apocalypsi
2878 5586 2980 5626 sua
3021 5572 3088 5627 ad
3119 5583 3332 5643 septem
3375 5573 3634 5630 scribens
3660 5572 3750 5628 Ec-

2154 5660 2372 5727 clesias,
2406 5660 2460 5716 in
2494 5677 2818 5735 unaquaque
2849 5679 3036 5720 earum
3073 5665 3355 5737 specialia,
3396 5666 3484 5721 vel
3512 5666 3642 5723 vitia
3670 5680 3749 5721 rc-

2154 5754 2462 5824 prcbendit,
2492 5756 2581 5812 vel
2606 5760 2838 5814 virtutes
2862 5758 3057 5830 probat
3088 5774 3106 5815 :
3142 5759 3216 5815 ita
3259 5768 3318 5817 et
3344 5770 3573 5816 sanctus
3623 5773 3751 5829 apo-

2152 5846 2324 5903 stolus
2348 5846 2546 5905 Paulus
2574 5863 2674 5921 per
2684 5849 2927 5923 singulas
2937 5851 3210 5911 Ecclesias
3226 5851 3553 5913 vulneribus
3569 5849 3749 5910 mede-
