3962 6338
466 207 575 269 με

886 254 899 269 .
1684 216 1766 286 ιδ.
1805 218 2077 275 EUSEBII
2116 219 2497 278 lllliRONYMl

472 310 3695 377 t—-.——-———-—————————————_—.__.________________

3610 234 3721 302 HM

1504 438 1990 548 LIBER
2064 441 2727 556 PRIMUS.

543 744 703 843 (Cap.
731 742 1366 843 l.—Vers._l.)Paulus
1395 748 1662 821 apostolus
1687 748 1817 806 Iesu
1849 750 2068 821 Christi,
2105 766 2146 824 Α
2178 769 2242 810 ex
2272 772 2338 812 eo
2359 759 2502 830 quod
2526 776 2633 816 non
2663 770 2803 834 erat,
2840 761 2892 819 in
2926 763 2978 819 id
3004 764 3151 838 quod
3181 775 3265 821 est
3295 765 3407 840 [AL
3430 768 3564 843 erat]
3590 786 3615 827 ιι
3637 772 3730 832 Deo

468 856 564 913 per
592 835 912 893 voluntatem
946 835 1063 892 Dei.
1109 835 1169 894 Si
1213 855 1305 910 per
1354 843 1672 911 praepositio
1702 843 2072 900 ministerium

469 926 592 1004 ejus
622 947 720 1004 per
748 946 911 1002 quem
942 946 1034 988 res
1064 932 1276 1003 agitur,
1307 934 1570 1000 ostendit,
1604 935 1827 991 videtur.
1855 936 1983 991 mihi
2018 938 2072 993 in

471 1023 622 1082 illam
656 1024 986 1081 sententiam
1010 1041 1211 1082 sensus
1239 1027 1344 1084 iste
1370 1044 1673 1101 congruere
1705 1046 1718 1083 :
1744 1028 1914 1085 Nemo
1942 1034 2074 1087 venit

467 1119 540 1175 ad
572 1136 686 1185 me,
720 1120 818 1175 nisi
857 1118 1012 1175 Pater
1041 1137 1185 1176 meus
1216 1124 1490 1179 attraxerit
1520 1141 1635 1179 eum
1666 1124 1735 1179 ad
1765 1142 1843 1178 me
1871 1123 2071 1190 (Joan.

469 1229 562 1283 Vt,
592 1214 663 1270 44
687 1212 726 1284 ).
752 1218 930 1284 Atque
957 1214 1031 1270 ita
1063 1216 1159 1271 ﬁet
1184 1256 1199 1279 .
1235 1227 1291 1272 ιιι
1318 1226 1373 1273 et
1402 1216 1543 1274 illttd
1586 1217 1730 1289 quod
1764 1219 1816 1273 in
1844 1218 2075 1275 Joannis

468 1307 773 1382 Evangelio
808 1310 1043 1382 legitur:
1074 1310 1265 1365 Omnia
1291 1329 1383 1386 per
1406 1312 1554 1367 illum
1579 1316 1719 1386 facta
1740 1324 1859 1369 sunt
1890 1314 2072 1385 (Joan.

469 1418 510 1469 ι,
544 1403 625 1475 5),
665 1403 805 1457 haud
834 1402 1058 1458 dubium
1089 1406 1218 1475 quin
1248 1422 1345 1476 per
1371 1406 1592 1469 Filium,
1627 1422 1733 1461 non
1758 1406 2076 1477 pra'judicet

468 1494 707 1552 Domino
733 1503 923 1550 nostro
945 1494 1075 1551 Jesu
1102 1496 1352 1564 Chrism,
1386 1500 1543 1570 quasi
1571 1515 1636 1554 ex
1665 1514 1733 1554 eo
1761 1500 1939 1553 minor
1965 1498 2071 1568 sit,

468 1590 616 1664 quod
639 1590 823 1646 Patris
844 1591 1191 1660 obtemperet
1214 1591 1484 1647 voluntati
1514 1610 1527 1646 :
1556 1593 1836 1663 quomodo
1854 1601 1909 1648 et
1930 1608 2075 1649 nunc

470 1698 579 1739 non
630 1682 963 1755 praejudicat
1002 1681 1193 1748 Patri,
1231 1684 1376 1755 quod
1424 1701 1519 1755 per
1544 1687 1884 1742 voluntatem
1925 1686 2077 1742 illius

468 1775 669 1830 Paulus
693 1776 975 1846 apostolus
996 1774 1128 1832 Jesu
1147 1775 1354 1832 Christi
1384 1778 1478 1833 sit.
1503 1778 1611 1832 Alii
1637 1794 1774 1834 vero
1798 1780 1869 1834 ita
1893 1780 2073 1835 locum

469 1870 633 1925 istum
665 1869 1002 1942 intelligunt,
1033 1870 1338 1927 tttPaulnm
1362 1874 1668 1941 apostolum
1692 1873 1819 1930 Jesu
1843 1874 2069 1944 Christi,

471 1979 570 2036 per
591 1965 922 2021 voluntatem
944 1967 1171 2038 Dei,qui
1198 1968 1270 2023 sit
1291 1965 1569 2034 Christus,
1589 1969 1807 2025 ostendi
1839 1979 2030 2039 putent
2059 1987 2071 2024 :

472 2066 529 2113 ut
554 2059 699 2116 sicut
722 2058 992 2130 sapientia
1018 2070 1075 2115 et
1095 2059 1354 2127 Verbum,
1380 2069 1436 2119 et
1455 2063 1629 2117 virtus
1649 2062 1767 2127 Dei,
1785 2070 1841 2118 et
1869 2061 2073 2119 veritas

2175 866 2297 908 esse
2328 855 2647 923 proliciens,
2679 872 2787 913 non
2819 859 2999 914 datori
3029 861 3262 930 gratiam
3293 864 3525 931 referat;
3558 866 3641 923 sed
3663 870 3731 927 sui

2177 946 2355 1002 meriti
2380 957 2434 1002 et
2455 949 2675 1004 virtutis
2695 951 2929 1007 testimet
2951 954 3094 1022 quod
3118 955 3398 1026 subsistat,
3422 957 3592 1014 statim
3612 961 3733 1031 quod

2173 1046 2257 1093 est
2285 1054 2408 1096 esse
2433 1040 2758 1113 destruitur,
2803 1054 2860 1099 et
2889 1045 3080 1116 incipit
3107 1061 3218 1102 non
3245 1061 3369 1104 esse
3395 1049 3533 1119 quod
3563 1051 3731 1111 fuerat.

2174 1129 2282 1185 Alii
2313 1148 2448 1187 vero
2478 1134 2827 1203 simpliciter,
2861 1152 2966 1192 non
2996 1142 3063 1193 ad
3093 1154 3190 1195 eos
3216 1141 3308 1212 qui
3332 1140 3439 1197 sint
3466 1139 3567 1214 [AL
3588 1144 3732 1218 sunt],

2176 1223 2274 1279 sed
2302 1225 2391 1294 qui
2424 1225 2625 1297 Ephesi
2655 1229 2827 1284 sancti
2850 1239 2904 1285 et
2928 1229 3117 1288 ﬁdeles
3145 1233 3255 1289 sint
3275 1274 3290 1302 ,
3323 1231 3580 1305 scriptum
3616 1236 3736 1294 arbi-

2177 1324 2407 1372 trantur.

2247 1406 2314 1461 Et
2340 1408 2583 1479 ﬁdelibus
2616 1412 2671 1466 in
2701 1410 2909 1471 Christo
2940 1413 3086 1470 Jesu.
3122 1417 3389 1483 Quoniam
3428 1421 3734 1487 sanctiﬁcata

2176 1513 2258 1557 est
2289 1505 2486 1559 mulier
2524 1504 2761 1562 inﬁdelis
2804 1509 2855 1563 in
2902 1509 3072 1565 fratre
3118 1512 3286 1576 ﬁdeli,
3331 1523 3384 1569 et
3413 1514 3497 1570 vir
3538 1514 3742 1579 inﬁdelis

2175 1596 2541 1654 Sanctiﬁcatus
2570 1609 2655 1656 est
2686 1604 2738 1657 in
2768 1602 2996 1660 muliere
3022 1604 3166 1661 ﬁdi-li
3196 1605 3240 1679 (1
3272 1605 3393 1663 Cor.
3423 1624 3519 1677 vtt,
3553 1609 3654 1680 14).
3682 1611 3739 1669 Et

2177 1697 2306 1743 sunt
2330 1704 2451 1743 vasa
2480 1707 2699 1762 quoque
2727 1703 2940 1758 sancta,
2961 1705 3017 1751 et
3045 1707 3210 1753 muta:
3240 1699 3481 1768 pecudes
3508 1716 3621 1773 qua:
3650 1700 3744 1767 Deo

2178 1791 2487 1837 mactantur
2516 1784 2568 1838 in
2604 1784 2811 1854 templo
2844 1785 3033 1855 (Nam.
3083 1805 3135 1844 tv
3172 1798 3221 1845 et
3259 1793 3453 1862 XXXI):
3488 1806 3744 1866 propterea

2176 1890 2272 1931 eos
2312 1892 2451 1947 quos
2483 1888 2703 1935 sanctos
2744 1881 2981 1952 dixerat,
3019 1886 3239 1943 vocavit
3272 1897 3330 1943 et
3370 1887 3558 1946 lideles
3592 1907 3605 1945 :
3638 1892 3747 1962 quis

2178 1968 2310 2025 ﬁdes
2339 1986 2407 2025 ex
2444 1973 2646 2029 mentis
2675 1976 2913 2047 promite
2938 1976 3226 2035 descendit
3254 1980 3487 2037 arbitrio
3528 2000 3542 2036 :
3573 1983 3750 2040 sancti-

2178 2062 2359 2117 ﬁcatio
2385 2078 2513 2118 vero
2538 2080 2604 2121 ex
2624 2068 3015 2124 sattcttlicantis
3036 2069 3338 2138 interdum,
3365 2072 3750 2144 absquevoluu-

470 2161 528 2210 et
548 2155 909 2220 resurrectio,
943 2164 994 2211 et
1026 2155 1111 2210 via
1138 2155 1341 2212 dicitur
1367 2174 1382 2212 :
1412 2157 1487 2212 ita
1515 2158 1680 2213 etiam
1704 2158 1958 2214 voluntas
1981 2172 2074 2231 ap-
2104 2162 2150 2221 Β
2184 2167 2291 2212 tate
2326 2169 2509 2215 nostra
2535 2202 2550 2225 ,
2581 2162 2848 2219 sumimur
2878 2163 3145 2233 largitate.
3178 2165 3335 2232 Quod
3366 2178 3546 2223 autem
3582 2168 3668 2232 ait,
3697 2170 3752 2240 ﬁ-

474 2246 739 2319 pelletur.
784 2247 1044 2304 Nonnulli
1077 2248 1216 2305 nihil
1252 2248 1463 2306 referre
1491 2252 1847 2320 existimant,
1889 2261 2069 2307 utrum

474 2356 576 2411 per
605 2340 947 2396 voluntatem
977 2342 1119 2410 Dei,
1161 2358 1231 2398 an
1263 2359 1330 2399 ex
1364 2343 1459 2400 Dei
1501 2344 1698 2400 dixerit
1741 2348 2023 2400 voluntate
2055 2363 2070 2403 :

474 2431 598 2502 quia
630 2431 711 2485 his
736 2432 1221 2503 praepositionibus
1245 2436 1538 2501 Apostolus
1559 2435 1935 2494 indiﬂ'erenter
1957 2446 2075 2491 uta-

475 2533 565 2582 tur
603 2542 616 2582 :
662 2539 716 2582 et
747 2527 982 2597 idipsmn
1032 2529 1344 2601 signiﬁCare
1373 2574 1387 2597 ,
1432 2547 1528 2600 per
1563 2531 1899 2588 voluntatem
1931 2531 2068 2598 Dei,

472 2622 620 2692 quod
647 2622 692 2676 si
720 2622 970 2686 dixisset,
1003 2639 1067 2677 ea:
1092 2624 1358 2679 voluntate
1390 2623 1507 2678 Dei.

548 2714 759 2769 Sanctis
790 2716 1026 2771 omnibus
1048 2718 1137 2787 qui
1171 2725 1289 2771 sunt
1325 2726 1350 2754 α
1382 2715 1600 2789 Ephesi.
1640 2716 1798 2790 545
1836 2716 2069 2786 Quidam

474 2810 746 2865 curiosius
771 2828 931 2879 quam
957 2827 1181 2867 necesse
1202 2820 1306 2879 est,
1336 2820 1525 2882 putant
1553 2827 1618 2868 ex
1642 2828 1709 2868 eo
1734 2813 1879 2883 quod
1904 2812 2072 2885 Moysi

469 2900 677 2959 dictum
710 2904 813 2958 sit:
841 2903 971 2959 Haec
996 2903 1135 2959 dices
1164 2905 1289 2976 ﬁliis
1320 2904 1490 2959 Israel
1513 2922 1532 2959 :
1562 2905 1664 2973 Qui
1692 2916 1787 2973 est,
1824 2907 1962 2961 misit
1990 2922 2071 2960 me

473 2994 674 3068 (Exod.
710 3013 766 3052 ιιι
791 3038 807 3063 ,
836 2996 957 3070 M),
992 2998 1160 3053 etiam
1184 3013 1277 3053 eos
1308 3000 1397 3070 qui
1431 2998 1628 3070 Ephesi
1657 3010 1783 3055 sunt
1811 3000 1986 3054 sancti
2016 3007 2070 3054 et

470 3088 683 3158 ﬁdeles,
716 3094 970 3147 essentia:
1004 3092 1271 3149 vocabulo
1298 3103 1660 3165 nuncupatos.
1695 3093 1762 3152 Ut
1791 3093 2069 3164 quomodo

470 3200 500 3240 a
524 3193 716 3241 sancto
743 3187 938 3250 sancti,
969 3201 1000 3241 a
1019 3187 1168 3257 justo
1190 3187 1342 3260 justi,
1373 3203 1403 3243 a
1427 3187 1455 3227 ι’
1482 3190 1729 3258 sapiente
1751 3188 2022 3261 sapientes
2050 3208 2065 3249 :

472 3277 545 3333 ita
575 3279 645 3333 ab
676 3293 742 3334 eo
769 3280 859 3352 qui
885 3289 1009 3347 est,
1056 3279 1111 3335 hi
1137 3282 1228 3351 qui
1261 3289 1388 3336 sunt
1417 3282 1760 3352 appellentur
1783 3325 1799 3351 ,
1831 3295 1884 3338 et
1911 3284 2069 3353 juxta

467 3373 720 3430 eumdem
741 3374 1063 3445 ApOstolum
1086 3376 1319 3446 elegisse
1343 3376 1508 3431 Deum
1528 3391 1589 3430 ea
1612 3390 1734 3445 qua:
1756 3392 1864 3430 non
1887 3384 2065 3443 erant,

468 3472 529 3520 ut
547 3463 857 3522 de~trueret
881 3482 945 3522 ea
971 3482 1092 3540 qua:
1116 3475 1295 3523 erant.
1323 3468 1501 3539 Ipsam
1527 3468 1694 3522 etiam
1725 3467 2064 3539 Scripturam

2178 2248 2377 2305 delibus
2408 2251 2462 2306 in
2496 2248 2705 2309 Christo
2729 2252 2880 2319 Jesu,
2912 2266 2968 2312 et
2998 2255 3100 2312 hoc
3122 2258 3189 2313 ad
3213 2258 3618 2316 distinctionem
3645 2260 3748 2319 dili-

2174 2344 2511 2415 gentissimae
2550 2346 2956 2405 observationis
2984 2360 3067 2403 est
3109 2350 3367 2422 positum.
3400 2351 3545 2407 Sunt
3575 2353 3752 2425 quippe

2176 2439 2361 2509 plures
2387 2439 2620 2508 ﬁdeles;
2653 2440 2748 2497 sed
2774 2457 2880 2497 non
2912 2443 2964 2497 in
2991 2441 3210 2498 Christo
3239 2442 3393 2499 Jcsu.
3430 2445 3487 2501 Si
3514 2445 3629 2514 quis
3646 2444 3748 2501 red-

2175 2532 2266 2587 dat
2302 2532 2642 2602 depositum;
2680 2536 2728 2590 si
2765 2535 2887 2606 quis
2920 2546 2942 2574 ο
2972 2537 3349 2592 commendata
3383 2554 3491 2592 non
3520 2537 3747 2610 abneget,

2175 2626 2392 2684 ﬁdelem
2427 2644 2487 2685 se
2514 2630 2751 2686 amicum
2806 2630 3061 2687 exhibeat
3094 2650 3107 2687 :
3141 2633 3379 2689 animam
3414 2634 3584 2705 magis
3607 2650 3750 2705 quam

2175 2720 2332 2776 ﬁdem
2360 2732 2583 2793 paratus
2610 2724 2682 2779 sit
2709 2720 2736 2761 ἀ
2783 2726 3037 2796 prodere,
3072 2728 3215 2797 quod
3253 2725 3321 2783 de
3349 2727 3622 2785 nottnullis
3650 2727 3750 2798 phi-

2172 2812 2414 2884 losophis
2438 2815 2675 2887 legimus
2698 2816 2775 2888 (et
2800 2834 2869 2873 ne
2910 2818 2989 2872 illi
3020 2819 3152 2873 satis
3176 2820 3568 2887 gloriarentur,
3599 2820 3748 2876 Athe-

2171 2909 2379 2965 niensis
2405 2911 2664 2967 meretrix
2691 2912 3073 2984 perpetravit),
3098 2915 3201 2969 iste
3218 2913 3443 2985 quidem
3456 2913 3745 2972 ﬁdelisest:

2170 3000 2265 3058 sed
2292 3018 2395 3056 non
2425 3014 2511 3058 est
2539 3003 2716 3060 ﬁdelis
2740 3007 2793 3060 in
2822 3005 3040 3061 Christo
3066 3004 3220 3062 Jesu.

2244 3096 2429 3170 (Vers.
2461 3097 2543 3171 2.)
2575 3097 2758 3154 Gratia
2784 3098 2923 3154 vobis
2944 3108 2991 3153 et
3020 3116 3126 3171 paa;
3153 3117 3186 3153 a
3216 3097 3330 3155 Deo
3362 3098 3526 3165 Patre
3554 3109 3746 3166 nostro,

2169 3202 2219 3247 et
2252 3191 2481 3247 Domino
2508 3191 2639 3248 Jesu
2686 3192 2912 3249 Christo.
2963 3191 3091 3249 Sive
3133 3195 3296 3250 ambo
3338 3195 3407 3251 ad
3455 3205 3746 3265 utrumque,

2168 3285 2272 3342 hoc
2291 3296 2397 3354 est,
2424 3295 2479 3341 et
2502 3287 2676 3357 gratia
2698 3297 2750 3341 et
2769 3284 2933 3360 546
2954 3302 3081 3356 pax,
3107 3296 3217 3342 tam
3244 3286 3311 3343 ad
3333 3287 3511 3349 Deum
3533 3288 3746 3351 Patrem,

2168 3396 2329 3451 quam
2354 3380 2419 3434 ad
2446 3380 2995 3436 Dominumnostrum
3019 3381 3204 3437 Jesum
3228 3381 3514 3438 Christum
3533 3400 3547 3438 :
3568 3383 3672 3435 sive
3690 3377 3747 3434 ad

2166 3473 2412 3543 singulos
2435 3471 2718 3529 referenda
2733 3482 2857 3527 sunt
2872 3473 3108 3544 singula,
3127 3483 3184 3528 ut
3200 3474 3373 3544 gratia
3390 3475 3459 3527 ad
3478 3474 3642 3531 Deum
3664 3470 3752 3528 Pa-

464 3574 587 3633 qua:
618 3558 672 3615 in
704 3560 1073 3616 testimonium
1104 3561 1337 3618 adducta
1364 3572 1467 3627 est,
1500 3564 1573 3616 ita
1602 3561 1920 3619 edisserunt
1951 3580 1964 3617 :
1999 3573 2056 3618 ut
2084 3561 2132 3625 C
2165 3576 2323 3629 trem,
2343 3582 2445 3635 pax
2461 3566 2872 3623 veroreleratur
2891 3565 3572 3639 adCbristum.Siquidem
3588 3565 3750 3621 statim

464 3651 901 3711 destructionem
926 3672 1117 3711 eorum
1142 3672 1265 3729 qua:
1291 3668 1467 3722 erant,
1500 3674 1566 3714 ex
1598 3657 2059 3731 consequentibus

463 3749 829 3824 intelligamus
853 3769 872 3811 :
900 3750 968 3808 Ut
994 3769 1122 3821 non,
1155 3751 1356 3825 inquit,
1387 3754 1638 3824 glorietur
1663 3756 1830 3809 omnis
1858 3770 1979 3808 caro
2008 3755 2063 3809 in

463 3858 741 3920 conspectu
763 3844 863 3902 Dei
884 3847 927 3919 (Ι
946 3847 1071 3904 Cor.
1096 3862 1137 3915 ι,
1164 3847 1283 3920 29).
1310 3847 1367 3905 Si
1388 3849 1559 3916 enim,
1582 3850 1757 3918 aiunt,
1789 3849 2061 3920 quispiam

530 4042 558 4073 ι
598 4032 679 4109 Ex
706 4033 961 4109 inferiori
982 4044 1097 4092 toto
1120 4045 1379 4092 contextu
1403 4035 1577 4109 liquet
1606 4077 1644 4109 ,ᾗ
1668 4035 2058 4109 Hieronymum

457 4122 607 4179 cum
636 4107 773 4161 hanc
826 4108 931 4162 sibi
976 4119 1311 4179 proponeret
1360 4107 1739 4177 explicandam
1796 4107 2058 4179 Epistulae

422 4193 425 4196 ‘
458 4177 699 4250 Paulina:
726 4177 1097 4250 epigraph‘en,‘
1138 4196 1342 4235 nomen
1378 4181 1798 4248 prattermisis~e
1838 4177 2055 4249 Ephesi.

454 4249 643 4319 Neque
669 4264 737 4324 ex
764 4249 834 4306 eo
867 4261 1076 4308 tantum
1109 4253 1234 4308 dico
1256 4296 1270 4319 ,
1318 4253 1465 4319 quod
1495 4253 1693 4308 scitum
1724 4254 1887 4324 vulgo
1924 4262 2010 4307 est
2036 4292 2053 4319 ,

456 4323 717 4396 nonnulla
760 4324 1043 4381 exstitisse
1090 4335 1278 4380 vetera
1316 4324 1682 4396 exemplaria,
1710 4323 1835 4379 cum
1864 4324 2055 4380 Graeca

456 4404 571 4449 tum
607 4392 819 4461 Latina,
848 4410 966 4465 quae
1000 4412 1111 4451 non
1149 4392 1498 4465 apponerent
1534 4398 1775 4452 civitatis
1806 4412 2002 4450 nomen
2038 4414 2051 4449 :

454 4465 916 4538 quemadmodum
944 4477 997 4522 et
1031 4469 1158 4534 alia,
1190 4484 1309 4538 quae
1338 4484 1449 4523 non
1474 4465 1671 4537 Ephesi
1700 4468 2054 4536 praeferrent,

457 4536 553 4592 sed
575 4536 867 4591 Laodiceae.
886 4539 1108 4595 Moveor
1128 4536 1314 4595 autem
1338 4556 1403 4595 ex
1429 4555 1495 4594 eo
1524 4539 1889 4606 potissimum,
1909 4539 2054 4608 quod

456 4608 739 4682 statimex
763 4610 1008 4665 enbnexa
1036 4614 1381 4681 expositione
1411 4617 1564 4665 notat
1595 4610 1655 4667 S.
1684 4610 1861 4677 Pater,
1893 4624 2057 4682 quos-

459 4681 583 4754 dam
616 4678 746 4754 hinc
780 4682 798 4749 (
825 4697 1023 4749 nempe
1052 4678 1191 4754 quod
1225 4683 1437 4737 nullum
1469 4682 1769 4754 adderetur
1797 4678 2054 4754 Ecclesite

459 4752 577 4808 sive
602 4752 751 4826 urbis
774 4752 1257 4826 nomenjcuriosius
1280 4763 1490 4826 putasse
1508 4770 1592 4807 eos
1613 4754 1700 4818 qui
1729 4752 1919 4826 Ephesi
1939 4763 2055 4826 sunt

460 4825 672 4889 sancti,
711 4834 758 4878 et
798 4824 1001 4895 ﬁdeles,
1034 4824 1547 4882 essentitet'ocabulo
1573 4824 1919 4895 nuncupatos.
1950 4825 2057 4879 Alii

2165 3660 2414 3731 sequitur
2441 3678 2451 3714 :
2478 3658 2504 3713 Ι
2514 3679 2546 3714 ιι
2573 3660 2783 3716 laudem
2810 3661 2991 3733 gloria:
3012 3662 3197 3733 gratia:
3221 3677 3332 3717 sua:
3359 3678 3379 3717 :
3408 3661 3463 3716 in
3484 3678 3588 3735 qua
3610 3658 3754 3734 glori-

2166 3756 2338 3825 ﬁcavit
2365 3772 2459 3810 nos
2489 3756 2545 3810 in
2571 3755 2797 3823 dilecta;
2829 3764 2889 3812 ut
2917 3758 3092 3830 gratia
3121 3756 3298 3813 Patris
3329 3758 3386 3815 in
3417 3773 3486 3816 eo
3511 3757 3600 3826 sit,
3624 3753 3751 3828 quod

2166 3846 2363 3903 Filium
2394 3862 2497 3920 pro
2524 3847 2699 3904 salute
2728 3856 2914 3905 nostra
2944 3847 3203 3921 dignatus
3230 3859 3317 3908 est
3346 3852 3573 3909 mittere
3599 3866 3614 3907 :
3654 3848 3753 3905 Pax

2165 4033 2568 4102 quodammodo
2608 4042 2800 4089 natura
2830 4046 3050 4090 sanatos
3080 4050 3180 4092 eos
3209 4035 3315 4091 dici
3361 4035 3434 4092 ab
3464 4032 3750 4106 Apostolo,

2163 4108 2230 4163 ad
2255 4123 2392 4178 quos
2418 4107 2655 4173 Epistola
2679 4106 2806 4161 data
2835 4115 2955 4162 est:
2980 4107 3046 4162 ad
3072 4108 3188 4176 ejus
3212 4109 3387 4163 instar
3413 4103 3560 4164 eﬂ'a'ti
3584 4103 3743 4178 Exod.

2162 4195 2244 4243 ιιι,
2277 4177 2341 4233 14
2368 4196 2381 4231 :
2411 4177 2519 4247 Ego
2540 4194 2653 4231 sum
2675 4180 2765 4249 qui
2789 4195 2922 4243 sum,
2951 4180 3098 4246 quod
3123 4179 3346 4249 quidem
3368 4179 3567 4248 jocose
3594 4177 3751 4245 potius

2163 4266 2324 4322 quam
2364 4250 2604 4321 graviter
2634 4252 2975 4320 pronuntiari
3003 4251 3274 4315 videatur.
3321 4249 3435 4308 Sed
3468 4252 3683 4322 quando
3705 4249 3754 4322 in

2162 4319 2265 4377 liae
2294 4319 2581 4376 versamur
2611 4319 2980 4392 disputatione
3010 4363 3025 4387 ,
3070 4334 3125 4379 et
3168 4323 3300 4378 illud
3329 4319 3522 4380 obiter
3547 4319 3752 4378 Tertul‘

2162 4395 2286 4449 liani
2322 4392 2715 4458 testimonium,
2750 4393 3136 4449 contendentis
3175 4411 3202 4446 a
3231 4393 3518 4450 Marciane
3556 4392 3752 4448 titulum

2163 4465 2418 4533 Epistulae
2460 4464 2847 4530 interpolatum
2875 4507 2890 4529 ,
2935 4480 2998 4519 ac
3054 4464 3330 4521 Laodiceae
3359 4467 3712 4521 substitutum
3735 4503 3749 4526 ,

2162 4553 2258 4601 pro
2302 4534 2516 4605 Ephesi.
2557 4535 2808 4609 Ecclesia!
2847 4537 3096 4609 quidem,
3137 4536 3313 4604 inquit
3359 4538 3463 4593 lib.
3503 4554 3534 4591 v
3580 4548 3752 4609 contra

2160 4610 2421 4680 Marcion.
2451 4623 2576 4679 cap.
2606 4609 2674 4664 17
2704 4626 2716 4662 :
2753 4605 2983 4663 Veritate
3003 4605 3299 4680 Epistulam
3322 4609 3484 4665 istam
3505 4609 3575 4664 ad
3596 4606 3755 4680 Ephe-

2159 4683 2264 4735 sios
2296 4677 2541 4737 habemus
2572 4680 2836 4744 emissam,
2872 4697 2973 4734 non
3003 4677 3074 4732 ad
3096 4679 3425 4736 Laodicenos
3452 4698 3472 4747 ;
3502 4681 3595 4735 sed
3621 4678 3752 4734 ,ποτε

2160 4754 2275 4826 cion
2308 4752 2357 4805 ei
2384 4751 2601 4826 titulum
2622 4752 2906 4826 aliquando
2930 4752 3254 4826 interpolare
3284 4753 3468 4824 gestiit
3493 4794 3507 4817 ,
3534 4751 3682 4826 quasi
3706 4755 3749 4804 et

2161 4825 2215 4897 in
2243 4825 2342 4879 isto
2366 4822 2793 4897 diligentissimus
2817 4824 3139 4896 explorator.
3166 4822 3416 4893 Denique
3438 4822 3615 4897 videri
3636 4836 3750 4893 pro.

459 4911 581 4952 vero
610 4893 918 4970 simpliciter
937 4941 953 4966 ,
986 4893 1089 4951 non
1121 4898 1190 4952 ad
1215 4915 1300 4953 eos
1330 4898 1422 4969 qui
1449 4898 1553 4970 sint
1580 4938 1595 4962 ,
1625 4896 1715 4955 sed
1742 4898 1832 4970 qui
1859 4894 2059 4969 Ephesi
2087 4899 2135 4958 D
2163 4896 2344 4966 piores
2371 4893 2437 4970 ad
2466 4893 2633 4970 tidem
2662 4893 3030 4970 [ecentiorum
3060 4896 3430 4970 interpretum
3469 4896 3751 4970 conjectu-

461 4969 634 5040 sancti
662 4978 709 5024 et
734 4969 919 5039 ﬁdeles
945 4970 1082 5040 sint,
1112 4970 1357 5038 scriptum
1387 4969 1727 5040 arbitrentur.
1758 4969 1975 5025 Etenim
2008 4969 2055 5026 si

460 5039 525 5112 in
548 5040 903 5109 pr0ponenda
934 5040 1229 5112 epigrapbe
1252 5081 1268 5106 ,
1314 5040 1617 5096 addebatur
1658 5039 1856 5109 Ephesi
1884 5082 1898 5105 ,
1938 5040 2049 5111 jam

455 5110 589 5168 nihil
623 5123 737 5167 erat
769 5113 903 5167 istas
933 5110 1163 5168 recitare
1192 5115 1513 5175 sententias.
1543 5127 1611 5168 ne
1638 5113 1804 5167 verbo
1832 5110 2050 5182 quidem

454 5196 674 5261 causata
703 5182 1027 5261 ἆντιγρᾷφων
1053 5184 1318 5240 varietate
1353 5195 1446 5241 aut
1475 5183 1694 5243 silentio
1727 5201 1740 5238 :
1782 5192 1842 5238 et
1865 5194 2049 5261 tamen

455 5256 631 5311 amba:
660 5271 781 5310 cum
812 5254 1126 5311 referuntur
1146 5298 1162 5325 ,
1197 5265 1382 5322 utpote
1407 5272 1526 5326 quae
1555 5272 1665 5326 prae
1694 5254 1912 5311 caeteris
1943 5255 2049 5312 loci

455 5326 1139 5399 eXpIicatimticonl'erant,
1178 5343 1278 5382 suo
1307 5344 1531 5397 qumque
1556 5338 1873 5399 argumento
1901 5326 2042 5382 indi-

453 5396 563 5464 cat,
597 5412 783 5472 vocem
810 5396 1005 5472 Ephesi
1030 5398 1088 5472 in
1108 5396 1403 5472 archetypo
1427 5396 1748 5456 desiderari.
1774 5398 2045 5457 Caeterum

454 5484 558 5529 nec
574 5470 819 5525 omittam
833 5470 902 5527 de
921 5470 1093 5541 priori
1110 5470 1374 5527 sententia
1385 5518 1399 5541 ,
1416 5474 1589 5528 notari
1611 5472 1709 5530 abs
1723 5472 2051 5543 Hieronymo

460 5543 746 5614 Basiliam,
778 5543 871 5614 qui
901 5544 1042 5600 libro
1071 5558 1109 5598 tt
1139 5543 1405 5600 adversus
1436 5545 1760 5600 Eunomium
1794 5541 2051 5614 vetustis—

458 5616 630 5688 simos
653 5612 826 5670 libros
857 5614 1060 5688 laudat,
1108 5616 1201 5686 qui
1229 5616 1433 5688 abfque
1463 5616 1682 5685 addito,
1732 5616 1783 5669 ἐν
1822 5612 2008 5688 Ἐφέσῳ
2032 5656 2049 5681 ,

459 5684 706 5763 legerent
734 5694 853 5763 eoi;
894 5683 1057 5763 it'yiotc
1100 5683 1212 5751 rei;
1260 5683 1382 5745 citat
1407 5731 1423 5756 ,
1456 5692 1557 5763 καὶ
1594 5683 1795 5763 utarei;
1818 5728 1835 5755 ,
1878 5683 2051 5758 atque

460 5754 597 5814 Ideo
626 5754 952 5829 ἰδιαζόνταςζ
991 5761 1113 5816 sive
1146 5776 1245 5830 per
1283 5754 1557 5833 propriam
1595 5760 1912 5831 dignitatem
1938 5754 1976 5824 ,⁷
1998 5764 2054 5814 et

460 5910 479 5938 ι

2163 4965 2251 5023 ras
2277 5009 2293 5030 .
2343 4966 2434 5041 qui
2459 4966 2620 5041 _banc
2647 4965 2968 5041 Epistolan
3008 4965 3307 5041 opinantur
3350 4965 3748 5041 encyclicarum

2159 5054 2314 5094 more
2333 5038 2401 5093 ad
2424 5037 2607 5109 plures
2630 5037 2810 5093 datam
2831 5040 2974 5093 Asne
2994 5037 3220 5095 minoris
3241 5037 3533 5096 Ecclesiae
3558 5057 3571 5095 :
3595 5051 3749 5110 quare

2157 5109 2275 5181 ejus
2303 5110 2369 5165 ad
2397 5110 2905 5181 quamrmittebatur
2934 5154 2949 5179 ,
2991 5126 3195 5167 nomen
3220 5110 3290 5181 ab
3315 5111 3590 5177 Δῃοειοιο
3618 5109 3745 5181 pm.

2157 5179 2488 5255 termissnm,
2507 5180 2758 5255 Aadﬂhttnc
2776 5179 2895 5238 fere
2918 5183 3141 5239 modum
3169 5199 3185 5239 :
3214 5179 3433 5239 Sanctis
3453 5183 3547 5255 qui
3568 5179 3742 5240 sint...

2154 5264 2201 5308 et
2228 5252 2470 5318 ﬁdelibus
2498 5253 2552 5309 in
2579 5251 2818 5318 Christo,
2851 5262 2960 5310 etc.

2282 5323 2661 5394 Resﬁtuimus,
2693 5325 3027 5394 asapiente,
3084 5324 3151 5381 ad
3210 5341 3343 5382 mss.
3400 5332 3753 5396 veterumque

2150 5396 2421 5481 editorum
2470 5399 2626 5481 ﬁdem
2650 5443 2664 5468 ,
2718 5397 3028 5469 seriemque
3069 5406 3395 5470 contextus,
3434 5413 3565 5455 cum
3598 5405 3750 5455 antea

2150 5478 2325 5542 esset,
2347 5486 2381 5524 a
2407 5478 2684 5542 sapientia.

2228 5552 2249 5580 ο
2287 5540 2385 5597 llic
2425 5540 2644 5613 quoque
2676 5555 2807 5597 mss.
2850 5541 3169 5612 praeferunt,
3222 5542 3614 5611 commendata,
3654 5551 3745 5612 pro

2152 5627 2263 5687 quo
2286 5619 2451 5687 antea
2486 5613 2786 5685 legebatur,
2814 5613 3167 5669 commodata.

2226 5682 2254 5723 ἀ
2280 5686 2396 5743 Duo
2427 5682 2589 5754 mssI,
2612 5694 2828 5757 paratus
2848 5688 2914 5742 sit
2940 5700 3146 5757 ponere.
