3962 6338
230 276 321 337 465

706 270 1363 331 COMMENTARIORUM
1397 270 1467 333 IN
1508 270 1906 341 ΕΡιδτοιΑΜ
1942 272 2039 333 AD
2080 268 2416 335 EPHESIOS
2454 270 2585 327 LIB.
2631 270 2670 326 I.
2712 271 2871 328 CAP.
2913 271 2953 329 l.

3375 273 3484 341 {56

224 352 337 449 vero
374 387 488 446 Filii
522 388 574 445 in
605 403 692 455 eo,
738 388 881 459 quod
914 404 1012 465 per
1050 389 1225 460 ipsum
1254 390 1400 445 Patri
1435 389 1771 445 reconciliati
1799 389 1853 455 Α
1877 388 2007 445 dicti
2038 407 2058 445 :
2082 389 2200 446 sive
2230 398 2380 446 certe
2400 433 2415 457 ,
2446 389 2595 461 quod
2628 390 2810 447 omnis
2838 389 3148 459 benedictio
3185 390 3488 463 spiritualis

222 474 404 569 iunius,
442 496 495 545 et
536 487 818 545 destructo
868 488 1047 545 medio
1091 489 1319 560 pariete,
1372 489 1683 546 inimicitias
1728 487 1782 544 iu

222 597 362 639 carne
387 596 478 637 sua
505 596 797 648 evacuans,
832 580 1021 638 fecerit
1051 592 1344 655 utrumque
1370 600 1560 639 unum.

281 674 445 747 (Vers.
472 671 552 744 5.)
579 671 890 728 Benedictus
931 672 1067 731 Deus
1092 683 1141 729 et
1187 673 1345 730 Pater
1376 672 1591 729 Domini
1620 672 1785 729 nostri

217 766 325 822 Iesu
351 763 555 833 Christi,
597 768 688 838 qui
726 765 987 822 benedixit
1026 784 1121 822 nos
1155 767 1210 822 in
1253 769 1394 824 omni
1433 768 1785 824 benedictione

217 858 452 931 spirituali
490 858 543 912 in
572 857 882 926 caelestibus,
917 860 971 914 in
1012 858 1240 915 Christo.
1274 860 1560 930 Quomodo
1589 875 1789 917 secun-

216 954 324 1009 dum
364 953 714 1009 substantiam
760 963 925 1026 atque
963 966 1213 1011 naturam
1257 956 1398 1011 Dens
1442 957 1635 1021 bonus,
1688 971 1787 1012 nos

215 1047 563 1104 communione
583 1049 670 1103 sui
700 1048 881 1105 eﬂecit
907 1051 1101 1117 bonos,
1134 1062 1189 1106 et
1213 1051 1454 1123 loquitur
1480 1051 1547 1105 ad
1572 1050 1741 1106 Israel
1770 1068 1783 1107 :

215 1140 375 1197 Sancti
394 1151 570 1207 estote,
594 1145 838 1210 quoniam
863 1160 958 1217 ego
985 1155 1198 1200 sanctus
1218 1162 1332 1200 sum
1352 1143 1539 1218 (Leuit.
1568 1161 1654 1210 xx,
1687 1141 1743 1217 7)
1770 1162 1784 1199 :

215 1233 274 1290 ita
300 1237 405 1305 ipse
434 1236 760 1295 benedictus
783 1255 885 1292 nos
913 1247 1133 1310 prsestet
1163 1254 1285 1295 esse
1310 1238 1651 1296 benedictos.
1687 1239 1789 1296 Dat

212 1329 389 1401 quippe
427 1329 707 1397 legislator
748 1331 1185 1400 benedictiones,
1236 1341 1290 1387 et
1332 1331 1644 1388 benedictio
1686 1331 1789 1386 Do-

211 1421 327 1476 mini
356 1437 515 1492 super
545 1432 711 1493 caput
736 1423 869 1493 justi
903 1423 1088 1497 (Prov.
1124 1422 1184 1497 ι)
1217 1442 1229 1478 :
1260 1424 1413 1496 cujus
1444 1422 1786 1479 benedictio-

210 1516 282 1571 nis
301 1526 715 1585 cognomentum
741 1516 1148 1583 babetBaruch,
1178 1519 1267 1588 qui
1293 1517 1347 1572 in
1375 1516 1553 1590 lingua
1578 1527 1784 1587 nostra,

211 1609 510 1663 benedictum
536 1617 718 1665 sonat.
756 1611 1046 1667 Denedixit
1072 1623 1256 1666 autem
1290 1626 1413 1678 nos,
1448 1625 1554 1665 non
1594 1610 1648 1665 in
1683 1625 1787 1665 una

159 1770 169 1779 ι
207 1702 595 1772 benedictione,
625 1704 722 1760 sed
750 1707 802 1759 in
830 1705 1067 1760 cunctis.
1102 1705 1223 1761 Non
1253 1720 1360 1773 quo
1388 1720 1578 1761 omnes
1605 1702 1785 1759 omnia

206 1811 608 1869 consequamur,
630 1800 726 1854 sed
748 1798 880 1854 dum
909 1799 1129 1872 singuli,
1158 1800 1245 1855 vel
1272 1799 1538 1871 singulas,
1564 1800 1646 1855 vel
1673 1799 1789 1868 plu-
1819 1792 1865 1854 Β
1896 1798 2088 1852 rietate
2106 1809 2422 1862 causarum,
2442 1808 2586 1848 nunc
2602 1791 2877 1860 sublimis,
2910 1805 3058 1846 nunc
3082 1788 3325 1856 humilis,
3356 1803 3496 1861 prte-

128 5943 187 5987 ξι

206 1905 284 1946 res
303 1890 561 1946 habemus
586 1908 656 1948 ex
684 1893 963 1958 omnibus,
995 1907 1187 1949 omnes
1211 1902 1237 1931 ι
1266 1909 1359 1964 per
1388 1893 1631 1964 singulas
1653 1907 1782 1963 pns-

206 1984 472 2040 sideamus.
516 1985 588 2042 Et
627 2002 735 2041 non
769 1985 822 2042 in
873 1987 1107 2043 terrenis
1142 1987 1642 2052 benedictionibus,
1687 1984 1783 2042 sed

205 2076 252 2131 in
276 2078 671 2148 spiritualibus.
701 2078 846 2136 Sunt
870 2080 1072 2150 quippe
1095 2090 1329 2136 terrente
1354 2080 1782 2145 hencdictiones,

206 2167 384 2225 habere
412 2171 726 2242 quempiam
760 2172 986 2235 liberos,
1012 2173 1236 2228 alﬂuere
1260 2175 1476 2244 opibus,
1505 2173 1710 2229 honore
1734 2183 1788 2229 et

205 2264 415 2320 sanitate
437 2268 685 2337 gaudere
718 2284 732 2321 :
765 2283 887 2340 quae
919 2278 1140 2324 terrena
1182 2268 1494 2325 benedictio
1520 2284 1691 2342 usque
1722 2267 1787 2324 ad

203 2356 578 2413 irrationabilia
606 2360 853 2431 juutenta
888 2361 1192 2417 de~cendit.
1229 2364 1439 2418 Dictum
1471 2371 1556 2416 est
1588 2363 1789 2434 quippe

205 2447 264 2503 de
290 2452 392 2504 illis
423 2471 436 2505 :
470 2451 753 2508 Benedixit
783 2454 855 2508 eis
890 2453 1167 2522 Dominus,
1207 2466 1254 2512 et
1278 2456 1406 2511 dixit
1432 2472 1451 2511 :
1484 2455 1711 2512 Crescite
1742 2466 1790 2512 et

204 2543 615 2613 multiplicamini
644 2546 802 2619 (Gen.
837 2565 874 2618 t,
904 2548 1020 2620 “22).
1052 2549 1381 2620 Spirituales
1406 2566 1537 2607 vero
1568 2550 1791 2606 benedi-

204 2639 396 2695 ctiones
415 2642 467 2697 in
482 2643 809 2700 caelestibus
828 2658 952 2700 sunt
979 2662 993 2700 :
1019 2647 1143 2717 quia
1176 2656 1320 2701 terra
1350 2648 1787 2703 benedictionem

204 2746 299 2786 non
342 2735 487 2804 capit
535 2736 904 2807 spiritualent.
957 2738 1239 2811 Siquidem
1280 2750 1337 2796 et
1378 2740 1791 2801 benedictiones

204 2821 299 2879 ilice
327 2843 445 2898 quae
474 2828 533 2883 in
564 2829 811 2886 Levitico
846 2831 940 2888 Dei
989 2843 1256 2904 przrcepta
1292 2837 1640 2892 servantibus
1669 2852 1796 2907 pro-

203 2918 481 2976 mittuntur
514 2921 711 2989 (Lecit.
744 2926 890 2997 xxvi)
924 2943 938 2981 :
971 2927 1120 2983 verbi
1161 2943 1346 2997 causa,
1377 2931 1618 2987 externis
1649 2931 1796 2988 Gen-

201 3011 331 3067 tibus
366 3012 652 3087 ienerare,
699 3018 855 3089 plena
885 3035 1009 3076 esse
1045 3021 1240 3078 horrea
1271 3023 1577 3091 frumentis,
1628 3027 1795 3083 bene-

202 3103 361 3161 dictos
388 3122 515 3164 ease
550 3109 605 3163 in
647 3110 871 3166 urbibus
904 3110 1089 3184 (Deut.
1124 3116 1313 3186 xxviii)
1342 3158 1358 3183 ,
1392 3117 1710 3173 benediclos
1740 3119 1791 3174 in

1885 483 1938 538 in
1970 480 2214 553 Christo,
2257 481 2389 539 licet
2431 482 2483 539 in
2522 494 2664 540 terra
2703 483 2797 548 sit,
2847 491 3025 539 tamen
3057 482 3126 539 de
3169 482 3487 539 caelestibus

1884 585 2247 645 cntnpuletur.
2293 575 2564 632 Benedixit
2604 593 2716 645 nos,
2750 576 2947 648 inquit,
2985 577 3039 630 in
3099 576 3241 632 omni
3282 576 3493 631 benedi-

1888 671 2059 727 ctione
2087 671 2355 743 spirituali
2384 672 2439 725 in
2474 670 2764 727 ctelestibus
2789 671 2841 725 in
2864 668 3071 726 Christo
3098 686 3119 727 .'
3139 671 3191 727 in
3233 685 3492 728 sermone

1889 764 2006 835 Dei,
2036 773 2092 820 et
2121 764 2411 834 sapientia,
2440 774 2499 820 et
2523 763 2784 834 veritate,
2817 763 3147 836 ueterisque
3171 762 3488 819 virtutibus.

1888 860 2195 932 Dupliciter
2225 870 2407 916 autem
2436 859 2720 931 legendum
2751 875 2770 914 :
2802 859 3117 916 Benedictus
3146 859 3285 915 Deus
3312 870 3359 915 et
3381 856 3493 915 Pa-

1887 963 1963 1010 ter
2014 954 2225 1009 Domini
2264 955 2430 1010 nostri
2471 955 2600 1009 Iesu
2654 952 2891 1023 Christi;
2940 966 2996 1010 ut
3053 955 3124 1010 sit
3170 952 3494 1011 benedictus

1891 1049 2056 1115 Dens,
2102 1050 2197 1120 qui
2241 1048 2627 1104 universorum
2669 1046 2923 1103 conditor
2960 1056 3067 1116 est,
3117 1056 3172 1101 et
3209 1046 3493 1118 hucusque

1888 1143 2207 1209 distinctio;
2237 1141 2498 1211 deinceps
2530 1139 2836 1196 inferatur:
2864 1140 2954 1210 qui
2991 1149 3063 1196 est
3101 1147 3150 1196 et
3190 1140 3355 1194 Pater
3380 1135 3491 1194 Do—

1890 1238 2018 1292 mini
2042 1236 2205 1293 nostri
2230 1234 2359 1291 Jesu
2381 1233 2598 1304 Christi,
2624 1232 2709 1289 vel
2740 1234 2812 1288 ita
2838 1250 2851 1287 :
2877 1244 2936 1288 ut
2960 1233 3102 1288 Deus
3129 1239 3186 1287 et
3211 1230 3394 1301 Pater,
3423 1230 3492 1288 ad

1892 1330 2178 1387 luminum
2210 1337 2453 1383 nostrum
2474 1370 2488 1396 ,
2517 1327 2569 1381 in
2597 1340 2885 1380 commune
2917 1324 3205 1383 referatur.
3259 1320 3496 1379 Benediv

1888 1432 1974 1480 tus
2006 1425 2147 1479 Deus
2175 1422 2292 1492 ejus
2330 1420 2422 1492 qui
2451 1427 2766 1490 assumptus
2796 1428 2879 1473 est
2916 1417 3151 1473 hominis
3178 1459 3193 1483 ,
3226 1428 3279 1474 et
3331 1417 3494 1477 Pater

1888 1518 2028 1586 ejus,
2059 1518 2149 1588 qui
2181 1517 2232 1571 in
2261 1514 2530 1585 principio
2556 1511 2699 1583 apud
2728 1512 2895 1567 Deutn
2920 1509 3018 1566 luit
3048 1510 3193 1566 Deus
3226 1510 3488 1579 Verbum.

1888 1610 2005 1667 Non
2038 1625 2146 1680 quo
2184 1608 2324 1663 alius
2359 1616 2672 1677 assumptus
2703 1606 2889 1672 homo,
2921 1614 2976 1661 et
3025 1604 3164 1661 alius
3208 1604 3277 1663 sit
3311 1618 3495 1673 sermo

1888 1702 1983 1773 qni
2010 1700 2408 1771 assumpserit;
2456 1700 2554 1755 sed
2585 1715 2692 1775 quo
2722 1714 2862 1757 unus
2897 1706 3063 1767 atque
3094 1696 3237 1759 idem
3274 1711 3373 1768 pro
3403 1711 3493 1757 va-

1888 1889 2121 1947 dicetur.

1961 1983 2149 2054 (Vcrs.
2175 1979 2259 2055 4.)
2291 1980 2439 2037 Sicut
2468 1979 2621 2052 elegit
2649 1995 2743 2034 nos
2780 1978 2835 2033 in
2879 1979 2993 2052 ipso
3024 1986 3143 2034 ante
3167 1977 3501 2035 constitutio-

1890 2096 2007 2133 nem
2048 2078 2227 2133 mundi
2259 2093 2278 2130 :
2305 2086 2359 2135 ut
2399 2091 2626 2130 essemus
2671 2074 2837 2129 sancti
2866 2082 2916 2128 et
2962 2070 3283 2126 immaculati
3322 2087 3500 2127 coram

1890 2175 2024 2243 ipso.
2058 2171 2166 2227 Pro
2192 2168 2219 2208 ι)
2248 2169 2645 2225 constitutione
2680 2165 2900 2227 mundi,
2936 2165 2988 2220 in
3020 2165 3214 2221 Gra‘co
3236 2162 3498 2236 scriptum

1892 2265 2086 2331 habet,
2135 2276 2156 2303 ο
2189 2265 2292 2343 πρὸ
2327 2262 2609 2322 καταϐολῆς
2647 2260 2872 2335 κόσμους
2906 2276 3014 2315 non
3048 2258 3285 2326 idipsum
3314 2267 3500 2314 autem

1892 2363 2168 2428 καταϐολή,
2192 2360 2334 2432 quod
2353 2358 2656 2414 constitutio
2679 2365 2854 2411 sonat.
2882 2354 3042 2411 Unde
3065 2363 3119 2409 et
3151 2368 3249 2407 n05
3272 2360 3499 2425 propter

1892 2471 2266 2532 paupertatem
2302 2456 2536 2525 linguai,
2567 2465 2617 2509 et
2660 2468 2844 2507 rctum
2881 2448 3212 2514 novitatem,
3243 2446 3408 2521 548
3446 2454 3505 2509 ct

1891 2555 2036 2610 sicut
2060 2550 2284 2624 quidam
2308 2548 2408 2613 ait,
2429 2546 2574 2617 quod
2606 2546 2675 2600 sit
2700 2545 3020 2600 Cra-corum
3042 2554 3096 2597 et
3126 2556 3312 2596 sermo
3336 2540 3500 2596 latior

1892 2650 2148 2719 ctlingua
2179 2644 2415 2709 felicior,
2446 2641 2771 2699 conabimur
2793 2654 2900 2694 non
2933 2648 3040 2693 tam
3072 2638 3298 2693 verbum
3322 2648 3501 2691 trans-

1895 2741 2036 2799 ferre
2075 2741 2143 2795 de
2196 2736 2390 2803 verbo,
2433 2733 2576 2806 quod
2627 2730 2967 2802 impossibile
3006 2738 3125 2796 est,
3174 2743 3336 2799 quam
3386 2728 3497 2783 vim

1894 2836 2046 2892 verbi
2092 2832 2330 2906 quodam
2376 2829 2652 2901 explicare
2678 2825 2935 2881 circuitu.
2969 2822 3233 2882 ιαταϐολή
3282 2818 3502 2892 prOprie

1893 2928 2093 2985 dicitur
2118 2971 2132 2996 ,
2165 2942 2289 2982 cum
2325 2922 2418 2995 qui
2448 2922 2702 2978 deorsum
2727 2918 2928 2990 jacitur
2952 2957 2969 2984 ,
2999 2925 3056 2972 et
3093 2915 3143 2970 in
3177 2913 3497 2970 inferiorem

1893 3025 2073 3081 locum
2105 3021 2337 3076 mittitur
2358 3018 2425 3073 de
2454 3015 2700 3082 sublimi,
2732 3013 2818 3069 vel
2848 3027 2970 3068 cum
3001 3011 3185 3083 aliqua
3216 3024 3304 3065 res
3333 3008 3504 3069 sumit

1896 3116 2201 3172 exordium.
2246 3111 2399 3170 Unde
2430 3120 2487 3166 et
2516 3107 2572 3164 hi
2614 3108 2705 3178 qui
2737 3105 2935 3161 aedium
2987 3103 3291 3159 futurarum
3323 3100 3501 3172 prima

202 3199 353 3266 agris,
380 3208 438 3255 et
464 3210 669 3257 calere
697 3202 781 3257 bis
808 3205 1031 3272 similia,
1080 3207 1133 3261 in
1178 3208 1458 3280 prophetis
1491 3226 1599 3265 non
1644 3209 1790 3267 vidc-
1820 3190 1866 3255 (ἶ
1893 3209 2105 3282 jaciunt
2144 3208 2496 3265 fundamenta
2527 3200 2977 3264 καταϐιϐληκὲναι,
3009 3197 3062 3254 id
3092 3204 3177 3253 est
3202 3237 3217 3262 ,
3245 3194 3499 3251 deorsum

200 3289 366 3348 bimus
394 3291 506 3368 [ΑΙ.
537 3294 813 3370 videmus]
843 3298 1077 3368 expleta,
1104 3301 1438 3370 hominibus,
1480 3305 1569 3376 qui
1603 3306 1654 3358 in
1682 3320 1798 3361 me-

201 3382 314 3441 lotis
361 3398 419 3442 et
462 3389 520 3443 in
581 3391 826 3461 caprinis
870 3392 1105 3461 pellibus
1135 3393 1295 3467 547
1326 3406 1648 3452 erraverunt
1688 3415 1702 3452 :
1743 3399 1797 3455 in

202 3488 449 3551 egestate,
488 3482 545 3534 in
577 3486 849 3559 angustia,
884 3486 935 3539 in
967 3484 1208 3542 desertis
1250 3488 1550 3553 montibus,
1588 3491 1639 3545 in
1668 3506 1797 3563 spe-

202 3568 361 3627 luncis
386 3583 446 3630 et
472 3578 737 3632 cavernis
767 3589 1071 3650 petrarum,
1105 3593 1525 3653 persecuturum
1564 3584 1800 3655 impetus

199 3663 525 3725 drclinantes
558 3670 747 3743 (Hebr.
785 3670 881 3744 si).
913 3672 1284 3743 Spiritnaliter
1314 3692 1445 3747 ergo
1474 3678 1795 3749 accipienda

201 3764 545 3828 suntomnii,
576 3777 632 3821 et
660 3764 992 3837 spiritualia,
1029 3784 1136 3823 non
1168 3771 1219 3823 in
1250 3772 1485 3826 terrenis
1512 3772 1664 3836 locis,
1696 3772 1795 3829 sed

200 3849 249 3906 in
275 3857 600 3912 cmlestrbus
623 3862 1011 3929 exspectanda.
1044 3861 1199 3929 Quod
1232 3880 1361 3919 vero
1389 3866 1462 3919 ait
1488 3884 1502 3921 :
1527 3864 1801 3923 Benedixit

201 3960 285 3999 nos
307 3950 355 4003 in
378 3967 456 4003 oi.-
468 3952 524 4004 ni
548 3950 905 4010 benedictione
931 3956 1199 4024 spirituali
1218 3960 1273 4012 in
1295 3960 1606 4027 (mlesttbus,
1640 3960 1795 4032 quasi

194 4039 298 4110 jam
324 4045 375 4098 in
408 4048 701 4116 praeterito
733 4047 933 4105 factum
966 4051 1059 4118 sit,
1100 4062 1156 4107 et
1197 4068 1306 4107 non
1354 4052 1407 4107 in
1442 4055 1625 4111 l'ntnro
1671 4072 1799 4127 pro—

201 4138 440 4212 missum,
475 4142 530 4197 id
553 4150 643 4197 est
666 4188 680 4212 ,
712 4144 1019 4214 benedixit,
1055 4158 1108 4202 et
1135 4164 1239 4202 non
1275 4148 1661 4205 benctlicturus
1689 4162 1793 4220 est,

197 4235 450 4300 qumritnr
480 4236 760 4306 quomodo
790 4237 967 4291 adhuc
1004 4241 1055 4293 in
1088 4248 1229 4294 terra
1267 4256 1368 4295 nos
1408 4243 1644 4311 positos,
1683 4258 1792 4300 etes

198 4319 316 4380 lesti
345 4325 741 4383 benedictione
771 4329 1132 4385 benedixerit.
1166 4333 1290 4388 Sive
1317 4333 1638 4405 igiturqnotl
1665 4351 1797 4390 con-

196 4420 428 4474 versatio
460 4433 660 4475 nnstra
686 4422 737 4474 in
758 4425 916 4478 caelis
940 4433 1043 4485 est,
1068 4435 1121 4477 et
1154 4442 1259 4479 non
1283 4442 1472 4481 smnus
1501 4428 1567 4482 de
1592 4427 1795 4483 mundo

199 4508 323 4579 ialo;
356 4514 455 4567 sed
486 4513 745 4584 deposita
770 4514 1003 4586 imagine
1030 4515 1206 4572 choici
1235 4559 1250 4585 ,
1296 4529 1575 4588 portamus
1605 4520 1794 4591 imagi-

1895 3306 2046 3363 initia
2068 3301 2547 3359 fundamentorum
2569 3297 2767 3367 iecisse
2784 3295 3060 3350 dicuntur.
3090 3291 3292 3346 Valens
3316 3292 3498 3361 itaque

1898 3396 2097 3453 Paulus
2127 3392 2420 3449 ostendere
2459 3388 2606 3460 quod
2640 3388 2781 3442 Deus
2812 3386 3069 3441 universa
3116 3383 3188 3439 sit
3216 3380 3505 3437 machina-

1899 3503 1984 3549 tus
2015 3506 2081 3546 ex
2111 3488 2307 3555 nihilo,
2332 3502 2440 3542 non
2468 3482 2840 3548 conditionem,
2884 3493 2993 3535 non
3022 3487 3315 3533 creaturam
3342 3485 3506 3547 atque

1897 3589 2179 3660 facturam,
2218 3582 2316 3640 sed
2342 3580 2633 3642 καταϐολὴν
2658 3619 2672 3644 .
2706 3578 2760 3632 id
2791 3584 2876 3643 est
2897 3617 2911 3640 ,
2944 3574 3152 3631 initium
3177 3568 3505 3646 fundamenti

1896 3681 1964 3737 ad
1991 3696 2116 3738 eum
2147 3678 2336 3735 retulit
2366 3692 2380 3730 :
2414 3686 2474 3731 ut
2506 3689 2614 3729 non
2642 3673 2794 3742 juxta
2828 3666 3188 3725 Manichaum
3214 3708 3229 3730 ,
3263 3673 3318 3720 et
3340 3671 3502 3720 corte-

1897 3791 1988 3833 ras
2038 3773 2282 3843 haereses
2326 3773 2471 3842 (qua:
2521 3766 2784 3822 factorem
2835 3771 2892 3818 et
2939 3758 3225 3817 materiam
3270 3754 3503 3828 ponunt)

1897 3869 2101 3939 aliquid
2143 3865 2255 3940 (At.
2288 3861 2462 3937 aliud]
2490 3860 2633 3917 unde
2672 3871 2939 3916 creaturae
2979 3854 3134 3910 factm
3165 3844 3306 3918 sint,
3345 3858 3505 3905 ante-

1897 3963 2125 4018 cesserit
2155 3972 2475 4015 creaturas:
2509 3954 2603 4011 sed
2635 3951 2817 4009 omnia
2841 3964 2909 4005 ex
2939 3946 3109 4003 nihilo
3130 3941 3497 4001 santiterint.

1897 4054 2051 4123 Quod
2078 4061 2259 4108 autem
2290 4051 2495 4107 electos
2519 4060 2644 4115 nos,
2669 4053 2728 4099 ut
2747 4056 2994 4100 essemus
3023 4038 3196 4128 sancti
3224 4044 3280 4093 et
3310 4036 3506 4090 imma-

1898 4149 2062 4204 culati
2116 4161 2302 4201 coram
2355 4144 2493 4213 ipso,
2550 4139 2654 4194 hoc
2702 4146 2811 4203 est,
2866 4135 3014 4201 Deo,
3066 4141 3194 4187 ante
3241 4129 3503 4193 fabricam

1900 4241 2088 4297 mundi
2130 4249 2358 4295 teStatus
2389 4246 2476 4293 est
2499 4276 2515 4301 ,
2547 4232 2614 4287 ad
2649 4228 3051 4303 prtescientiam
3083 4226 3179 4281 Dei
3223 4225 3501 4297 pertinet;

1899 4334 1988 4390 Cui
2028 4334 2207 4389 omnia
2247 4331 2430 4387 futura
2457 4327 2566 4399 jam
2604 4326 2741 4380 facta
2774 4330 2903 4378 sunt
2929 4364 2944 4389 ,
2973 4331 3027 4376 et
3056 4328 3344 4390 antequam
3372 4316 3506 4383 fiant

1902 4431 2155 4483 universa
2185 4434 2312 4479 sunt
2359 4430 2506 4476 nota.
2538 4418 2694 4474 Sicut
2725 4424 2781 4472 et
2822 4414 3024 4470 Paulus
3055 4412 3170 4484 ipse
3211 4409 3500 4481 pra'desti-

1902 4533 2061 4575 natur
2108 4519 2161 4573 in
2208 4527 2365 4573 utero
2411 4511 2603 4570 matris
2651 4526 2788 4576 sum,
2835 4518 2888 4563 et
2928 4507 3195 4563 Jeremias
3242 4505 3295 4557 in
3342 4501 3507 4569 vulva

198 4618 310 4660 nem
337 4608 759 4677 superctelestis
790 4626 804 4662 :
836 4585 897 4663 et
915 4612 965 4663 in
999 4624 1167 4665 carne
1196 4585 1308 4665 non
1331 4612 1584 4681 vivimus,
1611 4585 1793 4669 sed‘in
1820 4585 1874 4645 υ
1902 4615 2274 4669 sanctilicatur
2297 4609 2512 4681 (lerant.
2540 4608 2600 4678 t),
2623 4605 2862 4675 cligitur,
2886 4602 3200 4669 roboratur,
3222 4606 3279 4654 et
3301 4596 3356 4653 in
3382 4606 3511 4671 typo

198 4701 382 4767 Spiritu
414 4720 431 4757 :
478 4713 535 4757 et
568 4700 998 4757 tltesattrizatnus
1036 4702 1191 4758 nobis
1226 4704 1275 4757 in
1304 4705 1461 4760 caelis
1493 4706 1582 4760 ubi
1612 4714 1668 4760 et
1702 4721 1795 4762 cor

198 4789 477 4867 habemus,
522 4797 756 4851 dicimur
786 4814 926 4852 nunc
956 4801 1170 4853 cretesti
1213 4799 1594 4856 benedictione
1630 4801 1793 4856 bene-

266 4958 705 5035 fgirterciensis
734 4978 861 5031 ms.,
892 4981 1067 5019 omnes
1089 4964 1167 5019 rei
1190 4963 1427 5035 singulas
1449 4966 1794 5035 possidemus.

263 5029 291 5069 ι’
320 5032 689 5107 Hieronymus
728 5029 1092 5107 cunt'J'avoris
1132 5036 1183 5090 in
1229 5029 1524 5107 Drigenem
1565 5053 1797 5107 purgare

201 5106 567 5176 suspicionem
598 5106 796 5173 voluit,
825 5106 992 5162 hosce
1017 5106 1336 5176 cumprimis
1363 5106 1801 5165 Commentarios

201 5173 249 5251 in
284 5176 435 5251 lfauli
466 5178 758 5251 epistolam
796 5177 861 5232 ad
891 5173 1180 5251 Ephesios.
1213 5190 1400 5249 utpote
1441 5181 1640 5251 quibus
1672 5197 1801 5251 pro-

201 5244 312 5324 bati
343 5264 452 5324 sua
484 5264 665 5316 posset
700 5249 864 5324 (ﬁdes,
891 5244 1091 5306 Ruﬁno
1136 5244 1489 5307 calutitttiattii
1523 5244 1798 5324 opposuit.

203 5317 297 5395 llic
328 5320 491 5395 avide
529 5323 819 5395 occasione
858 5332 1094 5395 arrepta,
1139 5335 1194 5375 et
1226 5338 1478 5390 maerens
1519 5317 1577 5379 in
1602 5317 1801 5395 scirpo

201 5392 422 5467 nodum,
464 5390 682 5467 hostnet
712 5392 881 5448 libros
912 5390 1553 5467 iniquissima(diligentia
1597 5390 1802 5467 expen-

202 5460 298 5535 dit,
338 5460 508 5535 inque
535 5462 849 5535 Origeniani
890 5460 1083 5520 sensus
1125 5460 1805 5535 invidiam'perverse'tra-

201 5529 479 5610 hit,_fa_cto
501 5534 569 5588 ab
589 5529 678 5610 his
700 5536 883 5610 verbis
902 5538 1193 5592 accusandi
1218 5537 1388 5610 initio.
1413 5529 1523 5593 Nos
1551 5539 1802 5610 qutrdam

202 5605 433 5679 subinde
479 5622 573 5675 pro
617 5608 677 5662 S.
713 5607 945 5665 Docwrc
974 5621 1164 5664 contra
1205 5605 1612 5676 Aquileienset'n
1648 5626 1805 5679 pres-

204 5675 455 5747 byterum
478 5679 1004 5752 animadvertemus;
1027 5685 1121 5736 sed
1148 5675 1367 5750 quando
1392 5682 1505 5752 ipsa
1532 5675 1803 5738 rationum

203 5757 483 5823 momenta
521 5751 592 5805 ob
635 5750 830 5806 oculos
870 5765 1071 5819 ponere
1099 5767 1201 5823 per
1229 5750 1482 5807 notarum
1526 5755 1806 5823 angustias

201 5828 313 5874 non
336 5819 492 5891 licet,
519 5830 576 5877 ut
602 5824 752 5892 ipsos
775 5819 1159 5880 invectivarum
1182 5821 1360 5881 Ruﬁni
1386 5823 1574 5893 libros,
1601 5819 1634 5882 ᾗ
1660 5826 1804 5897 prio-

1902 4708 2105 4765 Cbristi
2144 4709 2404 4777 prOpbeta
2438 4701 2692 4774 gentibus
2721 4697 2975 4754 mittitur.
3005 4694 3160 4751 Alius
3192 4688 3219 4730 ἀ
3252 4705 3383 4745 vero
3413 4687 3507 4761 qui

1905 4802 2074 4857 Deum
2101 4799 2308 4869 justum
2343 4806 2571 4851 conatur
2598 4791 2916 4858 ostendere,
2951 4786 3096 4862 quod
3126 4800 3237 4843 non
3266 4800 3333 4841 ex
3364 4796 3507 4854 prino.

1905 4966 1979 5020 ris
2014 4980 2245 5021 numero
2276 4963 2537 5032 vigesimo
2568 4959 2730 5014 tertio
2755 4957 2832 5032 ad
2865 4954 3092 5032 alterius
3121 4951 3282 5008 finem
3315 4963 3509 5021 usque,

1907 5038 2141 5093 lectores
2170 5028 2479 5102 consulant,
2520 5034 2731 5105 ipsique
2760 5028 3080 5101 dijudirent,
3129 5032 3378 5079 auctores
3412 5034 3507 5075 su-

1906 5124 2048 5165 111118.
3117 5167 3148 5172 __
3174 5168 3183 5172 _
3272 5163 3304 5172 ..
3427 5161 3438 5172 .

1981 5191 2003 5219 ο
2030 5180 2109 5237 Ex
2139 5178 2244 5235 hoc
2275 5178 2394 5233 loco
2418 5174 2770 5246 intelligimus
2795 5180 3059 5246 quantum
3085 5167 3186 5223 sibi
3219 5163 3510 5246 tribuerint

1906 5233 2167 5308 liras—nius
2198 5233 2253 5306 et
2293 5251 2567 5303 Marianus
2593 5233 2653 5302 in
2685 5233 3272 5319 editioneﬁran-aruin
3301 5233 3509 5319 .lectio:

1907 5302 2301 5392 Hitfii'i‘néqiie
2327 5336 2456 5376 vero
2498 5334 2562 5393 es
2594 5315 2870 5393 codicibus
2912 5305 3368 5393 Hierony‘niianis,
3408 5302 3506 5393 sed

1906 5378 1971 5452 ex
2005 5378 2230 5466 proprio
2256 5394 2474 5466 ingenio
2497 5391 2589 5445 hic
2613 5390 2871 5466 omittunt
2896 5378 3504 5466 pI‘QpOf‘lliOftlthLa—rﬁh!

1906 5447 2217 5539 adduntque
2244 5447 2530 5539 arficulutn
2563 5468 2683 5539 τοῦ2
2726 5457 2817 5529 qui
2859 5447 2964 5539 non
3004 5447 3503 5539 l'egituriinﬁrt‘ccgo

1906 5526 2163 5595 contextu
2184 5539 2240 5594 S.
2271 5537 2443 5600 Pauli,
2465 5550 2640 5604 neque
2670 5526 3151 5604 itreremplaribus
3174 5526 3509 5604 _tnanuseri-

1909 5594 2270 5681 ptishujnsce
2297 5594 2676 5681 commeniarii
2709 5601 2778 5681 8..⁵
2804 5594 3137 5681 llieronvtni.
3174 5594 3410 5681 MARTA“!

1980 5662 2012 5719 δ
2038 5662 2199 5739 lit—tite
2218 5662 2405 5744 alium,
2432 5681 2587 5747 cuius
2618 5675 2703 5747 hi_c
2727 5662 3284 5747 dissintulatnornen,
3317 5662 3509 5733 Orige-

1911 5737 2185 5810 nem'csse
2219 5767 2328 5806 non
2368 5737 2631 5805 d'iflit'ctnr
2658 5743 2714 5818 S.
2746 5742 2905 5795 Pater
2939 5741 2989 5818 in
3030 5737 3291 5818 Apologia
3318 5747 3507 5789 contra

1910 5824 2168 5883 Ruﬁnum
2196 5841 2211 5881 ε
2237 5838 2401 5893 seque
2423 5823 2517 5887 ita,
2541 5816 2683 5888 quod
2707 5828 2906 5871 nomen
2933 5814 3050 5884 eius
3074 5814 3321 5877 tacuerit,
3345 5818 3509 5886 escu‘
