3962 6338
416 298 524 362 ιιι

1662 293 1722 353 8.
1763 291 2032 353 EUSEBII
2075 287 2459 350 IIIEBONYMI

3616 288 3732 357 ut

412 416 626 491 judicio
652 415 897 474 scientias
922 430 1059 480 sure.
1089 412 1186 471 sed
1210 429 1280 469 ex
1304 410 1500 468 merito
1520 409 1820 467 electorum
1842 425 2033 463 unutn-
2054 411 2107 471 Α
2137 407 2245 462 Deo
2275 404 2497 476 Ephesii
2521 411 2650 459 sunt
2669 445 2684 468 .
2730 411 2784 458 et
2810 401 3002 457 falsum
3045 408 3135 458 est
3175 400 3280 458 hoc
3306 400 3456 473 quod
3486 401 3725 462 dicitur:

414 523 690 582 qttemque
718 509 910 579 eligat,
953 506 1108 571 dicit,
1156 517 1282 559 ante
1307 502 1552 557 visibiles
1577 508 1887 564 creaturas,
1911 514 2021 552 cm-

421 604 557 667 lum,
594 611 819 667 terram,
867 599 1040 653 maria
1080 608 1133 651 et
1165 598 1348 651 omnia
1393 611 1514 665 qum
1549 594 1691 649 intra
1736 607 1795 644 ca
1825 590 1933 664 [ΑΙ.
1969 591 2021 644 in

420 693 524 767 eis]
549 703 697 757 sunt.
730 692 899 747 fuisse
922 690 1056 744 alias
1088 689 1391 742 invisibiles
1414 698 1719 745 creaturas.
1750 684 1802 737 in
1829 683 2027 754 quibus

423 800 475 841 et
510 788 739 850 animas.
775 801 891 856 qu't-
924 785 995 839 ob
1019 783 1282 855 quasdam
1316 795 1530 839 camus.
1562 777 1666 833 soli
1700 777 1811 832 Deo
1845 783 2022 843 notas,

423 879 651 951 deiectae
681 877 791 931 sint
818 876 1075 931 tle-orsum
1107 874 1162 930 in
1201 874 1398 927 vallem
1442 872 1596 926 istaut
1636 869 2025 939 laetytnarunt,

422 971 476 1026 in
520 971 699 1026 locum
741 966 1051 1024 alﬂictionis
1089 975 1144 1022 et
1182 963 1639 1037 peregrinatioois
1675 971 1877 1015 uestra:
1901 1000 1917 1025 ,
1974 960 2026 1012 in

425 1080 535 1137 quo
572 1072 793 1120 sanctus
827 1064 1164 1119 consntntus
1204 1059 1398 1115 orabat
1428 1066 1490 1112 ut
1520 1057 1585 1111 atl
1623 1054 1812 1110 sedem
1846 1052 2023 1122 pristi-

423 1173 550 1213 nam
588 1164 987 1222 reverteretur,
1030 1153 1223 1208 dicens
1254 1167 1269 1207 :
1296 1149 1409 1205 "ea
1444 1149 1592 1215 mitti,
1628 1147 1748 1219 quia
1773 1146 2029 1200 incolatus

427 1266 573 1305 meus
602 1249 944 1322 prolongutus
975 1246 1092 1300 est!
1129 1244 1359 1298 habitari
1385 1258 1501 1297 cum
1528 1238 1878 1294 habitantibus
1914 1235 2025 1310 [ΑΙ.

424 1337 856 1412 habitationibus]
885 1338 1053 1393 Cedar
1078 1379 1091 1400 .
1133 1337 1350 1391 multum
1377 1334 1707 1408 peregrinata
1741 1339 1814 1385 est
1854 1333 2030 1383 anima

424 1449 540 1487 mea
564 1432 682 1505 (Ps.
713 1446 865 1497 ests,
895 1432 972 1502 5).
1002 1431 1068 1487 Et
1098 1431 1153 1486 in
1184 1431 1293 1484 alio
1325 1430 1445 1483 loco
1472 1443 1490 1482 :
1524 1427 1686 1481 Miser
1705 1442 1799 1499 ego
1835 1425 1987 1478 homo
2013 1440 2032 1479 :

422 1526 538 1597 quis
552 1540 634 1579 me
651 1523 887 1580 liberabit
906 1523 971 1579 de
990 1538 1205 1595 corpore
1223 1523 1400 1575 mortis
1413 1520 1613 1593 hujus?
1635 1518 1730 1574 Et:
1752 1516 1940 1573 .llelius
1959 1526 2032 1571 est

425 1617 591 1693 5&9
610 1619 817 1684 reverti.
844 1629 890 1673 et
917 1634 1027 1673 esse
1055 1634 1172 1672 cum
1197 1616 1423 1672 Christo.
1462 1617 1527 1669 Et
1549 1613 1678 1670 alibi
1706 1631 1719 1666 :
1744 1615 2031 1683 Antequam

426 1712 739 1767 Itumitiarer
767 1728 862 1784 ego
891 1710 1097 1781 peccavi
1118 1708 1238 1780 (Ps.
1265 1723 1455 1774 cst-nt,
1489 1707 1604 1777 (i7),
1637 1717 1691 1760 et
1723 1715 1922 1760 ca'tera
1947 1704 2033 1758 bis

2135 498 2254 557 Non
2276 498 2661 573 justi/imbitur
2688 498 2739 551 in
2773 505 3054 569 conspectu
3082 506 3171 551 tuo
3198 498 3367 552 omnis
3395 498 3592 554 vivens.
3622 499 3733 558 Aut

2126 592 2171 646 si
2218 608 2380 646 nemo
2416 590 2750 660 justilicatur
2776 588 2939 661 550
2963 590 3018 643 in
3049 599 3347 657 consliectu
3381 590 3501 659 Dei,
3533 591 3731 649 falsum

2126 692 2215 741 est
2243 685 2392 755 quod
2426 684 2733 753 prmeessit,
2762 695 2985 736 sanctos
3026 694 3079 739 ct
3112 682 3493 739 immaculatos
3522 700 3647 741 esse
3676 684 3734 745 in

2127 790 2426 849 conspectu
2459 778 2573 839 Dei.
2607 777 2672 831 ad
2696 776 2838 848 quod
2866 776 3117 831 bifariam
3149 787 3233 832 est
3259 777 3732 848 respondendum.

2130 871 2244 926 Non
2267 872 2413 926 enim
2447 872 2523 924 ait
2556 871 2790 926 Paulus:
2817 870 2989 939 Elegit
3014 886 3115 924 nos
3134 881 3262 924 ante
3286 871 3737 929 conetitutioncm

2131 965 2340 1030 tnundi.
2365 980 2491 1021 cum
2514 980 2763 1021 essemus
2785 964 2960 1019 sancti
2992 971 3048 1018 rt
3074 964 3451 1030 ἰιιιιιιτιοιιι.ιιί;
3476 966 3598 1026 scd.
3622 967 3738 1022 ele-

2128 1060 2205 1131 git
2233 1074 2333 1112 nos
2355 1069 2409 1111 ιιι
2442 1073 2693 1114 essemus
2715 1057 2892 1113 sancti
2916 1066 2965 1113 et
2992 1057 3347 1124 immaculati,
3379 1057 3483 1113 hoc
3506 1068 3616 1123 est.
3643 1058 3737 1127 qui

2131 1151 2306 1206 sancti
2334 1158 2393 1207 et
2415 1151 2754 1208 imtracolati
2776 1162 2907 1206 ante
2951 1167 3057 1205 non
3084 1150 3307 1214 fuimus.
3343 1163 3399 1205 ιιι
3433 1161 3620 1218 postea
3651 1160 3742 1209 es-

2130 1260 2341 1302 semus.
2360 1245 2517 1314 Quod
2546 1256 2600 1301 et
2624 1245 2694 1301 de
2717 1244 3100 1316 peccatoribus
3120 1244 3186 1299 ad
3212 1244 3742 1303 melioraconversil

2132 1342 2235 1396 dici
2267 1350 2481 1413 potest.
2514 1350 2572 1396 et
2614 1341 2783 1395 stabit
2824 1341 2917 1395 illa
2963 1341 3238 1396 sententia
3272 1356 3287 1393 :
3323 1338 3445 1394 Non
3468 1340 3744 1413 justiﬁea-

2132 1435 2273 1489 bitur
2293 1436 2345 1488 in
2375 1443 2654 1505 conspectu
2683 1443 2773 1488 tuo
2797 1432 2967 1486 omnis
2988 1434 3185 1502 vivens,
3209 1433 3258 1486 id
3287 1445 3393 1499 est,
3420 1433 3474 1488 in
3498 1444 3608 1488 tota
3631 1435 3743 1491 vita

2130 1541 2230 1583 sua
2251 1572 2265 1597 ,
2316 1527 2370 1581 in
2397 1528 2548 1581 omni
2579 1541 2690 1598 quo
2719 1525 2773 1580 in
2819 1526 3024 1581 mutulo
3056 1526 3163 1580 isto
3203 1537 3565 1582 conversatus
3608 1525 3741 1601 [ΑΙ.

2083 1644 2091 1653 -
2131 1618 2431 1693 versatus]
2461 1627 2547 1675 est
2584 1630 2855 1690 tempore.
2892 1618 3120 1687 Quideut
3152 1619 3227 1674 ita
3270 1618 3617 1675 intellectum
3641 1665 3656 1687 .
3688 1628 3747 1676 et

2133 1716 2423 1772 adversum
2462 1730 2586 1769 eum
2618 1714 2773 1779 facit,
2802 1714 2892 1783 qui
2927 1723 3221 1785 antequam
3268 1713 3513 1768 mundus
3548 1712 3745 1779 ﬁeret,

425 1805 658 1862 similia.
690 1804 880 1876 Itaque
908 1805 1225 1876 priusquam
1267 1800 1464 1856 aniune
1485 1842 1500 1866 ,
1534 1799 1809 1871 inquiunl.
1842 1795 2037 1869 Ρτέιὶείο
2068 1807 2113 1869 Β
2138 1810 2347 1864 animas
2375 1807 2508 1863 dicit
2535 1806 2740 1862 electas
2758 1822 2882 1862 esse
2910 1807 3503 1875 proptersanctitatem
3535 1815 3594 1861 et
3623 1806 3747 1861 unl-

427 1901 735 1971 pitarenlur
785 1899 837 1954 in
871 1907 897 1935 ι
931 1896 1216 1962 mundum,
1262 1903 1322 1951 et
1364 1893 1603 1950 m‘undus
1642 1908 1709 1948 ex
1749 1890 2035 1947 animabus

425 1992 448 2067 |_
472 1993 558 2050 Al.
588 1990 963 2065 animalibus]
997 1991 1151 2046 ﬂeret
1192 2004 1317 2045 cum
1362 1986 1783 2042 liabitatricibus
1809 1989 1946 2049 suis.
1980 1983 2034 2037 in

426 2088 672 2144 intimum
708 2087 830 2159 ipse
861 2086 1124 2157 dejeetus,
1160 2083 1331 2153 elegit
1353 2081 1581 2138 Paulum
1611 2080 1757 2136 Deus
1798 2090 1851 2134 et
1881 2078 1931 2134 ei
1957 2076 2036 2132 si-

431 2183 588 2236 miles
628 2195 814 2236 coram
864 2194 959 2248 se,
1008 2180 1100 2250 qui
1150 2184 1312 2232 erant
1358 2175 1531 2231 sancti
1579 2182 1637 2229 et
1676 2170 2033 2227 immaculati.

429 2273 603 2331 Nemo
634 2286 817 2328 autem
860 2272 1084 2343 eligitur
1115 2271 1218 2325 nisi
1259 2268 1328 2324 de
1371 2265 1622 2339 pluribus
1666 2273 1764 2321 :ct
1794 2264 1884 2318 ubi
1911 2272 2038 2317 sunt

429 2366 599 2437 aliqui
625 2366 871 2431 viliores,
899 2364 971 2420 ibi
1003 2363 1201 2418 eleCIio
1226 2370 1593 2432 perpetratur.
1619 2356 1906 2427 Quomodo
1935 2372 2033 2410 au-

438 2470 546 2515 tem
576 2461 626 2513 in
664 2458 958 2530 Babylonia
986 2456 1304 2525 captivitate
1328 2497 1342 2520 ,
1373 2453 1587 2524 quando
1618 2468 1649 2506 a
1678 2450 2039 2506 Nabuchodo-

435 2566 602 2607 IlOStll'
632 2550 683 2604 in
705 2547 1019 2605 Cbildmatn
1045 2548 1312 2603 abductus
1341 2557 1428 2602 est
1451 2546 1704 2615 populus,
1731 2544 1883 2599 missi
1908 2554 2039 2598 sunt

431 2646 718 2718 prOpbelaz
743 2645 1013 2707 Ezechiel.
1050 2643 1263 2710 Daniel,
1300 2653 1413 2696 tres
1443 2639 1621 2712 pueri,
1650 2644 1903 2710 Aggteus,
1936 2637 1975 2692 Z
1995 2660 2036 2688 ι-

431 2741 669 2808 cbarias,
702 2754 811 2793 non
838 2753 948 2810 quo
972 2748 1026 2793 et
1052 2736 1157 2808 ipsi
1186 2736 1494 2792 meruerint
1522 2734 1911 2801 captivitatem,
1941 2732 2034 2786 sed

431 2843 489 2888 ut
517 2842 702 2888 essent
745 2832 797 2886 in
825 2833 1024 2886 siilatio
1062 2831 1403 2898 captivorum
1432 2848 1446 2882 :
1478 2828 1549 2885 ita
1576 2838 1632 2884 et.
1663 2830 1716 2883 in
1763 2828 1854 2883 illa
1882 2826 2035 2897 deje-

432 2926 618 2983 Cti-tue
669 2927 853 2980 mundi
898 2941 1025 2993 eos,
1079 2925 1172 2995 qui
1216 2934 1509 2994 antequam
1551 2920 1787 2977 mundus
1839 2921 2033 2983 lieret.

433 3018 599 3074 electi
638 3028 799 3072 erant
827 3035 855 3071 a
892 3018 1035 3087 Deo,
1085 3017 1285 3072 missos
1327 3032 1450 3071 esse
1492 3015 1545 3070 in
1579 3015 1939 3070 eruditionem
1981 3023 2037 3066 et

437 3112 812 3183 magisterium
845 3113 1157 3166 animarum
1203 3110 1611 3180 peccatririum,
1659 3121 1718 3165 ut
1743 3109 1809 3164 ad
1840 3107 2035 3181 pra-di-

2139 1903 2248 1957 lum
2267 1901 2463 1957 vitium
2494 1911 2867 1971 peccatorum.
2892 1899 3012 1956 Non
3035 1901 3206 1968 enim,
3235 1910 3293 1955 ut
3318 1912 3445 1957 ante
3461 1901 3578 1972 jam
3606 1899 3749 1957 dixi-

2140 2014 2283 2063 mus,
2314 1997 2592 2066 eliguntur
2624 1995 2825 2050 Paulus
2845 2036 2860 2060 ,
2892 2004 2947 2051 et
2974 1994 3068 2066 qui
3100 1995 3149 2050 ei
3182 1995 3397 2051 similes
3427 2006 3593 2064 sunt,
3622 1995 3750 2062 quia

2138 2097 2299 2145 erant
2322 2088 2503 2144 sancti
2526 2096 2580 2142 et
2612 2086 2980 2152 immaculati;
3025 2085 3121 2141 sed
3143 2086 3425 2155 eliguntur
3452 2094 3511 2142 et
3538 2088 3750 2157 praede-

2139 2184 2444 2253 Stinantur,
2488 2192 2544 2236 nt
2582 2182 2636 2237 in
2684 2181 3042 2251 consequi-nti
3074 2179 3185 2235 vita
3232 2196 3329 2249 per
3367 2195 3539 2251 opera
3582 2193 3749 2251 atque

2139 2280 2378 2333 virtutes
2417 2276 2592 2331 sancti
2640 2285 2695 2331 et
2745 2274 3087 2330 immaculati
3136 2276 3288 2329 tiam.
3323 2273 3535 2330 Deinde
3576 2284 3631 2329 et
3671 2274 3749 2333 sic

2139 2370 2486 2428 sentiendum
2519 2379 2625 2437 est,
2649 2370 2775 2441 quia
2805 2384 2915 2424 non
2940 2368 3144 2424 dixerit
3173 2384 3188 2421 :
3225 2366 3347 2422 Non
3364 2366 3749 2441 justiﬁcabitar

2139 2468 2192 2522 in
2217 2476 2497 2536 conspectu
2531 2475 2620 2520 tuo
2651 2465 2925 2538 quispiam
2956 2464 3163 2530 uirens;
3188 2462 3284 2518 sed
3309 2504 3322 2524 .
3356 2463 3527 2518 omnis
3547 2462 3744 2528 virens,

2139 2561 2194 2617 ial
2236 2572 2342 2623 est.
2381 2575 2487 2615 non
2527 2558 2984 2630 jllsllllt'allllltllll‘
3012 2572 3203 2613 ontnes
3244 2576 3258 2612 :
3298 2555 3748 2629 justiﬁealntntur

2136 2672 2270 2711 vero
2301 2654 2493 2724 aliqui.

2215 2745 2397 2817 (Vers.
2424 2746 2523 2813 5.)
2567 2743 2633 2797 In
2679 2742 2939 2797 choritate
2972 2742 3356 2811 pra’detittans
3399 2758 3491 2796 nos
3535 2742 3589 2796 in
3618 2740 3746 2795 ado-

2140 2842 2369 2912 ptionem
2394 2839 2623 2905 ﬁliorum
2650 2853 2743 2907 per
2769 2835 2952 2891 Jesnm
2973 2836 3240 2890 Christum
3263 2835 3316 2889 in
3339 2834 3530 2906 ipsum.
3565 2832 3747 2903 Dupli-

2138 2934 2275 2988 citer
2303 2931 2632 2998 legendum,
2667 2939 2725 2984 ut
2760 2929 2998 2984 cltaritas
3024 2929 3107 2983 vel
3153 2942 3279 2983 cum
3329 2926 3742 2998 superioribus,

2140 3026 2224 3080 vel
2271 3023 2631 3079 inferioribus
2678 3022 2995 3093 copuletur.
3025 3019 3164 3077 Cum
3209 3018 3594 3092 superioribus
3619 3018 3691 3073 ita
3727 3033 3744 3072 :

2138 3131 2195 3175 ut
2222 3136 2445 3174 essemus
2475 3119 2644 3172 sancti
2684 3126 2731 3171 et
2761 3114 3088 3171 immaculati
3119 3129 3294 3168 coram
3324 3113 3438 3181 ipso
3476 3112 3530 3167 in
3576 3111 3749 3165 chari-

440 3208 711 3259 catiouem
745 3219 935 3259 eorum
969 3214 1380 3259 reverterentur
1424 3203 1490 3257 ad
1520 3217 1644 3258 eum
1677 3202 1855 3257 locum
1895 3201 2036 3257 unde

2145 3223 2269 3282 tate,
2296 3223 2351 3267 et
2375 3222 2562 3281 pOstea
2590 3219 2853 3282 Sequatur
2872 3226 2887 3266 :
2906 3208 3283 3282 p'a'destiuans
3306 3224 3400 3261 nos
3421 3207 3475 3260 in
3509 3207 3747 3279 adoptio-

436 3308 765 3353 corrnerant
791 3315 805 3352 :
835 3307 890 3353 ct
919 3297 1019 3353 hoc
1046 3312 1170 3352 esse
1195 3299 1340 3366 quod
1359 3312 1389 3351 a
1410 3296 1592 3367 Moyse
1624 3297 1674 3349 in
1702 3296 2039 3366 octogesimo

443 3407 590 3447 nono
645 3394 853 3463 psalmo
903 3392 1155 3449 dicatur:
1194 3391 1441 3460 Domine,
1484 3392 1746 3464 refugium
1776 3392 1946 3462 factus
1989 3408 2043 3447 es

441 3485 591 3540 nobis
617 3487 671 3541 in
699 3487 1033 3557 generatione
1060 3497 1107 3540 et
1133 3489 1517 3559 generationem
1540 3504 1555 3543 :
1590 3495 1867 3557 antequam
1894 3502 2041 3541 mon-

441 3586 518 3632 tes
565 3577 919 3647 ﬁrmarenlur.
975 3589 1024 3633 et
1072 3579 1219 3649 ﬁeret
1270 3591 1403 3634 terra
1430 3621 1444 3645 ,
1499 3588 1547 3634 et
1606 3579 1742 3635 orbis
1790 3590 2043 3635 terrarum

441 3670 616 3739 (Psal.
655 3688 878 3739 Lsmx,
914 3671 991 3742 1).
1024 3671 1183 3738 Quod
1228 3672 1439 3729 scilicet
1467 3684 1762 3742 antequam
1806 3671 2043 3726 mundus

441 3765 632 3832 lieret,
670 3776 734 3831 et
784 3763 1049 3819 universa
1081 3766 1366 3833 gettetalio
1408 3765 1735 3834 principium
1768 3773 2042 3831 sumeret,

445 3858 654 3911 sanctis
682 3856 794 3912 suis
820 3857 966 3911 Deus
997 3855 1268 3926 refugium
1302 3856 1485 3912 fuerit.
1528 3856 1683 3925 Quod
1714 3867 1896 3912 autem
1929 3856 2042 3922 ait,

440 3963 495 4005 ut
525 3968 753 4007 essemus
774 3952 941 4006 sancti
970 3962 1017 4006 et
1040 3950 1365 4006 immaculati
1389 3967 1566 4005 coram
1586 3952 1721 4025 ipso,
1750 3952 1895 4006 inter
1918 3966 2047 4006 san-

441 4055 592 4101 ctum
624 4055 679 4100 et
705 4045 1112 4100 immaculatum
1148 4048 1249 4101 huc
1273 4047 1324 4099 in
1355 4054 1539 4114 erest,
1567 4045 1714 4116 quod
1746 4057 1968 4101 sanctus
1989 4055 2046 4102 et

444 4136 826 4193 itntnaculatus
858 4153 1078 4209 quoque
1117 4137 1350 4207 intelligi
1416 4148 1625 4208 potest,
1660 4139 2044 4194 immaculatus

444 4245 580 4285 vero
610 4246 715 4284 non
742 4232 925 4284 statim
950 4242 1001 4283 et
1030 4239 1277 4285 sanctus.
1303 4229 1520 4285 Parvuli
1550 4232 1752 4301 quippe
1781 4231 2047 4287 immacu-

444 4321 539 4378 lati
568 4332 720 4382 sunt.
745 4322 873 4388 quia
900 4322 1114 4393 integro
1138 4336 1376 4392 corpore
1404 4321 1613 4376 nullum
1640 4322 1821 4376 fecere
1857 4338 2047 4390 pecca-

447 4424 562 4470 tum
594 4431 607 4467 :
642 4422 699 4468 ct
725 4421 907 4470 tamen
936 4432 1043 4470 non
1072 4415 1278 4480 sancti,
1306 4416 1431 4485 quia
1464 4420 1729 4470 sanctitas
1759 4415 2047 4473 voluntate

446 4518 504 4564 et
530 4506 715 4563 stutliu
737 4520 1113 4579 comparatur.
1140 4509 1207 4563 Et
1236 4509 1379 4579 quod
1412 4508 1794 4563 iuunaculatus
1821 4508 1931 4563 dici
1954 4524 2046 4576 po-

2144 3324 2258 3362 nem
2290 3308 2522 3375 filiorum
2547 3323 2638 3378 per
2660 3303 2844 3360 Iesum
2867 3302 3133 3359 Christum
3160 3302 3214 3355 in
3244 3302 3415 3373 ipsum
3446 3298 3563 3374 [AL
3592 3297 3744 3371 ipso].

2143 3398 2277 3454 Ctun
2308 3398 2662 3454 inferioribus
2695 3408 2878 3451 autem
2924 3397 3002 3451 sic
3033 3413 3047 3449 :
3088 3396 3142 3448 in
3187 3395 3447 3449 charitate
3474 3394 3746 3463 prcedesti-

2145 3509 2279 3546 nans
2306 3508 2402 3547 nos
2428 3493 2482 3545 in
2512 3490 2845 3558 adoptionem
2873 3488 3110 3559 ﬁliorum
3139 3503 3231 3557 per
3250 3483 3438 3541 Iesum
3480 3483 3746 3540 Christum

2140 3585 2193 3637 in
2239 3585 2431 3652 ipsum.
2465 3582 2852 3639 [lill'eretttiam
2883 3595 3016 3635 vero
3054 3578 3235 3636 Graeci
3278 3579 3551 3633 sermonis
3573 3576 3602 3615 δ
3632 3600 3750 3655 προ·

2143 3679 2325 3754 cpiast;
2374 3685 2432 3731 et
2477 3676 2767 3753 ὁρισθέντος
2818 3673 3047 3729 Latinus
3094 3687 3278 3727 sermo
3329 3686 3438 3727 non
3483 3672 3741 3741 explicat.

2143 3771 2409 3839 Superior
2444 3772 2649 3841 quippe
2689 3784 2877 3825 sermo
2915 3769 2979 3822 ad
3012 3782 3112 3823 eos
3139 3767 3414 3835 refertur,
3466 3767 3556 3837 qni
3590 3777 3743 3821 antea

2147 3880 2255 3922 non
2292 3865 2539 3932 fuerunt,
2564 3872 2621 3919 et
2645 3864 2964 3933 priusquam
2996 3862 3212 3928 tierent,
3240 3859 3308 3915 de
3340 3860 3421 3915 bis
3449 3860 3741 3928 cngi'atum

2140 3967 2246 4022 est.
2274 3967 2331 4013 et
2358 3967 2552 4027 postea
2577 3955 2962 4012 substiterunt.
2988 3952 3223 4010 Inferior
3245 3969 3379 4009 vero
3407 3952 3476 4009 de
3498 3968 3566 4009 eo
3588 3966 3744 4024 quem

2145 4051 2294 4109 nulla
2323 4049 2607 4120 cogitatio,
2628 4049 2887 4105 voluntas
2916 4047 3066 4104 nulla
3090 4047 3392 4119 prmcessit,
3413 4046 3512 4102 sed
3530 4059 3745 4116 semper

2146 4144 2271 4209 fuit,
2303 4153 2359 4198 et
2391 4158 2685 4211 numquam
2714 4151 2776 4196 ut
2802 4151 2976 4209 esset,
3005 4138 3223 4210 accepit
3250 4138 3562 4194 exordium.
3593 4136 3745 4193 Unde

2142 4249 2297 4295 recte
2334 4251 2480 4292 nunc
2504 4235 2574 4290 de
2606 4235 2691 4290 bis
2720 4235 2812 4306 qui
2842 4248 2968 4290 cum
2999 4241 3127 4288 ante
3158 4247 3263 4286 non
3291 4241 3509 4299 essent,
3561 4240 3745 4301 postea

2142 4333 2534 4399 substiterunt,
2552 4330 2753 4386 dicitur
2776 4331 3188 4408 προορισθέντες.
3210 4327 3287 4382 De
3305 4326 3448 4382 Filio
3468 4342 3617 4391 vero,
3640 4323 3745 4380 hoc

2146 4437 2251 4495 est,
2303 4426 2373 4481 de
2408 4426 2636 4481 Domino
2692 4437 2883 4480 no~tro
2928 4423 3056 4479 Jesu
3086 4423 3343 4487 Christo,
3378 4422 3431 4475 in
3483 4421 3592 4476 alio
3628 4420 3745 4474 loco

2145 4522 2409 4590 scriptum
2433 4530 2519 4576 est
2550 4520 2996 4599 aFlGOS'WO;.qllla
3028 4532 3249 4588 semper
3273 4531 3398 4570 cum
3426 4515 3588 4569 Patre
3610 4514 3737 4580 luit,

446 4610 556 4658 te~t
578 4601 669 4655 ille
701 4602 791 4671 qui
825 4609 1044 4670 peccata
1072 4618 1180 4658 non
1224 4602 1370 4664 fecit.
1416 4609 1639 4657 sanctus
1662 4612 1846 4657 autem
1875 4602 1922 4657 is
1950 4604 2041 4668 qui
2075 4615 2118 4673 ι)
2146 4613 2307 4689 551
2337 4622 2397 4669 ει
2426 4628 2722 4683 numqua...
2753 4627 2880 4667 eum
2935 4619 2994 4665 ιιι
3023 4618 3205 4675 esset,
3238 4608 3489 4663 νοιυηιειε
3518 4615 3743 4681 paterna

448 4693 749 4749 virtutibus
780 4692 974 4764 plenus
1004 4692 1111 4764 sit,
1151 4698 1304 4763 juxta
1337 4694 1467 4749 illttd
1516 4694 1660 4763 quod
1710 4694 1762 4747 in
1809 4693 2044 4763 quodam

448 4788 664 4860 psalmo
687 4787 946 4843 scribitur
971 4804 985 4843 :
1015 4789 1117 4857 Qui
1147 4789 1374 4843 ambulat
1396 4789 1509 4843 sine
1534 4789 1761 4856 macula,
1785 4798 1834 4845 et
1865 4805 2050 4861 apera-

447 4887 536 4934 tur
552 4880 817 4953 justitiam
851 4879 1041 4953 (Psal.
1076 4896 1163 4936 διν
1186 4922 1201 4947 ,
1243 4880 1321 4953 2)
1371 4882 1435 4937 Ει
1464 4881 1517 4936 ἰιι
1546 4881 1774 4937 Cantica
1803 4882 2049 4939 cantico-

450 4990 572 5031 rtnn
602 4990 616 5028 :
648 4973 784 5029 Tota
813 4975 1044 5047 speciosa
1074 4992 1159 5044 es,
1194 4976 1434 5047 proxima
1472 4991 1609 5042 mea,
1632 4985 1681 5029 et
1706 4973 1917 5030 macula
1945 4992 2049 5029 non

445 5076 523 5123 est
564 5068 621 5122 in
654 5076 703 5122 te
744 5065 941 5141 (Cant.
975 5083 1051 5135 tv,
1084 5068 1162 5138 7).
1196 5068 1476 5136 Quaeritur
1517 5070 1791 5137 quomodo
1830 5080 2053 5124 sanctus

448 5162 572 5233 quis
600 5169 656 5216 ct
694 5161 1077 5217 immaculatns
1107 5163 1175 5217 sit
1215 5178 1401 5218 coram
1443 5164 1579 5230 Deo.
1612 5178 1734 5219 cum
1780 5163 2044 5235 propheta

453 5263 707 5319 testetur,
739 5253 931 5310 dicens
964 5273 977 5311 :
1012 5253 1138 5311 Non
1164 5257 1544 5330 justi/icubitur
1570 5258 1623 5312 in
1652 5272 1928 5328 conspecm
1959 5267 2047 5312 tuo

447 5353 619 5409 omnis
655 5354 851 5411 vivens.
880 5358 987 5410 Aut
1022 5356 1169 5412 enim
1203 5356 1377 5412 sancti
1411 5368 1463 5412 et
1496 5356 1829 5413 innnaculati
1862 5372 2047 5412 eorum

447 5548 531 5597 sat
578 5556 591 5591 :
646 5538 781 5607 Quia
828 5537 1259 5596 Cotttmentatoris
1317 5542 1550 5612 officiunt
1599 5552 1714 5603 est.
1768 5542 2052 5595 multorum

445 5615 727 5668 sententias
770 5628 981 5679 patara.
1024 5625 1069 5667 et
1114 5613 1213 5667 hoc
1252 5631 1329 5667 me
1355 5620 1614 5683 [ucturum
1655 5616 1705 5668 in
1748 5616 2054 5682 pra’futt'one

449 5684 820 5756 protttisi'ran,
862 5694 911 5737 et
938 5700 1020 5736 ατη
1074 5684 1318 5753 Origeuis
1360 5690 1546 5753 nlosyue
1591 5685 1786 5738 invidia
1833 5687 2055 5739 nominis

452 5752 566 5828 ejus
619 5752 1054 5816 Ell'lttllltllttilt’ttt
1105 5752 1287 5821 positi.
1334 5752 1507 5809 (lituus
1542 5773 1560 5810 :
1612 5758 1754 5813 illius
1802 5773 1920 5815 vaso
1968 5759 2057 5828 qui

457 5817 843 5900 Datttttjustum
874 5817 1403 5895 conatur'ostcnticrc,
1436 5841 1543 5884 etc.

2149 4705 2451 4777 pra-cessit.
2479 4704 2559 4759 Ex
2588 4721 2698 4776 quo
2724 4703 3003 4775 colligitur
3024 4717 3244 4772 semper
3269 4700 3512 4777 Patrem,
3533 4713 3745 4768 semper

2132 4799 2317 4853 .luisse
2348 4795 2577 4862 Filium,
2606 4804 2661 4851 et
2687 4796 2739 4852 iu
2768 4799 2970 4868 quibus
2999 4795 3279 4849 Mentitus
3307 4791 3601 4864 coaqnalis
3635 4798 3740 4857 est,

2149 4889 2403 4947 eamdem
2436 4904 2558 4944 esse
2581 4898 2853 4943 naturam.
2882 4887 2995 4944 Nec
3026 4904 3131 4943 non
3160 4886 3326 4943 etiam
3376 4887 3479 4941 ltoc
3514 4882 3748 4940 inferet:-

2150 4982 2303 5047 dum,
2332 4980 2479 5053 quod
2511 4997 2633 5035 cum
2668 4979 3024 5052 pra‘destinet
3044 4994 3168 5046 nos,
3188 4980 3310 5033 sive
3337 4977 3607 5048 praefiniet
3633 4973 3743 5046 [Αέ.

2151 5074 2417 5149 deliniat]
2448 5076 2623 5143 Deus,
2672 5076 2725 5129 in
2762 5075 3114 5144 adeptionem
3157 5071 3393 5127 ﬁliorum
3435 5086 3534 5142 per
3563 5066 3743 5125 Jesnm

2153 5169 2435 5227 Christum
2462 5184 2477 5225 :
2510 5178 2693 5224 tamen
2736 5184 2847 5223 non
2876 5178 3009 5222 ante
3044 5166 3140 5221 lilii
3168 5179 3295 5220 esse
3323 5178 3604 5235 possumus
3633 5159 3743 5233 [ΑΙ.

2155 5259 2491 5335 possimus].
2534 5262 2639 5317 nisi
2687 5260 2815 5317 Filii
2845 5261 2964 5331 ejus
2994 5258 3122 5316 Jesu
3154 5257 3361 5315 Christi
3392 5257 3548 5313 ﬁdem
3576 5264 3627 5309 ct
3654 5254 3746 5305 in-

2154 5355 2514 5429 telligentiam
2535 5354 2887 5426 recipiamus.
2918 5356 2985 5410 lit
3008 5355 3100 5410 ille
3121 5352 3344 5425 quidem
3364 5362 3552 5406 natura
3578 5345 3749 5401 Filius

2229 5548 2254 5577 α
2282 5538 2671 5595 Cistcrciensis
2696 5554 2824 5605 ms.,
2854 5537 3306 5609 prtecipitarentur
3331 5537 3384 5589 in
3408 5529 3738 5609 profundum.

2156 5611 2330 5667 Porro
2358 5613 2729 5666 οιιιιῐι.οι”οιιι1115
2781 5599 3131 5664 Ιὶιι’1ισιιις’1ιι).
3186 5599 3435 5662 laudato.
3475 5599 3744 5659 humili.

2233 5684 2444 5764 bllcnt
2508 5704 2606 5739 ιιιε.
2660 5683 3052 5766 πμοορισθέντος
3109 5689 3163 5734 cl
3221 5680 3531 5761 ὁρισθέντος,
3574 5674 3748 5734 lenne

2163 5768 2275 5813 ιιὛὶ
2306 5772 2387 5813 us.
