3962 6338
204 332 297 404 μθ

694 323 1352 386 COMMENTARIORUM
1394 325 1462 384 IN
1502 318 1896 384 EPISTOLAM
1938 324 2030 384 AD
2070 321 2405 387 EPHESIOS
2444 322 2571 385 LIB.
2619 327 2660 387 l.
2703 324 2857 387 CAP.
2898 324 2945 387 Ι.

3375 323 3485 388 ιεὶθ

203 446 275 503 est
299 462 313 504 :
339 456 426 499 nos
447 450 579 498 vero
609 441 927 512 adoptione.
972 440 1069 498 Ille
1096 456 1392 510 numquam
1434 438 1609 495 Fiiius
1653 455 1761 494 non
1792 439 1846 498 A
1873 440 2124 507 veritate,
2149 441 2378 512 justitia,
2410 458 2563 512 pace,
2594 442 2993 511 redemptione,
3027 442 3348 515 ueterisque
3375 446 3486 499 vir-

202 536 289 601 iuit
318 555 331 594 :
356 553 448 593 nos
481 547 773 608 antequam
818 551 1096 602 essemus,
1136 534 1511 603 ι-ι·τιο‹ιρειίιιτιιί
1548 549 1767 596 sumus,

201 642 244 690 et
267 641 374 686 tunc
395 631 648 699 Spiritum
666 628 976 698 :nloptinni;
999 643 1081 683 ac.
1098 628 1333 699 opimus,
1350 627 1567 699 quando
1591 628 1770 683 credi-

203 726 355 783 dimus
383 724 430 779 in
457 721 653 778 Filium
680 723 800 779 Dei.

256 816 533 875 Secundum
564 814 829 890 placitura
870 816 1149 871 voluntatis
1175 833 1309 872 sua'.
1342 815 1583 873 Verbum
1616 812 1769 871 εὗδο-

198 918 314 978 ιιίαν,
343 911 476 983 quod
504 911 734 968 Latinus
763 921 790 950 α
821 927 1003 969 sermo
1036 912 1428 984 interpretatus
1452 920 1559 978 est,
1593 912 1767 979 placi-

197 1016 307 1071 ttttn,
332 1006 463 1076 apud
491 1003 715 1062 Gr:rcos
753 1007 1116 1077 compositum
1155 1015 1240 1063 est
1273 1023 1335 1063 ex
1381 1006 1595 1062 duobus
1628 1005 1770 1060 intc-

193 1098 305 1172 gris,
331 1099 537 1156 ἀπὸτοῦ
564 1095 663 1167 Εὖ,
691 1102 776 1155 καὶ
800 1106 895 1157 τοῦ
924 1108 1093 1157 Δοκεῖν
1110 1143 1124 1166 ,
1150 1114 1180 1156 a
1212 1100 1357 1167 bene,
1402 1109 1457 1156 et
1484 1117 1511 1155 τι
1537 1099 1762 1171 placito,

190 1192 312 1264 quod
341 1206 435 1247 nos
461 1207 760 1265 possumus
796 1193 987 1249 dicere
1035 1193 1448 1266 bencplacitum,
1486 1191 1616 1264 quia
1657 1208 1764 1246 non

191 1285 349 1341 Statim
378 1299 536 1340 omne
583 1285 730 1356 quod
766 1285 993 1357 placuit,
1035 1296 1091 1343 et
1124 1285 1267 1341 bene
1296 1286 1515 1355 placere
1548 1292 1765 1354 potest,

186 1381 267 1438 sed
288 1381 356 1437 ibi
386 1391 591 1436 tantum
618 1380 826 1439 εὐδοκία
856 1381 961 1438 hoc
987 1390 1102 1448 est,
1126 1381 1509 1454 beneplacitum
1530 1382 1762 1451 dicitur,

184 1477 262 1532 ubi
288 1476 418 1546 quod
444 1476 669 1544 placuit,
697 1487 850 1534 recte
875 1476 1132 1548 placitum
1161 1477 1574 1547 comprobatur.
1610 1476 1765 1533 llunc

182 1582 341 1626 autem
369 1584 684 1625 sermonem
716 1569 784 1625 de
812 1569 1082 1626 Hebraico
1100 1585 1268 1626 aeson
1294 1568 1506 1658 (pth),
1529 1570 1761 1641 Septua-

182 1664 310 1734 ginta
351 1665 685 1734 interpretes
725 1665 1158 1730 transtulerunt,
1189 1666 1357 1720 rebus
1400 1664 1589 1729 novis,
1622 1679 1763 1717 nova

181 1759 327 1815 verba
363 1760 651 1829 ﬁngentes.
702 1758 973 1814 lnvadunt
1001 1760 1181 1830 itaque
1213 1758 1269 1812 in
1305 1759 1409 1813 hoc
1441 1758 1560 1812 loco
1604 1771 1765 1814 occa-

1875 532 2101 598 tutibus,
2135 534 2345 588 nullum
2382 536 2581 589 bonum
2621 533 2775 589 intell
2802 535 2856 606 gi
2900 544 3110 607 potest.
3140 534 3255 591 Nec
3287 545 3485 606 putan-

1873 625 2000 679 dtzm
2041 626 2184 696 quod
2254 626 2306 681 in
2358 627 2565 683 Latinis
2614 628 2896 683 codicdnis
2939 629 3170 684 habt-tur
3214 631 3479 699 scriptum

1871 734 2012 785 esse,
2048 720 2101 775 in
2129 720 2316 775 dilecto
2349 719 2463 791 ﬁlio
2495 739 2610 787 suo,
2644 721 2743 776 sed
2774 722 3125 793 simpliciter,
3160 722 3212 776 in
3245 720 3485 790 dilecto;

1871 821 1925 867 et
1954 813 1999 866 si
2043 813 2264 883 quidem
2289 827 2434 870 esset
2463 814 2733 882 additum,
2766 814 2957 869 dilecto
3013 813 3127 881 Dei,
3163 815 3248 869 vel
3280 811 3479 868 dilecto

1873 903 2070 969 Putris.
2106 918 2253 962 esset
2296 907 2527 978 simplex
2563 908 2961 978 intelligentia,
2994 918 3047 962 et
3087 909 3328 962 omnium
3362 904 3480 977 opi-

1870 1001 2037 1055 nione
2065 1000 2300 1071 vulgata,
2335 1002 2477 1072 quod
2510 1002 2772 1056 Domitius
2802 1013 2989 1057 DOSICl'
3017 1002 3176 1057 Jesus
3222 999 3476 1056 Christus

1869 1092 2250 1162 diligeretura
2285 1093 2479 1160 Patre;
2526 1094 2623 1149 sed
2672 1109 2776 1149 non
2816 1111 3066 1166 magnum
3100 1094 3305 1164 aliquid
3353 1109 3482 1164 pro-

1868 1191 2091 1261 prietati
2128 1189 2252 1245 Filii
2283 1190 2735 1258 concederemus,
2764 1206 2885 1247 cum
2916 1193 2993 1247 sic
3022 1190 3193 1247 Filius
3216 1190 3478 1260 diligere-

1870 1294 1989 1351 tur,
2036 1294 2097 1339 ut
2125 1293 2345 1340 extera.
2376 1283 2591 1339 Dicitur
2616 1284 2817 1355 quippe
2848 1286 2912 1338 ad
2947 1288 3111 1340 lleutn
3140 1282 3253 1357 [ΑΙ.
3284 1281 3430 1355 emn]
3461 1298 3477 1340 :

1870 1373 2064 1449 Diligis
2093 1378 2290 1447 omnia,
2325 1391 2375 1431 et
2396 1377 2530 1432 nihil
2554 1378 2737 1447 abjicis
2764 1394 2943 1432 eorum
2978 1394 3095 1448 qua:
3124 1378 3295 1445 fecisti
3320 1394 3340 1432 .'
3374 1375 3480 1431 Ne-

1868 1485 1970 1540 que
1999 1471 2137 1523 enim
2170 1469 2294 1523 odio
2338 1470 2466 1540 quid
2497 1469 2685 1524 habens
2714 1471 2998 1524 condidisti
3024 1469 3042 1541 (
3064 1469 3195 1542 Sup.
3222 1485 3305 1535 si,
3336 1469 3409 1525 25
3434 1469 3475 1540 ).

1868 1564 1979 1614 Aut
2002 1562 2045 1615 si
2081 1575 2229 1617 esset
2261 1564 2599 1633 oppositum,
2628 1563 2681 1616 in
2706 1579 2812 1635 qua
2843 1563 3157 1635 gratiﬁcavit
3189 1580 3281 1617 nos
3309 1565 3362 1617 in
3390 1563 3476 1617 di-

1867 1656 2005 1711 lecto
2028 1673 2137 1727 prae
2159 1657 2419 1726 omnibus,
2452 1662 2742 1714 universus
2774 1662 3069 1729 scrupulus
3103 1657 3296 1713 fuisSet
3328 1658 3483 1712 abla-

1870 1758 1976 1815 tus,
2011 1751 2136 1822 quia
2163 1762 2212 1806 et
2248 1754 2584 1819 patriarchas
2617 1762 2669 1806 et
2703 1751 3034 1822 prophetas,
3060 1764 3111 1806 et
3135 1767 3330 1807 omnes
3352 1769 3473 1806 sau-

181 1849 387 1915 sionem,
407 1851 498 1920 qui
531 1860 661 1905 aute
693 1851 1065 1907 conditionem
1090 1851 1303 1916 mundi,
1324 1852 1535 1906 animas
1565 1861 1757 1922 putant
1787 1831 1837 1893 Β
1862 1855 1983 1897 CIUS
2006 1845 2151 1898 τίνω
2183 1846 2388 1900 seitnus
2412 1863 2441 1899 τι
2473 1846 2584 1901 Deo
2611 1844 2779 1901 fuisse
2809 1847 3063 1901 dilectos.
3087 1844 3241 1901 Nune
3269 1862 3395 1901 vero
3421 1846 3475 1901 in

179 1956 285 1999 cum
323 1941 535 2014 angelis
567 1951 626 1998 et
652 1943 871 1999 caneris
903 1944 1173 2000 virtutum
1211 1946 1528 2000 nominibus
1568 1945 1621 1999 in
1652 1959 1762 2001 cm-

179 2033 284 2094 iesti
304 2034 609 2093 Jerusalem
637 2036 807 2095 fuisse
831 2049 1100 2107 versatas,
1131 2039 1277 2111 quod
1323 2054 1422 2096 nec
1442 2038 1471 2078 ι)
1502 2041 1760 2110 benepla-

178 2128 321 2184 citum
352 2129 470 2197 Dei,
498 2145 604 2185 nec
627 2130 682 2186 in
713 2130 929 2186 laudem
951 2132 1141 2203 gloriae
1166 2132 1308 2204 ejus,
1335 2143 1389 2188 et
1415 2134 1603 2206 gratiae
1636 2149 1760 2202 pos-

177 2218 240 2275 sit
269 2220 511 2291 intelligi,
540 2220 683 2277 alios
710 2221 909 2289 nudos,
944 2223 1233 2293 barbaros,
1267 2241 1479 2291 servos,
1510 2226 1758 2285 debiles:

176 2312 299 2369 alos
335 2313 567 2377 divites,
610 2314 922 2381 Romanos,
951 2317 1379 2384 liberos,sanos
1413 2333 1429 2374 :
1464 2317 1755 2388 ignobiles,

175 2406 253 2461 vel
293 2407 502 2462 nobiles
544 2406 600 2461 in
649 2407 865 2464 diversa
919 2410 1071 2465 orliis
1118 2418 1272 2480 parte
1313 2412 1594 2482 generari,
1652 2412 1758 2466 nisi

174 2511 335 2553 causa-
364 2504 787 2567 praecesserint,
841 2502 1040 2574 quibus
1063 2518 1125 2559 ev
1159 2503 1369 2559 meritis
1404 2503 1519 2559 hac
1550 2505 1759 2559 anima-

173 2603 280 2646 rum
310 2609 650 2665 unaquaque
677 2593 871 2648 sortita
906 2596 999 2650 sit.
1032 2594 1097 2650 Et
1123 2595 1256 2650 illud
1290 2597 1434 2667 quod
1458 2597 1523 2651 ad
1559 2596 1763 2653 Roma-

171 2701 264 2741 nos
281 2688 547 2755 scriptum
576 2703 637 2744 se
679 2687 897 2759 quidam
941 2698 1134 2760 putant
1164 2705 1345 2755 nosse,
1376 2705 1477 2745 nec
1508 2700 1708 2746 norunt
1739 2706 1754 2747 :

170 2781 239 2835 An
264 2798 360 2835 non
388 2781 545 2837 liabet
588 2792 893 2853 potestatem
923 2784 1121 2857 ﬁgulus
1163 2783 1228 2838 de
1264 2784 1442 2840 eadem
1472 2802 1644 2839 massa
1674 2788 1759 2854 {a-

168 2890 269 2929 cere
302 2875 450 2930 aliud
490 2892 588 2929 vas
636 2876 691 2930 in
748 2874 1029 2943 honorem,
1083 2876 1232 2932 aliud
1277 2880 1331 2933 in
1387 2877 1754 2933 contumeliam

165 2962 338 3035 (llam.
370 2981 447 3034 lx,
476 2966 641 3039 2-1)?
688 2968 757 3023 ad
806 2969 1058 3024 eumdem
1096 2984 1319 3025 sensum
1358 2971 1609 3025 referunt
1645 2985 1659 3027 :
1696 2981 1753 3027 ut

164 3063 416 3133 quomodo
438 3064 555 3120 vita
581 3065 745 3130 bona,
777 3066 896 3121 sive
919 3064 1082 3130 mala,
1107 3064 1409 3133 laboriosa,
1434 3067 1523 3120 vel
1555 3065 1751 3134 lacilis,

162 3158 339 3213 frustra
373 3159 429 3213 in
460 3160 576 3213 isto
606 3159 810 3215 mundo
837 3163 1038 3233 agitur,
1073 3160 1176 3216 nisi
1205 3160 1498 3217 credamus
1540 3162 1633 3217 Dei
1664 3162 1750 3216 [ιι-

162 3256 326 3305 ῑιιιυιιι
347 3252 627 3322 judicium
652 3269 777 3310 esse
801 3269 817 3313 :
844 3254 915 3309 ita
941 3264 996 3310 et
1015 3255 1308 3309 diversitas
1337 3255 1390 3309 in
1424 3254 1525 3310 hoc
1549 3260 1751 3312 mundo

159 3343 779 3420 ttiscentituujustitiam
807 3348 899 3404 Dei
933 3358 1149 3421 arguat,
1180 3349 1282 3403 uisi
1303 3349 1607 3405 animarum
1640 3336 1753 3407 me-

159 3438 247 3491 rita
296 3442 716 3510 pra-cesserint.
746 3441 802 3498 Si
847 3444 991 3497 enim
1016 3483 1033 3509 ,
1064 3441 1351 3511 inquiunt,
1387 3442 1502 3499 lt.t-c
1536 3461 1643 3498 non
1677 3444 1749 3500 ita

157 3530 474 3602 accipimus,
535 3549 642 3590 nec
678 3535 1083 3605 betteplacitum
1118 3534 1281 3610 552
1310 3538 1604 3592 voluntatis
1656 3537 1751 3592 Dei

157 3625 279 3693 erit,
316 3644 417 3683 nec
450 3631 505 3684 in
549 3629 767 3685 laudem
800 3631 989 3701 gloriae
1032 3639 1089 3685 et.
1131 3632 1324 3701 gratiae
1365 3631 1484 3700 eius
1520 3642 1578 3698 ε,
1609 3631 1749 3688 alios

158 3720 368 3792 elegisse
397 3732 537 3778 ante
563 3724 1018 3778 constitutionem
1048 3724 1258 3792 mundi,
1283 3734 1341 3779 ut
1366 3732 1552 3780 essent.
1580 3723 1752 3780 sancti

159 3820 204 3865 et
229 3812 603 3881 immaculati,
640 3824 698 3871 et.
736 3815 1004 3873 haberent
1040 3817 1394 3885 adoptionem
1426 3833 1525 3889 per
1564 3817 1749 3873 .lesum

156 3903 414 3962 Citrislulll
451 3928 469 3967 :
498 3908 653 3965 alios
678 3910 884 3966 ultima:
911 3909 1235 3978 conditioni,
1266 3924 1320 3965 et
1350 3912 1524 3981 pontis
1550 3926 1751 3983 perpe-

157 4001 256 4056 luis
289 4002 632 4060 destinasse.

217 4095 393 4167 (Vcrs.
417 4097 503 4169 6.)
522 4096 591 4152 In
623 4097 832 4153 laudem
853 4100 1037 4170 gloriae
1055 4099 1238 4172 gratias
1262 4115 1394 4169 suae,
1425 4100 1480 4155 in
1502 4118 1604 4171 qua
1632 4118 1753 4173 gra-

155 4186 343 4255 liﬁcaoit
384 4207 483 4246 nos
528 4192 589 4245 in
636 4190 852 4246 dilecto.
899 4193 1031 4258 Quir
1064 4192 1205 4262 laus,
1236 4192 1522 4262 inquiunt,
1556 4195 1753 4265 gloria:

153 4293 325 4351 gratia:
374 4283 472 4340 Dei
524 4293 649 4351 est,
679 4286 821 4339 alios
866 4286 1177 4357 gratiﬁcare
1222 4285 1275 4340 in
1320 4286 1571 4355 Christo,
1613 4286 1752 4343 alios

153 4379 354 4430 teter-uis
384 4395 486 4450 pra
510 4395 715 4448 patare
746 4378 1035 4450 suppliciis
1077 4395 1092 4437 :
1138 4394 1330 4436 amate
1359 4380 1559 4447 Jacob,
1594 4390 1750 4437 aute-

150 4480 293 4536 quam
316 4476 538 4525 oriatur
566 4489 635 4526 et;
661 4478 848 4536 utero;
871 4473 1057 4527 odisse
1083 4474 1220 4528 ESau
1247 4476 1561 4544 priusquam
1592 4476 1749 4543 digna

148 4558 256 4614 «diu
278 4571 642 4633 perpetraret
666 4605 681 4625 ,
710 4564 815 4616 nisi
839 4580 1016 4618 eau-a-
1044 4568 1428 4631 praeesserint
1451 4583 1571 4636 quae
1592 4569 1751 4636 justi-

1776 3233 1824 3296 Ο
1858 3251 2152 3321 signiﬁcari
2205 3269 2219 3307 :

1864 1952 1932 1992 eo
1961 1938 2104 2007 quod
2134 1938 2385 1993 abSohtte
2420 1935 2638 1995 lot‘utns
2668 1972 2687 1995 ι
2735 1950 2773 2009 ι,
2804 1939 2998 1995 dicens
3026 1956 3038 1991 τ
3074 1940 3127 1994 in
3156 1940 3372 2005 dilecto,
3403 1939 3474 1994 ita

1868 2030 1999 2084 mihi
2035 2030 2455 2100 intelligendum
2489 2031 2730 2100 videtur,
2757 2044 2815 2089 ut
2844 2032 3221 2090 subaudiatur.
3258 2033 3322 2087 ab
3362 2047 3475 2086 ain-

1864 2120 2034 2176 nibus.
2072 2122 2129 2179 Si
2180 2124 2327 2179 enim
2374 2122 2665 2193 Christus,
2701 2134 2758 2179 ιιι
2784 2141 2933 2194 ςενιιο
2955 2127 3065 2194 jam
3094 2124 3353 2191 diximus,
3382 2140 3471 2179 sa-

1864 2214 2066 2283 pientia
2098 2224 2213 2279 est,
2252 2216 2460 2286 justiti:
2485 2260 2500 2283 ,
2538 2234 2634 2287 pax
2665 2261 2678 2285 ,
2709 2218 2990 2288 gaudium,
3022 2219 3387 2286 eontinetitia,
3416 2228 3474 2273 et

1861 2317 2093 2374 cetera,
2138 2308 2253 2362 Ita-c
2283 2307 2542 2363 virtutum
2573 2311 2835 2365 vocabula
2880 2314 3048 2364 etiam
3090 2309 3143 2365 hi
3190 2311 3282 2381 qtti
3312 2309 3472 2381 sequi

1852 2410 2144 2471 nequeunt
2185 2399 2456 2471 diligunt,
2490 2411 2543 2456 et
2590 2403 2773 2457 nullus
2818 2412 2923 2457 tam
2957 2401 3198 2458 confessi
3244 2404 3471 2458 set-leris

1860 2506 1966 2561 est,
2001 2506 2059 2551 ιιι
2090 2511 2198 2550 uou
2237 2494 2568 2567 sapientiam
2602 2509 2653 2550 et
2683 2496 2949 2566 justitiam
2996 2511 3183 2550 amare
3213 2512 3273 2550 se
3304 2496 3470 2558 dicat.

1860 2590 2149 2657 Quomodo
2190 2599 2246 2643 et
2288 2590 2357 2644 de
2395 2590 2700 2645 Subslautia
2754 2591 2844 2644 Dei
2891 2588 3136 2644 omnium
3184 2590 3463 2645 hominum

1860 2687 2136 2742 eonsetitit
2162 2685 2369 2757 op'nio,
2399 2685 2543 2756 quod
2568 2688 2754 2740 divina
2774 2696 2866 2749 stt,
2891 2696 2942 2740 et
2974 2686 3176 2739 nullius
3202 2700 3367 2741 sensu
3394 2687 3469 2741 la-

1857 2782 1964 2838 ctle
1994 2781 2515 2852 comprehendatur,
2551 2792 2697 2836 errat
2728 2792 2867 2837 vero
2893 2782 3268 2854 unusquisch
3288 2824 3303 2849 ,
3332 2782 3461 2838 dum

1857 2876 2049 2942 talem,
2074 2878 2158 2931 vel
2194 2875 2355 2931 taletn
2378 2892 2495 2931 eam
2524 2885 2677 2947 putat
2708 2893 2722 2931 :
2753 2877 2825 2932 ita
2857 2886 2911 2933 et
2939 2876 3239 2944 (hristtnn,
3268 2892 3467 2934 secun-

1856 2970 1983 3026 dum
2018 2970 2178 3044 553
2227 2970 2276 3025 id
2312 2970 2453 3039 quod
2488 2971 2734 3027 diversas
2763 2971 2994 3027 virtutes
3034 2980 3233 3039 sonat,
3262 2988 3459 3030 onmes

1855 3065 2107 3138 diligunt,
2139 3065 2267 3122 licet
2294 3068 2653 3133 plureslactis
2682 3082 2789 3122 non
2822 3068 3025 3137 possint
3054 3066 3292 3138 probare
3313 3067 3458 3136 quod

1855 3157 2109 3229 diligunt.
2139 3157 2247 3214 Iste
2277 3170 2362 3213 est
2404 3159 2644 3214 dilectus
2693 3176 2856 3230 quem
2889 3162 3102 3215 a-stimo
3133 3170 3187 3216 et
3230 3163 3284 3215 in
3322 3161 3457 3217 Isaia

2270 3251 2504 3307 Cantabo
2541 3252 2730 3306 dilclo
2770 3253 3031 3307 canticum
3078 3253 3255 3308 dilecti
3298 3254 3459 3310 vincte

1853 3361 1981 3398 metu
2009 3343 2167 3415 (Isai.
2197 3361 2253 3412 v,
2289 3346 2378 3415 1);
2430 3354 2521 3401 et:
2559 3344 2723 3400 Vinea
2753 3350 2893 3417 [acta
2926 3357 2998 3401 est
3026 3346 3262 3414 dilecto;
3316 3357 3371 3404 et
3403 3347 3455 3403 in

1853 3444 2124 3515 vigesimo
2164 3455 2360 3500 octavo
2395 3443 2605 3514 psalmo
2640 3460 2653 3498 :
2685 3443 2927 3499 Conteret
2967 3440 3228 3498 Dominus
3276 3443 3461 3498 (θάνω

1854 3540 2072 3608 Lil'ani,
2106 3552 2155 3595 et
2186 3541 2502 3594 comminuet
2529 3556 2640 3603 eas,
2676 3548 2729 3591 ut
2760 3540 2982 3593 vitulum
3009 3537 3215 3607 Libani,
3250 3546 3297 3593 et
3327 3538 3460 3593 dile-

1854 3642 1967 3687 ctus
1988 3637 2123 3688 sicut
2152 3632 2295 3703 ﬁlius
2324 3632 2658 3686 unicornium
2689 3630 2864 3701 (Psal.
2894 3646 3091 3699 uvttt,
3120 3629 3200 3703 6).

1927 3725 2107 3798 (Vers.
2139 3724 2219 3798 7.)
2268 3725 2332 3780 In
2360 3742 2465 3797 quo
2494 3725 2742 3779 habemus
2772 3726 3181 3798 redcmpliomm
3211 3742 3304 3795 per
3330 3741 3458 3781 san-

1852 3821 2057 3893 guinem
2080 3820 2268 3888 ipsius,
2290 3822 2643 3874 remissionem
2669 3830 3018 3890 peccatorum.
3049 3817 3141 3874 llle
3170 3818 3457 3903 redimitur

1854 3916 1941 3985 qui
1958 3929 2072 3981 capt
2086 3912 2127 3966 it
2148 3927 2210 3966 us
2223 3922 2325 3979 est,
2342 3920 2398 3966 et
2416 3911 2465 3965 in
2485 3911 2721 3967 hostium
2739 3912 2964 3965 veniens
2978 3919 3300 3979 ριιιεειιιιοιιιι
3317 3910 3456 3965 liber

1852 4021 1973 4061 esse
1995 4008 2230 4060 desivt:
2266 4007 2338 4058 ita
2361 4015 2412 4058 ιιι
2442 4020 2540 4058 nos
2571 4004 2791 4073 quidam
2822 4004 3008 4057 dicunt
3043 4004 3093 4055 in
3119 4002 3221 4056 hoc
3248 4002 3453 4057 mundo

1852 4119 1977 4159 esse
1999 4102 2260 4172 captivos,
2289 4110 2343 4155 et
2363 4102 2463 4155 sub
2492 4100 2825 4170 principibus
2853 4109 2900 4152 et
2934 4099 3297 4168 potestatibus
3321 4096 3454 4167 jugo

1856 4196 2136 4251 SCI’VilllllS
2167 4193 2342 4249 teneri
2362 4236 2377 4259 ,
2404 4208 2507 4249 nec
2537 4207 2666 4247 ante
2694 4192 2904 4246 vinctas
2931 4193 3141 4247 catenis
3175 4190 3458 4261 explicme

1857 4305 2049 4345 manus
2070 4331 2085 4355 ,
2115 4298 2170 4343 et
2193 4288 2384 4346 oculos
2434 4304 2650 4341 sursum
2682 4287 2966 4353 attollere,
2999 4286 3103 4343 nisi
3143 4287 3458 4358 redemptor

1855 4381 2158 4438 advenerit.
2192 4378 2297 4437 Sed
2334 4381 2456 4451 quis
2487 4380 2613 4447 iste,
2646 4382 2834 4446 aiunt,
2870 4391 3051 4435 tantus
3089 4389 3145 4435 et
3188 4380 3332 4449 talis,
3367 4379 3460 4451 qui

1855 4480 2027 4546 possit
2077 4477 2253 4545 pretio
2303 4492 2401 4527 suo
2451 4482 2620 4528 totum
2678 4474 2873 4527 urbem
2928 4474 3250 4529 redimere?
3297 4473 3459 4529 .lesus

1856 4570 2108 4625 Christus
2144 4569 2313 4624 Filius
2356 4569 2449 4622 Dei
2495 4569 2772 4636 proprium
2826 4569 3150 4622 san-.tuiuem
3184 4566 3365 4633 dedit,
3407 4575 3464 4622 et

147 4648 259 4704 liam
295 4655 385 4709 Dei
437 4655 724 4726 probent?
753 4654 943 4712 Omnis
987 4673 1117 4728 ergo
1155 4658 1327 4728 gratia
1361 4674 1520 4729 quam
1558 4675 1752 4715 conse-
1781 4639 1830 4700 ί)
1859 4678 1957 4719 nos
1982 4663 2050 4717 de
2076 4662 2339 4716 servitute
2364 4662 2604 4731 eripi-ns
2629 4660 2884 4716 libertate
2909 4661 3155 4715 donavit.
3180 4661 3245 4715 Et
3269 4676 3463 4717 revera

147 4743 347 4811 quimur
363 4746 416 4800 iu
447 4749 717 4817 gloriam,
737 4759 794 4803 ct
818 4747 1032 4805 laudem
1051 4748 1170 4819 ejus
1197 4750 1288 4820 qui
1315 4766 1413 4805 nos
1430 4749 1751 4820 justilicavit

147 4830 258 4906 [ΑΙ.
284 4838 665 4914 grablicavit]
701 4841 755 4896 in
785 4840 1014 4909 dilecto,
1047 4842 1152 4900 hoc
1182 4855 1287 4914 est,
1313 4845 1368 4899 in
1394 4844 1622 4902 Domino
1654 4864 1752 4902 nn-

147 4938 264 5000 δτι-ο,
294 4944 347 4990 et
376 4934 681 4993 Salvatore
703 4939 1044 5007 completur:
1065 4938 1189 5009 quia
1217 4940 1423 5012 absque
1454 4944 1747 5015 sapit-mia,

209 5103 232 5130 ⁸
269 5095 583 5167 Voculam,
623 5113 830 5168 sermo,
873 5112 997 5170 quae
1035 5097 1259 5164 deerat,
1293 5102 1468 5156 nostri
1516 5101 1748 5159 interse-

146 5177 257 5221 rttnl
300 5186 433 5223 mss.

207 5237 245 5316 1"
278 5241 475 5295 Verius
509 5241 745 5307 legerit,
774 5258 871 5316 prec
909 5242 1192 5296 secundum
1226 5243 1601 5316 bencplacilum
1629 5245 1751 5314 Dei,

146 5305 354 5367 “minus
379 5316 480 5369 ιιι.
511 5305 581 5375 II,
606 5331 735 5366 nunt
762 5314 831 5368 Ξῖ
859 5325 913 5367 et
942 5329 1087 5381 seq.,
1116 5332 1275 5382 quem
1304 5305 1535 5371 videsis.

215 5392 236 5458 ξ
275 5385 441 5441 Addit
467 5386 622 5439 idem
652 5386 886 5440 llulinus
918 5385 1006 5439 hic
1028 5391 1291 5449 verbum,
1327 5388 1598 5458 referetur.

205 5450 231 5489 δ
278 5457 348 5509 iis
383 5460 670 5528 eriptores
714 5459 943 5528 antiqui
974 5460 1289 5513 nescierunt
1338 5450 1533 5514 Decii-5
1585 5461 1752 5516 fuisse

146 5534 268 5600 {ego
309 5526 551 5583 minatus
591 5529 765 5600 Mures
811 5531 891 5597 (ut
924 5526 987 5581 P.
1026 5528 1216 5583 Decius
1248 5528 1371 5584 Mus
1397 5532 1536 5600 apud
1569 5533 1748 5588 Valer.

144 5593 339 5673 Μσιίἰιιι
373 5604 469 5655 lib.
510 5617 526 5673 ι
556 5601 628 5653 de.
653 5593 916 5673 Βοιιιιιίιδ,
943 5601 1176 5673 cap._7):
1210 5605 1335 5656 ideo
1357 5593 1653 5673 separatim
1680 5605 1753 5660 le-

144 5680 261 5735 gunt
295 5671 470 5726 Mures
512 5672 666 5726 inter
694 5671 878 5727 clades
905 5689 1039 5740 quas
1070 5671 1217 5727 Decii
1250 5680 1305 5727 et
1333 5671 1435 5728 alii
1455 5677 1569 5729 suis
1601 5693 1754 5729 mor-

145 5742 274 5815 tibus
297 5742 692 5815 t'epresserinl.
726 5743 881 5798 Hune
911 5759 1178 5815 errorem.
1215 5760 1314 5800 nec
1343 5747 1626 5815 Erasmus,
1654 5764 1755 5802 nec

146 5809 404 5887 list-ianuis
440 5814 718 5887 Victorius
744 5812 1030 5887 castigavit
1058 5817 1109 5870 iu
1141 5832 1235 5872 sua
1265 5816 1528 5886 editione,
1559 5809 1657 5873 sed
1685 5820 1754 5875 de

147 5880 508 5951 itietncndatis
539 5880 911 5948 inemendata'
924 5887 1261 5967 scripserunt
1289 5890 1472 5963 ambo,
1503 5880 1754 5971 quamvis

1856 4760 1900 4811 si
1953 4753 2198 4809 lnstoriis
2254 4752 2546 4824 gentilium
2588 4753 2867 4808 credimus
2894 4795 2910 4820 ,
2953 4753 3098 4820 quod
3140 4753 3376 4821 Codrus,
3410 4765 3466 4810 et

1857 4846 2101 4912 Curtius,
2130 4856 2184 4901 et
2216 4846 2363 4901 Decii
2393 4842 2420 4883 ἀ
2451 4845 2632 4901 Mures
2660 4846 3003 4914 pestilentias
3029 4847 3272 4913 urbium,
3298 4856 3354 4903 et
3382 4848 3462 4902 fa-

1860 4959 2011 5011 tnes,
2064 4952 2119 4997 et
2168 4940 2312 4997 bella
2357 4945 2472 4996 suis
2524 4942 2793 4998 mortibus
2824 4942 3230 5015 represserint,
3258 4951 3462 5015 quanto

1857 5099 2095 5176 alioquin
2138 5099 2336 5155 eruditi
2378 5101 2502 5156 viri.
2545 5102 2761 5159 Codrus
2791 5105 3005 5176 itaque.
3035 5122 3129 5161 rex
3162 5104 3462 5162 Alltcuicn'

1857 5173 2023 5233 sitim,
2050 5188 2145 5236 pro
2171 5177 2355 5238 patriae
2387 5173 2917 5239 Salule,ct.-rtissimte
2947 5192 3007 5232 se
3030 5190 3187 5231 morti
3219 5178 3463 5244 objecta-

1858 5246 1955 5297 vil.
1994 5243 2331 5311 llespausum
2377 5246 2520 5299 enim
2560 5261 2883 5315 acceperant
2917 5243 3318 5316 l‘elnponetnes
3344 5291 3356 5311 ,
3390 5255 3461 5307 ita

1859 5316 2079 5367 demum
2110 5330 2167 5365 se
2202 5318 2596 5379 imputaturos,
2628 5322 2669 5371 si
2717 5318 2747 5372 Ιι
2775 5321 2945 5374 «lium
2975 5335 3157 5384 regem
3190 5336 3238 5372 ιιι
3264 5337 3295 5374 ιι
3319 5325 3467 5376 occi-

1859 5387 2088 5442 dissent.
2133 5385 2350 5441 Frl'u-liit
2378 5405 2521 5462 rrgo
2546 5406 2639 5444 eos
2672 5391 2853 5446 habitu
2883 5393 3113 5444 mendici
3133 5432 3148 5453 ,
3176 5409 3380 5462 eosque
3411 5396 3462 5448 in

1861 5473 2013 5532 suam
2035 5474 2226 5532 necem
2253 5474 2349 5527 per
2370 5460 2543 5529 jntgia
2577 5463 2937 5523 provocando,
2966 5477 2995 5514 a
3022 5462 3171 5516 tndln
3191 5460 3463 5532 adgnitus,

1859 5525 1990 5654 {colit
2015 5530 2173 5584 Iidem
2203 5525 2437 5585 oraculo.
2463 5525 2621 5587 Unde
2650 5534 2901 5602 Virgilius
2923 5535 3108 5603 ecloga
3136 5525 3327 5605 quinti
3352 5525 3468 5593 hac

1879 5616 1925 5653 ta
1970 5609 2027 5654 et
2051 5616 2065 5654 :

1879 5609 2065 5656 labet:

2356 5676 2406 5725 Si
2435 5691 2559 5739 quos
2579 5685 2661 5725 aut
2683 5674 2915 5737 Phyllidis
2938 5676 3081 5737 ignes
3100 5717 3113 5739 ,

1987 5734 2085 5785 Aul
2109 5734 2310 5787 Alconis
2337 5734 2488 5787 habes
2509 5739 2697 5800 laudes,
2728 5734 2809 5786 aut
2827 5734 2991 5800 jurgiu
3013 5734 3182 5792 Codri.

1857 5818 2080 5893 Curtius
2119 5840 2272 5888 vero,
2309 5824 2640 5893 prtenomiue
2669 5824 2912 5891 Marcus,
2945 5827 2987 5880 is
3025 5839 3107 5883 est
3148 5828 3466 5887 adulescens

1857 5890 2134 5971 Romanus
2162 5890 2385 5968 nobilis,
2415 5897 2510 5972 qni
2533 5910 2614 5966 se,
2644 5910 2743 5969 pro
2776 5900 2954 5961 salute
2979 5901 3195 5979 patriae,
3224 5899 3331 5967 diis
3354 5902 3465 5973 Mtt-
