3962 6338
485 350 590 410 tst
1729 337 1787 399 s.
1829 330 2099 397 EUSEBtt
2138 336 2529 395 utsaonrnt
3658 326 3756 407 in

489 471 662 540 magis
712 469 818 525 hoc
862 466 919 522 in
967 461 1065 520 Dei
1097 457 1239 518 Filio
1288 457 1545 530 possibile
1572 455 1925 527 iudicandum
1972 463 2080 523 est,
2110 462 2165 521 Α
2188 456 2290 511 sint
2320 452 2502 528 (Joan.
2536 469 2669 523 xvn,
2697 450 2817 525 21).
2848 447 2959 508 Has
3002 450 3227 509 divitias
3260 453 3551 526 gratiarum
3593 455 3675 513 ille
3706 458 3757 518 in

488 565 631 637 quod
666 578 867 619 cruore
898 575 1019 627 suo,
1053 572 1159 612 non
1186 556 1374 611 urbem
1410 571 1598 620 unam,
1631 552 1725 607 scd
1757 562 1925 606 totum
1958 567 2090 622 pur—
2192 564 2251 602 se
2280 563 2384 603 nou
2418 547 2541 601 facit
2572 561 2790 612 vacuas,
2819 544 2908 616 qui
2951 559 3210 617 quantum
3242 547 3386 602 valet
3417 547 3636 603 lttuuana
3664 550 3756 606 frs-

488 656 874 729 garitorbem!
905 650 1203 722 Dupliciter
1228 664 1359 704 vero
1388 646 1614 717 sanguis
1631 645 1859 711 Christi,
1884 655 1939 700 et
1962 660 2090 700 caro
2191 644 2372 713 gilitas
2398 685 2413 709 ,
2464 642 2677 707 nititur,
2731 642 2982 707 laborat,
3034 654 3198 714 atque
3242 643 3538 709 contendit,
3578 654 3631 699 et
3651 658 3755 701 cum

488 748 836 819 intelligitur,
859 746 944 802 vel
970 753 997 783 ι
1020 741 1324 814 spiritualis
1348 740 1436 794 illa
1464 749 1630 811 atque
1654 738 1865 807 divina,
1889 737 1958 795 de
1986 755 2086 810 qua
2196 736 2459 805 Apoztolo
2485 735 2757 806 loquitur:
2790 732 2971 789 Gratia
3000 735 3109 805 ejus
3140 735 3195 789 in
3219 751 3299 789 me
3325 752 3428 790 non
3453 736 3552 806 fuit
3577 745 3596 773 ε
3619 752 3760 791 vacua

488 845 607 915 ipse
638 844 813 899 dixit:
860 839 998 896 Caro
1028 854 1142 892 mea
1178 852 1293 890 uere
1319 845 1393 889 est
1422 834 1596 900 cibus,
1635 844 1683 887 et
1709 832 2091 915 sanguismens
2198 828 2246 898 (1
2279 825 2398 882 Cor.
2437 824 2547 899 tfi).
2592 828 2692 895 Qui
2732 842 2864 883 vero
2914 826 3168 883 beneficii
3214 827 3631 899 magnitudinem
3668 843 3758 882 non

493 909 607 994 uere
635 947 711 993 est
742 946 888 1007 potus
922 932 1105 1007 (Joan.
1142 947 1215 1001 τι,
1245 930 1359 1002 56);
1392 940 1476 986 et:
1511 926 1635 984 Nisi
1659 909 2091 982 manducaueritis
2195 921 2487 977 recordans
2515 963 2530 988 ,
2578 921 2645 975 ad
2702 920 2974 975 deteriora
3032 921 3307 976 delabitur
3330 962 3346 988 ,
3404 921 3455 977 in
3498 920 3597 975 isto
3631 919 3760 976 dives

492 1046 705 1085 carnem
729 1043 914 1092 meam,
937 1035 985 1081 et
1011 1025 1319 1098 sanguinem
1346 1038 1515 1077 meum
1537 1021 1917 1087 biberitis,n0n
1937 1019 2093 1074 habe-
2193 1014 2366 1085 gratia
2427 1014 2569 1081 Dei,
2622 1023 2680 1070 et
2735 1013 2996 1085 opulenta
3060 1013 3276 1084 largitio
3336 1022 3644 1083 paupertate
3693 1021 3759 1068 te-

494 1123 611 1177 bitis
649 1122 804 1176 vitam
831 1129 1082 1176 cateruam
1115 1115 1305 1190 (Ibid.,
1336 1114 1460 1187 54);
1490 1115 1575 1172 vel
1606 1130 1735 1172 caro
1766 1125 1820 1171 et
1849 1115 2089 1184 sanguis,
2195 1116 2416 1162 nuatur.

491 1213 614 1287 Quae
647 1213 907 1270 cruciﬁxa
934 1221 1047 1279 est,
1076 1220 1132 1267 et
1161 1211 1251 1279 qui
1281 1208 1470 1265 militis
1489 1206 1517 1248 δ
1540 1206 1744 1264 effusus
1768 1218 1852 1264 est
1881 1206 2088 1263 lancea.
2268 1199 2450 1275 (Vers.
2481 1200 2559 1272 9.)
2591 1197 2653 1253 In
2685 1200 2824 1254 omni
2845 1199 3100 1270 sapientia
3130 1208 3175 1254 et
3204 1198 3481 1271 prudentia
3509 1205 3669 1251 notion
3694 1212 3764 1251 no-

494 1307 655 1366 Juxta
693 1307 833 1361 hanc
874 1302 1203 1360 divisionem
1234 1301 1374 1358 etin
1404 1301 1607 1357 sanctis
1646 1303 1766 1370 ejus
1806 1298 2095 1355 diversitas
2197 1293 2272 1347 bis
2302 1292 2498 1364 faciens
2533 1294 2835 1363 mysterium
2878 1293 3156 1349 voluntatis
3196 1309 3325 1348 suae.
3373 1289 3693 1362 Sapientiam
3718 1292 3765 1343 et

492 1399 773 1472 sanguinis
802 1408 857 1454 et
884 1398 1070 1454 carnis
1097 1396 1383 1467 accipitur,
1413 1405 1473 1450 ut
1498 1396 1602 1449 alia
1629 1395 1698 1449 sit
1725 1408 1853 1449 caro
1882 1409 2005 1465 quae
2026 1393 2099 1447 vi--
2200 1386 2539 1456 prudentiam
2575 1401 2696 1441 esse
2723 1384 2988 1452 diversas,
3019 1386 3188 1441 SloiCi
3230 1400 3447 1457 quoque
3475 1383 3760 1451 ονῖηδηιυτν

494 1506 619 1548 sura
651 1502 735 1547 est
766 1491 1002 1547 salut-ire
1036 1488 1129 1544 Dei
1162 1506 1175 1543 :
1216 1488 1320 1543 alia
1351 1503 1480 1544 caro
1508 1497 1563 1543 et
1610 1488 1832 1557 sanguis
1861 1503 1980 1555 qua:
2010 1502 2097 1540 rc-
2198 1474 2474 1533 dicentes:
2508 1495 2527 1529 r
2558 1476 2837 1548 Sapientia
2868 1484 2952 1533 est
2977 1495 3158 1532 rerum
3187 1475 3497 1531 divinarum
3531 1473 3763 1528 humana-

493 1599 658 1655 gnum
684 1581 778 1639 Dei
806 1576 1890 1651 nonqueantpossidere.Consequenter
1912 1592 2089 1632 autem
2200 1584 2429 1641 rumque
2481 1570 2766 1640 cognitio;
2820 1571 3104 1640 prudentia
3160 1584 3291 1624 vero
3336 1579 3546 1622 tantum
3592 1573 3766 1620 ιιιοιιιιο

496 1688 617 1750 post
647 1678 1078 1746 redemptionem
1107 1672 1384 1744 sanguinis
1413 1670 1617 1726 Christi
1639 1713 1654 1737 ,
1703 1669 1869 1743 554,
1905 1672 2096 1724 retnis-
2202 1663 2352 1716 lium.
2384 1683 2402 1715 ι
2434 1662 2592 1717 Juxta
2623 1663 2764 1718 hinc
2794 1664 3120 1719 divisionem
3155 1677 3445 1733 possumus
3476 1660 3766 1731 sapientiam

496 1772 709 1827 sionem
759 1768 1035 1839 accepisse
1081 1765 1376 1821 scribimnr
1406 1773 1792 1834 peccatorum:
1833 1761 1957 1833 quia
1993 1762 2092 1815 nisi
2202 1758 2556 1812 invisibilium
2585 1800 2599 1820 ,
2655 1765 2709 1814 et
2760 1758 3053 1812 visibilium
3106 1755 3397 1828 accipere;
3458 1751 3767 1825 prudentiam

498 1866 766 1935 redempti
798 1861 1090 1926 fuerimus,
1124 1860 1321 1914 frustra
1354 1857 1512 1913 nobis
1546 1864 1764 1926 peccata
1800 1855 2091 1910 donantu.
2130 1862 2175 1921 Β
2206 1870 2340 1910 vero
2382 1866 2593 1909 tantum
2636 1854 2951 1910 visibilium.
2992 1853 3264 1919 Quaeritur
3301 1854 3488 1919 itaque
3530 1844 3768 1920 quomodo

498 1958 610 2016 Nec
638 1970 765 2015 ante
795 1956 1005 2012 veniam
1048 1952 1303 2021 accipere
1332 1965 1621 2022 possumus
1652 1947 1973 2026 delit'torttnt
2000 1989 2015 2012 ,
2049 1957 2103 2001 et
2204 1947 2361 2001 nobis
2402 1947 2564 2013 Deus,
2598 1946 2651 2000 in
2682 1947 2831 2001 omni
2858 1946 3122 2014 sapientia
3148 1987 3163 2009 ,
3207 1955 3260 1999 et
3290 1941 3581 2013 prudentia
3612 1947 3769 1994 notum

500 2051 641 2108 servi
673 2065 796 2105 esse
817 2062 1118 2116 cessamus,
1140 2044 1244 2101 nisi
1278 2048 1508 2115 pretium
1536 2056 1636 2113 pro
1659 2041 1814 2097 nobis
1840 2049 2100 2096 cruentus
2205 2038 2367 2112 555
2403 2036 2595 2094 fecerit
2634 2040 2950 2111 mysterium
2983 2038 3275 2094 voluntatis
3311 2053 3449 2091 sine.
3486 2034 3555 2090 Et
3582 2033 3771 2105 quidem

500 2142 773 2217 quondam
801 2140 975 2194 victor
1001 2135 1298 2207 acceperit.
2204 2134 2435 2205 primum
2480 2134 2804 2203 simpliciter
2831 2135 3024 2203 arcipia
3050 2133 3247 2200 udum,
3288 2131 3431 2203 quod
3484 2130 3773 2203 mysterium

577 2232 769 2305 (vers.
813 2229 894 2299 8.)
924 2228 1223 2285 Secundum
1250 2225 1460 2280 divitias
1486 2224 1671 2297 gratia:
1708 2223 1821 2295 ejus
1850 2238 1952 2293 qua
1989 2220 2100 2293 [Μ.
2204 2227 2505 2283 γυΙιιιιιιιιίε
2527 2227 2670 2296 ejus,
2697 2226 3001 2297 redemptio
3029 2241 3215 2283 nostra
3241 2227 3331 2293 sit,
3363 2241 3458 2296 per
3487 2224 3773 2296 sanguinem

504 2323 654 2398 quia]
684 2310 967 2376 abundavit
992 2320 1046 2374 in
1076 2318 1246 2373 nobis.
1306 2319 1405 2385 Qui
1439 2315 1696 2387 intelligit
1720 2318 1822 2369 hoc
1850 2314 1993 2384 quod
2023 2313 2098 2367 di-

2208 2318 2333 2375 Filii
2364 2321 2564 2391 ipsius,
2599 2333 2653 2376 et
2686 2322 2938 2377 remissio
2968 2331 3351 2391 peccatorum,
3393 2323 3678 2377 secundum
3704 2317 3773 2373 di-

508 2433 657 2478 ctum
678 2415 989 2474 eshGratia
1012 2414 1409 2482 estissaluati,et
1430 2427 1609 2466 nones:
1623 2408 2101 2482 aperibus(Ephes.
2208 2416 2368 2471 vittas
2394 2416 2583 2486 gratim
2610 2416 2727 2486 ejus
2751 2432 2851 2487 qua
2893 2413 3001 2488 [AL
3034 2411 3179 2488 quat]
3212 2416 3507 2469 abundavit
3536 2414 3589 2467 in
3618 2410 3771 2466 nobis.

509 2513 593 2586 ιι),
625 2509 1096 2583 etquinquaginta
1126 2519 1178 2562 et
1218 2506 1637 2577 quingentorum
1667 2503 2018 2559 denariorum
2052 2503 2103 2557 in
2208 2509 2362 2576 Quod
2420 2508 2631 2564 sciliCet
2683 2523 2781 2563 nos
2828 2508 2881 2562 in
2941 2508 3152 2563 Domini
3206 2506 3459 2577 passione
3515 2504 3778 2560 credentes

512 2604 810 2677 Evangelia
839 2601 1139 2658 debitorem
1170 2597 1426 2673 (Luc.vn)
1452 2616 1464 2651 :
1497 2595 1639 2667 quod
1668 2597 1757 2667 qui
1786 2596 1905 2666 plus
1926 2596 2098 2650 dimit-

2211 2606 2352 2677 (ιμιίιξ
2379 2615 2461 2659 est
2486 2603 2714 2659 stultitia
2742 2619 2848 2658 non
2884 2602 3261 2673 credentibus)
3284 2600 3602 2672 sapientiam
3633 2597 3779 2669 possi-

511 2702 667 2768 titur,
701 2698 824 2770 plus
863 2696 1088 2764 diligat:
1123 2696 1225 2748 iste
1256 2702 1433 2764 potest
1460 2693 1603 2747 scire
1630 2690 1774 2762 quod
1807 2690 2098 2744 secundum

2213 2698 2622 2768 dcamusatque
2654 2697 3015 2766 prudentiam.
3045 2696 3249 2751 Deinde
3270 2694 3410 2765 quod
3442 2710 3536 2764 per
3557 2692 3779 2763 Scriptu-

511 2792 729 2849 divitias
755 2802 883 2845 suas
914 2782 1013 2843 Dei
1043 2786 1217 2857 gratia
1244 2785 1535 2841 abundarit
1566 2782 1618 2837 iu
1651 2779 1806 2837 nobis
1833 2801 1846 2838 :
1877 2782 2111 2838 maxime
2216 2806 2304 2845 ras
2356 2806 2485 2845 snas
2525 2790 2678 2845 "ubi;
2703 2801 2826 2845 ηοω
2854 2790 3042 2846 fecerit
3065 2789 3316 2845 universa
3349 2789 3607 2860 mysleria
3634 2805 3645 2841 ε
3673 2784 3780 2856 quo;

513 2889 567 2944 in
600 2886 843 2942 Ecclesia
874 2883 943 2938 de
968 2883 1220 2952 gentibus
1251 2888 1598 2949 congregata,
1622 2892 1743 2948 quae
1788 2878 1962 2931 aliena
2013 2876 2098 2930 luit

2212 2883 2375 2940 modo
2406 2886 2639 2956 primum
2670 2886 2869 2943 coelum
2895 2928 2908 2950 ,
2942 2896 2995 2941 et
3026 2897 3227 2941 terram
3259 2884 3599 2939 machinatus
3627 2882 3708 2946 sit,
3736 2870 3780 2934 et

513 2997 543 3038 a
579 2986 904 3037 testamento
934 2986 990 3034 et
1022 2974 1472 3047 promissionibus
1500 2972 1702 3043 Israel,
1728 2971 1882 3042 cujus
1910 2972 2110 3027 delicto
2212 2978 2394 3034 omnia
2441 2995 2562 3047 quae
2611 2982 2749 3033 intra
2791 2992 2855 3034 ea
2895 2989 3055 3045 sunt,
3086 2977 3314 3042 fecerit,
3351 2974 3612 3031 ordinarii
3639 2985 3777 3043 atque

515 3091 616 3132 nos
643 3074 877 3130 salutem
906 3072 1189 3126 consecuti
1220 3085 1430 3124 Stttnus.
1462 3072 1656 3123 Annon
1686 3077 1770 3124 est
1800 3066 2112 3138 magnitudo
2213 3071 2560 3128 distinxerit:
2588 3083 2643 3126 ut
2674 3070 2976 3141 plasmatns
3008 3069 3192 3140 homo,
3222 3079 3277 3125 et
3305 3083 3473 3140 usque
3503 3067 3569 3123 ad
3600 3065 3780 3138 paSSio-

511 3169 805 3241 gratiarum
839 3166 892 3221 in
926 3165 1117 3230 Paulo,
1149 3171 1205 3219 et
1234 3165 1285 3220 in
1319 3164 1534 3218 caneris
1563 3161 1789 3230 sanctis,
1820 3162 1888 3218 de
1917 3162 2111 3234 quibus
2216 3179 2336 3217 nem
2365 3162 2571 3218 Christi
2601 3162 2835 3217 mundtts
2875 3162 3125 3233 impletus
3156 3160 3244 3225 sit,
3280 3159 3553 3231 quomodo
3580 3174 3642 3215 ex
3671 3154 3780 3209 visi-

508 3259 741 3316 dicitur:
769 3258 997 3314 Nescitis
1018 3258 1263 3325 quoniam
1289 3255 1515 3330 Angelos
1528 3255 1882 3326 judicabimus
1911 3258 1955 3325 (Ι
1985 3255 2102 3311 Cor.
2134 3262 2178 3324 (ζ
2216 3255 2414 3310 bilibus
2436 3270 2501 3311 ea
2526 3270 2646 3326 quae
2670 3267 2795 3310 sunt
2836 3253 3127 3310 invisibilia
3156 3262 3577 3325 cognoscantur.
3606 3251 3675 3307 Ad
3700 3264 3780 3305 es-

508 3370 561 3420 v,
592 3351 687 3426 5)?
715 3363 768 3409 et
790 3352 844 3408 in
869 3352 976 3408 alio
1006 3352 1125 3406 loco
1152 3368 1164 3404 :
1195 3350 1264 3405 In
1288 3367 1438 3421 queui
1466 3349 1763 3403 desiderant
1783 3347 1955 3420 angeli
1985 3366 2109 3404 con-
2208 3357 2464 3413 tremum,
2496 3347 2637 3419 quod
2666 3350 2828 3403 etiam
2852 3364 2913 3403 ea
2945 3363 3069 3418 qua:
3099 3348 3153 3402 in
3184 3356 3328 3403 terra
3361 3356 3508 3412 sunt,
3537 3342 3778 3415 sapitntia

503 3447 737 3504 siderare
768 3446 811 3519 (1
836 3444 981 3501 Petr.
1014 3462 1050 3511 ι,
1079 3445 1191 3515 12):
1228 3454 1282 3500 et
1311 3456 1569 3498 rursum:
1602 3441 1781 3510 Pater,
1804 3442 1872 3495 da
1900 3450 1955 3496 ut
1979 3460 2109 3515 quo-
2206 3443 2484 3514 indigeant
2534 3454 2697 3516 atque
2745 3442 3055 3515 prudentia.
3111 3443 3322 3510 Quotus
3379 3442 3522 3498 enim
3574 3441 3778 3511 quisque

504 3542 658 3600 modo
677 3557 794 3617 ego,
821 3552 868 3596 et
901 3549 957 3595 tu
984 3555 1144 3593 unum
1168 3554 1367 3604 sumus,
1395 3538 1468 3592 sic
1491 3545 1537 3591 et
1566 3537 1669 3606 ipsi
1690 3538 1745 3592 in
1774 3536 1919 3591 nobis
1945 3554 2106 3593 unum
2205 3550 2450 3596 nostrum
2475 3540 2575 3594 scit
2602 3539 2729 3611 quid
2758 3540 2830 3595 sit
2858 3538 2987 3593 illud
3016 3539 3155 3610 quod
3180 3552 3309 3593 aves
3340 3538 3393 3592 in
3419 3551 3542 3592 aera
3570 3547 3777 3605 suspen-

504 3726 661 3785 nib‘us
682 3722 924 3781 devovit.
952 3723 1084 3778 Nam
1114 3736 1237 3777 cun:
1280 3731 1421 3776 terra
1454 3723 1506 3774 in
1536 3717 1717 3775 medio
1744 3714 1864 3775 foro
1893 3718 2100 3789 ingenti

503 3800 654 3856 hiatu
678 3794 1004 3856 desedisset,
1037 3807 1469 3862 tesponsumque
1494 3803 1664 3859 esset,
1698 3807 1805 3846 non
1833 3792 1996 3846 cnittn
2014 3809 2097 3845 am

503 3873 679 3929 labem
698 3908 714 3936 ,
741 3868 844 3922 nisi
882 3869 1169 3938 quisquam
1198 3880 1263 3920 ex
1299 3864 1484 3933 prima:
1512 3864 1711 3938 speciei
1740 3864 2101 3918 adolescenti-

502 3946 604 4000 bus
629 3934 754 3998 sese
793 3941 845 3994 in
893 3934 1096 3992 t'iiattiui
1142 3937 1426 4007 dejeeisset
1455 3977 1470 4001 ,
1502 3934 1722 3992 Curtius
1765 3947 2040 4002 acceptam
2070 3951 2099 3990 a

505 4016 678 4088 patria
710 4013 908 4088 vitam,
942 4008 1120 4088 eidem
1156 4006 1474 4088 impendere
1501 4024 1606 4088 non
1638 4007 1924 4088 dubitavit.
1955 4007 2098 4061 Cun-

503 4078 696 4144 scenso
714 4081 875 4154 igitur
896 4095 1062 4154 equa,
1080 4080 1198 4154 sine
1213 4094 1363 4154 mora
1385 4082 1436 4132 in
1460 4078 1665 4133 hiatum
1694 4078 2017 4154 praecipitem
2041 4094 2101 4134 se

543 4150 759 4228 rnjecit:
776 4154 898 4212 Liv.
922 4150 1017 4207 lib.
1042 4166 1116 4228 vi.
1143 4150 1281 4208 Tres
1305 4150 1475 4205 Curtii
1509 4167 1567 4206 se
1592 4166 1695 4222 pro
1714 4153 1894 4228 salute
1909 4151 2102 4228 reipu-

543 4175 753 4228 ['UJCCII.
776 4175 898 4212 μιν.
922 4175 1017 4207 "Ue
1045 4175 1116 4205 VI.
1153 4175 1281 4208 Irus
1305 4175 1475 4205 υΙΙΙΊΙῑ
1509 4175 1567 4206 ac
1593 4175 1695 4222 {ire
1723 4175 1894 4206 salute
1917 4175 2096 4219 Γυψιι-

505 4175 663 4287 Elian
684 4228 1043 4284 devoveruut.
1060 4223 1296 4278 Duorum
1331 4234 1534 4276 tantmn
1566 4223 1812 4278 meminit
1831 4220 2096 4279 Valerius.

506 4302 605 4358 lib.
636 4318 670 4355 v
715 4300 783 4353 de
821 4296 1028 4352 Pietate
1057 4310 1183 4363 erga
1207 4294 1463 4362 Patriam,
1497 4310 1619 4363 cap.
1651 4296 1704 4363 4,
1738 4295 1857 4363 cjus
1896 4295 2101 4350 scdicet

506 4373 597 4445 qui
635 4370 974 4445 consulatum
1009 4368 1061 4421 in
1112 4366 1369 4445 familiam
1396 4381 1547 4445 suam
1580 4367 1786 4445 primus
1815 4366 2016 4428 intulit,
2045 4377 2100 4420 et

2209 3723 2335 3777 tium
2378 3723 2652 3780 Samnitici
2704 3721 2828 3778 belli
2856 3721 3072 3778 inducta
3100 3731 3174 3777 est
3209 3723 3379 3790 Appio
3410 3720 3655 3788 Claudio,
3682 3727 3774 3774 etc.

2211 3795 2384 3849 Porro
2423 3798 2626 3864 absque
2678 3803 3039 3864 cognomento
3095 3794 3323 3849 Murium
3380 3794 3634 3849 notissimi
3680 3801 3774 3846 tres

2207 3874 2337 3922 sunt
2360 3867 2415 3921 in
2438 3866 2677 3923 Romana
2706 3868 2930 3923 historia
2954 3866 3130 3932 Decii,
3153 3876 3325 3934 pater,
3344 3866 3507 3931 titius,
3529 3877 3579 3921 et
3600 3877 3771 3929 nepos,

2208 3938 2298 4008 qui
2327 3939 2397 3992 ad
2427 3957 2530 3993 non
2555 3939 2767 3992 dubiant
2800 3950 3011 3993 mortem
3043 3950 3404 4004 cucurrerunt,
3425 3950 3483 3992 ut
3512 3939 3584 3992 ait
3608 3938 3776 3990 tirero

2210 4025 2226 4064 ι
2255 4010 2477 4064 Tuscttl.
2526 4010 2797 4080 disputat,
2826 4027 2974 4063 num.
3007 4011 3074 4065 57
3101 4028 3113 4062 :
3157 4010 3285 4064 Cum
3314 4008 3512 4080 Latinis
3536 4009 3774 4062 decertans

2210 4091 2356 4153 pater
2393 4080 2597 4145 Decius,
2617 4079 2745 4135 cum
2780 4079 3046 4135 Hetrmcis
3076 4080 3239 4149 ﬁlius,
3273 4097 3389 4153 cum
3420 4079 3585 4153 Pyrro
3612 4094 3770 4153 nepa.

2209 4152 2373 4208 Codri
2398 4153 2814 4209 Atheniensium
2845 4153 2986 4221 regis
3006 4196 3022 4220 ,
3057 4165 3110 4208 et
3135 4153 3302 4207 Curtii
3333 4152 3566 4208 Romani
3593 4152 3775 4222 equitis

2209 4224 2451 4279 hiszoriae
2484 4242 2750 4279 uetutttent
2785 4226 2971 4279 latent.

2280 4305 2303 4331 η
2340 4294 2582 4350 Divinam
2612 4295 2697 4349 hic
2721 4309 2772 4348 et
2800 4296 3132 4366 spiritualetn
3159 4311 3377 4350 carnem
3406 4294 3601 4352 ChriSti
3633 4311 3673 4344 vi
3695 4299 3775 4348 cit

2208 4367 2589 4439 Hieronymus,
2621 4374 2742 4437 quia
2775 4370 2827 4421 in
2858 4379 3199 4423 sacramento
3226 4368 3575 4423 Eucltarislia:
3602 4366 3768 4439 divina

509 4439 654 4500 titius
679 4442 920 4513 ejusdem
944 4440 1205 4513 consutis,
1229 4454 1317 4513 qui
1352 4443 1522 4508 patris
1541 4439 1846 4513 exemplum
1879 4446 2100 4513 secutus

506 4526 613 4572 est.
642 4506 727 4571 De
742 4524 971 4582 utroque
989 4511 1235 4565 Valerius
1252 4506 1515 4564 Manutius
1541 4512 1659 4565 loco
1685 4510 1883 4582 citato:
1914 4506 2098 4575 Itaque

509 4587 741 4659 dignosci
786 4580 1012 4659 arduum
1049 4590 1164 4659 est,
1212 4594 1388 4635 utrum
1432 4582 1671 4659 Romana
1701 4580 1877 4659 ciuitas
1918 4583 2098 4659 utilius

509 4652 743 4713 [tabuerit
791 4656 972 4709 Decios
1026 4654 1226 4718 duces,
1275 4670 1341 4707 an
1390 4654 1637 4705 amiserit.
1692 4652 1947 4717 Quoniam
1998 4653 2102 4706 vita

508 4747 687 4785 eorum
733 4744 799 4783 ne
825 4728 1110 4781 vinceretur
1156 4727 1384 4791 obstitit,
1436 4739 1576 4777 mors
1622 4724 1741 4792 fecit
1780 4733 1833 4775 ut
1861 4724 2098 4777 vinceret.

511 4802 659 4858 Decii
691 4811 870 4856 tamen
904 4807 1015 4852 tres
1044 4796 1291 4861 fuerunt,
1330 4804 1507 4864 pater,
1540 4796 1676 4848 titius
1708 4803 1763 4848 et
1794 4810 1961 4861 nepos
2015 4797 2100 4850 (li—

510 4891 638 4929 cero
665 4890 683 4928 ι
709 4871 1007 4927 Tusculan.
1038 4885 1053 4923 :
1109 4866 1251 4922 Nam
1285 4883 1402 4920 cum
1438 4865 1638 4920 Latinis
1668 4865 1933 4920 decertans
1959 4880 2104 4938 pater

509 4945 724 5012 Decius,
746 4959 861 4996 cum
887 4938 1162 5012 Hetruscis
1182 4940 1345 5008 ﬁlius,
1373 4940 1528 4993 etiam
1550 4955 1662 5012 cum
1693 4938 1896 5012 l’yi'rlto
1920 4956 2097 5005 nepos,

510 5036 564 5073 se
606 5009 833 5071 hostium
873 5013 985 5067 telis
1025 5011 1359 5085 objecissent,
1402 5021 1510 5063 etc.
1543 5011 1719 5064 MART.
1749 5009 2099 5085 —_—_Nntatutn

509 5098 567 5145 et
589 5090 896 5142 lllartianzeo
926 5080 1102 5138 Deciis
1125 5081 1227 5136 hoc
1258 5086 1420 5136 tuisse
1450 5095 1749 5151 cognomen
1777 5080 1976 5147 Mures,
2007 5099 2101 5138 ve-

512 5172 763 5229 teresque
802 5160 944 5229 adeo
967 5170 1193 5224 peccare
1221 5155 1505 5219 editiones,
1539 5169 1660 5222 qua:
1688 5154 1978 5229 separatim
2015 5156 2095 5210 le-

509 5242 653 5306 gunt
675 5225 885 5294 Mures,
931 5227 1186 5295 interque
1213 5243 1305 5281 eas
1330 5225 1875 5306 Inutnet'az.t_cladels,
1904 5242 2101 5306 quas‘e

511 5297 687 5361 Deciis
725 5318 820 5357 sua
860 5314 1004 5355 unus
1047 5298 1372 5367 represseiit
1403 5308 1595 5353 morte.
1639 5297 1748 5351 Nos
1778 5297 1843 5367 ad
1882 5300 2099 5352 Verissi-

509 5392 655 5434 mam
682 5374 963 5429 lectionem
984 5366 1329 5425 tis-serendum
1357 5370 1603 5439 quaedam
1626 5366 1965 5422 laudabimus
1991 5372 2103 5425 An-

512 5452 783 5521 tiquorum
815 5443 1142 5521 testimonia.
1172 5441 1364 5521 Cicero
1396 5441 1694 5510 Philippica
1725 5454 1821 5521 χιιι
1843 5456 1956 5521 ,“n.
1992 5444 2058 5521 l§
2084 5458 2100 5500 :

509 5512 605 5579 Εᾶι
638 5521 791 5573 etiam
818 5517 884 5569 ibi
917 5516 1107 5569 Decius
1137 5515 1199 5566 ab
1224 5513 1334 5567 illis
1358 5554 1373 5578 ,
1403 5524 1457 5565 ut
1489 5528 1693 5583 Optthl',
1737 5512 1967 5583 {furibus
2000 5513 2102 5568 De-

509 5596 624 5660 ciis,
655 5603 761 5647 etc.
790 5590 983 5645 Letius
1016 5588 1113 5660 Ιιιιζ
1146 5600 1272 5660 vt_tt:
1303 5580 1549 5660 Creticere
1578 5580 1806 5660 coss.mT.
1842 5581 2098 5660 Manlium

514 5654 830 5736 Torquatum
869 5656 1142 5736 ιιιηιει-Ρ.
1187 5656 1402 5736 Decium
1428 5654 1674 5736 Murem;
1706 5654 1857 5736 'l‘ttut.
1881 5658 2048 5736 lib.__x
2076 5674 2090 5710 :

506 5725 654 5794 Coss'.
695 5738 813 5787 novi
855 5733 918 5799 Ω.
960 5729 1160 5785 Fabius
1192 5729 1457 5799 Maximus
1499 5743 1582 5793 nt,
1630 5725 1699 5782 P.
1734 5726 2094 5799 DeciusMus.

504 5811 733 5867 Demum
761 5797 1051 5859 Frontinus
1081 5803 1149 5857 de
1171 5798 1596 5872 Aquaeductibus
1621 5816 1635 5855 :
1675 5800 1847 5872 Appia
1872 5797 1950 5853 Μ.
1994 5799 2099 5854 Va-

502 5881 632 5949 lerio
650 5876 910 5951 ﬂexisse,
937 5872 1007 5933 P.
1025 5872 1185 5934 Decio
1206 5872 1362 5934 lure
1385 5888 1521 5934 coss.
1542 5887 1680 5931 anno
1706 5885 1819 5944 xxi,
1845 5879 1960 5951 post
1982 5872 2092 5932 ini.

2209 4436 2793 4494 virtute'co::st:ct':ttttr
2817 4456 2832 4506 ;
2860 4440 3160 4507 spiritttalis
3199 4450 3253 4494 et
3295 4440 3585 4494 invisibilis
3607 4436 3774 4507 existit

2209 4513 2260 4565 in
2308 4527 2402 4576 eo;
2448 4529 2509 4565 :tc
2553 4512 2784 4580 denique
2816 4506 3165 4567 invisibiliter
3209 4522 3264 4565 et
3311 4511 3651 4580 spiritualiter
3678 4506 3770 4562 sub

2207 4584 2389 4653 specie
2408 4583 2602 4637 visibili
2626 4583 2854 4637 sumitur
2869 4594 2918 4637 et
2947 4582 3325 4637 manducatur.
3343 4586 3591 4651 Quamvis
3609 4594 3768 4634 autem

2133 4630 2184 4690 Β
2212 4630 2292 4708 his
2317 4655 2572 4708 omnibus
2596 4656 2771 4708 modis
2793 4659 2861 4707 sit
2880 4653 3060 4707 divina
3089 4671 3216 4708 caro
3235 4663 3292 4708 et
3312 4630 3623 4722 siiiritualis:
3656 4664 3767 4705 vera

2211 4736 2388 4780 tamen
2443 4741 2507 4781 ac
2573 4726 2946 4780 substantialis
2996 4740 3071 4780 est
3130 4726 3274 4794 insta
3331 4729 3763 4794 ('mttpat‘atinttt'tn

2207 4813 2369 4864 quam
2408 4810 2813 4867 consequenter.
2836 4797 3065 4853 instituit
3114 4791 3254 4852 idem
3290 4791 3639 4868 Hieronymus
3662 4837 3674 4859 ,
3700 4791 3765 4847 de

2208 4869 2526 4925 diversitate
2554 4871 2832 4939 sanguinis
2856 4883 2909 4925 et
2936 4870 3120 4925 carnis
3141 4869 3194 4923 in
3224 4871 3446 4925 nomine
3462 4870 3761 4939 Christiano.

2207 4940 2385 4994 MART.
2414 4972 2486 4982 —
2512 4937 2688 5010 Atque
2733 4941 2835 4995 hoc
2868 4958 3055 4996 rttrsus
3084 4954 3327 4994 notatum
3359 4952 3482 4997 ante
3512 4955 3602 4995 nos
3643 4937 3765 5010 ligar-

2176 5013 2443 5077 .tian:L-o,
2483 5006 2816 5082 spiritualcm
2870 5016 2964 5067 abs
3006 5012 3342 5083 Hieronymo
3385 5027 3595 5068 carnem
3641 5006 3757 5073 dici,

2205 5083 2349 5152 quvd
2392 5083 2445 5137 in
2488 5084 2842 5139 Euchariston
2885 5092 3228 5139 sacramento
3270 5083 3591 5154 spiritualis,
3622 5091 3760 5147 atque

2202 5155 2491 5210 invisibilis
2515 5165 2603 5217 sit,
2633 5156 2814 5212 divina
2843 5169 3020 5211 tamen
3049 5165 3101 5209 et
3143 5171 3274 5210 veta
3302 5171 3449 5226 caro,
3485 5167 3540 5211 ut
3571 5171 3629 5209 cx
3658 5156 3759 5221 ipso

2200 5240 2460 5285 contextu
2494 5228 2676 5295 liquet.

2274 5299 2302 5338 ι’
2327 5299 2505 5370 Αὐιμιυ
2539 5290 2673 5370 boue
2706 5316 2843 5354 unus
2876 5299 3260 5357 Cistcrciensis
3284 5316 3412 5369 ms.,
3442 5308 3490 5356 et
3513 5313 3617 5370 qua:
3639 5290 3755 5350 mili-
3791 5293 3799 5301 ’

2203 5374 2269 5427 tis
2297 5372 2486 5441 effossa
2513 5380 2586 5426 est
2614 5369 2812 5427 lancea.

2280 5455 2301 5484 ο
2333 5444 2575 5500 Nutanda
2609 5443 2765 5497 It‘Cliu
2796 5442 3003 5499 codicis
3028 5443 3426 5511 Cistercieusis,
3459 5458 3635 5517 parva.
3675 5449 3755 5508 pro

2203 5533 2399 5571 vacua:
2434 5532 2555 5570 nam
2595 5524 2649 5570 et
2678 5516 2882 5571 scimus
2916 5520 3209 5572 vetustiora
3237 5518 3441 5572 Latinae
3462 5516 3755 5581 interpreta-

2205 5590 2365 5641 tionis
2395 5587 2731 5654 exemplaria
2764 5589 3067 5656 praztulisse
3097 5589 3225 5643 olim
3257 5630 3270 5649 .
3326 5605 3509 5657 parca,
3560 5600 3621 5641 ex
3663 5593 3752 5652 quo

2203 5659 2605 5735 ambrosiaster
2628 5703 2643 5725 ,
2686 5677 2919 5735 paupera
2945 5704 2958 5728 ,
3007 5658 3463 5735 legissedicitur,
3495 5666 3546 5735 et
3588 5665 3746 5735 patth

2199 5729 2423 5806 Graecus
2450 5748 2668 5804 quoque
2687 5727 2867 5788 'variat
2898 5727 3084 5790 textus
3103 5734 3155 5788 in
3181 5733 3389 5806 aliquot
3414 5727 3638 5798 tibris,in
3659 5727 3755 5801 qui

2200 5804 2299 5861 bus
2326 5811 2412 5861 est
2437 5809 2655 5881 πτωχὴ,
2689 5820 2786 5879 pro
2814 5810 2952 5867 κενὴ.
