3962 6338
223 374 307 443 153

689 376 1345 435 COMMENTARIORUM
1385 375 1452 433 IN
1494 368 1887 432 EPISTOLAM
1930 376 2020 432 AD
2062 375 2403 435 liPllESiOS
2443 373 2575 431 LIB.
2616 376 2661 432 l.
2704 374 2858 432 CAP.
2902 374 2943 431 l.

3364 320 3470 431 tsi

221 504 311 569 dat,
334 498 487 565 pisces
517 494 565 548 in
599 493 876 559 ﬂuctibus,
910 503 932 529 ο
969 510 1065 549 nec
1092 511 1195 548 non
1225 493 1501 547 hominum
1545 507 1762 561 gressus
1796 497 1837 553 Α
1873 508 1976 546 non
2021 493 2102 547 usi
2151 492 2260 547 sint
2312 493 2701 558 translatores,
2732 508 2852 546 cum
2886 490 3196 548 istiusmodi
3228 491 3471 562 licentia,

218 599 512 670 promoveat,
538 600 591 645 et
624 589 824 643 rabiem
853 588 1039 644 incitet
1074 587 1364 643 bestiarum
1387 586 1409 640 ?
1435 585 1539 641 Sed
1570 587 1656 655 qui
1684 585 1768 640 di-

219 689 360 760 ligens
395 683 553 739 lector
594 692 699 748 est,
734 682 914 737 statim
957 681 1115 736 nobis
1148 681 1275 735 illutl
1308 689 1577 750 Oppttttt‘li
1614 678 1670 734 Si
1701 694 1763 732 (εχ

216 792 345 856 parte
382 780 650 852 cognoscit
702 777 899 832 Paulus
924 822 938 846 ,
983 789 1038 833 et
1087 794 1150 833 ex
1185 791 1340 847 parte
1371 774 1677 845 prophetat,
1713 782 1768 826 et

218 889 337 932 nunc
361 868 497 928 videt
523 887 618 942 per
645 871 930 942 speculum
974 871 1027 925 iu
1068 871 1356 941 a-nigmatc
1388 868 1430 936 (Ι
1461 865 1582 921 Cor.
1623 863 1762 937 xui),

213 968 444 1043 quomodo
467 966 551 1022 vel
578 964 809 1036 ipsi,vel
835 964 1111 1035 Ephesiis,
1141 964 1192 1018 iu
1223 962 1371 1018 omni
1394 959 1657 1031 sapientia
1685 969 1767 1013 at-

215 1080 299 1135 que
346 1060 614 1134 prudentia
662 1059 750 1115 Dei
801 1057 1125 1131 mysterium
1160 1057 1457 1111 revelatum
1493 1053 1623 1110 est?
1654 1052 1767 1108 Hac

213 1159 365 1231 itaque
406 1156 729 1213 necessitate
756 1152 1138 1224 compellimur
1166 1164 1378 1206 mutare
1413 1148 1656 1203 ordinem
1685 1146 1761 1202 lc-

213 1251 462 1317 etionis,et
490 1247 669 1304 facere
691 1265 706 1303 :
726 1247 1023 1303 Secundum
1051 1247 1297 1319 placitum
1327 1242 1606 1297 voluntatis
1634 1249 1762 1302 mw.

210 1347 253 1400 in
271 1342 455 1398 laudem
479 1343 659 1413 gloria!
684 1342 869 1413 gratia!
894 1352 1015 1406 tum,
1045 1339 1096 1392 in
1125 1354 1227 1409 qua
1258 1335 1564 1409 grati/ienuit
1594 1349 1686 1387 nos
1713 1333 1765 1387 in

211 1440 406 1505 dilecto;
432 1437 483 1490 in
516 1452 618 1496 quo
647 1434 890 1489 habemus
916 1432 1318 1501 rrdrmptionem
1348 1446 1439 1499 per
1464 1428 1767 1500 sanguinein

209 1533 361 1606 ipsius,
377 1530 722 1585 remissionem
745 1537 1096 1598 peccatorum,
1113 1524 1394 1579 secundum
1415 1522 1621 1577 diuitias
1647 1539 1739 1593 gra
1755 1551 1766 1560 -

210 1623 279 1676 tia
301 1624 419 1696 ejus,
446 1637 548 1693 qua
593 1617 878 1674 abundabit
907 1619 960 1671 in
1003 1616 1148 1670 nobis
1174 1616 1226 1669 in
1258 1616 1397 1669 omni
1438 1613 1691 1686 sapientia
1720 1619 1765 1665 et

209 1713 451 1785 prudentia
471 1755 485 1780 ,
520 1721 578 1768 ut
606 1728 727 1767 cunt
762 1711 1039 1779 hucusque
1069 1708 1501 1770 distinxerimus,
1531 1721 1637 1777 quo
1664 1705 1765 1759 sci-

210 1808 340 1875 licet,
368 1806 503 1861 omni
526 1806 785 1879 sapientia
817 1813 863 1858 et
889 1801 1161 1875 prudentia
1182 1843 1195 1865 ,
1230 1799 1296 1855 ad
1330 1800 1612 1869 superiora
1638 1798 1765 1867 jun-

207 1908 405 1972 gantur,
451 1897 710 1968 deinceps
760 1895 1105 1952 inferamus:

207 1995 469 2066 mysterium
502 1991 783 2048 voluntatis
830 2006 937 2045 sua:
965 1988 1246 2044 sectmdum
1291 1987 1544 2057 placitum
1591 2001 1764 2039 suum.

204 2088 364 2145 Potest
405 2096 584 2143 autem
639 2096 692 2140 et
738 2083 839 2140 hac
885 2094 1138 2138 "tunetth
1167 2080 1478 2145 sententia,
1525 2077 1766 2150 quodex

201 2195 331 2254 parte
357 2181 595 2247 videant,
626 2190 682 2235 et
703 2195 769 2235 ex
801 2186 955 2250 parte
990 2173 1337 2247 praplietent,
1371 2189 1513 2228 nunc
1536 2171 1589 2227 iu
1619 2171 1767 2227 oumi

200 2274 431 2346 sapientia
461 2282 514 2328 et
540 2271 861 2344 prudentia,
891 2269 997 2325 dici
1051 2267 1353 2324 revelatum
1384 2266 1463 2321 eis
1498 2279 1620 2321 esse
1653 2279 1768 2336 my-

199 2366 411 2423 sterium.
435 2366 551 2422 Non
579 2382 690 2437 quo
720 2364 902 2436 ipsi‘in
934 2364 1083 2419 omni
1107 2362 1375 2433 sapientia
1398 2372 1449 2416 et
1481 2358 1765 2433 prudentia

199 2458 484 2532 mysterium
525 2457 863 2525 didicerint,
899 2456 996 2512 sed
1045 2455 1187 2511 Deus
1234 2455 1286 2509 in
1320 2453 1467 2509 omni
1500 2450 1765 2522 sapientia

196 2571 276 2612 sua
303 2567 456 2628 atque
487 2554 803 2627 prudentia,
831 2554 983 2625 juxta
1018 2552 1160 2623 quod
1196 2551 1458 2621 consequi
1495 2558 1764 2620 potrrant,

196 2651 262 2707 eis
284 2652 590 2723 mysterium
623 2648 970 2707 revelaverit.

253 2743 403 2817 556
432 2742 740 2797 Secundum
768 2740 1019 2815 placitum
1051 2754 1198 2793 suum
1235 2737 1374 2809 quod
1417 2733 1686 2805 proposuit
1714 2732 1769 2787 in

196 2854 243 2892 eo
276 2839 323 2891 in
349 2836 736 2911 dispensatione
773 2832 1113 2908 plenitudinis
1143 2841 1448 2902 temporum.
1482 2827 1654 2897 Supra
1689 2827 1768 2879 di-

193 2941 356 2997 Iterat,
396 2932 688 2987 secundum
728 2928 974 3001 placitum
1006 2925 1283 2980 voluntatis
1308 2938 1445 2990 sum;
1484 2939 1645 2987 nunc,
1689 2936 1770 2974 se-

194 3027 389 3082 cundum
442 3028 702 3095 placitum
745 3039 901 3079 suum
931 3068 944 3092 ,
995 3019 1276 3077 voluntate
1302 3016 1330 3056 δ
1371 3018 1636 3073 detracta.
1691 3013 1765 3069 lbi

193 3123 509 3198 πρωρισμὸν,
548 3117 604 3174 id
651 3127 763 3182 est,
818 3112 1325 3189 prwdestinationem
1352 3110 1404 3165 in
1437 3109 1769 3177 adoptionem

193 3212 392 3282 ﬁliarum
416 3230 507 3287 per
531 3210 723 3267 Iesum
752 3207 1017 3266 Christum
1048 3206 1269 3278 posuit:
1297 3201 1385 3258 hic
1416 3218 1546 3258 vero
1584 3201 1771 3275 πρόθε-

1871 585 2153 641 dialectica
2181 597 2237 642 et
2276 585 2621 655 pbilompbia
2664 585 2802 639 sicut
2842 583 2895 638 in
2945 582 3137 640 Grarco
3181 584 3472 652 habentur,

1870 689 2159 749 assumptm
2186 678 2315 733 sint.
2347 678 2477 733 Nam
2507 688 2562 734 et
2584 690 2835 733 oratores
2866 678 2918 733 in
2953 677 3209 748 epilogis,
3234 678 3317 733 vel
3347 688 3476 735 ante

1872 770 1981 845 [ΑΙ.
2017 770 2193 846 intcrl
2225 774 2470 846 epilogos
2495 816 2510 842 ,
2545 774 2597 827 in
2627 772 2733 828 line
2763 788 3053 827 causarum
3095 783 3322 846 propter
3365 787 3479 829 mc-

1872 866 2352 938 moriamjudicum
2365 876 2617 922 eteorum
2640 866 2734 937 qui
2754 866 2979 922 audiere
3002 867 3239 937 negotia,
3263 876 3286 905 ¢
3302 882 3475 920 recor-

1873 960 2154 1029 dationem,
2175 959 2229 1015 id
2248 970 2349 1026 est,
2369 961 2799 1036 ἀνακεφαλαίωσιν
2825 954 3004 1017 solent
3033 959 3241 1025 facere,
3271 971 3330 1015 ut
3350 975 3473 1032 qmc

1871 1052 2025 1125 prius
2054 1054 2214 1108 latius
2236 1053 2596 1124 disputarant,
2631 1054 2783 1108 brevi
2815 1064 3001 1124 postea
3045 1068 3297 1110 sermone
3323 1068 3475 1109 com-

1874 1145 2234 1217 prehendant,
2256 1157 2309 1200 et
2336 1148 2705 1217 unusquisque
2731 1148 3007 1203 recordari
3035 1164 3223 1202 eorum
3249 1146 3478 1216 incipiat

1872 1254 1993 1309 qua:
2020 1237 2244 1292 audivit.
2270 1237 2483 1293 Sensus
2506 1238 2690 1308 itaque
2722 1237 2774 1292 in
2801 1239 3053 1308 przesenti
3077 1240 3197 1294 loco
3224 1238 3325 1295 iste
3350 1249 3470 1295 est:

1871 1331 2061 1387 Omnis
2090 1333 2429 1411 dispensatio
2455 1348 2577 1404 quae
2618 1343 2673 1388 et
2699 1346 2825 1389 ante
2856 1334 3153 1403 mundum,
3199 1344 3256 1390 et
3285 1342 3474 1405 postca

1874 1440 1996 1479 esse
2026 1428 2191 1497 coepit
2224 1426 2275 1481 in
2307 1427 2529 1493 munda,
2566 1437 2673 1481 tam
2717 1428 3070 1483 invisibilium
3101 1446 3260 1500 quam
3290 1429 3477 1485 visibi-

1877 1519 2008 1572 lium
2038 1530 2440 1585 creaturarum,
2473 1518 2766 1575 adventum
2794 1519 2890 1574 Dei
2914 1519 3074 1592 557
3108 1520 3227 1576 Filii
3255 1521 3477 1591 pollice-

1877 1610 2052 1666 batur.
2081 1609 2234 1680 Quod
2268 1610 2440 1666 Adam
2471 1612 2563 1683 qui
2605 1610 2674 1667 de
2716 1614 2969 1682 paradiso
3004 1616 3211 1682 ejectus
3237 1624 3341 1676 est,
3376 1628 3477 1682 per

1876 1706 2212 1764 Salvatorem
2243 1709 2582 1763 revocandus
2604 1718 2722 1763 erat
2750 1707 2959 1781 (Cenes.
2994 1706 3095 1782 ιιι).
3123 1707 3279 1779 Quod
3305 1709 3357 1765 iu
3393 1710 3475 1764 la-

1879 1799 2181 1857 bricatione
2209 1801 2409 1869 turris,
2438 1800 2744 1872 linguarum
2772 1804 2950 1858 unitas
2996 1802 3169 1858 sciSsa
3205 1811 3290 1859 est
3317 1800 3473 1876 (Gen.

1152 1902 1330 1947 notum
1381 1892 1581 1964 faciens
1626 1888 1769 1943 nobis
1806 1900 1848 1962 Β
1879 1893 1989 1968 ιιι),
2026 1898 2080 1949 in
2110 1894 2337 1950 Actibus
2377 1897 2751 1964 apostolorum
2796 1897 3155 1967 portendebat
3202 1896 3344 1951 dona
3375 1895 3477 1951 lin-

1870 2006 2101 2062 guarum
2137 1990 2337 2062 (Actor.
2366 1989 2448 2063 ιι).
2478 1991 2631 2059 Quod
2672 1991 2822 2047 Isaac
2850 1993 2902 2047 in
2937 2001 3063 2064 typo
3089 1991 3323 2055 Domini,
3351 2007 3497 2057 cru«_

1871 2098 1989 2139 cent
2022 2099 2176 2139 suam
2220 2083 2337 2153 ipse
2391 2083 2627 2154 portavit
2676 2083 2885 2156 (Cenes.
2921 2090 3024 2156 ιιι).
3056 2085 3210 2153 Quod
3241 2086 3474 2142 Samson

1871 2186 2114 2230 sanctam
2155 2192 2370 2233 comam
2422 2177 2706 2245 nutriens,
2758 2176 2945 2232 Dalila:
2984 2180 3245 2250 pauperis
3288 2179 3485 2235 dilexit

1870 2269 2186 2338 amplexus,
2218 2280 2272 2325 et
2301 2270 2484 2325 omnia
2516 2271 2697 2326 cordis
2726 2270 2811 2327 sui
2838 2280 3050 2327 secreta
3076 2272 3360 2329 confessus
3393 2280 3481 2328 est

1872 2358 2073 2429 (Judic.
2102 2363 2235 2433 xvi),
2267 2361 2566 2418 Salvatoris
2597 2376 2648 2418 et
2681 2364 2936 2420 Ecclesiae
2964 2380 3030 2421 ex
3053 2365 3322 2421 Gentibus
3343 2380 3477 2422 vere

1874 2456 2130 2526 pauperis
2149 2469 2199 2510 et
2227 2471 2411 2526 egena:
2431 2457 2753 2529 mysterium
2781 2456 3121 2529 signiﬁcabat
3139 2457 3317 2531 (Joan.
3335 2461 3477 2529 ius).

1873 2547 1929 2603 lu
1959 2564 2126 2604 cruce
2172 2550 2353 2619 itaque
2387 2548 2625 2617 Domini,
2659 2560 2714 2605 et
2754 2550 2807 2604 in
2839 2551 3091 2622 passione
3121 2553 3240 2622 ejus
3269 2549 3480 2621 recapi-

1873 2644 2038 2698 tulata
2069 2652 2195 2697 sunt
2220 2643 2398 2698 omnia
2420 2686 2436 2712 ,
2468 2644 2518 2699 id
2555 2655 2671 2711 est,
2705 2645 2960 2702 universa
3003 2646 3059 2701 in
3093 2647 3195 2702 bac
3227 2648 3479 2720 ἀνακεφαο

1869 2736 2083 2793 λαιὼσει
2124 2747 2434 2809 supputata.
2464 2738 2617 2806 Quod
2661 2749 2720 2795 ut
2751 2739 3093 2796 manifestius
3136 2742 3251 2809 liat,
3293 2740 3479 2812 quoti-

1872 2830 2047 2886 diana:
2089 2831 2504 2887 consuetudinis
2554 2834 2772 2904 aliquod
2828 2850 3091 2904 pOnamus
3140 2834 3473 2904 exernplnm.

1873 2923 2041 2980 Verbi
2070 2942 2262 2980 causa:
2299 2924 2500 2996 Viginti
2532 2926 2789 2982 denarios
2811 2929 3050 2999 erogavi,
3082 2945 3296 2984 rursum
3321 2928 3480 2999 quin-

1872 3035 1998 3092 que,
2019 3029 2075 3075 et
2094 3021 2232 3076 alios
2251 3020 2597 3089 quindecim;
2628 3023 2848 3094 triginta
2864 3038 3081 3095 quoque
3097 3034 3147 3079 et
3175 3035 3255 3079 ter
3271 3022 3480 3091 decies,

1875 3130 1970 3184 per
2000 3115 2212 3170 diversa
2256 3126 2500 3187 tempora
2533 3116 2682 3171 dedi.
2716 3117 2844 3172 llzec
2873 3118 2918 3172 si
2970 3117 3021 3171 in
3056 3134 3218 3172 unum
3252 3117 3478 3172 voluero

1872 3217 2195 3280 supputare,
2227 3209 2532 3264 centenarii
2572 3209 2700 3265 mibi
2733 3211 2948 3266 numeri
2984 3226 3195 3266 summa
3251 3226 3476 3267 succre-

192 3327 291 3373 tm,
328 3306 376 3362 id
413 3315 537 3374 est,
573 3304 1006 3377 prapositionem.
1039 3301 1183 3355 Inter
1227 3294 1764 3370 praedestinationem
1793 3297 1840 3361 Ο
1870 3301 1994 3366 scit,
2032 3311 2085 3355 et
2116 3302 2166 3355 in
2202 3317 2309 3355 uno
2350 3318 2579 3358 numero
2611 3301 2824 3359 habebo
2846 3305 3025 3360 omnia
3051 3320 3175 3377 quae
3224 3316 3349 3360 ante
3386 3304 3484 3359 dc-

194 3410 371 3464 autem,
399 3409 454 3455 et
486 3396 860 3470 propositum,
888 3395 938 3449 ni
962 3394 1052 3466 qui
1082 3392 1262 3447 solent
1292 3393 1433 3445 iutcr
1464 3387 1629 3443 verba
1658 3387 1771 3441 dis-

190 3500 383 3560 cutere,
416 3488 520 3547 hoc
549 3498 810 3546 asserunt
853 3486 1151 3548 interesse,
1184 3486 1327 3554 quod
1365 3479 1770 3552 pra-destinatio

192 3581 392 3654 alicujus
432 3587 511 3641 rei
554 3580 737 3639 multo
783 3592 911 3637 ante
954 3580 1006 3635 in
1040 3589 1221 3634 mente
1251 3578 1369 3646 ejus
1411 3574 1500 3647 qui
1531 3574 1770 3630 destinet

189 3678 297 3747 quid
326 3678 565 3735 futurum
610 3678 721 3745 sit,
774 3676 1132 3747 prmﬁgurct:
1175 3670 1517 3740 PrOposittnn
1563 3677 1764 3735 autem,

191 3781 293 3824 cum
308 3769 416 3838 jam
436 3770 622 3827 vicina
654 3769 725 3824 sit
749 3767 1107 3835 machinatio,
1138 3775 1193 3821 et
1221 3780 1357 3835 pene
1384 3762 1769 3835 cogitationem

188 3875 417 3935 sequatur
441 3864 699 3922 ell’ectus.
727 3862 885 3932 Quod
914 3879 1045 3918 vero
1071 3862 1169 3926 ait,
1206 3859 1471 3932 proposuit
1501 3859 1554 3912 in
1586 3874 1666 3923 eo,
1702 3855 1770 3911 ad

189 3960 477 4030 mySIerium
525 3957 880 4017 referendum
928 3966 1052 4013 est:
1108 3953 1373 4027 siquidem
1416 3967 1583 4024 supra
1617 3951 1773 4006 dixe-

189 4064 293 4109 rat:
316 4067 366 4109 ut
396 4064 587 4111 notum
613 4055 805 4127 faceret
835 4052 983 4107 nobis
1011 4051 1313 4122 mysterium
1338 4044 1619 4102 voluntatis
1644 4061 1768 4114 sure,

188 4148 309 4216 quod
346 4152 675 4223 mysterium
704 4145 1037 4220 dispensatio
1068 4156 1148 4200 est
1182 4140 1533 4214 plenitudinis
1563 4151 1774 4212 tempa-

188 4254 311 4311 rum,
329 4255 379 4295 ut
395 4253 606 4296 Slalttlt)
626 4251 874 4309 tempore
891 4237 1071 4292 tnuuia
1085 4233 1772 4306 compleantur.Quonmdo

186 4334 310 4388 enim
334 4336 511 4393 haeres
540 4336 804 4407 quamdiu
833 4333 1092 4405 parvulus
1124 4344 1232 4397 cst,
1264 4329 1394 4385 licet
1426 4331 1598 4399 ipsius
1630 4329 1771 4384 bona

186 4425 296 4495 sint,
320 4438 494 4484 tamen
528 4425 768 4483 necdum
799 4426 849 4481 ei
877 4424 1106 4481 debetur
1125 4422 1417 4478 hzereditas
1444 4420 1645 4492 (Galat.
1669 4420 1769 4490 tv):

189 4514 249 4571 ita
279 4524 328 4574 et
368 4520 698 4592 mysterium
729 4515 873 4590 quod
903 4514 1347 4587 praedestinatum
1392 4514 1568 4568 fuerat
1597 4528 1626 4568 a
1660 4513 1772 4568 De»

188 4608 232 4665 in
258 4611 601 4683 adoptionem
635 4611 872 4668 ﬁliorum
901 4610 1042 4682 ejus,
1069 4620 1195 4665 ante
1225 4624 1333 4664 non
1361 4609 1535 4679 potuit
1554 4608 1773 4679 diSpen-

1872 3392 2089 3463 scripsi.
2135 3392 2227 3449 Sic
2263 3395 2442 3464 itaquc
2490 3396 2747 3451 universa
2775 3397 3038 3469 mysteria
3068 3408 3122 3453 et
3154 3398 3331 3453 omnis
3363 3398 3477 3452 dis-

1874 3486 2121 3555 pensatio
2171 3489 2459 3544 vetustatis
2509 3505 2618 3544 non
2671 3490 2851 3546 solum
2882 3507 3005 3562 qua:
3048 3491 3103 3547 in
3152 3492 3350 3559 terris,
3384 3492 3479 3549 scd

1872 3577 2035 3633 etiam
2084 3594 2206 3649 quae
2257 3581 2309 3634 in
2360 3579 2518 3638 ctelis
2546 3589 2700 3653 gesta
2748 3590 2866 3651 est,
2910 3584 2964 3639 in
2992 3582 3196 3640 Christi
3226 3586 3482 3656 passione

1872 3671 2195 3742 completur.
2243 3673 2377 3729 Cum
2410 3675 2559 3731 enim
2606 3678 2776 3734 semel
2815 3679 2944 3734 mibi
2996 3677 3245 3737 Christus
3285 3697 3481 3752 passus

1874 3763 2057 3831 fuerit,
2081 3774 2137 3820 et
2168 3767 2436 3837 sepultus,
2462 3778 2512 3823 et
2542 3770 2867 3837 resurrexit,
2898 3782 2948 3827 et
2972 3771 3040 3827 ad
3062 3772 3282 3830 Patrem
3307 3775 3483 3829 victor

1872 3856 2185 3912 ascenderit
2214 3874 2227 3913 :
2265 3876 2371 3915 non
2419 3877 2645 3918 necesse
2677 3864 2846 3920 habeo
2878 3876 3119 3921 veterem
3154 3881 3436 3923 numerum
3461 3910 3478 3935 ,

1872 3952 1995 4020 quia
2031 3951 2082 4005 in
2113 3967 2225 4006 uno
2250 3953 2433 4010 omnia
2463 3965 2645 4011 teneo.
2684 3956 2980 4029 Diligenter
3005 3960 3298 4025 attendite,
3330 3959 3477 4030 quod

1874 4059 1982 4101 non
2031 4045 2208 4100 solum
2253 4062 2443 4102 omnes
2490 4049 2743 4105 historia:
2789 4052 3222 4122 Scripturarum,
3254 4069 3389 4125 quas
3420 4054 3478 4110 ιιι

1876 4148 2018 4193 terra
2061 4148 2245 4211 gestas
2290 4140 2531 4212 Spiritus
2561 4153 2783 4200 sanctus
2827 4157 3150 4202 enumerat:
3184 4149 3280 4204 sed
3311 4149 3476 4205 ctiam

1874 4232 1926 4286 in
1969 4233 2292 4289 caelestibus
2340 4250 2464 4307 qua:
2525 4235 2681 4292 nobis
2731 4239 2929 4295 oculta:
2970 4250 3129 4306 sunt,
3168 4241 3219 4296 in
3276 4240 3483 4299 Christi

1874 4328 2229 4396 rempitulata
2259 4330 2513 4400 passione
2545 4339 2851 4387 teneantur.

1947 4421 2132 4493 (Vcrs.
2164 4424 2280 4495 ιι.)
2307 4422 2374 4479 1η
2395 4442 2498 4497 quo
2524 4434 2572 4482 et
2600 4437 2740 4482 sorte
2768 4429 2938 4483 vocati
2956 4446 3172 4487 sumus:
3201 4433 3480 4503 prwdrsti-

1873 4516 1984 4569 nati
2010 4516 2295 4571 secundum
2347 4521 2671 4591 propositum
2701 4523 2814 4593 ejus
2839 4523 2928 4595 qui
2955 4524 3201 4579 universa
3229 4538 3479 4600 Operatur

1872 4611 2155 4664 secundant
2181 4612 2453 4666 consilium
2484 4614 2766 4669 voluntatis
2810 4632 2938 4672 suae.
2967 4616 3212 4675 Verbum
3244 4620 3481 4680 hmrudi~

187 4705 296 4771 sari,
321 4709 419 4762 nisi
446 4723 551 4763 suo
578 4705 795 4762 Veniret
816 4717 1079 4777 tempore.
1109 4704 1184 4759 De
1207 4718 1313 4773 quo
1343 4711 1399 4758 et
1427 4703 1554 4757 alibi
1587 4718 1770 4756 num:-
1794 4694 1847 4756 D
1875 4702 1999 4757 tatis
2031 4713 2084 4757 et
2110 4704 2301 4772 sortis,
2336 4721 2433 4773 per
2466 4719 2599 4775 quas
2629 4706 2683 4760 in
2729 4706 2931 4764 Christi
2956 4720 3169 4781 partem
3197 4717 3470 4783 venimus,

187 4811 239 4851 ro
280 4798 533 4873 singulari
586 4798 791 4855 Paulus
837 4798 911 4850 ait
945 4815 958 4852 :
1020 4793 1088 4850 Ut
1129 4804 1301 4849 autem
1342 4795 1473 4849 venit
1509 4793 1771 4865 plenitudo

186 4894 436 4961 temporis,
470 4894 616 4948 irrisit
647 4890 788 4945 Deus
817 4887 1015 4943 Filium
1036 4905 1189 4942 suum
1220 4886 1507 4960 (Ibid.,1v,
1543 4886 1601 4957 4)
1633 4905 1645 4942 :
1680 4888 1771 4956 qui

185 4995 293 5040 ante
314 4985 497 5043 venire
526 5003 639 5043 non
671 4984 863 5056 potuit,
898 4982 1001 5038 nisi
1033 4982 1348 5056 mysterium
1376 4981 1641 5051 temporis
1674 4982 1776 5035 im-

188 5075 421 5144 pleretur.

244 5168 413 5241 (Vers.
452 5169 571 5245 10.)
610 5168 979 5241 Recapitulare
1020 5170 1192 5223 omnia
1222 5172 1276 5224 in
1307 5166 1543 5231 Christo,
1574 5185 1687 5239 qua:
1714 5169 1770 5223 in

188 5263 338 5325 aclis,
364 5277 411 5319 et
442 5281 562 5334 qua:
600 5264 654 5317 in
690 5275 828 5318 terra
857 5260 976 5335 [AL
1013 5263 1162 5317 addit
1195 5261 1375 5335 sunt],
1408 5262 1461 5315 in
1499 5264 1632 5334 ipso.
1666 5260 1770 5317 Pro

186 5356 509 5427 recapitulare
530 5360 585 5413 in
616 5355 826 5411 Latinis
850 5356 1128 5412 codicibus
1157 5358 1423 5429 scriptum
1447 5364 1552 5424 est,
1576 5357 1773 5412 instau-

184 5447 407 5521 rore[Al.
438 5446 789 5522 restaurare].
816 5448 884 5504 Et
911 5450 1080 5507 miror
1109 5466 1207 5506 cur
1233 5453 1353 5523 ipso
1385 5449 1552 5506 verbo
1578 5449 1772 5508 Graeco

246 5579 269 5608 ⁸
284 5572 587 5647 Perplacuit
612 5574 803 5647 isttnec
823 5581 1132 5630 nostrorum
1151 5575 1312 5633 codd.
1328 5585 1490 5645 atque
1507 5576 1778 5647 imprimis

186 5638 620 5720 Cisterciensium
641 5645 838 5720 lectio,
859 5660 1077 5720 necnon,
1108 5664 1205 5717 pro
1232 5664 1339 5720 quo
1370 5638 1489 5704 erat
1510 5648 1563 5704 in
1585 5638 1778 5720 'vulga-

188 5713 256 5785 tis
271 5724 420 5771 antea
450 5716 618 5772 libris
640 5716 988 5771 incommodo
1017 5713 1205 5785 sensu,
1235 5713 1334 5774 non
1363 5730 1522 5775 necet.

248 5783 274 5823 δ
300 5786 354 5840 lu
381 5804 489 5846 uno
516 5787 895 5853 Cisterciensi,
930 5783 1199 5846 voluntate
1223 5792 1503 5848 destructa.

254 5855 481 5937 ¢_|lalim
506 5857 744 5937 rescribi
776 5873 902 5937 curn
944 5876 1013 5917 ex
1043 5864 1635 5937 orationisproposito,
1663 5873 1777 5923 tum

191 5943 251 5989 ex
275 5926 476 5990 Graecae
504 5931 660 5992 vocis
697 5929 1036 6007 signiﬁcatu,
1068 5926 1567 6010 recapitulatioitem.
1601 5926 1778 5994 Carte-

1874 4795 2118 4851 ostendit
2153 4812 2252 4852 nos
2294 4797 2364 4853 de
2404 4798 2507 4852 alia
2559 4808 2837 4870 potestate
2878 4801 2947 4858 ad
3005 4804 3167 4860 aliam
3221 4812 3484 4864 transmi-

1876 4904 2066 4961 grasse
2096 4909 2109 4945 :
2144 4900 2198 4947 et
2229 4890 2532 4947 secundum
2582 4892 2716 4972 illud
2758 4895 2903 4966 quod
2938 4897 2991 4952 in
3036 4899 3473 4959 Deuteronomio

1875 4986 2139 5053 scriptum
2191 4994 2276 5041 est
2313 5005 2325 5042 :
2363 4986 2587 5054 Quando
2634 4990 2893 5048 dividebat
2938 4993 3239 5052 Altissimus
3279 5011 3476 5070 gentes,

1876 5094 1993 5131 cum
2020 5077 2383 5134 dissetninarct
2406 5080 2549 5151 ﬁlios
2576 5082 2745 5138 Adam
2771 5084 2952 5155 (Deut.
2984 5104 3140 5156 χχιιι,
3164 5089 3248 5161 ὅ),
3271 5092 3339 5147 de
3383 5107 3483 5147 an-

1873 5172 2123 5243 gelorum
2155 5171 2362 5230 ditione
2383 5176 2450 5229 ad
2485 5187 2695 5246 partem
2729 5178 2943 5235 Domini
2975 5197 3101 5238 esse
3161 5186 3480 5243 translates.

1879 5266 1945 5321 Et
1969 5266 2041 5321 illi
2070 5266 2295 5339 quidem
2321 5268 2525 5340 aliena,
2557 5281 2611 5328 et
2642 5272 2746 5328 sibi
2781 5274 2864 5331 vel
2892 5278 3181 5335 commissa
3209 5282 3294 5337 vel
3323 5298 3484 5339 usur-

1878 5371 2003 5431 pata
2028 5371 2347 5420 tenuerunt.
2374 5363 2484 5421 Iste
2517 5382 2649 5424 vero
2673 5370 2883 5441 recepit
2912 5384 3010 5425 sua
3040 5388 3056 5428 :
3092 5383 3149 5429 et
3173 5377 3483 5436 ascendens

1882 5458 1936 5512 in
1970 5459 2141 5514 altum
2169 5461 2443 5533 captivam
2475 5463 3029 5535 duxitcaptivitatem
3051 5468 3173 5541 (Ps.
3199 5473 3394 5549 uvn),
3429 5477 3482 5534 id

1880 5599 2000 5661 rum
2031 5594 2089 5643 et
2114 5586 2344 5661 Latinos
2371 5590 2665 5644 nonnullos
2692 5591 2881 5645 Patres
2907 5591 3107 5661 legisse
3149 5605 3363 5653 constat
3394 5601 3482 5660 hic

1881 5655 2018 5740 loci,
2048 5660 2427 5731 recapitulare,
2476 5661 2616 5729 quod
2670 5655 3006 5790 Hier-aurave
3047 5667 3221 5737 magis
3251 5655 3484 5742 arridet,

1881 5738 2032 5790 juxta
2081 5730 2333 5785 Graecum
2385 5740 2639 5787 textum:
2693 5732 2817 5788 dico
2893 5736 3255 5790 ‘ertullianum
3289 5742 3383 5790 Ιίιι-
3426 5764 3458 5790 ν

1874 5730 2032 5815 juxta
2081 5730 2333 5815 (iunctim
2385 5740 2597 5787 textum
2626 5730 3255 5815 i_dico‘_Tertullianum
3289 5742 3383 5798 lib.
3426 5730 3478 5815 νζ

1880 5808 2070 5931 print?
2092 5800 2445 5931 Marciionent,
2470 5818 2595 5876 cap.
2619 5804 2717 5873 l7;
2740 5814 2799 5862 et
2821 5806 2883 5865 S.
2908 5807 3103 5869 [renati
3126 5800 3482 5890 interpretem

1906 5894 1916 5926 ι
1965 5912 1979 5930 .
2043 5889 2212 5952 ,cap.
2278 5914 2294 5931 .

1906 5889 1979 5930 ιι).
2006 5889 2058 5942 ι,
2086 5889 2212 5942 cap.
2240 5889 2294 5931 ι.
