3962 6338
474 292 583 360 459

1728 293 1786 352 Β.
1828 287 2099 353 EUSEBll
2137 282 2440 352 lllERONY
2450 293 2519 353 Ml

3647 299 3737 359 460

481 411 747 490 mysteria
777 411 887 473 illis
915 410 1129 470 occulta
1173 409 1492 484 aperuerint
1529 424 1545 465 :
1596 409 1778 466 statim
1833 409 2082 480 sequitur
2110 410 2155 473 Α
2186 417 2242 464 et
2299 427 2310 463 :
2366 407 2444 463 Tu
2503 424 2554 463 es
2610 421 2732 479 pars
2778 403 3103 465 htereditatis
3168 418 3297 469 mete
3341 408 3393 471 et
3437 403 3606 465 colicis
3654 414 3737 467 mei

483 518 547 565 ut
595 507 835 565 habeant
888 506 1224 562 illuminatos
1271 504 1461 560 oculos
1514 500 1715 559 cordis.
1768 499 1849 561 Ex
1901 497 2086 557 verbis

486 597 859 672 praesentibus
882 597 1217 670 approbatur
1252 593 1556 651 secundum
1586 591 1877 649 exterioris
1910 606 2084 649 mem-

484 693 582 748 bra
612 688 873 756 hominis,
904 690 1068 745 etiam
1101 687 1381 749 interioris
1406 686 1649 751 hominis
1680 685 1925 743 membra
1955 682 2083 741 dici.

2189 500 2367 571 (Psal.
2397 516 2487 571 xv,
2519 501 2600 573 5).
2636 501 2751 557 Non
2777 515 2908 572 ergo
2935 499 3088 572 parvi
3114 498 3281 556 studii
3310 506 3414 567 est,
3445 510 3504 557 ut
3537 500 3741 558 sciamus

2187 610 2345 668 spem
2375 594 2702 665 Vocationis,
2743 602 2800 653 et
2825 594 3049 653 divitias
3085 593 3277 667 gloria:
3316 591 3636 659 hereditatis
3663 596 3743 652 Dei

2190 689 2244 745 in
2274 690 2478 749 sanctis
2502 705 2518 744 :
2542 704 2607 751 ea
2629 689 2831 765 quippe
2852 687 3159 760 indigemus
3175 686 3245 743 ad
3265 686 3382 747 haec
3398 688 3745 759 cognoscenda

483 785 631 841 Ecce
660 785 807 840 enim
838 780 1129 847 manifeste
1155 780 1341 857 cordis
1368 781 1559 842 oculos
1594 777 1916 853 appellavit,
1951 790 2088 849 quos
2189 781 2413 848 virtute,
2443 797 2551 855 qua
2581 782 2745 847 etiam
2777 781 2831 843 in
2861 778 3002 839 Filio
3028 794 3129 843 suo
3161 780 3305 841 Deus
3342 794 3471 843 usus
3496 787 3581 836 est
3603 783 3750 839 susci-

485 880 696 949 absque
736 891 903 933 sensu
951 884 1008 932 et
1037 884 1221 933 mente
1264 875 1576 947 intelligere
1614 890 1722 939 non
1771 887 2082 944 possumus.
2193 873 2400 937 tando:
2430 888 2591 946 quem
2634 872 2928 933 suscitavit
2972 886 3080 929 non
3112 871 3312 940 semel,
3358 870 3458 937 sed
3500 886 3693 943 semper
3723 890 3749 930 a

487 969 626 1026 Huic
656 980 712 1026 et
741 968 872 1024 illud
920 967 1232 1023 Psalmistae
1260 966 1562 1029 convenit:
1614 967 1872 1027 litamina
1910 967 2089 1025 oculos
2192 966 2446 1039 mortuis,
2507 976 2563 1029 et
2613 965 2746 1025 fecit
2788 979 2916 1027 eum
2944 965 2999 1029 in
3049 964 3284 1031 mortuis
3330 965 3581 1035 liberum,
3630 967 3752 1033 nulla

480 1078 644 1129 meos,
676 1080 741 1117 ne
764 1078 1010 1134 umquam
1033 1061 1355 1121 abdormiam
1375 1064 1431 1117 in
1451 1071 1613 1119 morte
1636 1060 1757 1132 (Ps.
1785 1078 1884 1130 ιιι,
1906 1060 1984 1133 4).
2019 1060 2092 1117 Et
2194 1059 2393 1117 mortis
2438 1060 2768 1131 contagione
2816 1058 3172 1125 maculatum,
3233 1058 3496 1128 Quotidie
3534 1060 3753 1119 Christus

484 1154 616 1210 alibi
655 1173 670 1211 :
705 1154 978 1228 Sapientes
1008 1155 1147 1209 acuti
1178 1156 1235 1210 in
1260 1157 1432 1228 capite
1462 1158 1575 1228 ejus
1617 1155 1843 1228 (Eccles.
1882 1171 1942 1225 ll,
1977 1156 2089 1231 14).
2194 1138 2524 1222 resurgitcx
2549 1150 2781 1213 mortuis
2811 1148 3094 1223 :quotidie
3117 1150 3171 1205 in
3196 1149 3584 1223 pmtIileutibus
3607 1153 3756 1215 suscic

491 1250 551 1306 Si
586 1250 733 1305 enim
767 1249 1093 1321 simpliciter
1124 1250 1317 1306 oculos
1346 1251 1530 1306 carnis
1553 1249 1872 1322 accipimus,
1904 1250 2091 1325 utique
2197 1252 2361 1298 tatur.
2391 1242 2512 1299 Non
2549 1259 2659 1315 quo
2691 1257 2798 1301 non
2839 1242 3095 1305 habuerit
3131 1243 3296 1299 etiam
3329 1243 3620 1305 secundum
3655 1261 3756 1301 car-

482 1360 594 1399 non
632 1343 808 1401 solum
845 1343 1129 1416 sapientis,
1176 1344 1270 1401 sed
1310 1344 1473 1401 etiam
1504 1344 1815 1413 insipientis
1862 1344 2007 1401 oculi
2036 1344 2089 1399 in
2196 1352 2319 1397 nem
2368 1343 2689 1407 potestatem
2735 1334 2933 1397 anima:
2979 1349 3094 1391 sua:
3142 1334 3435 1407 portendat,
3493 1344 3547 1392 et
3587 1337 3757 1393 iterutu

484 1437 665 1508 capite
693 1437 813 1506 ejus
839 1445 987 1491 sunt.
1014 1436 1198 1507 Caput
1228 1436 1416 1510 itaque
1454 1438 1740 1509 sapientis,
1771 1452 1967 1505 sensus
1997 1452 2092 1494 ac-
2196 1430 2545 1488 resumenda:
2568 1430 2688 1500 ejus
2716 1430 2905 1503 (nemo
2932 1430 3134 1509 quippe
3162 1430 3301 1487 tollit
3320 1445 3466 1505 eam,
3491 1431 3587 1486 nisi
3616 1443 3759 1503 ponat

485 1531 687 1602 cipitur
716 1549 727 1584 :
760 1530 887 1602 quia
938 1530 1049 1585 alio
1076 1530 1245 1587 verbo
1277 1546 1456 1594 meus,
1489 1539 1545 1589 et
1589 1532 1828 1601 animus,
1860 1542 1915 1587 et
1945 1531 2092 1602 prin-
2194 1525 2345 1583 illam
2386 1540 2415 1580 ιι
2457 1524 2803 1597 semetipso),
2847 1523 2942 1579 sed
2981 1538 3089 1597 quo
3141 1522 3295 1594 juxta
3324 1523 3759 1597 dispeltsaliollcm

485 1624 663 1695 cipale
693 1622 881 1680 cordis
912 1622 1237 1693 appellatur.
1272 1622 1429 1691 Quod
1458 1638 1591 1680 vero
1613 1624 1710 1693 ait,
1740 1625 1795 1683 in
1823 1624 2092 1698 agnitione
2194 1619 2379 1685 carnis
2416 1626 2474 1677 et
2502 1618 2619 1686 lilii,
2653 1618 2822 1675 homo
2850 1628 2905 1674 et
2933 1617 3101 1675 Filius
3129 1632 3159 1674 a
3205 1617 3319 1676 Deo
3347 1627 3406 1681 et
3430 1619 3587 1683 Patre
3613 1620 3762 1678 susei-

488 1718 626 1790 ejus,
653 1714 707 1770 id
730 1725 836 1780 est,
861 1720 887 1750 ⁸
906 1716 1174 1793 ἐπιγνώσει
1204 1716 1382 1783 αὐτοῦ,
1408 1714 1629 1791 quidam
1653 1717 1734 1775 sic
1755 1715 2075 1788 intelligunt.

2195 1719 2341 1768 tatus
2367 1727 2491 1768 esse
2516 1711 2752 1767 dicatur.
3118 1702 3129 1715 ’

484 1817 547 1862 ut
577 1808 720 1863 inter
746 1816 936 1885 γνῶσιν
978 1816 1032 1862 et
1061 1810 1356 1884 ἐπίγνωσιν,
1400 1806 1505 1864 hoc
1529 1819 1637 1878 est,
1666 1809 1810 1869 inter
1830 1808 2086 1874 notionem
2116 1813 2164 1876 B

486 1910 544 1956 et
580 1901 920 1973 agnitionem,
954 1900 1087 1954 illud
1121 1901 1336 1968 intersit
1371 1919 1385 1955 :
1430 1900 1574 1972 quod
1616 1902 1769 1967 notio
1796 1917 1985 1965 eorum
2017 1905 2087 1957 sit

484 2009 609 2065 quae
636 2004 761 2050 ante
792 2009 897 2049 non
926 1993 1214 2060 scivimus,
1239 2005 1295 2050 et
1321 2010 1383 2051 ea
1409 2006 1600 2065 postea
1628 1995 1774 2053 scire
1799 1996 2083 2068 cepimus.

484 2087 711 2160 Agnitio
746 2104 879 2145 vero
930 2104 1119 2145 eorum
1163 2103 1285 2160 qua:
1338 2090 1489 2160 prius
1544 2090 1784 2157 scientes
1828 2091 2089 2161 deinceps

486 2182 629 2240 scire
674 2182 998 2251 desivimus,
1031 2198 1332 2255 eorumque
1366 2192 1556 2257 postea
1606 2182 1981 2253 recordamur,
2034 2190 2089 2239 et

485 2277 729 2348 priorem
755 2274 1051 2347 quamdam
1092 2276 1259 2330 vitam
1287 2276 1340 2330 in
1369 2275 1684 2332 etelestibus
1712 2274 2086 2346 suspicantur,

483 2376 776 2439 postquam
821 2369 875 2422 in
905 2381 1140 2438 corpora
1177 2366 1280 2422 ista
1312 2366 1517 2437 dejecti
1554 2376 1610 2422 et
1644 2366 1799 2431 obliti
1849 2366 1945 2423 Dei
1988 2367 2091 2432 Pa-

487 2461 610 2529 tris,
640 2477 783 2516 nunc
809 2475 934 2516 eum
989 2474 1083 2529 per
1125 2460 1518 2517 revelationem
1570 2461 1952 2533 cognovimus,
1996 2475 2085 2516 se-

487 2554 722 2607 cundum
762 2551 900 2607 illud
954 2569 965 2605 :
1026 2549 1443 2607 Reminiscentur
1495 2561 1545 2607 et
1603 2562 1968 2615 convertentur
2020 2553 2090 2607 ad

486 2647 774 2703 Dominum
799 2665 975 2704 omnes
1006 2649 1135 2718 lines
1167 2659 1317 2704 terra:
1359 2647 1479 2722 (Ps.
1513 2664 1629 2721 xxt,
1662 2646 1779 2720 ‘28),
1812 2658 1865 2704 el
1889 2657 2087 2707 castora

484 2740 573 2796 his
615 2741 816 2797 similia
844 2740 1171 2813 replicantes
1196 2740 1306 2813 [AL
1332 2739 1712 2814 replicantur].

559 2837 744 2909 (Vers.
786 2835 852 2891 18
882 2833 1062 2909 seqq.)
1106 2833 1175 2890 Ut
1224 2834 1401 2890 sciatis
1426 2849 1541 2907 quis
1567 2835 1633 2889 sit
1663 2851 1779 2905 spes
1811 2835 2088 2891 vocationis

488 2931 622 3002 ejus,
661 2939 707 2983 et
736 2944 852 3000 qua:
882 2927 1078 2981 divitia:
1101 2927 1284 3000 gloria:
1309 2926 1630 2983 Itwreditatis
1660 2930 1772 3001 ejus
1793 2928 1848 2989 in
1873 2929 2085 2991 sanctis,

489 3030 535 3075 et
571 3036 686 3091 qua:
729 3019 965 3074 sublimis
1017 3020 1321 3091 magnitudo
1365 3020 1570 3074 uirtutis
1601 3022 1715 3093 ejus
1764 3021 1819 3075 in
1859 3036 1952 3079 nos
1996 3020 2089 3093 qui
2188 3015 2245 3072 Si
2278 3018 2423 3073 enim
2464 3016 2618 3091 juxta
2649 3017 2931 3089 regnantis
2969 3013 3210 3071 habitum
3254 3014 3428 3071 Filius
3489 3012 3556 3069 ad
3604 3011 3761 3068 Putris

486 3115 748 3169 credimus
777 3114 891 3186 [AL
922 3112 1262 3187 credidimus]
1292 3115 1574 3181 secundum
1612 3118 1957 3189 operationem
1991 3134 2085 3191 ρο-
2187 3112 2470 3169 dexteram
2503 3110 2678 3176 sedet,
2714 3123 2939 3185 necesse
2967 3118 3049 3164 est
3081 3118 3136 3165 ut
3158 3107 3312 3179 juxta
3351 3105 3600 3165 eamdem
3627 3102 3762 3159 simi-

479 3207 652 3261 tentia:
679 3195 882 3260 virtutis
928 3208 1063 3278 ejus,
1112 3222 1270 3291 quam
1315 3218 1559 3281 operatus
1613 3218 1688 3263 est
1738 3210 1791 3264 in
1845 3207 2074 3277 Christo,
2108 3205 2154 3271 C
2186 3203 2473 3259 litttdinem
2515 3202 2693 3274 major
2729 3204 2801 3257 sit
2838 3202 2907 3257 ab
2946 3217 3012 3257 cn
3040 3200 3131 3272 qui
3160 3201 3213 3257 in
3245 3202 3379 3256 larva
3412 3211 3565 3269 parte
3591 3211 3763 3255 conse-

2262 1806 2441 1879 (Vers.
2471 1804 2594 1876 21.)
2624 1804 2693 1860 Et
2753 1805 2931 1861 sedere
2978 1821 3098 1860 eum
3153 1804 3350 1877 faciens
3397 1804 3469 1867 ad
3527 1804 3763 1860 dexteram

2192 1917 2341 1955 suam
2370 1901 2423 1959 in
2449 1900 2763 1965 ctelestibus,
2790 1914 2949 1971 super
2974 1914 3178 1959 onmem
3201 1899 3573 1973 principatum,
3617 1908 3658 1954 et
3686 1916 3764 1970 po-

2194 2002 2444 2063 testatem,
2499 2001 2545 2048 et
2588 1993 2845 2055 virtutem,
2880 2001 2926 2046 et
2957 1991 3386 2057 dominationem,
3418 2000 3465 2045 et
3510 2006 3649 2047 omne
3684 2006 3763 2045 no-

2190 2104 2310 2142 men
2358 2085 2495 2161 quod
2539 2086 2840 2141 nominatur
2869 2101 2973 2140 non
3018 2083 3189 2149 solum
3226 2084 3279 2145 in
3314 2083 3412 2140 hoc
3459 2081 3664 2153 saeculo,
3691 2084 3765 2139 sed

2190 2182 2346 2236 etiam
2382 2180 2437 2233 in
2480 2180 2679 2252 futuro.
2723 2177 2827 2235 Per
2858 2177 3153 2237 humanam
3209 2176 3647 2241 similitudinem.
3688 2176 3763 2235 Dei

2193 2274 2492 2347 potentiam
2525 2272 2931 2331 demonstravit
2964 2290 2977 2324 :
3012 2287 3121 2327 non
3163 2286 3269 2339 quo
3301 2270 3502 2327 solium
3536 2278 3763 2343 ponatur,

2191 2374 2245 2422 et
2273 2365 2422 2423 Deus
2458 2366 2624 2422 Pater
2669 2366 2720 2421 in
2766 2381 2832 2422 eo
2864 2363 3073 2433 sedeat,
3126 2378 3425 2437 secumque
3454 2362 3643 2423 Filium
3686 2362 3767 2421 ha-

2191 2460 2317 2518 beat
2364 2460 2736 2526 residentem;
2786 2458 2883 2523 scd
2928 2473 3038 2530 quo
3094 2473 3196 2517 nos
3244 2458 3401 2514 aliter
3455 2456 3763 2529 judicautetn

2190 2562 2356 2628 atque
2399 2563 2745 2625 regnantem,
2786 2552 2893 2617 nisi
2926 2567 3021 2625 per
3058 2560 3242 2611 nostra
3277 2550 3441 2607 verba
3475 2549 3766 2623 intelligere

2193 2664 2552 2721 nequeamus.
2584 2648 2665 2707 Ad
2696 2647 2799 2702 huc
2827 2647 3089 2717 pertinet,
3122 2655 3175 2702 et
3206 2643 3338 2703 illud
3379 2642 3529 2721 quod
3567 2642 3619 2699 in
3655 2657 3765 2709 cen-

2192 2742 2386 2796 tesimo
2625 2754 2770 2795 nono
2808 2739 3016 2809 psalmo
3044 2737 3308 2817 scriptum
3335 2748 3421 2801 εει
3449 2753 3464 2790 :
3494 2734 3634 2795 Dixit
3663 2732 3757 2795 Do-

2190 2835 2361 2890 minus
2392 2832 2617 2888 Domino
2641 2848 2785 2887 meo:
2806 2832 2926 2895 sede
2949 2848 2983 2887 a
3013 2829 3208 2886 dextris
3225 2829 3370 2901 meis,
3404 2830 3571 2883 donec
3594 2842 3763 2899 ponant

2188 2927 2427 2982 inimicos
2451 2935 2567 2981 tuos
2596 2922 2881 2979 scabellum
2912 2923 3102 2994 pedum
3128 2931 3339 2978 tuorum
3361 2920 3541 2991 (Psal.
3563 2935 3673 2986 (ιιι,
3699 2922 3761 2986 l).

480 3301 737 3355 suscitans
777 3299 925 3355 illum
954 3316 986 3353 a
1035 3301 1272 3355 mortuis.
1317 3298 1417 3355 Cui
1448 3302 1644 3367 semel,
1688 3301 1844 3379 juxta
1877 3302 2082 3361 oratio-

480 3411 606 3452 nem
637 3396 811 3463 Pauli,
849 3395 1006 3451 datus
1036 3394 1202 3450 fuerit
1243 3396 1470 3467 spiritus
1499 3396 1785 3473 sapientiae
1826 3407 1882 3455 et
1920 3413 2078 3454 reve-

475 3486 721 3557 lationis,
754 3496 813 3544 ut
842 3487 1047 3560 apertis
1072 3486 1249 3544 oculis
1292 3487 1475 3544 cordis
1503 3488 1750 3560 aSpiciat,
1789 3489 1892 3547 iste
1938 3491 2083 3547 sciet

481 3598 606 3652 qua:
635 3581 870 3652 reposita
901 3592 1029 3635 sunt
1079 3580 1312 3646 vocatis,
1346 3592 1402 3636 et
1425 3597 1544 3657 quae
1576 3583 1844 3652 speranda
1879 3585 2080 3641 sanctis

483 3674 607 3741 Dei,
639 3690 759 3746 quae
792 3672 1158 3741 abundanter,
1194 3683 1247 3730 et
1279 3674 1427 3745 large
1457 3674 1540 3732 his
1569 3675 1658 3746 qui
1704 3674 2075 3739 hmrcditatcm

480 3766 655 3839 ipsius
701 3766 997 3831 sustinent,
1051 3776 1134 3821 est
1176 3766 1427 3822 daturus.
1480 3766 1560 3822 Ad
1615 3783 1778 3838 quam
1832 3769 2076 3825 notitiam

479 3861 800 3931 magnitudo
838 3857 1001 3939 564
1051 3859 1270 3913 virtutis
1312 3860 1404 3915 Dei
1448 3869 1533 3915 est
1564 3862 1870 3919 necessaria
1909 3862 1959 3916 in
1992 3862 2078 3919 his

477 3952 569 4023 qui
595 3951 746 4023 juxta
776 3950 1195 4007 similitudinem
1236 3951 1414 4017 Pauli,
1469 3952 1756 4007 credentes
1789 3964 2074 4018 vocantur,

473 4061 575 4118 per
597 4061 757 4119 quam
791 4054 1051 4116 operatus
1086 4056 1170 4100 est
1220 4044 1365 4100 Deus
1395 4046 1447 4100 in
1480 4045 1701 4111 Christo
1730 4046 1880 4114 Jesn,
1913 4064 2072 4129 quem

474 4153 507 4193 a
539 4139 768 4193 mortuis
795 4137 1163 4193 resuscitavit.
1195 4138 1494 4208 Dupliciter
1517 4149 1698 4196 autem
1723 4140 2073 4213 intelligenda

473 4227 765 4283 btereditas
795 4248 806 4283 :
842 4230 958 4285 sive
996 4229 1139 4300 quod
1168 4230 1561 4303 primogenitus
1604 4233 1784 4288 omnis
1809 4247 2075 4293 creaturae

474 4319 775 4375 hmreditas
801 4321 869 4375 sit
898 4320 1093 4377 anima:
1120 4322 1330 4379 Domini
1364 4324 1532 4380 nostri
1557 4323 1687 4381 Jesu
1711 4326 1938 4395 Christi,
1967 4334 1996 4374 b
2019 4338 2075 4385 et

474 4410 595 4477 ejus
616 4410 707 4480 qui
730 4425 799 4464 ex
819 4425 1050 4480 oorpore
1078 4420 1132 4468 et
1160 4413 1341 4468 anima
1365 4425 1675 4486 assumptus
1699 4424 1787 4470 est
1811 4417 2067 4485 hominis,

474 4518 687 4592 nqsque
713 4518 833 4558 cum
884 4505 1199 4560 hatreditatc
1241 4506 1439 4561 anima:
1485 4506 1869 4564 haereditetnus
1904 4512 2068 4566 Deum

2185 3296 2349 3355 derit.
2384 3298 2540 3375 Quod
2571 3307 2630 3352 ut
2660 3296 2896 3352 sciamus
2935 3296 3093 3355 aliter
3132 3295 3368 3365 intelligi
3408 3310 3573 3365 quam
3603 3294 3760 3349 littera

2184 3401 2443 3457 resontt,
2491 3388 2632 3445 idem
2684 3390 2927 3459 psalmus
2977 3389 3031 3444 in
3081 3388 3552 3465 consequentibus
3598 3387 3760 3450 docet,

2183 3482 2404 3538 dicens:
2434 3480 2515 3537 Tu
2545 3500 2595 3538 es
2620 3482 2863 3536 sacerdos
2890 3482 2944 3536 in
2965 3492 3216 3537 wternum
3239 3481 3527 3543 secundum
3547 3480 3761 3537 ordinent

2183 3573 2530 3631 Melchisedec
2579 3592 2596 3629 :
2653 3573 2907 3631 Dominus
2962 3593 2996 3632 a
3048 3575 3243 3631 dextris
3302 3576 3428 3631 tuis.
3498 3572 3761 3645 Quomodo

2179 3670 2326 3727 enim
2357 3686 2482 3726 cum
2513 3666 2686 3726 Filius
2721 3669 2896 3726 Patris
2925 3671 2991 3725 ad
3031 3671 3280 3735 dextram
3315 3672 3531 3738 sedeat,
3566 3682 3760 3725 rursum

2181 3762 2343 3821 Pater
2369 3779 2399 3818 a
2432 3762 2637 3819 dextris
2682 3763 2803 3835 ejus
2840 3779 2966 3820 esse
3013 3763 3367 3834 perhibetur?
3409 3760 3521 3823 Aut
3556 3776 3656 3834 qua
3684 3773 3757 3814 ta-

2179 3857 2330 3914 tione
2376 3866 2517 3913 terra
2566 3859 2863 3914 seabellum
2910 3867 2993 3915 est
3047 3857 3243 3931 pedum
3293 3856 3442 3927 ejus,
3498 3855 3759 3911 etcmlum

2182 3950 2411 4006 thronus
2457 3951 2652 4022 ipsius,
2703 3968 2824 4008 cum
2872 3960 2929 4007 et
2977 3962 3176 4006 terram
3227 3948 3533 4007 secundum
3580 3947 3757 4007 lsaiztm

2178 4043 2384 4116 pugillo
2420 4044 2704 4102 continere
2742 4044 2981 4117 dicatur,
3023 4054 3078 4099 et
3117 4044 3319 4099 coelum
3355 4044 3557 4121 palmae
3586 4050 3761 4101 exten-

2176 4136 2333 4192 sione
2381 4138 2564 4192 metiri
2608 4137 2779 4209 (lsai.
2812 4136 2955 4208 xu)?
2996 4136 3113 4192 Non
3146 4134 3290 4192 enim
3335 4143 3519 4211 potest
3558 4135 3691 4191 intra
3714 4129 3759 4186 id

2175 4244 2297 4285 esse
2326 4230 2469 4302 quod
2497 4229 2566 4287 ab
2591 4232 2785 4287 eodem
2815 4232 3158 4289 continetur:
3187 4246 3286 4285 nec
3318 4231 3369 4285 iu
3406 4245 3575 4293 manu
3604 4227 3760 4285 inclu-

2172 4335 2292 4375 sum
2334 4333 2545 4389 tenere,
2575 4338 2605 4377 a
2630 4338 2739 4394 quo
2781 4322 2897 4395 ipse
2928 4322 3084 4394 juxta
3113 4320 3355 4378 sedentis
3385 4321 3631 4377 habitum
3667 4318 3759 4374 circ

2175 4412 2483 4470 cumdetur.
2537 4415 2691 4473 Sicut
2735 4431 2865 4488 ergo
2916 4416 3227 4488 proximum
3281 4430 3409 4477 esse
3475 4416 3620 4484 Deo,
3683 4413 3758 4468 vel

2172 4507 2243 4563 ab
2287 4525 2353 4564 eo
2401 4509 2589 4580 procul
2639 4509 2930 4580 recedere,
2992 4526 3108 4567 non
3168 4509 3474 4569 secundum
3526 4510 3757 4566 locorum

472 4595 715 4652 Verbum
748 4613 762 4649 :
807 4596 924 4652 sive
972 4598 1116 4667 quod
1164 4598 1216 4653 in
1267 4598 1483 4654 Christo
1532 4600 1828 4657 htereditas
1884 4612 2065 4660 nostra
2096 4607 2147 4669 D
2174 4602 2371 4673 spatia,
2398 4601 2491 4657 sed
2509 4604 2666 4673 juxta
2692 4604 2884 4659 merita
2917 4604 3259 4659 sentiendum
3290 4615 3399 4670 est,
3423 4602 3570 4675 quod
3600 4598 3758 4657 sancti

474 4691 566 4757 sit,
598 4691 775 4747 Patris
805 4700 860 4747 et
899 4690 1044 4760 Filii,
1079 4700 1131 4748 el
1165 4693 1400 4763 Spiritus
1423 4696 1603 4752 sancti
1634 4712 1738 4751 una
1766 4696 2022 4757 divinitas
2050 4715 2064 4767 ;

469 4794 529 4850 ut
556 4784 831 4855 quomodo
863 4793 1089 4839 vocatur
1118 4784 1412 4841 haereditas
1446 4786 1733 4844 domorum
1766 4800 1931 4859 atque
1960 4790 2064 4847 vilv

470 4877 646 4933 larum
675 4892 737 4933 ea
780 4879 894 4949 ipsa
934 4892 1054 4947 quae
1085 4879 1153 4933 ab
1194 4878 1504 4935 hzeredibus
1545 4881 1895 4951 possidentur
1927 4900 1940 4937 :
1986 4884 2064 4940 sic

463 4970 582 5042 ipse
624 4972 766 5025 Deus
810 4969 1101 5025 lttm‘cditas
1142 4970 1479 5027 credentium
1525 4974 1596 5028 sit
1634 4984 1797 5046 atque
1844 4986 2064 5031 sancto-

467 5079 611 5119 rum.
648 5062 923 5133 Seriptum
970 5072 1056 5118 est
1096 5064 1233 5118 etin
1264 5066 1432 5121 veteri
1463 5067 1821 5124 ’l‘eStamento
1851 5087 1862 5123 :
1907 5065 2064 5125 Fitiis

465 5166 639 5211 autem
673 5154 797 5209 Levi
827 5172 931 5209 non
964 5155 1156 5211 dabitis
1177 5155 1531 5214 htereditotem
1561 5162 1613 5215 in
1644 5161 1811 5216 medic
1840 5166 2064 5235 fratrum

466 5263 681 5303 suorum
711 5264 728 5301 :
772 5249 895 5319 quia
927 5264 1020 5322 ego
1049 5266 1170 5319 pars
1212 5266 1385 5305 eorum
1424 5252 1613 5325 (Num.
1651 5269 1806 5322 xvm,
1836 5254 1963 5327 20);
2009 5265 2065 5312 et

465 5341 595 5398 alibi
628 5359 641 5395 :
680 5340 929 5397 Dominus
959 5340 1240 5397 hwreditas
1267 5359 1445 5398 eorum
1466 5355 1537 5399 est
1571 5344 1750 5418 (Deut.
1787 5357 1946 5415 xvul,
1978 5346 2057 5419 2);

465 5444 522 5490 et
543 5443 765 5491 sanctus
789 5435 880 5504 qui
913 5445 1065 5491 extra
1095 5437 1265 5492 Deum
1297 5438 1432 5493 nihil
1460 5439 1662 5495 habere
1687 5455 1748 5496 se
1769 5441 1939 5509 novit,
1965 5457 2060 5497 an-

463 5525 651 5581 dacter
680 5526 922 5596 loquitur
948 5545 961 5579 :
997 5525 1133 5582 Pars
1159 5546 1273 5583 mea
1300 5527 1556 5583 Dominus
1585 5527 1707 5600 (Ps.
1740 5546 1915 5602 Lxxu,
1940 5533 2055 5604 26);

536 5733 563 5761 ει
599 5728 769 5802 lidlllt
801 5741 932 5802 mss.
972 5729 1356 5802 sisiirrlymatu,
1397 5730 1601 5800 absque
1637 5729 1841 5787 -addit0
1871 5731 2044 5789 αὐτοῦ.

463 5797 687 5855 Confer.
714 5798 969 5853 Ruﬁnum
1005 5801 1098 5854 lib.
1122 5797 1170 5867 ι,⁷
1185 5815 1304 5870 cap.
1333 5802 1421 5857 38.

2167 4694 2325 4768 juxta
2374 4712 2500 4752 eum
2552 4699 2714 4752 sint:
2764 4709 3080 4768 peccatores
3129 4715 3284 4768 vero,
3332 4698 3402 4755 de
3450 4697 3647 4769 quibus
3691 4693 3758 4748 ait

2170 4788 2432 4859 propheta
2472 4788 2693 4846 dicens:
2718 4789 2855 4845 Ecce
2889 4791 2979 4861 qui
3008 4790 3252 4863 elongant
3288 4807 3344 4846 se
3367 4799 3499 4859 ate,
3530 4787 3757 4860 peribunt

2170 4878 2289 4953 (Ps.
2316 4897 2483 4951 Lxxtt,
2508 4883 2624 4956 27),
2651 4883 2720 4937 ab
2741 4884 2886 4938 omni
2914 4885 3037 4954 ejus
3066 4884 3264 4945 vicinia
3295 4884 3754 4941 submoveantur:

2169 4972 2250 5028 sic
2287 4983 2341 5029 et
2372 4974 2424 5029 itt
2452 4972 2661 5031 dextris
2687 4975 2770 5030 vel
2804 4976 2854 5032 in
2887 4977 3121 5032 sinistris
3151 4976 3245 5033 Dei
3284 4991 3440 5043 esse,
3493 4974 3758 5046 accipien-

2169 5066 2297 5123 dum
2327 5078 2408 5125 est
2429 5085 2444 5122 :
2467 5068 2613 5141 quod
2637 5070 2811 5127 Sancti
2840 5085 2870 5125 a
2896 5071 3108 5127 dextris
3130 5071 3250 5143 ejus
3272 5072 3419 5129 sint:
3445 5081 3754 5147 peccatores

2172 5176 2307 5217 vero
2365 5178 2393 5215 a
2445 5163 2723 5232 sinistris,
2787 5164 3074 5222 Salvatore
3130 5181 3346 5245 quoque
3413 5166 3650 5245 idipsum
3706 5164 3753 5225 in

2171 5253 2470 5326 Evangelio
2525 5259 2941 5328 comprobante,
2992 5273 3114 5319 cum
3157 5274 3286 5317 oves
3316 5275 3347 5316 a
3378 5258 3617 5325 dextris,
3647 5256 3754 5315 btr-

2169 5347 2272 5404 dos
2310 5363 2433 5405 esse
2473 5361 2738 5405 memoret
2771 5367 2797 5404 a
2841 5352 3078 5409 sinistris
3116 5351 3334 5426 (Matth.
3374 5353 3527 5425 xxv).
3560 5350 3666 5409 Sed
3703 5355 3756 5407 et

2169 5440 2346 5512 ipsum
2388 5442 2614 5498 verbum
2652 5444 2859 5511 sedere,
2908 5444 3060 5516 regni
3097 5444 3367 5516 signiﬁcat
3407 5454 3749 5516 potestatem,

2167 5548 2263 5605 per
2291 5549 2450 5609 quam
2484 5535 2810 5593 beneﬁcium
2840 5537 2916 5594 eis
2948 5539 3088 5593 Deus
3128 5537 3336 5609 tribuit,
3368 5552 3536 5611 super
3562 5536 3752 5613 quibus

2231 5731 2256 5771 δ
2299 5732 2533 5791 Rursum
2563 5750 2689 5792 mss.
2724 5737 3139 5808 Cisterciu-nses,
3168 5748 3218 5796 et
3256 5739 3312 5797 in
3335 5746 3469 5816 ejus,
3503 5742 3614 5817 qui,
3646 5750 3746 5798 etc.
