  <div class='ocr_page' id='page_1' title='image "/cluster/home/n/w/nwhite01/storage/ocr_20150623/26/hvd.32044015471402/237.png"; bbox 0 0 3962 6338; ppageno 0'>
   <div class='ocr_carea' id='block_1_1' title="bbox 443 297 552 357">
    <p class='ocr_par' dir='ltr' id='par_1_1' title="bbox 443 297 552 357">
     <span class='ocr_line' id='line_1_1' title="bbox 443 297 552 357; baseline -0.018 0"><span class='ocrx_word' id='word_1_1' title='bbox 443 297 552 357; x_wconf 71' lang='grc'><strong>463</strong></span> 
     </span>
    </p>
   </div>
   <div class='ocr_carea' id='block_1_2' title="bbox 1699 288 2490 354">
    <p class='ocr_par' dir='ltr' id='par_1_2' title="bbox 1699 288 2490 354">
     <span class='ocr_line' id='line_1_2' title="bbox 1699 288 2490 354; baseline -0.001 -1"><span class='ocrx_word' id='word_1_2' title='bbox 1699 291 1756 353; x_wconf 91' lang='lat' dir='ltr'><strong>S.</strong></span> <span class='ocrx_word' id='word_1_3' title='bbox 1800 288 2072 352; x_wconf 82' lang='lat' dir='ltr'><strong>EUSEBII</strong></span> <span class='ocrx_word' id='word_1_4' title='bbox 2109 289 2490 354; x_wconf 80' lang='lat' dir='ltr'><strong>HIERONYMI</strong></span> 
     </span>
    </p>
   </div>
   <div class='ocr_carea' id='block_1_3' title="bbox 3635 293 3736 354">
    <p class='ocr_par' dir='ltr' id='par_1_3' title="bbox 3635 293 3736 354">
     <span class='ocr_line' id='line_1_3' title="bbox 3635 293 3736 354; baseline -0.03 -1"><span class='ocrx_word' id='word_1_5' title='bbox 3635 293 3736 354; x_wconf 75' lang='grc' dir='ltr'>ιθι</span> 
     </span>
    </p>
   </div>
   <div class='ocr_carea' id='block_1_4' title="bbox 443 407 3739 490">
    <p class='ocr_par' dir='ltr' id='par_1_4' title="bbox 443 407 3739 490">
     <span class='ocr_line' id='line_1_4' title="bbox 443 407 3739 490; baseline -0.002 -18"><span class='ocrx_word' id='word_1_6' title='bbox 443 428 519 473; x_wconf 88' lang='lat' dir='ltr'><strong>est</strong></span> <span class='ocrx_word' id='word_1_7' title='bbox 549 430 738 490; x_wconf 86' lang='lat' dir='ltr'><strong>corpus</strong></span> <span class='ocrx_word' id='word_1_8' title='bbox 763 411 946 488; x_wconf 82' lang='lat' dir='ltr'><strong>ipsius.</strong></span> <span class='ocrx_word' id='word_1_9' title='bbox 980 412 1268 484; x_wconf 86' lang='lat' dir='ltr'><strong>Quomodo</strong></span> <span class='ocrx_word' id='word_1_10' title='bbox 1298 409 1445 470; x_wconf 91' lang='lat' dir='ltr'><strong>enim</strong></span> <span class='ocrx_word' id='word_1_11' title='bbox 1487 419 1647 484; x_wconf 83' lang='lat' dir='ltr'><strong>caput</strong></span> <span class='ocrx_word' id='word_1_12' title='bbox 1672 412 1908 486; x_wconf 84' lang='lat' dir='ltr'><strong>plurima</strong></span> <span class='ocrx_word' id='word_1_13' title='bbox 1935 411 2038 468; x_wconf 85' lang='lat' dir='ltr'><strong>sibi</strong></span> <span class='ocrx_word' id='word_1_14' title='bbox 2067 411 2122 474; x_wconf 79' lang='grc' dir='ltr'><strong>Α</strong></span> <span class='ocrx_word' id='word_1_15' title='bbox 2148 427 2270 483; x_wconf 85' lang='lat' dir='ltr'><strong>pars</strong></span> <span class='ocrx_word' id='word_1_16' title='bbox 2324 413 2603 469; x_wconf 87' lang='lat' dir='ltr'><strong>hominum</strong></span> <span class='ocrx_word' id='word_1_17' title='bbox 2649 411 2969 471; x_wconf 74' lang='lat' dir='ltr'><strong>mentiatur.</strong></span> <span class='ocrx_word' id='word_1_18' title='bbox 3015 409 3246 479; x_wconf 88' lang='lat' dir='ltr'><strong>Scribit,</strong></span> <span class='ocrx_word' id='word_1_19' title='bbox 3278 418 3333 470; x_wconf 94' lang='lat' dir='ltr'><strong>et</strong></span> <span class='ocrx_word' id='word_1_20' title='bbox 3353 409 3480 469; x_wconf 86' lang='lat' dir='ltr'><strong>alibi</strong></span> <span class='ocrx_word' id='word_1_21' title='bbox 3506 407 3739 482; x_wconf 78' lang='lat' dir='ltr'><strong>Aposto-</strong></span> 
     </span>
    </p>
   </div>
   <div class='ocr_carea' id='block_1_5' title="bbox 447 505 2038 579">
    <p class='ocr_par' dir='ltr' id='par_1_5' title="bbox 447 505 2038 579">
     <span class='ocr_line' id='line_1_5' title="bbox 447 505 2038 579; baseline -0.001 -17"><span class='ocrx_word' id='word_1_22' title='bbox 447 510 609 565; x_wconf 89' lang='lat' dir='ltr'><strong>habet</strong></span> <span class='ocrx_word' id='word_1_23' title='bbox 662 509 908 565; x_wconf 90' lang='lat' dir='ltr'><strong>membra</strong></span> <span class='ocrx_word' id='word_1_24' title='bbox 960 508 1227 579; x_wconf 85' lang='lat' dir='ltr'><strong>subjecta,</strong></span> <span class='ocrx_word' id='word_1_25' title='bbox 1281 522 1313 563; x_wconf 92' lang='lat' dir='ltr'><strong>e</strong></span> <span class='ocrx_word' id='word_1_26' title='bbox 1358 506 1556 578; x_wconf 89' lang='lat' dir='ltr'><strong>quibus</strong></span> <span class='ocrx_word' id='word_1_27' title='bbox 1602 516 1728 561; x_wconf 91' lang='lat' dir='ltr'><strong>sunt</strong></span> <span class='ocrx_word' id='word_1_28' title='bbox 1777 505 2038 562; x_wconf 88' lang='lat' dir='ltr'><strong>nonnulla</strong></span> 
     </span>
    </p>
   </div>
   <div class='ocr_carea' id='block_1_6' title="bbox 442 599 2042 659">
    <p class='ocr_par' dir='ltr' id='par_1_6' title="bbox 442 599 2042 659">
     <span class='ocr_line' id='line_1_6' title="bbox 442 599 2042 659; baseline -0.003 -1"><span class='ocrx_word' id='word_1_29' title='bbox 442 603 643 658; x_wconf 89' lang='lat' dir='ltr'><strong>vitiosa</strong></span> <span class='ocrx_word' id='word_1_30' title='bbox 673 613 727 659; x_wconf 91' lang='lat' dir='ltr'><strong>et</strong></span> <span class='ocrx_word' id='word_1_31' title='bbox 754 602 954 658; x_wconf 87' lang='lat' dir='ltr'><strong>debilia</strong></span> <span class='ocrx_word' id='word_1_32' title='bbox 979 618 991 655; x_wconf 92' lang='lat'><strong>:</strong></span> <span class='ocrx_word' id='word_1_33' title='bbox 1022 603 1090 656; x_wconf 90' lang='lat' dir='ltr'><strong>ita</strong></span> <span class='ocrx_word' id='word_1_34' title='bbox 1131 609 1186 657; x_wconf 89' lang='lat' dir='ltr'><strong>et</strong></span> <span class='ocrx_word' id='word_1_35' title='bbox 1216 601 1484 657; x_wconf 90' lang='lat' dir='ltr'><strong>Dominus</strong></span> <span class='ocrx_word' id='word_1_36' title='bbox 1514 611 1700 658; x_wconf 78' lang='lat' dir='ltr'><strong>noster</strong></span> <span class='ocrx_word' id='word_1_37' title='bbox 1714 600 1870 658; x_wconf 70' lang='lat' dir='ltr'><strong>Iesus</strong></span> <span class='ocrx_word' id='word_1_38' title='bbox 1884 599 2042 657; x_wconf 90' lang='lat' dir='ltr'><strong>Chri-</strong></span> 
     </span>
    </p>
   </div>
   <div class='ocr_carea' id='block_1_7' title="bbox 445 691 2039 764">
    <p class='ocr_par' dir='ltr' id='par_1_7' title="bbox 445 691 2039 764">
     <span class='ocr_line' id='line_1_7' title="bbox 445 691 2039 764; baseline -0.004 -13"><span class='ocrx_word' id='word_1_39' title='bbox 445 705 562 751; x_wconf 90' lang='lat' dir='ltr'><strong>stus</strong></span> <span class='ocrx_word' id='word_1_40' title='bbox 612 709 734 750; x_wconf 91' lang='lat' dir='ltr'><strong>cum</strong></span> <span class='ocrx_word' id='word_1_41' title='bbox 781 693 850 748; x_wconf 88' lang='lat' dir='ltr'><strong>sit</strong></span> <span class='ocrx_word' id='word_1_42' title='bbox 897 701 1058 764; x_wconf 90' lang='lat' dir='ltr'><strong>caput</strong></span> <span class='ocrx_word' id='word_1_43' title='bbox 1098 692 1394 757; x_wconf 68' lang='lat' dir='ltr'><strong>Ecclesize,</strong></span> <span class='ocrx_word' id='word_1_44' title='bbox 1447 691 1611 748; x_wconf 89' lang='lat' dir='ltr'><strong>habet</strong></span> <span class='ocrx_word' id='word_1_45' title='bbox 1653 692 1896 748; x_wconf 91' lang='lat' dir='ltr'><strong>membra</strong></span> <span class='ocrx_word' id='word_1_46' title='bbox 1943 705 2039 746; x_wconf 89' lang='lat' dir='ltr'><strong>eos</strong></span> 
     </span>
    </p>
   </div>
   <div class='ocr_carea' id='block_1_8' title="bbox 445 785 2040 858">
    <p class='ocr_par' dir='ltr' id='par_1_8' title="bbox 445 785 2040 858">
     <span class='ocr_line' id='line_1_8' title="bbox 445 785 2040 858; baseline -0.002 -16"><span class='ocrx_word' id='word_1_47' title='bbox 445 801 639 842; x_wconf 89' lang='lat' dir='ltr'><strong>omnes</strong></span> <span class='ocrx_word' id='word_1_48' title='bbox 685 785 778 858; x_wconf 88' lang='lat' dir='ltr'><strong>qui</strong></span> <span class='ocrx_word' id='word_1_49' title='bbox 825 787 880 842; x_wconf 91' lang='lat' dir='ltr'><strong>in</strong></span> <span class='ocrx_word' id='word_1_50' title='bbox 918 785 1163 841; x_wconf 82' lang='lat' dir='ltr'><strong>Ecclesia</strong></span> <span class='ocrx_word' id='word_1_51' title='bbox 1211 793 1631 856; x_wconf 79' lang='lat' dir='ltr'><strong>congregantur,</strong></span> <span class='ocrx_word' id='word_1_52' title='bbox 1665 794 1772 840; x_wconf 91' lang='lat' dir='ltr'><strong>tam</strong></span> <span class='ocrx_word' id='word_1_53' title='bbox 1822 793 2040 840; x_wconf 89' lang='lat' dir='ltr'><strong>sanctos</strong></span> 
     </span>
    </p>
   </div>
   <div class='ocr_carea' id='block_1_9' title="bbox 449 881 2040 952">
    <p class='ocr_par' dir='ltr' id='par_1_9' title="bbox 449 881 2040 952">
     <span class='ocr_line' id='line_1_9' title="bbox 449 881 2040 952; baseline 0 -16"><span class='ocrx_word' id='word_1_54' title='bbox 449 882 704 938; x_wconf 70' lang='lat' dir='ltr'><strong>videlicet</strong></span> <span class='ocrx_word' id='word_1_55' title='bbox 733 897 892 952; x_wconf 90' lang='lat' dir='ltr'><strong>quam</strong></span> <span class='ocrx_word' id='word_1_56' title='bbox 942 881 1422 952; x_wconf 79' lang='lat' dir='ltr'><strong>peccatoreszsed</strong></span> <span class='ocrx_word' id='word_1_57' title='bbox 1471 890 1690 938; x_wconf 87' lang='lat' dir='ltr'><strong>sanctos</strong></span> <span class='ocrx_word' id='word_1_58' title='bbox 1735 882 2040 949; x_wconf 74' lang='lat' dir='ltr'><strong>voluntate,</strong></span> 
     </span>
    </p>
   </div>
   <div class='ocr_carea' id='block_1_10' title="bbox 445 975 2042 1046">
    <p class='ocr_par' dir='ltr' id='par_1_10' title="bbox 445 975 2042 1046">
     <span class='ocr_line' id='line_1_10' title="bbox 445 975 2042 1046; baseline 0.003 -20"><span class='ocrx_word' id='word_1_59' title='bbox 445 983 766 1046; x_wconf 82' lang='lat' dir='ltr'><strong>peceatores</strong></span> <span class='ocrx_word' id='word_1_60' title='bbox 810 991 940 1029; x_wconf 90' lang='lat' dir='ltr'><strong>vero</strong></span> <span class='ocrx_word' id='word_1_61' title='bbox 985 975 1086 1030; x_wconf 76' lang='lat' dir='ltr'><strong>sibi</strong></span> <span class='ocrx_word' id='word_1_62' title='bbox 1139 976 1468 1032; x_wconf 80' lang='lat' dir='ltr'><strong>necessitate</strong></span> <span class='ocrx_word' id='word_1_63' title='bbox 1514 977 1810 1046; x_wconf 88' lang='lat' dir='ltr'><strong>subjectos.</strong></span> <span class='ocrx_word' id='word_1_64' title='bbox 1862 976 2042 1045; x_wconf 84' lang='lat' dir='ltr'><strong>Atque</strong></span> 
     </span>
    </p>
   </div>
   <div class='ocr_carea' id='block_1_11' title="bbox 447 1067 2040 1140">
    <p class='ocr_par' dir='ltr' id='par_1_11' title="bbox 447 1067 2040 1140">
     <span class='ocr_line' id='line_1_11' title="bbox 447 1067 2040 1140; baseline 0.001 -16"><span class='ocrx_word' id='word_1_65' title='bbox 447 1069 519 1124; x_wconf 87' lang='lat' dir='ltr'><strong>ita</strong></span> <span class='ocrx_word' id='word_1_66' title='bbox 554 1069 632 1137; x_wconf 84' lang='lat' dir='ltr'><strong>fit,</strong></span> <span class='ocrx_word' id='word_1_67' title='bbox 670 1077 730 1122; x_wconf 86' lang='lat' dir='ltr'><strong>ut</strong></span> <span class='ocrx_word' id='word_1_68' title='bbox 774 1070 937 1123; x_wconf 83' lang='lat' dir='ltr'><strong>etiam</strong></span> <span class='ocrx_word' id='word_1_69' title='bbox 982 1067 1188 1124; x_wconf 90' lang='lat' dir='ltr'><strong>inimici</strong></span> <span class='ocrx_word' id='word_1_70' title='bbox 1241 1069 1472 1139; x_wconf 86' lang='lat' dir='ltr'><strong>subjecti</strong></span> <span class='ocrx_word' id='word_1_71' title='bbox 1504 1071 1616 1125; x_wconf 92' lang='lat' dir='ltr'><strong>sint</strong></span> <span class='ocrx_word' id='word_1_72' title='bbox 1645 1070 1871 1140; x_wconf 84' lang='lat' dir='ltr'><strong>pedibus</strong></span> <span class='ocrx_word' id='word_1_73' title='bbox 1901 1069 2040 1138; x_wconf 89' lang='lat' dir='ltr'><strong>ejus.</strong></span> 
     </span>
    </p>
   </div>
   <div class='ocr_carea' id='block_1_12' title="bbox 445 1162 2046 1234">
    <p class='ocr_par' dir='ltr' id='par_1_12' title="bbox 445 1162 2046 1234">
     <span class='ocr_line' id='line_1_12' title="bbox 445 1162 2046 1234; baseline 0.001 -18"><span class='ocrx_word' id='word_1_74' title='bbox 445 1163 789 1232; x_wconf 82' lang='lat' dir='ltr'><strong>Quapropter</strong></span> <span class='ocrx_word' id='word_1_75' title='bbox 834 1162 888 1217; x_wconf 90' lang='lat' dir='ltr'><strong>in</strong></span> <span class='ocrx_word' id='word_1_76' title='bbox 947 1178 1013 1218; x_wconf 91' lang='lat' dir='ltr'><strong>eo</strong></span> <span class='ocrx_word' id='word_1_77' title='bbox 1045 1163 1188 1234; x_wconf 92' lang='lat' dir='ltr'><strong>quod</strong></span> <span class='ocrx_word' id='word_1_78' title='bbox 1237 1164 1333 1228; x_wconf 87' lang='lat' dir='ltr'><strong>ait,</strong></span> <span class='ocrx_word' id='word_1_79' title='bbox 1381 1165 1585 1233; x_wconf 80' lang='lat' dir='ltr'><strong>omnia,</strong></span> <span class='ocrx_word' id='word_1_80' title='bbox 1619 1164 1837 1220; x_wconf 90' lang='lat' dir='ltr'><strong>videtur</strong></span> <span class='ocrx_word' id='word_1_81' title='bbox 1863 1163 2046 1220; x_wconf 87' lang='lat' dir='ltr'><strong>facere</strong></span> 
     </span>
    </p>
   </div>
   <div class='ocr_carea' id='block_1_13' title="bbox 445 1254 2046 1327">
    <p class='ocr_par' dir='ltr' id='par_1_13' title="bbox 445 1254 2046 1327">
     <span class='ocr_line' id='line_1_13' title="bbox 445 1254 2046 1327; baseline 0.001 -18"><span class='ocrx_word' id='word_1_82' title='bbox 445 1256 835 1327; x_wconf 63' lang='lat' dir='ltr'><strong>quaestionem.</strong></span> <span class='ocrx_word' id='word_1_83' title='bbox 887 1254 1019 1309; x_wconf 87' lang='lat' dir='ltr'><strong>Nam</strong></span> <span class='ocrx_word' id='word_1_84' title='bbox 1073 1255 1202 1310; x_wconf 93' lang='lat' dir='ltr'><strong>illud</strong></span> <span class='ocrx_word' id='word_1_85' title='bbox 1234 1256 1376 1326; x_wconf 93' lang='lat' dir='ltr'><strong>quod</strong></span> <span class='ocrx_word' id='word_1_86' title='bbox 1421 1257 1624 1312; x_wconf 92' lang='lat' dir='ltr'><strong>dictum</strong></span> <span class='ocrx_word' id='word_1_87' title='bbox 1658 1267 1743 1312; x_wconf 91' lang='lat' dir='ltr'><strong>est</strong></span> <span class='ocrx_word' id='word_1_88' title='bbox 1779 1274 1792 1311; x_wconf 87' lang='lat'><strong>:</strong></span> <span class='ocrx_word' id='word_1_89' title='bbox 1841 1256 1978 1313; x_wconf 90' lang='lat' dir='ltr'><strong>Sede</strong></span> <span class='ocrx_word' id='word_1_90' title='bbox 2013 1273 2046 1310; x_wconf 90' lang='lat' dir='ltr'><strong>a</strong></span> 
     </span>
    </p>
   </div>
   <div class='ocr_carea' id='block_1_14' title="bbox 445 1350 2048 1422">
    <p class='ocr_par' dir='ltr' id='par_1_14' title="bbox 445 1350 2048 1422">
     <span class='ocr_line' id='line_1_14' title="bbox 445 1350 2048 1422; baseline 0.002 -19"><span class='ocrx_word' id='word_1_91' title='bbox 445 1351 640 1404; x_wconf 78' lang='lat' dir='ltr'><strong>dextris</strong></span> <span class='ocrx_word' id='word_1_92' title='bbox 679 1350 828 1417; x_wconf 84' lang='lat' dir='ltr'><strong>meis,</strong></span> <span class='ocrx_word' id='word_1_93' title='bbox 871 1351 1037 1405; x_wconf 88' lang='lat' dir='ltr'><strong>donec</strong></span> <span class='ocrx_word' id='word_1_94' title='bbox 1079 1367 1269 1419; x_wconf 88' lang='lat' dir='ltr'><strong>ponam</strong></span> <span class='ocrx_word' id='word_1_95' title='bbox 1294 1351 1533 1406; x_wconf 87' lang='lat' dir='ltr'><strong>inimicos</strong></span> <span class='ocrx_word' id='word_1_96' title='bbox 1563 1362 1678 1406; x_wconf 90' lang='lat' dir='ltr'><strong>tuos</strong></span> <span class='ocrx_word' id='word_1_97' title='bbox 1705 1351 1798 1406; x_wconf 88' lang='lat' dir='ltr'><strong>sub</strong></span> <span class='ocrx_word' id='word_1_98' title='bbox 1829 1350 2048 1422; x_wconf 82' lang='lat' dir='ltr'><strong>pedibus</strong></span> 
     </span>
    </p>
   </div>
   <div class='ocr_carea' id='block_1_15' title="bbox 445 1441 2045 1517">
    <p class='ocr_par' dir='ltr' id='par_1_15' title="bbox 445 1441 2045 1517">
     <span class='ocr_line' id='line_1_15' title="bbox 445 1441 2045 1517; baseline 0.001 -21"><span class='ocrx_word' id='word_1_99' title='bbox 445 1445 472 1475; x_wconf 77' lang='grc'>⁸</span> <span class='ocrx_word' id='word_1_100' title='bbox 495 1442 738 1511; x_wconf 85' lang='lat' dir='ltr'><strong>tuis(Ps.</strong></span> <span class='ocrx_word' id='word_1_101' title='bbox 761 1457 871 1508; x_wconf 73' lang='lat' dir='ltr'><strong>CIX,</strong></span> <span class='ocrx_word' id='word_1_102' title='bbox 890 1441 965 1514; x_wconf 82' lang='lat' dir='ltr'><strong>l).</strong></span> <span class='ocrx_word' id='word_1_103' title='bbox 990 1443 1054 1497; x_wconf 91' lang='lat' dir='ltr'><strong>Et</strong></span> <span class='ocrx_word' id='word_1_104' title='bbox 1076 1443 1206 1498; x_wconf 80' lang='lat' dir='ltr'><strong>alibi</strong></span> <span class='ocrx_word' id='word_1_105' title='bbox 1229 1459 1241 1496; x_wconf 92' lang='lat'><strong>:</strong></span> <span class='ocrx_word' id='word_1_106' title='bbox 1272 1442 1488 1514; x_wconf 79' lang='lat' dir='ltr'><strong>Oportet</strong></span> <span class='ocrx_word' id='word_1_107' title='bbox 1509 1446 1644 1499; x_wconf 85' lang='lat' dir='ltr'><strong>enim</strong></span> <span class='ocrx_word' id='word_1_108' title='bbox 1665 1461 1786 1500; x_wconf 91' lang='lat' dir='ltr'><strong>eum</strong></span> <span class='ocrx_word' id='word_1_109' title='bbox 1812 1461 2045 1517; x_wconf 85' lang='lat' dir='ltr'><strong>regnare,</strong></span> 
     </span>
    </p>
   </div>
   <div class='ocr_carea' id='block_1_16' title="bbox 447 1533 2044 1608">
    <p class='ocr_par' dir='ltr' id='par_1_16' title="bbox 447 1533 2044 1608">
     <span class='ocr_line' id='line_1_16' title="bbox 447 1533 2044 1608; baseline -0.001 -20"><span class='ocrx_word' id='word_1_110' title='bbox 447 1534 612 1588; x_wconf 87' lang='lat' dir='ltr'><strong>donec</strong></span> <span class='ocrx_word' id='word_1_111' title='bbox 659 1543 816 1604; x_wconf 89' lang='lat' dir='ltr'><strong>ponat</strong></span> <span class='ocrx_word' id='word_1_112' title='bbox 863 1550 1038 1588; x_wconf 88' lang='lat' dir='ltr'><strong>omnes</strong></span> <span class='ocrx_word' id='word_1_113' title='bbox 1068 1536 1302 1590; x_wconf 84' lang='lat' dir='ltr'><strong>inimicos</strong></span> <span class='ocrx_word' id='word_1_114' title='bbox 1329 1535 1420 1590; x_wconf 89' lang='lat' dir='ltr'><strong>sub</strong></span> <span class='ocrx_word' id='word_1_115' title='bbox 1448 1534 1664 1608; x_wconf 78' lang='lat' dir='ltr'><strong>pedibus</strong></span> <span class='ocrx_word' id='word_1_116' title='bbox 1711 1538 1821 1606; x_wconf 84' lang='lat' dir='ltr'><strong>ejus</strong></span> <span class='ocrx_word' id='word_1_117' title='bbox 1855 1533 1897 1606; x_wconf 93' lang='lat' dir='ltr'><strong>(l</strong></span> <span class='ocrx_word' id='word_1_118' title='bbox 1924 1533 2044 1588; x_wconf 84' lang='lat' dir='ltr'><strong>Cor.</strong></span> 
     </span>
    </p>
   </div>
   <div class='ocr_carea' id='block_1_17' title="bbox 444 1622 2049 1697">
    <p class='ocr_par' dir='ltr' id='par_1_17' title="bbox 444 1622 2049 1697">
     <span class='ocr_line' id='line_1_17' title="bbox 444 1622 2049 1697; baseline -0.001 -17"><span class='ocrx_word' id='word_1_119' title='bbox 444 1642 536 1691; x_wconf 71' lang='lat' dir='ltr'><strong>sv,</strong></span> <span class='ocrx_word' id='word_1_120' title='bbox 564 1622 690 1696; x_wconf 75' lang='lat'><strong>25):</strong></span> <span class='ocrx_word' id='word_1_121' title='bbox 723 1634 838 1680; x_wconf 76' lang='lat' dir='ltr'><strong>non</strong></span> <span class='ocrx_word' id='word_1_122' title='bbox 867 1641 1202 1697; x_wconf 89' lang='lat' dir='ltr'><strong>magnopere</strong></span> <span class='ocrx_word' id='word_1_123' title='bbox 1235 1627 1434 1695; x_wconf 63' lang='lat' dir='ltr'><strong>quaerit</strong></span> <span class='ocrx_word' id='word_1_124' title='bbox 1473 1628 1852 1696; x_wconf 88' lang='lat' dir='ltr'><strong>interpretem,</strong></span> <span class='ocrx_word' id='word_1_125' title='bbox 1886 1633 1947 1680; x_wconf 91' lang='lat' dir='ltr'><strong>ut</strong></span> <span class='ocrx_word' id='word_1_126' title='bbox 1984 1639 2049 1680; x_wconf 89' lang='lat' dir='ltr'><strong>ea</strong></span> 
     </span>
    </p>
   </div>
   <div class='ocr_carea' id='block_1_18' title="bbox 448 1718 2052 1789">
    <p class='ocr_par' dir='ltr' id='par_1_18' title="bbox 448 1718 2052 1789">
     <span class='ocr_line' id='line_1_18' title="bbox 448 1718 2052 1789; baseline 0 -16"><span class='ocrx_word' id='word_1_127' title='bbox 448 1735 573 1788; x_wconf 72' lang='lat' dir='ltr'><strong>qua:</strong></span> <span class='ocrx_word' id='word_1_128' title='bbox 615 1719 834 1774; x_wconf 92' lang='lat' dir='ltr'><strong>inimica</strong></span> <span class='ocrx_word' id='word_1_129' title='bbox 874 1728 1023 1787; x_wconf 89' lang='lat' dir='ltr'><strong>sunt,</strong></span> <span class='ocrx_word' id='word_1_130' title='bbox 1064 1735 1184 1775; x_wconf 91' lang='lat' dir='ltr'><strong>eum</strong></span> <span class='ocrx_word' id='word_1_131' title='bbox 1215 1719 1418 1774; x_wconf 89' lang='lat' dir='ltr'><strong>fuerint</strong></span> <span class='ocrx_word' id='word_1_132' title='bbox 1444 1729 1723 1789; x_wconf 86' lang='lat' dir='ltr'><strong>superata,</strong></span> <span class='ocrx_word' id='word_1_133' title='bbox 1756 1718 2052 1789; x_wconf 74' lang='lat' dir='ltr'><strong>subjicien-</strong></span> 
     </span>
    </p>
   </div>
   <div class='ocr_carea' id='block_1_19' title="bbox 2143 503 3740 578">
    <p class='ocr_par' dir='ltr' id='par_1_19' title="bbox 2143 503 3740 578">
     <span class='ocr_line' id='line_1_19' title="bbox 2143 503 3740 578; baseline -0.001 -19"><span class='ocrx_word' id='word_1_134' title='bbox 2143 503 2553 561; x_wconf 75' lang='lat' dir='ltr'><strong>luszbocentcs</strong></span> <span class='ocrx_word' id='word_1_135' title='bbox 2601 522 2803 562; x_wconf 90' lang='lat' dir='ltr'><strong>omnem</strong></span> <span class='ocrx_word' id='word_1_136' title='bbox 2862 505 3122 562; x_wconf 84' lang='lat' dir='ltr'><strong>hominem</strong></span> <span class='ocrx_word' id='word_1_137' title='bbox 3146 505 3372 578; x_wconf 85' lang='lat' dir='ltr'><strong>(Coloss.</strong></span> <span class='ocrx_word' id='word_1_138' title='bbox 3400 521 3480 574; x_wconf 89' lang='grc' dir='ltr'>ιιι,</span> <span class='ocrx_word' id='word_1_139' title='bbox 3515 505 3627 576; x_wconf 82' lang='grc'>16).</span> <span class='ocrx_word' id='word_1_140' title='bbox 3677 503 3740 558; x_wconf 83' lang='grc' dir='ltr'>Ει</span> 
     </span>
    </p>
   </div>
   <div class='ocr_carea' id='block_1_20' title="bbox 2142 595 3740 669">
    <p class='ocr_par' dir='ltr' id='par_1_20' title="bbox 2142 595 3740 669">
     <span class='ocr_line' id='line_1_20' title="bbox 2142 595 3740 669; baseline -0.001 -15"><span class='ocrx_word' id='word_1_141' title='bbox 2142 613 2383 669; x_wconf 89' lang='lat' dir='ltr'><strong>rursum,</strong></span> <span class='ocrx_word' id='word_1_142' title='bbox 2451 610 2830 655; x_wconf 88' lang='lat' dir='ltr'><strong>commonentes</strong></span> <span class='ocrx_word' id='word_1_143' title='bbox 2889 616 3092 655; x_wconf 85' lang='lat' dir='ltr'><strong>onmem</strong></span> <span class='ocrx_word' id='word_1_144' title='bbox 3122 599 3381 654; x_wconf 78' lang='lat' dir='ltr'><strong>hominem</strong></span> <span class='ocrx_word' id='word_1_145' title='bbox 3412 615 3432 654; x_wconf 92' lang='lat'><strong><em>:</em></strong></span> <span class='ocrx_word' id='word_1_146' title='bbox 3459 615 3566 654; x_wconf 91' lang='lat' dir='ltr'><strong>non</strong></span> <span class='ocrx_word' id='word_1_147' title='bbox 3599 595 3740 668; x_wconf 77' lang='lat' dir='ltr'><strong>quod</strong></span> 
     </span>
    </p>
   </div>
   <div class='ocr_carea' id='block_1_21' title="bbox 2144 693 3740 766">
    <p class='ocr_par' dir='ltr' id='par_1_21' title="bbox 2144 693 3740 766">
     <span class='ocr_line' id='line_1_21' title="bbox 2144 693 3740 766; baseline 0.002 -20"><span class='ocrx_word' id='word_1_148' title='bbox 2144 708 2336 748; x_wconf 87' lang='lat' dir='ltr'><strong>omnes</strong></span> <span class='ocrx_word' id='word_1_149' title='bbox 2360 693 2610 750; x_wconf 87' lang='lat' dir='ltr'><strong>homines</strong></span> <span class='ocrx_word' id='word_1_150' title='bbox 2630 694 2916 751; x_wconf 91' lang='lat' dir='ltr'><strong>docuerit:</strong></span> <span class='ocrx_word' id='word_1_151' title='bbox 2939 696 3126 766; x_wconf 83' lang='lat' dir='ltr'><strong>quanti</strong></span> <span class='ocrx_word' id='word_1_152' title='bbox 3151 696 3296 751; x_wconf 90' lang='lat' dir='ltr'><strong>enim</strong></span> <span class='ocrx_word' id='word_1_153' title='bbox 3316 704 3445 750; x_wconf 91' lang='lat' dir='ltr'><strong>sunt</strong></span> <span class='ocrx_word' id='word_1_154' title='bbox 3462 694 3553 765; x_wconf 91' lang='lat' dir='ltr'><strong>qui</strong></span> <span class='ocrx_word' id='word_1_155' title='bbox 3571 708 3740 763; x_wconf 84' lang='lat' dir='ltr'><strong>usque</strong></span> 
     </span>
    </p>
   </div>
   <div class='ocr_carea' id='block_1_22' title="bbox 2150 785 3738 859">
    <p class='ocr_par' dir='ltr' id='par_1_22' title="bbox 2150 785 3738 859">
     <span class='ocr_line' id='line_1_22' title="bbox 2150 785 3738 859; baseline 0.001 -21"><span class='ocrx_word' id='word_1_156' title='bbox 2150 785 2312 841; x_wconf 90' lang='lat' dir='ltr'><strong>hodie</strong></span> <span class='ocrx_word' id='word_1_157' title='bbox 2341 803 2443 843; x_wconf 86' lang='lat' dir='ltr'><strong>nec</strong></span> <span class='ocrx_word' id='word_1_158' title='bbox 2470 787 2774 843; x_wconf 85' lang='lat' dir='ltr'><strong>doctrinam</strong></span> <span class='ocrx_word' id='word_1_159' title='bbox 2806 788 3054 859; x_wconf 83' lang='lat' dir='ltr'><strong>Apostoli</strong></span> <span class='ocrx_word' id='word_1_160' title='bbox 3078 787 3322 854; x_wconf 85' lang='lat' dir='ltr'><strong>audiere,</strong></span> <span class='ocrx_word' id='word_1_161' title='bbox 3353 802 3454 844; x_wconf 92' lang='lat' dir='ltr'><strong>nec</strong></span> <span class='ocrx_word' id='word_1_162' title='bbox 3500 799 3738 851; x_wconf 83' lang='lat' dir='ltr'><strong>nomen;</strong></span> 
     </span>
    </p>
   </div>
   <div class='ocr_carea' id='block_1_23' title="bbox 2144 877 3741 952">
    <p class='ocr_par' dir='ltr' id='par_1_23' title="bbox 2144 877 3741 952">
     <span class='ocr_line' id='line_1_23' title="bbox 2144 877 3741 952; baseline 0 -18"><span class='ocrx_word' id='word_1_163' title='bbox 2144 878 2240 934; x_wconf 90' lang='lat' dir='ltr'><strong>sed</strong></span> <span class='ocrx_word' id='word_1_164' title='bbox 2269 879 2410 950; x_wconf 89' lang='lat' dir='ltr'><strong>quod</strong></span> <span class='ocrx_word' id='word_1_165' title='bbox 2442 894 2539 936; x_wconf 90' lang='lat' dir='ltr'><strong>eos</strong></span> <span class='ocrx_word' id='word_1_166' title='bbox 2567 895 2760 936; x_wconf 90' lang='lat' dir='ltr'><strong>omnes</strong></span> <span class='ocrx_word' id='word_1_167' title='bbox 2783 881 2982 937; x_wconf 87' lang='lat' dir='ltr'><strong>doceat</strong></span> <span class='ocrx_word' id='word_1_168' title='bbox 3011 889 3068 936; x_wconf 88' lang='lat' dir='ltr'><strong>et</strong></span> <span class='ocrx_word' id='word_1_169' title='bbox 3091 880 3400 948; x_wconf 82' lang='lat' dir='ltr'><strong>admoneat,</strong></span> <span class='ocrx_word' id='word_1_170' title='bbox 3442 879 3535 952; x_wconf 90' lang='lat' dir='ltr'><strong>qui</strong></span> <span class='ocrx_word' id='word_1_171' title='bbox 3566 879 3619 934; x_wconf 93' lang='lat' dir='ltr'><strong>in</strong></span> <span class='ocrx_word' id='word_1_172' title='bbox 3644 877 3741 934; x_wconf 86' lang='lat' dir='ltr'><strong>Ec-</strong></span> 
     </span>
    </p>
   </div>
   <div class='ocr_carea' id='block_1_24' title="bbox 2145 971 3738 1044">
    <p class='ocr_par' dir='ltr' id='par_1_24' title="bbox 2145 971 3738 1044">
     <span class='ocr_line' id='line_1_24' title="bbox 2145 971 3738 1044; baseline 0 -18"><span class='ocrx_word' id='word_1_173' title='bbox 2145 971 2315 1026; x_wconf 89' lang='lat' dir='ltr'><strong>clesia</strong></span> <span class='ocrx_word' id='word_1_174' title='bbox 2330 982 2478 1040; x_wconf 91' lang='lat' dir='ltr'><strong>sunt,</strong></span> <span class='ocrx_word' id='word_1_175' title='bbox 2509 982 2566 1028; x_wconf 92' lang='lat' dir='ltr'><strong>et</strong></span> <span class='ocrx_word' id='word_1_176' title='bbox 2593 973 2824 1044; x_wconf 91' lang='lat' dir='ltr'><strong>cupiunt</strong></span> <span class='ocrx_word' id='word_1_177' title='bbox 2852 972 2996 1029; x_wconf 91' lang='lat' dir='ltr'><strong>scire</strong></span> <span class='ocrx_word' id='word_1_178' title='bbox 3017 987 3138 1044; x_wconf 68' lang='lat' dir='ltr'><strong>quae</strong></span> <span class='ocrx_word' id='word_1_179' title='bbox 3165 972 3260 1029; x_wconf 90' lang='lat' dir='ltr'><strong>Dei</strong></span> <span class='ocrx_word' id='word_1_180' title='bbox 3282 982 3429 1028; x_wconf 88' lang='lat' dir='ltr'><strong>sunt.</strong></span> <span class='ocrx_word' id='word_1_181' title='bbox 3459 971 3738 1040; x_wconf 86' lang='lat' dir='ltr'><strong>Sequitur:</strong></span> 
     </span>
    </p>
   </div>
   <div class='ocr_carea' id='block_1_25' title="bbox 2148 1063 3742 1138">
    <p class='ocr_par' dir='ltr' id='par_1_25' title="bbox 2148 1063 3742 1138">
     <span class='ocr_line' id='line_1_25' title="bbox 2148 1063 3742 1138; baseline 0.003 -20"><span class='ocrx_word' id='word_1_182' title='bbox 2148 1063 2435 1120; x_wconf 81' lang='lat' dir='ltr'><strong>Plenitudo</strong></span> <span class='ocrx_word' id='word_1_183' title='bbox 2462 1069 2574 1138; x_wconf 87' lang='lat' dir='ltr'><strong>ejus</strong></span> <span class='ocrx_word' id='word_1_184' title='bbox 2586 1068 2863 1136; x_wconf 86' lang='lat' dir='ltr'><strong>quiomnia</strong></span> <span class='ocrx_word' id='word_1_185' title='bbox 2880 1068 2935 1122; x_wconf 88' lang='lat' dir='ltr'><strong>in</strong></span> <span class='ocrx_word' id='word_1_186' title='bbox 2959 1067 3197 1122; x_wconf 80' lang='lat' dir='ltr'><strong>omnibus</strong></span> <span class='ocrx_word' id='word_1_187' title='bbox 3223 1066 3562 1137; x_wconf 87' lang='lat' dir='ltr'><strong>adimpletur.</strong></span> <span class='ocrx_word' id='word_1_188' title='bbox 3588 1063 3742 1133; x_wconf 73' lang='lat' dir='ltr'><strong>Quod</strong></span> 
     </span>
    </p>
   </div>
   <div class='ocr_carea' id='block_1_26' title="bbox 2147 1155 3742 1231">
    <p class='ocr_par' dir='ltr' id='par_1_26' title="bbox 2147 1155 3742 1231">
     <span class='ocr_line' id='line_1_26' title="bbox 2147 1155 3742 1231; baseline 0.004 -22"><span class='ocrx_word' id='word_1_189' title='bbox 2147 1155 2367 1226; x_wconf 83' lang='lat' dir='ltr'><strong>quidem</strong></span> <span class='ocrx_word' id='word_1_190' title='bbox 2422 1158 2500 1213; x_wconf 91' lang='lat' dir='ltr'><strong>sic</strong></span> <span class='ocrx_word' id='word_1_191' title='bbox 2552 1159 2951 1229; x_wconf 89' lang='lat' dir='ltr'><strong>accipiendum,</strong></span> <span class='ocrx_word' id='word_1_192' title='bbox 2983 1161 3441 1231; x_wconf 86' lang='lat' dir='ltr'><strong>quemadmodum</strong></span> <span class='ocrx_word' id='word_1_193' title='bbox 3468 1168 3525 1216; x_wconf 92' lang='lat' dir='ltr'><strong>et</strong></span> <span class='ocrx_word' id='word_1_194' title='bbox 3555 1159 3692 1216; x_wconf 90' lang='lat' dir='ltr'><strong>illud</strong></span> <span class='ocrx_word' id='word_1_195' title='bbox 3728 1179 3742 1216; x_wconf 93' lang='lat'><strong>:</strong></span> 
     </span>
    </p>
   </div>
   <div class='ocr_carea' id='block_1_27' title="bbox 2148 1246 3743 1327">
    <p class='ocr_par' dir='ltr' id='par_1_27' title="bbox 2148 1246 3743 1327">
     <span class='ocr_line' id='line_1_27' title="bbox 2148 1246 3743 1327; baseline 0.004 -25"><span class='ocrx_word' id='word_1_196' title='bbox 2148 1246 2296 1303; x_wconf 86' lang='lat' dir='ltr'><strong>Tunc</strong></span> <span class='ocrx_word' id='word_1_197' title='bbox 2320 1251 2619 1322; x_wconf 87' lang='lat' dir='ltr'><strong>subjicietur</strong></span> <span class='ocrx_word' id='word_1_198' title='bbox 2644 1253 2692 1305; x_wconf 93' lang='lat' dir='ltr'><strong>ei</strong></span> <span class='ocrx_word' id='word_1_199' title='bbox 2713 1252 2801 1322; x_wconf 90' lang='lat' dir='ltr'><strong>qui</strong></span> <span class='ocrx_word' id='word_1_200' title='bbox 2823 1252 2922 1308; x_wconf 91' lang='lat' dir='ltr'><strong>sibi</strong></span> <span class='ocrx_word' id='word_1_201' title='bbox 2948 1253 3165 1327; x_wconf 81' lang='lat' dir='ltr'><strong>subjecit</strong></span> <span class='ocrx_word' id='word_1_202' title='bbox 3195 1254 3391 1320; x_wconf 84' lang='lat' dir='ltr'><strong>omnia,</strong></span> <span class='ocrx_word' id='word_1_203' title='bbox 3423 1261 3477 1307; x_wconf 88' lang='lat' dir='ltr'><strong>ut</strong></span> <span class='ocrx_word' id='word_1_204' title='bbox 3507 1253 3572 1308; x_wconf 89' lang='lat' dir='ltr'><strong>sit</strong></span> <span class='ocrx_word' id='word_1_205' title='bbox 3605 1251 3743 1308; x_wconf 85' lang='lat' dir='ltr'><strong>Deus</strong></span> 
     </span>
    </p>
   </div>
   <div class='ocr_carea' id='block_1_28' title="bbox 2151 1343 3746 1418">
    <p class='ocr_par' dir='ltr' id='par_1_28' title="bbox 2151 1343 3746 1418">
     <span class='ocr_line' id='line_1_28' title="bbox 2151 1343 3746 1418; baseline 0.003 -23"><span class='ocrx_word' id='word_1_206' title='bbox 2151 1344 2323 1397; x_wconf 83' lang='lat' dir='ltr'><strong>omnia</strong></span> <span class='ocrx_word' id='word_1_207' title='bbox 2349 1344 2404 1397; x_wconf 89' lang='lat' dir='ltr'><strong>in</strong></span> <span class='ocrx_word' id='word_1_208' title='bbox 2434 1343 2668 1399; x_wconf 87' lang='lat' dir='ltr'><strong>omnibus</strong></span> <span class='ocrx_word' id='word_1_209' title='bbox 2707 1345 2751 1416; x_wconf 91' lang='lat' dir='ltr'><strong>(l</strong></span> <span class='ocrx_word' id='word_1_210' title='bbox 2781 1344 2902 1401; x_wconf 86' lang='lat' dir='ltr'><strong>Cor.</strong></span> <span class='ocrx_word' id='word_1_211' title='bbox 2950 1362 3040 1414; x_wconf 87' lang='lat' dir='ltr'><strong>xv,</strong></span> <span class='ocrx_word' id='word_1_212' title='bbox 3091 1345 3205 1418; x_wconf 73' lang='lat'><strong>28).</strong></span> <span class='ocrx_word' id='word_1_213' title='bbox 3240 1345 3393 1402; x_wconf 90' lang='lat' dir='ltr'><strong>Nune</strong></span> <span class='ocrx_word' id='word_1_214' title='bbox 3419 1347 3566 1402; x_wconf 90' lang='lat' dir='ltr'><strong>enim</strong></span> <span class='ocrx_word' id='word_1_215' title='bbox 3598 1344 3746 1401; x_wconf 86' lang='lat' dir='ltr'><strong>Deus</strong></span> 
     </span>
    </p>
   </div>
   <div class='ocr_carea' id='block_1_29' title="bbox 2151 1437 3745 1510">
    <p class='ocr_par' dir='ltr' id='par_1_29' title="bbox 2151 1437 3745 1510">
     <span class='ocr_line' id='line_1_29' title="bbox 2151 1437 3745 1510; baseline -0.002 -16"><span class='ocrx_word' id='word_1_216' title='bbox 2151 1453 2248 1508; x_wconf 89' lang='lat' dir='ltr'><strong>per</strong></span> <span class='ocrx_word' id='word_1_217' title='bbox 2297 1445 2478 1508; x_wconf 89' lang='lat' dir='ltr'><strong>partes</strong></span> <span class='ocrx_word' id='word_1_218' title='bbox 2525 1439 2578 1494; x_wconf 93' lang='lat' dir='ltr'><strong>in</strong></span> <span class='ocrx_word' id='word_1_219' title='bbox 2626 1437 2860 1510; x_wconf 78' lang='lat' dir='ltr'><strong>singulis</strong></span> <span class='ocrx_word' id='word_1_220' title='bbox 2911 1450 3018 1509; x_wconf 89' lang='lat' dir='ltr'><strong>est,</strong></span> <span class='ocrx_word' id='word_1_221' title='bbox 3064 1439 3116 1493; x_wconf 93' lang='lat' dir='ltr'><strong>in</strong></span> <span class='ocrx_word' id='word_1_222' title='bbox 3149 1438 3258 1494; x_wconf 89' lang='lat' dir='ltr'><strong>alio</strong></span> <span class='ocrx_word' id='word_1_223' title='bbox 3281 1437 3520 1509; x_wconf 88' lang='lat' dir='ltr'><strong>justitia,</strong></span> <span class='ocrx_word' id='word_1_224' title='bbox 3557 1438 3612 1494; x_wconf 92' lang='lat' dir='ltr'><strong>in</strong></span> <span class='ocrx_word' id='word_1_225' title='bbox 3637 1437 3745 1493; x_wconf 90' lang='lat' dir='ltr'><strong>alio</strong></span> 
     </span>
    </p>
   </div>
   <div class='ocr_carea' id='block_1_30' title="bbox 2151 1530 3744 1604">
    <p class='ocr_par' dir='ltr' id='par_1_30' title="bbox 2151 1530 3744 1604">
     <span class='ocr_line' id='line_1_30' title="bbox 2151 1530 3744 1604; baseline 0 -18"><span class='ocrx_word' id='word_1_226' title='bbox 2151 1532 2398 1597; x_wconf 88' lang='lat' dir='ltr'><strong>castitas,</strong></span> <span class='ocrx_word' id='word_1_227' title='bbox 2459 1531 2512 1587; x_wconf 94' lang='lat' dir='ltr'><strong>in</strong></span> <span class='ocrx_word' id='word_1_228' title='bbox 2556 1532 2665 1588; x_wconf 85' lang='lat' dir='ltr'><strong>alio</strong></span> <span class='ocrx_word' id='word_1_229' title='bbox 2697 1532 3080 1604; x_wconf 86' lang='lat' dir='ltr'><strong>temperantia,</strong></span> <span class='ocrx_word' id='word_1_230' title='bbox 3123 1532 3176 1586; x_wconf 93' lang='lat' dir='ltr'><strong>in</strong></span> <span class='ocrx_word' id='word_1_231' title='bbox 3215 1531 3324 1588; x_wconf 90' lang='lat' dir='ltr'><strong>alio</strong></span> <span class='ocrx_word' id='word_1_232' title='bbox 3366 1530 3662 1600; x_wconf 87' lang='lat' dir='ltr'><strong>sapientia,</strong></span> <span class='ocrx_word' id='word_1_233' title='bbox 3694 1530 3744 1586; x_wconf 93' lang='lat' dir='ltr'><strong>in</strong></span> 
     </span>
    </p>
   </div>
   <div class='ocr_carea' id='block_1_31' title="bbox 2151 1621 3750 1682">
    <p class='ocr_par' dir='ltr' id='par_1_31' title="bbox 2151 1621 3750 1682">
     <span class='ocr_line' id='line_1_31' title="bbox 2151 1621 3750 1682; baseline -0.001 -4"><span class='ocrx_word' id='word_1_234' title='bbox 2151 1624 2260 1678; x_wconf 88' lang='lat' dir='ltr'><strong>alio</strong></span> <span class='ocrx_word' id='word_1_235' title='bbox 2283 1624 2542 1679; x_wconf 78' lang='lat' dir='ltr'><strong>fortitudo</strong></span> <span class='ocrx_word' id='word_1_236' title='bbox 2575 1634 2666 1680; x_wconf 88' lang='lat' dir='ltr'><strong>:et</strong></span> <span class='ocrx_word' id='word_1_237' title='bbox 2687 1623 2911 1682; x_wconf 84' lang='lat' dir='ltr'><strong>difﬁcile</strong></span> <span class='ocrx_word' id='word_1_238' title='bbox 2947 1634 3033 1681; x_wconf 91' lang='lat' dir='ltr'><strong>est</strong></span> <span class='ocrx_word' id='word_1_239' title='bbox 3062 1623 3230 1681; x_wconf 90' lang='lat' dir='ltr'><strong>etiam</strong></span> <span class='ocrx_word' id='word_1_240' title='bbox 3255 1624 3310 1679; x_wconf 94' lang='lat' dir='ltr'><strong>in</strong></span> <span class='ocrx_word' id='word_1_241' title='bbox 3348 1621 3559 1680; x_wconf 88' lang='lat' dir='ltr'><strong>sanctis</strong></span> <span class='ocrx_word' id='word_1_242' title='bbox 3615 1622 3750 1680; x_wconf 85' lang='lat' dir='ltr'><strong>viris</strong></span> 
     </span>
    </p>
   </div>
   <div class='ocr_carea' id='block_1_32' title="bbox 2153 1715 3748 1789">
    <p class='ocr_par' dir='ltr' id='par_1_32' title="bbox 2153 1715 3748 1789">
     <span class='ocr_line' id='line_1_32' title="bbox 2153 1715 3748 1789; baseline -0.001 -17"><span class='ocrx_word' id='word_1_243' title='bbox 2153 1728 2318 1789; x_wconf 89' lang='lat' dir='ltr'><strong>atque</strong></span> <span class='ocrx_word' id='word_1_244' title='bbox 2349 1717 2606 1788; x_wconf 87' lang='lat' dir='ltr'><strong>perfectis</strong></span> <span class='ocrx_word' id='word_1_245' title='bbox 2629 1733 2819 1774; x_wconf 88' lang='lat' dir='ltr'><strong>omnes</strong></span> <span class='ocrx_word' id='word_1_246' title='bbox 2849 1718 3053 1789; x_wconf 87' lang='lat' dir='ltr'><strong>pariter</strong></span> <span class='ocrx_word' id='word_1_247' title='bbox 3081 1733 3205 1774; x_wconf 90' lang='lat' dir='ltr'><strong>esse</strong></span> <span class='ocrx_word' id='word_1_248' title='bbox 3229 1715 3481 1773; x_wconf 78' lang='lat' dir='ltr'><strong>virtutes.</strong></span> <span class='ocrx_word' id='word_1_249' title='bbox 3497 1715 3634 1772; x_wconf 85' lang='lat' dir='ltr'><strong>Cum</strong></span> <span class='ocrx_word' id='word_1_250' title='bbox 3651 1732 3748 1771; x_wconf 91' lang='lat' dir='ltr'><strong>au-</strong></span> 
     </span>
    </p>
   </div>
   <div class='ocr_carea' id='block_1_33' title="bbox 453 1808 3750 1884">
    <p class='ocr_par' dir='ltr' id='par_1_33' title="bbox 453 1808 3750 1884">
     <span class='ocr_line' id='line_1_33' title="bbox 453 1808 3750 1884; baseline -0 -18"><span class='ocrx_word' id='word_1_251' title='bbox 453 1822 541 1868; x_wconf 87' lang='lat' dir='ltr'><strong>tur</strong></span> <span class='ocrx_word' id='word_1_252' title='bbox 567 1813 796 1883; x_wconf 86' lang='lat' dir='ltr'><strong>pedibus</strong></span> <span class='ocrx_word' id='word_1_253' title='bbox 823 1813 964 1883; x_wconf 89' lang='lat' dir='ltr'><strong>ejus,</strong></span> <span class='ocrx_word' id='word_1_254' title='bbox 995 1824 1050 1869; x_wconf 89' lang='lat' dir='ltr'><strong>et</strong></span> <span class='ocrx_word' id='word_1_255' title='bbox 1078 1814 1129 1868; x_wconf 92' lang='lat' dir='ltr'><strong>in</strong></span> <span class='ocrx_word' id='word_1_256' title='bbox 1156 1815 1376 1870; x_wconf 88' lang='lat' dir='ltr'><strong>victoris</strong></span> <span class='ocrx_word' id='word_1_257' title='bbox 1400 1822 1680 1869; x_wconf 89' lang='lat' dir='ltr'><strong>transeant</strong></span> <span class='ocrx_word' id='word_1_258' title='bbox 1700 1822 2045 1884; x_wconf 88' lang='lat' dir='ltr'><strong>potestatem.</strong></span> <span class='ocrx_word' id='word_1_259' title='bbox 2080 1813 2129 1876; x_wconf 87' lang='lat' dir='ltr'><strong>B</strong></span> <span class='ocrx_word' id='word_1_260' title='bbox 2157 1819 2263 1866; x_wconf 90' lang='lat' dir='ltr'><strong>tem</strong></span> <span class='ocrx_word' id='word_1_261' title='bbox 2296 1811 2348 1865; x_wconf 93' lang='lat' dir='ltr'><strong>in</strong></span> <span class='ocrx_word' id='word_1_262' title='bbox 2383 1810 2545 1866; x_wconf 85' lang='lat' dir='ltr'><strong>tinem</strong></span> <span class='ocrx_word' id='word_1_263' title='bbox 2604 1826 2813 1878; x_wconf 90' lang='lat' dir='ltr'><strong>rerum,</strong></span> <span class='ocrx_word' id='word_1_264' title='bbox 2843 1819 2900 1868; x_wconf 91' lang='lat' dir='ltr'><strong>et</strong></span> <span class='ocrx_word' id='word_1_265' title='bbox 2925 1810 3401 1866; x_wconf 86' lang='lat' dir='ltr'><strong>consummatione</strong></span> <span class='ocrx_word' id='word_1_266' title='bbox 3435 1808 3650 1876; x_wconf 90' lang='lat' dir='ltr'><strong>mundi,</strong></span> <span class='ocrx_word' id='word_1_267' title='bbox 3701 1808 3750 1866; x_wconf 91' lang='lat' dir='ltr'><strong>ei</strong></span> 
     </span>
    </p>
   </div>
   <div class='ocr_carea' id='block_1_34' title="bbox 445 1905 2048 1978">
    <p class='ocr_par' dir='ltr' id='par_1_34' title="bbox 445 1905 2048 1978">
     <span class='ocr_line' id='line_1_34' title="bbox 445 1905 2048 1978; baseline 0.004 -24"><span class='ocrx_word' id='word_1_268' title='bbox 445 1906 558 1960; x_wconf 83' lang='lat' dir='ltr'><strong>Cur</strong></span> <span class='ocrx_word' id='word_1_269' title='bbox 587 1914 770 1960; x_wconf 89' lang='lat' dir='ltr'><strong>autem</strong></span> <span class='ocrx_word' id='word_1_270' title='bbox 818 1909 1024 1971; x_wconf 87' lang='lat' dir='ltr'><strong>omnia,</strong></span> <span class='ocrx_word' id='word_1_271' title='bbox 1055 1905 1106 1960; x_wconf 89' lang='lat' dir='ltr'><strong>id</strong></span> <span class='ocrx_word' id='word_1_272' title='bbox 1155 1916 1260 1973; x_wconf 90' lang='lat' dir='ltr'><strong>est,</strong></span> <span class='ocrx_word' id='word_1_273' title='bbox 1306 1905 1523 1978; x_wconf 89' lang='lat' dir='ltr'><strong>angeli,</strong></span> <span class='ocrx_word' id='word_1_274' title='bbox 1555 1905 1762 1971; x_wconf 86' lang='lat' dir='ltr'><strong>throni,</strong></span> <span class='ocrx_word' id='word_1_275' title='bbox 1793 1906 2048 1961; x_wconf 89' lang='lat' dir='ltr'><strong>domina-</strong></span> 
     </span>
    </p>
   </div>
   <div class='ocr_carea' id='block_1_35' title="bbox 452 1998 2052 2070">
    <p class='ocr_par' dir='ltr' id='par_1_35' title="bbox 452 1998 2052 2070">
     <span class='ocr_line' id='line_1_35' title="bbox 452 1998 2052 2070; baseline 0.001 -17"><span class='ocrx_word' id='word_1_276' title='bbox 452 1998 650 2064; x_wconf 88' lang='lat' dir='ltr'><strong>tiones,</strong></span> <span class='ocrx_word' id='word_1_277' title='bbox 702 2007 1026 2068; x_wconf 88' lang='lat' dir='ltr'><strong>potestates,</strong></span> <span class='ocrx_word' id='word_1_278' title='bbox 1077 2007 1134 2054; x_wconf 93' lang='lat' dir='ltr'><strong>et</strong></span> <span class='ocrx_word' id='word_1_279' title='bbox 1177 1999 1412 2054; x_wconf 85' lang='lat' dir='ltr'><strong>virtutes</strong></span> <span class='ocrx_word' id='word_1_280' title='bbox 1457 2009 1695 2066; x_wconf 73' lang='lat' dir='ltr'><strong>eceterae,</strong></span> <span class='ocrx_word' id='word_1_281' title='bbox 1744 2015 1864 2070; x_wconf 64' lang='lat' dir='ltr'><strong>quae</strong></span> <span class='ocrx_word' id='word_1_282' title='bbox 1894 2015 2052 2054; x_wconf 85' lang='lat' dir='ltr'><strong>num-</strong></span> 
     </span>
    </p>
   </div>
   <div class='ocr_carea' id='block_1_36' title="bbox 449 2091 2048 2164">
    <p class='ocr_par' dir='ltr' id='par_1_36' title="bbox 449 2091 2048 2164">
     <span class='ocr_line' id='line_1_36' title="bbox 449 2091 2048 2164; baseline 0 -17"><span class='ocrx_word' id='word_1_283' title='bbox 449 2107 612 2164; x_wconf 80' lang='lat' dir='ltr'><strong>quam</strong></span> <span class='ocrx_word' id='word_1_284' title='bbox 645 2091 860 2147; x_wconf 88' lang='lat' dir='ltr'><strong>fuerunt</strong></span> <span class='ocrx_word' id='word_1_285' title='bbox 886 2092 1175 2148; x_wconf 78' lang='lat' dir='ltr'><strong>contrariae</strong></span> <span class='ocrx_word' id='word_1_286' title='bbox 1199 2093 1332 2161; x_wconf 92' lang='lat' dir='ltr'><strong>Deo,</strong></span> <span class='ocrx_word' id='word_1_287' title='bbox 1348 2092 1467 2163; x_wconf 89' lang='lat' dir='ltr'><strong>ejus</strong></span> <span class='ocrx_word' id='word_1_288' title='bbox 1497 2092 1728 2163; x_wconf 90' lang='lat' dir='ltr'><strong>pedibus</strong></span> <span class='ocrx_word' id='word_1_289' title='bbox 1753 2092 2048 2162; x_wconf 74' lang='lat' dir='ltr'><strong>subjicien-</strong></span> 
     </span>
    </p>
   </div>
   <div class='ocr_carea' id='block_1_37' title="bbox 451 2185 2045 2257">
    <p class='ocr_par' dir='ltr' id='par_1_37' title="bbox 451 2185 2045 2257">
     <span class='ocr_line' id='line_1_37' title="bbox 451 2185 2045 2257; baseline 0 -17"><span class='ocrx_word' id='word_1_290' title='bbox 451 2195 562 2254; x_wconf 88' lang='lat' dir='ltr'><strong>tur,</strong></span> <span class='ocrx_word' id='word_1_291' title='bbox 616 2185 832 2242; x_wconf 86' lang='lat' dir='ltr'><strong>videtur</strong></span> <span class='ocrx_word' id='word_1_292' title='bbox 880 2186 1196 2242; x_wconf 89' lang='lat' dir='ltr'><strong>obscurum.</strong></span> <span class='ocrx_word' id='word_1_293' title='bbox 1232 2187 1418 2242; x_wconf 86' lang='lat' dir='ltr'><strong>Potest</strong></span> <span class='ocrx_word' id='word_1_294' title='bbox 1465 2187 1650 2256; x_wconf 87' lang='lat' dir='ltr'><strong>itaque</strong></span> <span class='ocrx_word' id='word_1_295' title='bbox 1703 2186 2045 2257; x_wconf 84' lang='lat' dir='ltr'><strong>responderi,</strong></span> 
     </span>
    </p>
   </div>
   <div class='ocr_carea' id='block_1_38' title="bbox 451 2279 2048 2353">
    <p class='ocr_par' dir='ltr' id='par_1_38' title="bbox 451 2279 2048 2353">
     <span class='ocr_line' id='line_1_38' title="bbox 451 2279 2048 2353; baseline 0.001 -18"><span class='ocrx_word' id='word_1_296' title='bbox 451 2280 596 2351; x_wconf 88' lang='lat' dir='ltr'><strong>quod</strong></span> <span class='ocrx_word' id='word_1_297' title='bbox 638 2280 847 2352; x_wconf 88' lang='lat' dir='ltr'><strong>absque</strong></span> <span class='ocrx_word' id='word_1_298' title='bbox 885 2290 1116 2351; x_wconf 91' lang='lat' dir='ltr'><strong>peccato</strong></span> <span class='ocrx_word' id='word_1_299' title='bbox 1155 2281 1335 2337; x_wconf 89' lang='lat' dir='ltr'><strong>nullus</strong></span> <span class='ocrx_word' id='word_1_300' title='bbox 1373 2279 1465 2347; x_wconf 90' lang='lat' dir='ltr'><strong>sit,</strong></span> <span class='ocrx_word' id='word_1_301' title='bbox 1497 2291 1551 2336; x_wconf 91' lang='lat' dir='ltr'><strong>et</strong></span> <span class='ocrx_word' id='word_1_302' title='bbox 1578 2281 1760 2337; x_wconf 89' lang='lat' dir='ltr'><strong>sidera</strong></span> <span class='ocrx_word' id='word_1_303' title='bbox 1791 2282 1907 2353; x_wconf 89' lang='lat' dir='ltr'><strong>ipsa</strong></span> <span class='ocrx_word' id='word_1_304' title='bbox 1938 2298 2048 2336; x_wconf 92' lang='lat' dir='ltr'><strong>non</strong></span> 
     </span>
    </p>
   </div>
   <div class='ocr_carea' id='block_1_39' title="bbox 446 2375 2047 2447">
    <p class='ocr_par' dir='ltr' id='par_1_39' title="bbox 446 2375 2047 2447">
     <span class='ocr_line' id='line_1_39' title="bbox 446 2375 2047 2447; baseline 0 -15"><span class='ocrx_word' id='word_1_305' title='bbox 446 2376 558 2432; x_wconf 85' lang='lat' dir='ltr'><strong>sint</strong></span> <span class='ocrx_word' id='word_1_306' title='bbox 603 2375 806 2432; x_wconf 87' lang='lat' dir='ltr'><strong>munda</strong></span> <span class='ocrx_word' id='word_1_307' title='bbox 837 2390 1023 2431; x_wconf 89' lang='lat' dir='ltr'><strong>coram</strong></span> <span class='ocrx_word' id='word_1_308' title='bbox 1059 2377 1190 2442; x_wconf 91' lang='lat' dir='ltr'><strong>Deo,</strong></span> <span class='ocrx_word' id='word_1_309' title='bbox 1240 2375 1530 2446; x_wconf 91' lang='lat' dir='ltr'><strong>omnisque</strong></span> <span class='ocrx_word' id='word_1_310' title='bbox 1571 2385 1821 2432; x_wconf 86' lang='lat' dir='ltr'><strong>creatura</strong></span> <span class='ocrx_word' id='word_1_311' title='bbox 1857 2386 2047 2447; x_wconf 87' lang='lat' dir='ltr'><strong>paveat</strong></span> 
     </span>
    </p>
   </div>
   <div class='ocr_carea' id='block_1_40' title="bbox 446 2465 2046 2538">
    <p class='ocr_par' dir='ltr' id='par_1_40' title="bbox 446 2465 2046 2538">
     <span class='ocr_line' id='line_1_40' title="bbox 446 2465 2046 2538; baseline -0.001 -15"><span class='ocrx_word' id='word_1_312' title='bbox 446 2469 731 2524; x_wconf 89' lang='lat' dir='ltr'><strong>Creatoris</strong></span> <span class='ocrx_word' id='word_1_313' title='bbox 771 2465 1066 2524; x_wconf 77' lang='lat' dir='ltr'><strong>ddventum</strong></span> <span class='ocrx_word' id='word_1_314' title='bbox 1109 2467 1253 2538; x_wconf 85' lang='lat' dir='ltr'><strong>(Job.</strong></span> <span class='ocrx_word' id='word_1_315' title='bbox 1281 2468 1392 2537; x_wconf 81' lang='lat' dir='ltr'><strong>xv).</strong></span> <span class='ocrx_word' id='word_1_316' title='bbox 1427 2467 1580 2523; x_wconf 91' lang='lat' dir='ltr'><strong>Unde</strong></span> <span class='ocrx_word' id='word_1_317' title='bbox 1606 2477 1661 2523; x_wconf 90' lang='lat' dir='ltr'><strong>et</strong></span> <span class='ocrx_word' id='word_1_318' title='bbox 1685 2483 1817 2524; x_wconf 86' lang='lat' dir='ltr'><strong>crux</strong></span> <span class='ocrx_word' id='word_1_319' title='bbox 1851 2468 2046 2524; x_wconf 57' lang='lat' dir='ltr'><strong>Salva.</strong></span> 
     </span>
    </p>
   </div>
   <div class='ocr_carea' id='block_1_41' title="bbox 449 2560 2046 2634">
    <p class='ocr_par' dir='ltr' id='par_1_41' title="bbox 449 2560 2046 2634">
     <span class='ocr_line' id='line_1_41' title="bbox 449 2560 2046 2634; baseline 0.002 -19"><span class='ocrx_word' id='word_1_320' title='bbox 449 2563 584 2616; x_wconf 91' lang='lat' dir='ltr'><strong>toris</strong></span> <span class='ocrx_word' id='word_1_321' title='bbox 614 2578 720 2616; x_wconf 88' lang='lat' dir='ltr'><strong>non</strong></span> <span class='ocrx_word' id='word_1_322' title='bbox 751 2562 928 2617; x_wconf 90' lang='lat' dir='ltr'><strong>solum</strong></span> <span class='ocrx_word' id='word_1_323' title='bbox 955 2577 1019 2618; x_wconf 89' lang='lat' dir='ltr'><strong>ea</strong></span> <span class='ocrx_word' id='word_1_324' title='bbox 1047 2576 1168 2633; x_wconf 79' lang='lat' dir='ltr'><strong>qua:</strong></span> <span class='ocrx_word' id='word_1_325' title='bbox 1195 2563 1249 2616; x_wconf 94' lang='lat' dir='ltr'><strong>in</strong></span> <span class='ocrx_word' id='word_1_326' title='bbox 1275 2569 1445 2628; x_wconf 87' lang='lat' dir='ltr'><strong>terra,</strong></span> <span class='ocrx_word' id='word_1_327' title='bbox 1469 2560 1567 2617; x_wconf 90' lang='lat' dir='ltr'><strong>sed</strong></span> <span class='ocrx_word' id='word_1_328' title='bbox 1593 2563 1758 2617; x_wconf 90' lang='lat' dir='ltr'><strong>etiam</strong></span> <span class='ocrx_word' id='word_1_329' title='bbox 1787 2561 1814 2600; x_wconf 71' lang='grc' dir='ltr'>ι)</span> <span class='ocrx_word' id='word_1_330' title='bbox 1844 2578 1966 2634; x_wconf 83' lang='lat' dir='ltr'><strong>qua:</strong></span> <span class='ocrx_word' id='word_1_331' title='bbox 1992 2563 2046 2618; x_wconf 93' lang='lat' dir='ltr'><strong>in</strong></span> 
     </span>
    </p>
   </div>
   <div class='ocr_carea' id='block_1_42' title="bbox 447 2654 2044 2726">
    <p class='ocr_par' dir='ltr' id='par_1_42' title="bbox 447 2654 2044 2726">
     <span class='ocr_line' id='line_1_42' title="bbox 447 2654 2044 2726; baseline 0 -17"><span class='ocrx_word' id='word_1_332' title='bbox 447 2655 601 2712; x_wconf 72' lang='lat' dir='ltr'><strong>caelis</strong></span> <span class='ocrx_word' id='word_1_333' title='bbox 631 2665 787 2710; x_wconf 85' lang='lat' dir='ltr'><strong>erant</strong></span> <span class='ocrx_word' id='word_1_334' title='bbox 814 2670 1077 2726; x_wconf 86' lang='lat' dir='ltr'><strong>purgasse</strong></span> <span class='ocrx_word' id='word_1_335' title='bbox 1108 2654 1447 2723; x_wconf 89' lang='lat' dir='ltr'><strong>perhibetur.</strong></span> <span class='ocrx_word' id='word_1_336' title='bbox 1480 2654 1636 2710; x_wconf 85' lang='lat' dir='ltr'><strong>Alius</strong></span> <span class='ocrx_word' id='word_1_337' title='bbox 1665 2669 1818 2722; x_wconf 87' lang='lat' dir='ltr'><strong>vero,</strong></span> <span class='ocrx_word' id='word_1_338' title='bbox 1846 2656 2044 2723; x_wconf 87' lang='lat' dir='ltr'><strong>omnia,</strong></span> 
     </span>
    </p>
   </div>
   <div class='ocr_carea' id='block_1_43' title="bbox 449 2749 2047 2820">
    <p class='ocr_par' dir='ltr' id='par_1_43' title="bbox 449 2749 2047 2820">
     <span class='ocr_line' id='line_1_43' title="bbox 449 2749 2047 2820; baseline -0.001 -13"><span class='ocrx_word' id='word_1_339' title='bbox 449 2767 558 2808; x_wconf 90' lang='lat' dir='ltr'><strong>non</strong></span> <span class='ocrx_word' id='word_1_340' title='bbox 601 2751 668 2807; x_wconf 91' lang='lat' dir='ltr'><strong>ad</strong></span> <span class='ocrx_word' id='word_1_341' title='bbox 710 2751 1148 2817; x_wconf 88' lang='lat' dir='ltr'><strong>universitatem,</strong></span> <span class='ocrx_word' id='word_1_342' title='bbox 1190 2750 1286 2806; x_wconf 85' lang='lat' dir='ltr'><strong>sed</strong></span> <span class='ocrx_word' id='word_1_343' title='bbox 1318 2749 1384 2805; x_wconf 88' lang='lat' dir='ltr'><strong>ad</strong></span> <span class='ocrx_word' id='word_1_344' title='bbox 1418 2765 1481 2804; x_wconf 89' lang='lat' dir='ltr'><strong>ea</strong></span> <span class='ocrx_word' id='word_1_345' title='bbox 1513 2759 1719 2805; x_wconf 88' lang='lat' dir='ltr'><strong>tantum</strong></span> <span class='ocrx_word' id='word_1_346' title='bbox 1752 2749 1945 2820; x_wconf 80' lang='lat' dir='ltr'><strong>refert,</strong></span> <span class='ocrx_word' id='word_1_347' title='bbox 1978 2750 2047 2806; x_wconf 91' lang='lat' dir='ltr'><strong>de</strong></span> 
     </span>
    </p>
   </div>
   <div class='ocr_carea' id='block_1_44' title="bbox 446 2843 2048 2916">
    <p class='ocr_par' dir='ltr' id='par_1_44' title="bbox 446 2843 2048 2916">
     <span class='ocr_line' id='line_1_44' title="bbox 446 2843 2048 2916; baseline -0.002 -14"><span class='ocrx_word' id='word_1_348' title='bbox 446 2847 642 2916; x_wconf 88' lang='lat' dir='ltr'><strong>quibus</strong></span> <span class='ocrx_word' id='word_1_349' title='bbox 669 2846 999 2916; x_wconf 88' lang='lat' dir='ltr'><strong>disputatum</strong></span> <span class='ocrx_word' id='word_1_350' title='bbox 1031 2853 1116 2901; x_wconf 90' lang='lat' dir='ltr'><strong>est</strong></span> <span class='ocrx_word' id='word_1_351' title='bbox 1137 2863 1150 2900; x_wconf 89' lang='lat'>:</span> <span class='ocrx_word' id='word_1_352' title='bbox 1173 2854 1194 2882; x_wconf 75' lang='grc' dir='ltr'><strong>ο</strong></span> <span class='ocrx_word' id='word_1_353' title='bbox 1215 2843 1302 2899; x_wconf 89' lang='lat' dir='ltr'><strong>vel</strong></span> <span class='ocrx_word' id='word_1_354' title='bbox 1330 2843 1434 2898; x_wconf 90' lang='lat' dir='ltr'><strong>hoc</strong></span> <span class='ocrx_word' id='word_1_355' title='bbox 1457 2843 1834 2908; x_wconf 87' lang='lat' dir='ltr'><strong>modo,omnis</strong></span> <span class='ocrx_word' id='word_1_356' title='bbox 1858 2843 2048 2899; x_wconf 89' lang='lat' dir='ltr'><strong>civitas</strong></span> 
     </span>
    </p>
   </div>
   <div class='ocr_carea' id='block_1_45' title="bbox 452 2937 2044 3008">
    <p class='ocr_par' dir='ltr' id='par_1_45' title="bbox 452 2937 2044 3008">
     <span class='ocr_line' id='line_1_45' title="bbox 452 2937 2044 3008; baseline -0.003 -12"><span class='ocrx_word' id='word_1_357' title='bbox 452 2939 834 3004; x_wconf 88' lang='lat' dir='ltr'><strong>conclamavit,</strong></span> <span class='ocrx_word' id='word_1_358' title='bbox 872 2955 978 2994; x_wconf 89' lang='lat' dir='ltr'><strong>non</strong></span> <span class='ocrx_word' id='word_1_359' title='bbox 1030 2953 1137 3008; x_wconf 91' lang='lat' dir='ltr'><strong>quo</strong></span> <span class='ocrx_word' id='word_1_360' title='bbox 1185 2937 1383 3008; x_wconf 90' lang='lat' dir='ltr'><strong>aliquis</strong></span> <span class='ocrx_word' id='word_1_361' title='bbox 1435 2945 1622 2993; x_wconf 90' lang='lat' dir='ltr'><strong>tacens</strong></span> <span class='ocrx_word' id='word_1_362' title='bbox 1671 2937 1723 2991; x_wconf 93' lang='lat' dir='ltr'><strong>in</strong></span> <span class='ocrx_word' id='word_1_363' title='bbox 1772 2937 1905 2992; x_wconf 88' lang='lat' dir='ltr'><strong>urbe</strong></span> <span class='ocrx_word' id='word_1_364' title='bbox 1937 2953 2044 2991; x_wconf 93' lang='lat' dir='ltr'><strong>non</strong></span> 
     </span>
    </p>
   </div>
   <div class='ocr_carea' id='block_1_46' title="bbox 446 3029 2046 3102">
    <p class='ocr_par' dir='ltr' id='par_1_46' title="bbox 446 3029 2046 3102">
     <span class='ocr_line' id='line_1_46' title="bbox 446 3029 2046 3102; baseline -0.003 -14"><span class='ocrx_word' id='word_1_365' title='bbox 446 3034 634 3100; x_wconf 83' lang='lat' dir='ltr'><strong>fuerit,</strong></span> <span class='ocrx_word' id='word_1_366' title='bbox 664 3033 759 3088; x_wconf 89' lang='lat' dir='ltr'><strong>sed</strong></span> <span class='ocrx_word' id='word_1_367' title='bbox 791 3047 855 3087; x_wconf 79' lang='lat' dir='ltr'><strong>ex</strong></span> <span class='ocrx_word' id='word_1_368' title='bbox 884 3041 1038 3102; x_wconf 90' lang='lat' dir='ltr'><strong>parte</strong></span> <span class='ocrx_word' id='word_1_369' title='bbox 1084 3031 1325 3085; x_wconf 83' lang='lat' dir='ltr'><strong>maxima</strong></span> <span class='ocrx_word' id='word_1_370' title='bbox 1369 3031 1532 3086; x_wconf 83' lang='lat' dir='ltr'><strong>etiam</strong></span> <span class='ocrx_word' id='word_1_371' title='bbox 1575 3044 1636 3085; x_wconf 92' lang='lat' dir='ltr'><strong>ea</strong></span> <span class='ocrx_word' id='word_1_372' title='bbox 1675 3045 1797 3101; x_wconf 73' lang='lat' dir='ltr'><strong>qua:</strong></span> <span class='ocrx_word' id='word_1_373' title='bbox 1831 3029 2046 3084; x_wconf 88' lang='lat' dir='ltr'><strong>minora</strong></span> 
     </span>
    </p>
   </div>
   <div class='ocr_carea' id='block_1_47' title="bbox 443 3121 2040 3196">
    <p class='ocr_par' dir='ltr' id='par_1_47' title="bbox 443 3121 2040 3196">
     <span class='ocr_line' id='line_1_47' title="bbox 443 3121 2040 3196; baseline 0 -16"><span class='ocrx_word' id='word_1_374' title='bbox 443 3135 571 3181; x_wconf 88' lang='lat' dir='ltr'><strong>sunt</strong></span> <span class='ocrx_word' id='word_1_375' title='bbox 597 3124 960 3196; x_wconf 86' lang='lat' dir='ltr'><strong>appellantur.</strong></span> <span class='ocrx_word' id='word_1_376' title='bbox 996 3122 1064 3178; x_wconf 91' lang='lat' dir='ltr'><strong>Et</strong></span> <span class='ocrx_word' id='word_1_377' title='bbox 1091 3121 1209 3192; x_wconf 86' lang='lat' dir='ltr'><strong>ipse</strong></span> <span class='ocrx_word' id='word_1_378' title='bbox 1238 3122 1434 3178; x_wconf 87' lang='lat' dir='ltr'><strong>Paulus</strong></span> <span class='ocrx_word' id='word_1_379' title='bbox 1483 3123 1804 3192; x_wconf 88' lang='lat' dir='ltr'><strong>apostolus:</strong></span> <span class='ocrx_word' id='word_1_380' title='bbox 1834 3122 2040 3192; x_wconf 84' lang='lat' dir='ltr'><strong>Omnes,</strong></span> 
     </span>
    </p>
   </div>
   <div class='ocr_carea' id='block_1_48' title="bbox 2150 1902 3752 1977">
    <p class='ocr_par' dir='ltr' id='par_1_48' title="bbox 2150 1902 3752 1977">
     <span class='ocr_line' id='line_1_48' title="bbox 2150 1902 3752 1977; baseline -0.001 -18"><span class='ocrx_word' id='word_1_381' title='bbox 2150 1906 2349 1962; x_wconf 89' lang='lat' dir='ltr'><strong>fuerint</strong></span> <span class='ocrx_word' id='word_1_382' title='bbox 2378 1907 2631 1962; x_wconf 88' lang='lat' dir='ltr'><strong>universa</strong></span> <span class='ocrx_word' id='word_1_383' title='bbox 2657 1906 2922 1977; x_wconf 88' lang='lat' dir='ltr'><strong>subjecta,</strong></span> <span class='ocrx_word' id='word_1_384' title='bbox 2951 1905 3341 1976; x_wconf 89' lang='lat' dir='ltr'><strong>adimplebitur</strong></span> <span class='ocrx_word' id='word_1_385' title='bbox 3366 1902 3617 1960; x_wconf 88' lang='lat' dir='ltr'><strong>omniain</strong></span> <span class='ocrx_word' id='word_1_386' title='bbox 3636 1919 3752 1959; x_wconf 84' lang='lat' dir='ltr'><strong>om-</strong></span> 
     </span>
    </p>
   </div>
   <div class='ocr_carea' id='block_1_49' title="bbox 2149 1997 3750 2071">
    <p class='ocr_par' dir='ltr' id='par_1_49' title="bbox 2149 1997 3750 2071">
     <span class='ocr_line' id='line_1_49' title="bbox 2149 1997 3750 2071; baseline -0.002 -16"><span class='ocrx_word' id='word_1_387' title='bbox 2149 1999 2312 2056; x_wconf 90' lang='lat' dir='ltr'><strong>nibus</strong></span> <span class='ocrx_word' id='word_1_388' title='bbox 2341 2016 2356 2054; x_wconf 88' lang='lat'><strong>:</strong></span> <span class='ocrx_word' id='word_1_389' title='bbox 2391 2007 2450 2054; x_wconf 94' lang='lat' dir='ltr'><strong>ut</strong></span> <span class='ocrx_word' id='word_1_390' title='bbox 2472 2000 2624 2070; x_wconf 83' lang='lat' dir='ltr'><strong>juxta</strong></span> <span class='ocrx_word' id='word_1_391' title='bbox 2655 1999 2706 2055; x_wconf 94' lang='lat' dir='ltr'><strong>id</strong></span> <span class='ocrx_word' id='word_1_392' title='bbox 2737 1999 2881 2071; x_wconf 91' lang='lat' dir='ltr'><strong>quod</strong></span> <span class='ocrx_word' id='word_1_393' title='bbox 2921 2000 3062 2056; x_wconf 90' lang='lat' dir='ltr'><strong>Deus</strong></span> <span class='ocrx_word' id='word_1_394' title='bbox 3100 2008 3186 2056; x_wconf 89' lang='lat' dir='ltr'><strong>est</strong></span> <span class='ocrx_word' id='word_1_395' title='bbox 3211 1998 3424 2056; x_wconf 91' lang='lat' dir='ltr'><strong>eunetis</strong></span> <span class='ocrx_word' id='word_1_396' title='bbox 3453 1997 3750 2054; x_wconf 84' lang='lat' dir='ltr'><strong>virtutibus</strong></span> 
     </span>
    </p>
   </div>
   <div class='ocr_carea' id='block_1_50' title="bbox 2149 2091 3750 2164">
    <p class='ocr_par' dir='ltr' id='par_1_50' title="bbox 2149 2091 3750 2164">
     <span class='ocr_line' id='line_1_50' title="bbox 2149 2091 3750 2164; baseline 0.001 -18"><span class='ocrx_word' id='word_1_397' title='bbox 2149 2093 2364 2164; x_wconf 90' lang='lat' dir='ltr'><strong>plenus,</strong></span> <span class='ocrx_word' id='word_1_398' title='bbox 2399 2093 2580 2148; x_wconf 90' lang='lat' dir='ltr'><strong>omnia</strong></span> <span class='ocrx_word' id='word_1_399' title='bbox 2612 2093 2666 2148; x_wconf 92' lang='lat' dir='ltr'><strong>in</strong></span> <span class='ocrx_word' id='word_1_400' title='bbox 2697 2093 2953 2149; x_wconf 91' lang='lat' dir='ltr'><strong>omnibus</strong></span> <span class='ocrx_word' id='word_1_401' title='bbox 2986 2092 3371 2163; x_wconf 87' lang='lat' dir='ltr'><strong>adimpleatur,</strong></span> <span class='ocrx_word' id='word_1_402' title='bbox 3403 2099 3460 2148; x_wconf 88' lang='lat' dir='ltr'><strong>et</strong></span> <span class='ocrx_word' id='word_1_403' title='bbox 3486 2091 3595 2147; x_wconf 90' lang='lat' dir='ltr'><strong>sint</strong></span> <span class='ocrx_word' id='word_1_404' title='bbox 3626 2091 3750 2147; x_wconf 86' lang='lat' dir='ltr'><strong>uni-</strong></span> 
     </span>
    </p>
   </div>
   <div class='ocr_carea' id='block_1_51' title="bbox 2148 2184 3753 2260">
    <p class='ocr_par' dir='ltr' id='par_1_51' title="bbox 2148 2184 3753 2260">
     <span class='ocr_line' id='line_1_51' title="bbox 2148 2184 3753 2260; baseline -0.001 -19"><span class='ocrx_word' id='word_1_405' title='bbox 2148 2187 2292 2242; x_wconf 89' lang='lat' dir='ltr'><strong>versi</strong></span> <span class='ocrx_word' id='word_1_406' title='bbox 2327 2185 2594 2242; x_wconf 90' lang='lat' dir='ltr'><strong>habentes</strong></span> <span class='ocrx_word' id='word_1_407' title='bbox 2617 2187 2822 2260; x_wconf 87' lang='lat' dir='ltr'><strong>omnia,</strong></span> <span class='ocrx_word' id='word_1_408' title='bbox 2854 2202 2976 2258; x_wconf 74' lang='lat' dir='ltr'><strong>qua:</strong></span> <span class='ocrx_word' id='word_1_409' title='bbox 2996 2197 3125 2242; x_wconf 89' lang='lat' dir='ltr'><strong>ante</strong></span> <span class='ocrx_word' id='word_1_410' title='bbox 3155 2186 3369 2258; x_wconf 89' lang='lat' dir='ltr'><strong>singula</strong></span> <span class='ocrx_word' id='word_1_411' title='bbox 3394 2184 3598 2257; x_wconf 89' lang='lat' dir='ltr'><strong>singuli</strong></span> <span class='ocrx_word' id='word_1_412' title='bbox 3623 2199 3753 2258; x_wconf 86' lang='lat' dir='ltr'><strong>pos-</strong></span> 
     </span>
    </p>
   </div>
   <div class='ocr_carea' id='block_1_52' title="bbox 2148 2280 3753 2353">
    <p class='ocr_par' dir='ltr' id='par_1_52' title="bbox 2148 2280 3753 2353">
     <span class='ocr_line' id='line_1_52' title="bbox 2148 2280 3753 2353; baseline -0.001 -15"><span class='ocrx_word' id='word_1_413' title='bbox 2148 2281 2420 2338; x_wconf 88' lang='lat' dir='ltr'><strong>sidebant.</strong></span> <span class='ocrx_word' id='word_1_414' title='bbox 2455 2281 2564 2340; x_wconf 89' lang='lat' dir='ltr'><strong>Sed</strong></span> <span class='ocrx_word' id='word_1_415' title='bbox 2591 2294 2644 2338; x_wconf 90' lang='lat' dir='ltr'><strong>et</strong></span> <span class='ocrx_word' id='word_1_416' title='bbox 2673 2283 2777 2339; x_wconf 87' lang='lat' dir='ltr'><strong>hoc</strong></span> <span class='ocrx_word' id='word_1_417' title='bbox 2802 2281 2948 2353; x_wconf 90' lang='lat' dir='ltr'><strong>quod</strong></span> <span class='ocrx_word' id='word_1_418' title='bbox 2975 2281 3052 2337; x_wconf 88' lang='lat' dir='ltr'><strong>ait</strong></span> <span class='ocrx_word' id='word_1_419' title='bbox 3081 2298 3096 2336; x_wconf 88' lang='lat'><strong>:</strong></span> <span class='ocrx_word' id='word_1_420' title='bbox 3130 2280 3200 2336; x_wconf 82' lang='lat' dir='ltr'><strong>Et</strong></span> <span class='ocrx_word' id='word_1_421' title='bbox 3230 2281 3401 2350; x_wconf 88' lang='lat' dir='ltr'><strong>ipsum</strong></span> <span class='ocrx_word' id='word_1_422' title='bbox 3427 2280 3569 2336; x_wconf 86' lang='lat' dir='ltr'><strong>dedit</strong></span> <span class='ocrx_word' id='word_1_423' title='bbox 3597 2289 3753 2352; x_wconf 85' lang='lat' dir='ltr'><strong>caput</strong></span> 
     </span>
    </p>
   </div>
   <div class='ocr_carea' id='block_1_53' title="bbox 2147 2372 3750 2446">
    <p class='ocr_par' dir='ltr' id='par_1_53' title="bbox 2147 2372 3750 2446">
     <span class='ocr_line' id='line_1_53' title="bbox 2147 2372 3750 2446; baseline 0.001 -18"><span class='ocrx_word' id='word_1_424' title='bbox 2147 2390 2306 2444; x_wconf 86' lang='lat' dir='ltr'><strong>super</strong></span> <span class='ocrx_word' id='word_1_425' title='bbox 2333 2373 2510 2428; x_wconf 89' lang='lat' dir='ltr'><strong>omnia</strong></span> <span class='ocrx_word' id='word_1_426' title='bbox 2541 2372 2788 2430; x_wconf 76' lang='lat' dir='ltr'><strong>Ecclesia:</strong></span> <span class='ocrx_word' id='word_1_427' title='bbox 2807 2389 2925 2446; x_wconf 70' lang='lat' dir='ltr'><strong>quae</strong></span> <span class='ocrx_word' id='word_1_428' title='bbox 2944 2382 3022 2429; x_wconf 90' lang='lat' dir='ltr'><strong>est</strong></span> <span class='ocrx_word' id='word_1_429' title='bbox 3042 2389 3230 2444; x_wconf 86' lang='lat' dir='ltr'><strong>corpus</strong></span> <span class='ocrx_word' id='word_1_430' title='bbox 3246 2375 3446 2444; x_wconf 83' lang='lat' dir='ltr'><strong>ipsius:</strong></span> <span class='ocrx_word' id='word_1_431' title='bbox 3471 2372 3750 2446; x_wconf 84' lang='lat' dir='ltr'><strong>plenitudo</strong></span> 
     </span>
    </p>
   </div>
   <div class='ocr_carea' id='block_1_54' title="bbox 2148 2467 3754 2540">
    <p class='ocr_par' dir='ltr' id='par_1_54' title="bbox 2148 2467 3754 2540">
     <span class='ocr_line' id='line_1_54' title="bbox 2148 2467 3754 2540; baseline 0.001 -18"><span class='ocrx_word' id='word_1_432' title='bbox 2148 2469 2260 2540; x_wconf 87' lang='lat' dir='ltr'><strong>ejus</strong></span> <span class='ocrx_word' id='word_1_433' title='bbox 2285 2468 2374 2540; x_wconf 81' lang='lat' dir='ltr'><strong>qui</strong></span> <span class='ocrx_word' id='word_1_434' title='bbox 2403 2468 2578 2523; x_wconf 80' lang='lat' dir='ltr'><strong>omnia</strong></span> <span class='ocrx_word' id='word_1_435' title='bbox 2608 2468 2661 2522; x_wconf 87' lang='lat' dir='ltr'><strong>in</strong></span> <span class='ocrx_word' id='word_1_436' title='bbox 2692 2467 2926 2523; x_wconf 87' lang='lat' dir='ltr'><strong>omnibus</strong></span> <span class='ocrx_word' id='word_1_437' title='bbox 2957 2467 3422 2540; x_wconf 83' lang='lat' dir='ltr'><strong>adimpletur,non</strong></span> <span class='ocrx_word' id='word_1_438' title='bbox 3437 2468 3619 2524; x_wconf 86' lang='lat' dir='ltr'><strong>solum</strong></span> <span class='ocrx_word' id='word_1_439' title='bbox 3655 2468 3754 2524; x_wconf 83' lang='lat' dir='ltr'><strong>lto-</strong></span> 
     </span>
    </p>
   </div>
   <div class='ocr_carea' id='block_1_55' title="bbox 2149 2560 3754 2635">
    <p class='ocr_par' dir='ltr' id='par_1_55' title="bbox 2149 2560 3754 2635">
     <span class='ocr_line' id='line_1_55' title="bbox 2149 2560 3754 2635; baseline -0.001 -16"><span class='ocrx_word' id='word_1_440' title='bbox 2149 2563 2376 2629; x_wconf 92' lang='lat' dir='ltr'><strong>miuum,</strong></span> <span class='ocrx_word' id='word_1_441' title='bbox 2409 2563 2505 2619; x_wconf 92' lang='lat' dir='ltr'><strong>sed</strong></span> <span class='ocrx_word' id='word_1_442' title='bbox 2526 2563 2690 2618; x_wconf 88' lang='lat' dir='ltr'><strong>etiam</strong></span> <span class='ocrx_word' id='word_1_443' title='bbox 2719 2560 2747 2602; x_wconf 73' lang='grc' dir='ltr'><em>ά</em></span> <span class='ocrx_word' id='word_1_444' title='bbox 2769 2563 3087 2635; x_wconf 90' lang='lat' dir='ltr'><strong>angelorum</strong></span> <span class='ocrx_word' id='word_1_445' title='bbox 3118 2571 3548 2634; x_wconf 84' lang='lat' dir='ltr'><strong>cunctarumque</strong></span> <span class='ocrx_word' id='word_1_446' title='bbox 3577 2562 3754 2618; x_wconf 88' lang='lat' dir='ltr'><strong>virtu-</strong></span> 
     </span>
    </p>
   </div>
   <div class='ocr_carea' id='block_1_56' title="bbox 2149 2656 3751 2730">
    <p class='ocr_par' dir='ltr' id='par_1_56' title="bbox 2149 2656 3751 2730">
     <span class='ocr_line' id='line_1_56' title="bbox 2149 2656 3751 2730; baseline -0.002 -14"><span class='ocrx_word' id='word_1_447' title='bbox 2149 2669 2284 2730; x_wconf 90' lang='lat' dir='ltr'><strong>tttm,</strong></span> <span class='ocrx_word' id='word_1_448' title='bbox 2319 2669 2373 2716; x_wconf 92' lang='lat' dir='ltr'><strong>et</strong></span> <span class='ocrx_word' id='word_1_449' title='bbox 2400 2659 2804 2716; x_wconf 90' lang='lat' dir='ltr'><strong>rationabilium</strong></span> <span class='ocrx_word' id='word_1_450' title='bbox 2836 2669 3210 2716; x_wconf 86' lang='lat' dir='ltr'><strong>creaturarum</strong></span> <span class='ocrx_word' id='word_1_451' title='bbox 3233 2658 3476 2715; x_wconf 85' lang='lat' dir='ltr'><strong>Ecclesia</strong></span> <span class='ocrx_word' id='word_1_452' title='bbox 3511 2656 3751 2729; x_wconf 89' lang='lat' dir='ltr'><strong>intelligi</strong></span> 
     </span>
    </p>
   </div>
   <div class='ocr_carea' id='block_1_57' title="bbox 2149 2750 3750 2825">
    <p class='ocr_par' dir='ltr' id='par_1_57' title="bbox 2149 2750 3750 2825">
     <span class='ocr_line' id='line_1_57' title="bbox 2149 2750 3750 2825; baseline -0.003 -16"><span class='ocrx_word' id='word_1_453' title='bbox 2149 2762 2352 2825; x_wconf 89' lang='lat' dir='ltr'><strong>potest.</strong></span> <span class='ocrx_word' id='word_1_454' title='bbox 2376 2752 2489 2808; x_wconf 90' lang='lat' dir='ltr'><strong>Nec</strong></span> <span class='ocrx_word' id='word_1_455' title='bbox 2513 2767 2619 2808; x_wconf 94' lang='lat' dir='ltr'><strong>non</strong></span> <span class='ocrx_word' id='word_1_456' title='bbox 2643 2762 2696 2808; x_wconf 92' lang='lat' dir='ltr'><strong>et</strong></span> <span class='ocrx_word' id='word_1_457' title='bbox 2717 2753 2848 2808; x_wconf 92' lang='lat' dir='ltr'><strong>hoc:</strong></span> <span class='ocrx_word' id='word_1_458' title='bbox 2876 2752 2980 2818; x_wconf 82' lang='lat' dir='ltr'><strong>Qui</strong></span> <span class='ocrx_word' id='word_1_459' title='bbox 3011 2753 3189 2807; x_wconf 87' lang='lat' dir='ltr'><strong>omnia</strong></span> <span class='ocrx_word' id='word_1_460' title='bbox 3217 2751 3274 2806; x_wconf 88' lang='lat' dir='ltr'><strong>in</strong></span> <span class='ocrx_word' id='word_1_461' title='bbox 3303 2751 3539 2807; x_wconf 87' lang='lat' dir='ltr'><strong>omnibus</strong></span> <span class='ocrx_word' id='word_1_462' title='bbox 3570 2750 3750 2805; x_wconf 86' lang='lat' dir='ltr'><strong>adim-</strong></span> 
     </span>
    </p>
   </div>
   <div class='ocr_carea' id='block_1_58' title="bbox 2149 2843 3754 2920">
    <p class='ocr_par' dir='ltr' id='par_1_58' title="bbox 2149 2843 3754 2920">
     <span class='ocr_line' id='line_1_58' title="bbox 2149 2843 3754 2920; baseline -0.001 -18"><span class='ocrx_word' id='word_1_463' title='bbox 2149 2850 2344 2920; x_wconf 87' lang='lat' dir='ltr'><strong>pletur,</strong></span> <span class='ocrx_word' id='word_1_464' title='bbox 2378 2861 2720 2918; x_wconf 86' lang='lat' dir='ltr'><strong>nequaquam</strong></span> <span class='ocrx_word' id='word_1_465' title='bbox 2748 2847 2822 2902; x_wconf 91' lang='lat' dir='ltr'><strong>ita</strong></span> <span class='ocrx_word' id='word_1_466' title='bbox 2845 2854 2904 2902; x_wconf 93' lang='lat' dir='ltr'><strong>ut</strong></span> <span class='ocrx_word' id='word_1_467' title='bbox 2922 2853 3168 2915; x_wconf 89' lang='lat' dir='ltr'><strong>resonat,</strong></span> <span class='ocrx_word' id='word_1_468' title='bbox 3193 2843 3571 2914; x_wconf 90' lang='lat' dir='ltr'><strong>accipiendum</strong></span> <span class='ocrx_word' id='word_1_469' title='bbox 3600 2860 3617 2910; x_wconf 91' lang='lat'><strong>;</strong></span> <span class='ocrx_word' id='word_1_470' title='bbox 3646 2861 3754 2901; x_wconf 89' lang='lat' dir='ltr'><strong>non</strong></span> 
     </span>
    </p>
   </div>
   <div class='ocr_carea' id='block_1_59' title="bbox 2147 2938 3757 3011">
    <p class='ocr_par' dir='ltr' id='par_1_59' title="bbox 2147 2938 3757 3011">
     <span class='ocr_line' id='line_1_59' title="bbox 2147 2938 3757 3011; baseline -0.003 -13"><span class='ocrx_word' id='word_1_471' title='bbox 2147 2943 2290 2999; x_wconf 90' lang='lat' dir='ltr'><strong>enim</strong></span> <span class='ocrx_word' id='word_1_472' title='bbox 2331 2943 2443 2998; x_wconf 90' lang='lat' dir='ltr'><strong>ait:</strong></span> <span class='ocrx_word' id='word_1_473' title='bbox 2476 2942 2578 3010; x_wconf 88' lang='lat' dir='ltr'><strong>Qui</strong></span> <span class='ocrx_word' id='word_1_474' title='bbox 2609 2944 2794 2997; x_wconf 90' lang='lat' dir='ltr'><strong>omnia</strong></span> <span class='ocrx_word' id='word_1_475' title='bbox 2818 2942 2870 2996; x_wconf 93' lang='lat' dir='ltr'><strong>in</strong></span> <span class='ocrx_word' id='word_1_476' title='bbox 2907 2941 3166 2996; x_wconf 88' lang='lat' dir='ltr'><strong>omnibus</strong></span> <span class='ocrx_word' id='word_1_477' title='bbox 3188 2938 3479 3010; x_wconf 86' lang='lat' dir='ltr'><strong>adimplet;</strong></span> <span class='ocrx_word' id='word_1_478' title='bbox 3513 2939 3643 3009; x_wconf 87' lang='lat' dir='ltr'><strong>sed,</strong></span> <span class='ocrx_word' id='word_1_479' title='bbox 3669 2939 3757 3011; x_wconf 83' lang='lat' dir='ltr'><strong>qui</strong></span> 
     </span>
    </p>
   </div>
   <div class='ocr_carea' id='block_1_60' title="bbox 2148 3030 3750 3106">
    <p class='ocr_par' dir='ltr' id='par_1_60' title="bbox 2148 3030 3750 3106">
     <span class='ocr_line' id='line_1_60' title="bbox 2148 3030 3750 3106; baseline -0.002 -16"><span class='ocrx_word' id='word_1_480' title='bbox 2148 3036 2322 3090; x_wconf 86' lang='lat' dir='ltr'><strong>omnia</strong></span> <span class='ocrx_word' id='word_1_481' title='bbox 2350 3034 2402 3088; x_wconf 87' lang='lat' dir='ltr'><strong>in</strong></span> <span class='ocrx_word' id='word_1_482' title='bbox 2432 3034 2668 3088; x_wconf 88' lang='lat' dir='ltr'><strong>omnibus</strong></span> <span class='ocrx_word' id='word_1_483' title='bbox 2701 3033 2865 3106; x_wconf 80' lang='lat' dir='ltr'><strong>57o</strong></span> <span class='ocrx_word' id='word_1_484' title='bbox 2888 3033 3224 3103; x_wconf 86' lang='lat' dir='ltr'><strong>adimpletur.</strong></span> <span class='ocrx_word' id='word_1_485' title='bbox 3271 3030 3548 3101; x_wconf 90' lang='lat' dir='ltr'><strong>Siquidem</strong></span> <span class='ocrx_word' id='word_1_486' title='bbox 3598 3031 3750 3087; x_wconf 89' lang='lat' dir='ltr'><strong>aliud</strong></span> 
     </span>
    </p>
   </div>
   <div class='ocr_carea' id='block_1_61' title="bbox 2149 3125 3751 3200">
    <p class='ocr_par' dir='ltr' id='par_1_61' title="bbox 2149 3125 3751 3200">
     <span class='ocr_line' id='line_1_61' title="bbox 2149 3125 3751 3200; baseline -0.001 -16"><span class='ocrx_word' id='word_1_487' title='bbox 2149 3139 2232 3184; x_wconf 90' lang='lat' dir='ltr'><strong>est</strong></span> <span class='ocrx_word' id='word_1_488' title='bbox 2261 3127 2512 3198; x_wconf 90' lang='lat' dir='ltr'><strong>implere,</strong></span> <span class='ocrx_word' id='word_1_489' title='bbox 2572 3127 2719 3183; x_wconf 92' lang='lat' dir='ltr'><strong>aliud</strong></span> <span class='ocrx_word' id='word_1_490' title='bbox 2748 3127 2962 3198; x_wconf 87' lang='lat' dir='ltr'><strong>impleri</strong></span> <span class='ocrx_word' id='word_1_491' title='bbox 2995 3143 3010 3194; x_wconf 91' lang='lat'><strong>;</strong></span> <span class='ocrx_word' id='word_1_492' title='bbox 3042 3127 3169 3200; x_wconf 88' lang='lat' dir='ltr'><strong>quia</strong></span> <span class='ocrx_word' id='word_1_493' title='bbox 3198 3125 3250 3183; x_wconf 91' lang='lat' dir='ltr'><strong>in</strong></span> <span class='ocrx_word' id='word_1_494' title='bbox 3275 3127 3452 3183; x_wconf 88' lang='lat' dir='ltr'><strong>altero</strong></span> <span class='ocrx_word' id='word_1_495' title='bbox 3505 3127 3751 3198; x_wconf 84' lang='lat' dir='ltr'><strong>agentis,</strong></span> 
     </span>
    </p>
   </div>
   <div class='ocr_carea' id='block_1_62' title="bbox 443 3200 3755 3293">
    <p class='ocr_par' dir='ltr' id='par_1_62' title="bbox 443 3200 3755 3293">
     <span class='ocr_line' id='line_1_62' title="bbox 443 3200 3755 3293; baseline 0.002 -24"><span class='ocrx_word' id='word_1_496' title='bbox 443 3219 640 3290; x_wconf 77' lang='lat' dir='ltr'><strong>inquit,</strong></span> <span class='ocrx_word' id='word_1_497' title='bbox 679 3235 778 3272; x_wconf 88' lang='lat' dir='ltr'><strong>sua</strong></span> <span class='ocrx_word' id='word_1_498' title='bbox 805 3226 1060 3288; x_wconf 75' lang='lat' dir='ltr'><strong>quaerunt,</strong></span> <span class='ocrx_word' id='word_1_499' title='bbox 1093 3233 1194 3272; x_wconf 90' lang='lat' dir='ltr'><strong>nou</strong></span> <span class='ocrx_word' id='word_1_500' title='bbox 1227 3232 1288 3272; x_wconf 85' lang='lat' dir='ltr'><strong>ea</strong></span> <span class='ocrx_word' id='word_1_501' title='bbox 1322 3233 1436 3286; x_wconf 71' lang='lat' dir='ltr'><strong>qum</strong></span> <span class='ocrx_word' id='word_1_502' title='bbox 1464 3225 1583 3272; x_wconf 88' lang='lat' dir='ltr'><strong>sttnt</strong></span> <span class='ocrx_word' id='word_1_503' title='bbox 1613 3215 1712 3272; x_wconf 87' lang='lat' dir='ltr'><strong>Dei</strong></span> <span class='ocrx_word' id='word_1_504' title='bbox 1757 3216 1776 3288; x_wconf 86' lang='lat'><strong>(</strong></span> <span class='ocrx_word' id='word_1_505' title='bbox 1803 3216 2036 3289; x_wconf 83' lang='lat' dir='ltr'><strong>Philipp.</strong></span> <span class='ocrx_word' id='word_1_506' title='bbox 2067 3200 2114 3264; x_wconf 69' lang='grc' dir='ltr'><strong>(ἶ</strong></span> <span class='ocrx_word' id='word_1_507' title='bbox 2148 3223 2200 3277; x_wconf 91' lang='lat' dir='ltr'><strong>in</strong></span> <span class='ocrx_word' id='word_1_508' title='bbox 2235 3221 2408 3277; x_wconf 90' lang='lat' dir='ltr'><strong>altero</strong></span> <span class='ocrx_word' id='word_1_509' title='bbox 2437 3221 2690 3292; x_wconf 85' lang='lat' dir='ltr'><strong>patientis</strong></span> <span class='ocrx_word' id='word_1_510' title='bbox 2714 3231 2799 3276; x_wconf 90' lang='lat' dir='ltr'><strong>est</strong></span> <span class='ocrx_word' id='word_1_511' title='bbox 2827 3221 3074 3276; x_wconf 86' lang='lat' dir='ltr'><strong>verbum.</strong></span> <span class='ocrx_word' id='word_1_512' title='bbox 3121 3221 3273 3278; x_wconf 91' lang='lat' dir='ltr'><strong>Sicut</strong></span> <span class='ocrx_word' id='word_1_513' title='bbox 3320 3235 3458 3293; x_wconf 89' lang='lat' dir='ltr'><strong>ergo</strong></span> <span class='ocrx_word' id='word_1_514' title='bbox 3485 3220 3755 3292; x_wconf 76' lang='lat' dir='ltr'><strong>adimple-</strong></span> 
     </span>
    </p>
   </div>
   <div class='ocr_carea' id='block_1_63' title="bbox 449 3307 2042 3381">
    <p class='ocr_par' dir='ltr' id='par_1_63' title="bbox 449 3307 2042 3381">
     <span class='ocr_line' id='line_1_63' title="bbox 449 3307 2042 3381; baseline -0.003 -15"><span class='ocrx_word' id='word_1_515' title='bbox 449 3328 510 3377; x_wconf 94' lang='grc' dir='ltr'><strong>ιι,</strong></span> <span class='ocrx_word' id='word_1_516' title='bbox 542 3309 636 3381; x_wconf 74' lang='lat'><strong>9.1)</strong></span> <span class='ocrx_word' id='word_1_517' title='bbox 665 3319 755 3364; x_wconf 90' lang='lat' dir='ltr'><strong>:et</strong></span> <span class='ocrx_word' id='word_1_518' title='bbox 779 3328 792 3365; x_wconf 89' lang='lat'><strong>:</strong></span> <span class='ocrx_word' id='word_1_519' title='bbox 819 3308 1011 3374; x_wconf 82' lang='lat' dir='ltr'><strong>Omnes</strong></span> <span class='ocrx_word' id='word_1_520' title='bbox 1057 3325 1135 3362; x_wconf 87' lang='lat' dir='ltr'><strong>me</strong></span> <span class='ocrx_word' id='word_1_521' title='bbox 1183 3309 1588 3379; x_wconf 87' lang='lat' dir='ltr'><strong>dereliquerunt.</strong></span> <span class='ocrx_word' id='word_1_522' title='bbox 1619 3307 1737 3363; x_wconf 92' lang='lat' dir='ltr'><strong>Non</strong></span> <span class='ocrx_word' id='word_1_523' title='bbox 1775 3309 1919 3379; x_wconf 89' lang='lat' dir='ltr'><strong>quod</strong></span> <span class='ocrx_word' id='word_1_524' title='bbox 1949 3307 2042 3363; x_wconf 86' lang='lat' dir='ltr'><strong>Ti-</strong></span> 
     </span>
    </p>
   </div>
   <div class='ocr_carea' id='block_1_64' title="bbox 443 3401 2039 3474">
    <p class='ocr_par' dir='ltr' id='par_1_64' title="bbox 443 3401 2039 3474">
     <span class='ocr_line' id='line_1_64' title="bbox 443 3401 2039 3474; baseline 0 -16"><span class='ocrx_word' id='word_1_525' title='bbox 443 3403 715 3460; x_wconf 83' lang='lat' dir='ltr'><strong>mothaeus</strong></span> <span class='ocrx_word' id='word_1_526' title='bbox 752 3412 808 3458; x_wconf 85' lang='lat' dir='ltr'><strong>et</strong></span> <span class='ocrx_word' id='word_1_527' title='bbox 844 3402 1032 3458; x_wconf 72' lang='lat' dir='ltr'><strong>creteri</strong></span> <span class='ocrx_word' id='word_1_528' title='bbox 1072 3401 1345 3471; x_wconf 89' lang='lat' dir='ltr'><strong>discipuli,</strong></span> <span class='ocrx_word' id='word_1_529' title='bbox 1379 3403 1469 3473; x_wconf 89' lang='lat' dir='ltr'><strong>qui</strong></span> <span class='ocrx_word' id='word_1_530' title='bbox 1510 3403 1606 3457; x_wconf 91' lang='lat' dir='ltr'><strong>illo</strong></span> <span class='ocrx_word' id='word_1_531' title='bbox 1644 3411 1892 3474; x_wconf 89' lang='lat' dir='ltr'><strong>tempore</strong></span> <span class='ocrx_word' id='word_1_532' title='bbox 1930 3417 2039 3474; x_wconf 91' lang='lat' dir='ltr'><strong>quo</strong></span> 
     </span>
    </p>
   </div>
   <div class='ocr_carea' id='block_1_65' title="bbox 445 3495 2040 3568">
    <p class='ocr_par' dir='ltr' id='par_1_65' title="bbox 445 3495 2040 3568">
     <span class='ocr_line' id='line_1_65' title="bbox 445 3495 2040 3568; baseline -0.001 -16"><span class='ocrx_word' id='word_1_533' title='bbox 445 3496 708 3568; x_wconf 78' lang='lat' dir='ltr'><strong>Epistola:</strong></span> <span class='ocrx_word' id='word_1_534' title='bbox 738 3495 1140 3565; x_wconf 83' lang='lat' dir='ltr'><strong>scribebantur,</strong></span> <span class='ocrx_word' id='word_1_535' title='bbox 1173 3510 1296 3551; x_wconf 92' lang='lat' dir='ltr'><strong>eum</strong></span> <span class='ocrx_word' id='word_1_536' title='bbox 1329 3509 1394 3550; x_wconf 91' lang='lat' dir='ltr'><strong>eo</strong></span> <span class='ocrx_word' id='word_1_537' title='bbox 1417 3503 1595 3560; x_wconf 89' lang='lat' dir='ltr'><strong>erant,</strong></span> <span class='ocrx_word' id='word_1_538' title='bbox 1624 3495 1776 3550; x_wconf 89' lang='lat' dir='ltr'><strong>illum</strong></span> <span class='ocrx_word' id='word_1_539' title='bbox 1800 3495 2040 3566; x_wconf 89' lang='lat' dir='ltr'><strong>relique-</strong></span> 
     </span>
    </p>
   </div>
   <div class='ocr_carea' id='block_1_66' title="bbox 438 3589 2033 3661">
    <p class='ocr_par' dir='ltr' id='par_1_66' title="bbox 438 3589 2033 3661">
     <span class='ocr_line' id='line_1_66' title="bbox 438 3589 2033 3661; baseline -0.002 -14"><span class='ocrx_word' id='word_1_540' title='bbox 438 3593 583 3656; x_wconf 87' lang='lat' dir='ltr'><strong>rint;</strong></span> <span class='ocrx_word' id='word_1_541' title='bbox 625 3590 720 3646; x_wconf 90' lang='lat' dir='ltr'><strong>sed</strong></span> <span class='ocrx_word' id='word_1_542' title='bbox 761 3590 1003 3656; x_wconf 90' lang='lat' dir='ltr'><strong>ideirco,</strong></span> <span class='ocrx_word' id='word_1_543' title='bbox 1062 3591 1184 3661; x_wconf 90' lang='lat' dir='ltr'><strong>quia</strong></span> <span class='ocrx_word' id='word_1_544' title='bbox 1243 3605 1273 3643; x_wconf 92' lang='lat' dir='ltr'><strong>a</strong></span> <span class='ocrx_word' id='word_1_545' title='bbox 1331 3590 1580 3661; x_wconf 90' lang='lat' dir='ltr'><strong>pluribus</strong></span> <span class='ocrx_word' id='word_1_546' title='bbox 1631 3590 1702 3644; x_wconf 89' lang='lat' dir='ltr'><strong>sit</strong></span> <span class='ocrx_word' id='word_1_547' title='bbox 1749 3589 2033 3657; x_wconf 88' lang='lat' dir='ltr'><strong>desertus,</strong></span> 
     </span>
    </p>
   </div>
   <div class='ocr_carea' id='block_1_67' title="bbox 437 3681 2034 3754">
    <p class='ocr_par' dir='ltr' id='par_1_67' title="bbox 437 3681 2034 3754">
     <span class='ocr_line' id='line_1_67' title="bbox 437 3681 2034 3754; baseline -0.002 -13"><span class='ocrx_word' id='word_1_548' title='bbox 437 3688 507 3742; x_wconf 88' lang='lat' dir='ltr'><strong>ab</strong></span> <span class='ocrx_word' id='word_1_549' title='bbox 546 3683 824 3750; x_wconf 88' lang='lat' dir='ltr'><strong>omnibus,</strong></span> <span class='ocrx_word' id='word_1_550' title='bbox 869 3682 922 3738; x_wconf 90' lang='lat' dir='ltr'><strong>id</strong></span> <span class='ocrx_word' id='word_1_551' title='bbox 961 3690 1067 3747; x_wconf 87' lang='lat' dir='ltr'><strong>est,</strong></span> <span class='ocrx_word' id='word_1_552' title='bbox 1109 3698 1138 3737; x_wconf 88' lang='lat' dir='ltr'><strong>a</strong></span> <span class='ocrx_word' id='word_1_553' title='bbox 1185 3683 1422 3737; x_wconf 81' lang='lat' dir='ltr'><strong>maxima</strong></span> <span class='ocrx_word' id='word_1_554' title='bbox 1472 3690 1626 3754; x_wconf 90' lang='lat' dir='ltr'><strong>parte</strong></span> <span class='ocrx_word' id='word_1_555' title='bbox 1663 3681 1942 3738; x_wconf 91' lang='lat' dir='ltr'><strong>desertum</strong></span> <span class='ocrx_word' id='word_1_556' title='bbox 1973 3697 2034 3738; x_wconf 89' lang='lat' dir='ltr'><strong>se</strong></span> 
     </span>
    </p>
   </div>
   <div class='ocr_carea' id='block_1_68' title="bbox 440 3776 2034 3850">
    <p class='ocr_par' dir='ltr' id='par_1_68' title="bbox 440 3776 2034 3850">
     <span class='ocr_line' id='line_1_68' title="bbox 440 3776 2034 3850; baseline -0.004 -12"><span class='ocrx_word' id='word_1_557' title='bbox 440 3795 563 3838; x_wconf 89' lang='lat' dir='ltr'><strong>esse</strong></span> <span class='ocrx_word' id='word_1_558' title='bbox 623 3778 995 3850; x_wconf 87' lang='lat' dir='ltr'><strong>conqueritur.</strong></span> <span class='ocrx_word' id='word_1_559' title='bbox 1051 3776 1237 3832; x_wconf 90' lang='lat' dir='ltr'><strong>Simile</strong></span> <span class='ocrx_word' id='word_1_560' title='bbox 1293 3776 1416 3832; x_wconf 91' lang='lat' dir='ltr'><strong>huic</strong></span> <span class='ocrx_word' id='word_1_561' title='bbox 1466 3777 1594 3847; x_wconf 89' lang='lat' dir='ltr'><strong>quid</strong></span> <span class='ocrx_word' id='word_1_562' title='bbox 1634 3785 1690 3832; x_wconf 86' lang='lat' dir='ltr'><strong>et</strong></span> <span class='ocrx_word' id='word_1_563' title='bbox 1729 3777 1783 3832; x_wconf 95' lang='lat' dir='ltr'><strong>in</strong></span> <span class='ocrx_word' id='word_1_564' title='bbox 1823 3777 2034 3848; x_wconf 86' lang='lat' dir='ltr'><strong>psalmo</strong></span> 
     </span>
    </p>
   </div>
   <div class='ocr_carea' id='block_1_69' title="bbox 435 3867 2032 3939">
    <p class='ocr_par' dir='ltr' id='par_1_69' title="bbox 435 3867 2032 3939">
     <span class='ocr_line' id='line_1_69' title="bbox 435 3867 2032 3939; baseline -0.004 -9"><span class='ocrx_word' id='word_1_565' title='bbox 435 3881 625 3930; x_wconf 88' lang='lat' dir='ltr'><strong>sonat:</strong></span> <span class='ocrx_word' id='word_1_566' title='bbox 648 3871 836 3926; x_wconf 84' lang='lat' dir='ltr'><strong>Omnes</strong></span> <span class='ocrx_word' id='word_1_567' title='bbox 866 3869 1276 3937; x_wconf 80' lang='lat' dir='ltr'><strong>declinaverunt,</strong></span> <span class='ocrx_word' id='word_1_568' title='bbox 1303 3868 1461 3922; x_wconf 89' lang='lat' dir='ltr'><strong>simul</strong></span> <span class='ocrx_word' id='word_1_569' title='bbox 1485 3867 1697 3922; x_wconf 88' lang='lat' dir='ltr'><strong>inutiles</strong></span> <span class='ocrx_word' id='word_1_570' title='bbox 1729 3868 1854 3939; x_wconf 80' lang='lat' dir='ltr'><strong>facti</strong></span> <span class='ocrx_word' id='word_1_571' title='bbox 1873 3876 2032 3924; x_wconf 90' lang='lat' dir='ltr'><strong>sunt:</strong></span> 
     </span>
    </p>
   </div>
   <div class='ocr_carea' id='block_1_70' title="bbox 440 3964 2034 4041">
    <p class='ocr_par' dir='ltr' id='par_1_70' title="bbox 440 3964 2034 4041">
     <span class='ocr_line' id='line_1_70' title="bbox 440 3964 2034 4041; baseline -0.003 -19"><span class='ocrx_word' id='word_1_572' title='bbox 440 3967 738 4041; x_wconf 77' lang='lat' dir='ltr'><strong>569Non</strong></span> <span class='ocrx_word' id='word_1_573' title='bbox 761 3965 933 4036; x_wconf 87' lang='lat' dir='ltr'><strong>estqui</strong></span> <span class='ocrx_word' id='word_1_574' title='bbox 951 3966 1110 4036; x_wconf 80' lang='lat' dir='ltr'><strong>faciat</strong></span> <span class='ocrx_word' id='word_1_575' title='bbox 1136 3965 1343 4029; x_wconf 88' lang='lat' dir='ltr'><strong>bonum,</strong></span> <span class='ocrx_word' id='word_1_576' title='bbox 1361 3979 1463 4018; x_wconf 88' lang='lat' dir='ltr'><strong>non</strong></span> <span class='ocrx_word' id='word_1_577' title='bbox 1489 3972 1562 4018; x_wconf 88' lang='lat' dir='ltr'><strong>est</strong></span> <span class='ocrx_word' id='word_1_578' title='bbox 1585 3980 1744 4034; x_wconf 80' lang='lat' dir='ltr'><strong>usque</strong></span> <span class='ocrx_word' id='word_1_579' title='bbox 1770 3964 1840 4017; x_wconf 88' lang='lat' dir='ltr'><strong>ad</strong></span> <span class='ocrx_word' id='word_1_580' title='bbox 1870 3979 2034 4018; x_wconf 88' lang='lat' dir='ltr'><strong>unum</strong></span> 
     </span>
    </p>
   </div>
   <div class='ocr_carea' id='block_1_71' title="bbox 429 4055 2032 4130">
    <p class='ocr_par' dir='ltr' id='par_1_71' title="bbox 429 4055 2032 4130">
     <span class='ocr_line' id='line_1_71' title="bbox 429 4055 2032 4130; baseline -0.001 -16"><span class='ocrx_word' id='word_1_581' title='bbox 429 4061 553 4128; x_wconf 87' lang='lat' dir='ltr'><strong>(Ps.</strong></span> <span class='ocrx_word' id='word_1_582' title='bbox 589 4076 708 4126; x_wconf 70' lang='grc' dir='ltr'>χιιι,</span> <span class='ocrx_word' id='word_1_583' title='bbox 750 4060 831 4130; x_wconf 81' lang='lat'><strong>5).</strong></span> <span class='ocrx_word' id='word_1_584' title='bbox 865 4057 926 4114; x_wconf 90' lang='lat' dir='ltr'><strong>Si</strong></span> <span class='ocrx_word' id='word_1_585' title='bbox 954 4058 1102 4114; x_wconf 92' lang='lat' dir='ltr'><strong>enim</strong></span> <span class='ocrx_word' id='word_1_586' title='bbox 1165 4072 1356 4112; x_wconf 89' lang='lat' dir='ltr'><strong>omnes</strong></span> <span class='ocrx_word' id='word_1_587' title='bbox 1412 4055 1828 4112; x_wconf 90' lang='lat' dir='ltr'><strong>declinaverunt</strong></span> <span class='ocrx_word' id='word_1_588' title='bbox 1859 4070 2032 4128; x_wconf 91' lang='lat' dir='ltr'><strong>:ergo</strong></span> 
     </span>
    </p>
   </div>
   <div class='ocr_carea' id='block_1_72' title="bbox 437 4147 2034 4224">
    <p class='ocr_par' dir='ltr' id='par_1_72' title="bbox 437 4147 2034 4224">
     <span class='ocr_line' id='line_1_72' title="bbox 437 4147 2034 4224; baseline -0.004 -13"><span class='ocrx_word' id='word_1_589' title='bbox 437 4153 737 4211; x_wconf 86' lang='lat' dir='ltr'><strong>declinavit</strong></span> <span class='ocrx_word' id='word_1_590' title='bbox 757 4162 812 4209; x_wconf 92' lang='lat' dir='ltr'><strong>et</strong></span> <span class='ocrx_word' id='word_1_591' title='bbox 841 4151 958 4224; x_wconf 90' lang='lat' dir='ltr'><strong>ipse</strong></span> <span class='ocrx_word' id='word_1_592' title='bbox 985 4153 1076 4222; x_wconf 90' lang='lat' dir='ltr'><strong>qui</strong></span> <span class='ocrx_word' id='word_1_593' title='bbox 1106 4151 1366 4222; x_wconf 88' lang='lat' dir='ltr'><strong>loquitur.</strong></span> <span class='ocrx_word' id='word_1_594' title='bbox 1396 4149 1462 4204; x_wconf 89' lang='lat' dir='ltr'><strong>Et</strong></span> <span class='ocrx_word' id='word_1_595' title='bbox 1491 4149 1616 4204; x_wconf 89' lang='lat' dir='ltr'><strong>alibi</strong></span> <span class='ocrx_word' id='word_1_596' title='bbox 1657 4166 1667 4202; x_wconf 92' lang='lat'><strong>:</strong></span> <span class='ocrx_word' id='word_1_597' title='bbox 1702 4147 1818 4219; x_wconf 87' lang='lat' dir='ltr'><strong>Ego</strong></span> <span class='ocrx_word' id='word_1_598' title='bbox 1850 4149 2034 4204; x_wconf 75' lang='lat' dir='ltr'><strong>dixiin</strong></span> 
     </span>
    </p>
   </div>
   <div class='ocr_carea' id='block_1_73' title="bbox 437 4239 2028 4312">
    <p class='ocr_par' dir='ltr' id='par_1_73' title="bbox 437 4239 2028 4312">
     <span class='ocr_line' id='line_1_73' title="bbox 437 4239 2028 4312; baseline -0.003 -10"><span class='ocrx_word' id='word_1_599' title='bbox 437 4264 646 4303; x_wconf 72' lang='lat' dir='ltr'><strong>excessu</strong></span> <span class='ocrx_word' id='word_1_600' title='bbox 671 4246 853 4300; x_wconf 83' lang='lat' dir='ltr'><strong>mentis</strong></span> <span class='ocrx_word' id='word_1_601' title='bbox 869 4261 1018 4310; x_wconf 78' lang='lat' dir='ltr'><strong>mete,</strong></span> <span class='ocrx_word' id='word_1_602' title='bbox 1050 4244 1217 4297; x_wconf 88' lang='lat' dir='ltr'><strong>ontnis</strong></span> <span class='ocrx_word' id='word_1_603' title='bbox 1242 4241 1396 4297; x_wconf 81' lang='lat' dir='ltr'><strong>homo</strong></span> <span class='ocrx_word' id='word_1_604' title='bbox 1419 4241 1641 4296; x_wconf 73' lang='lat' dir='ltr'><strong>mendax</strong></span> <span class='ocrx_word' id='word_1_605' title='bbox 1662 4239 1780 4311; x_wconf 86' lang='lat' dir='ltr'><strong>(Ps.</strong></span> <span class='ocrx_word' id='word_1_606' title='bbox 1805 4257 1927 4309; x_wconf 81' lang='lat' dir='ltr'><strong>cxv,</strong></span> <span class='ocrx_word' id='word_1_607' title='bbox 1951 4242 2028 4312; x_wconf 73' lang='lat'><strong>2).</strong></span> 
     </span>
    </p>
   </div>
   <div class='ocr_carea' id='block_1_74' title="bbox 437 4333 2034 4406">
    <p class='ocr_par' dir='ltr' id='par_1_74' title="bbox 437 4333 2034 4406">
     <span class='ocr_line' id='line_1_74' title="bbox 437 4333 2034 4406; baseline -0.004 -10"><span class='ocrx_word' id='word_1_608' title='bbox 437 4341 543 4396; x_wconf 84' lang='lat' dir='ltr'><strong>Aut</strong></span> <span class='ocrx_word' id='word_1_609' title='bbox 571 4340 716 4394; x_wconf 87' lang='lat' dir='ltr'><strong>enim</strong></span> <span class='ocrx_word' id='word_1_610' title='bbox 744 4353 933 4394; x_wconf 89' lang='lat' dir='ltr'><strong>verum</strong></span> <span class='ocrx_word' id='word_1_611' title='bbox 985 4345 1069 4392; x_wconf 91' lang='lat' dir='ltr'><strong>est</strong></span> <span class='ocrx_word' id='word_1_612' title='bbox 1095 4335 1200 4390; x_wconf 88' lang='lat' dir='ltr'><strong>hoe</strong></span> <span class='ocrx_word' id='word_1_613' title='bbox 1235 4333 1378 4406; x_wconf 92' lang='lat' dir='ltr'><strong>quod</strong></span> <span class='ocrx_word' id='word_1_614' title='bbox 1413 4333 1573 4400; x_wconf 77' lang='lat' dir='ltr'><strong>dixit,</strong></span> <span class='ocrx_word' id='word_1_615' title='bbox 1604 4341 1699 4389; x_wconf 85' lang='lat' dir='ltr'><strong>aut</strong></span> <span class='ocrx_word' id='word_1_616' title='bbox 1728 4335 1945 4390; x_wconf 78' lang='lat' dir='ltr'><strong>falsum.</strong></span> <span class='ocrx_word' id='word_1_617' title='bbox 1976 4335 2034 4391; x_wconf 89' lang='lat' dir='ltr'><strong>Si</strong></span> 
     </span>
    </p>
   </div>
   <div class='ocr_carea' id='block_1_75' title="bbox 441 4425 2012 4499">
    <p class='ocr_par' dir='ltr' id='par_1_75' title="bbox 441 4425 2012 4499">
     <span class='ocr_line' id='line_1_75' title="bbox 441 4425 2012 4499; baseline -0.001 -13"><span class='ocrx_word' id='word_1_618' title='bbox 441 4432 622 4487; x_wconf 87' lang='lat' dir='ltr'><strong>omnis</strong></span> <span class='ocrx_word' id='word_1_619' title='bbox 651 4429 814 4483; x_wconf 90' lang='lat' dir='ltr'><strong>homo</strong></span> <span class='ocrx_word' id='word_1_620' title='bbox 865 4428 1100 4484; x_wconf 74' lang='lat' dir='ltr'><strong>mendax</strong></span> <span class='ocrx_word' id='word_1_621' title='bbox 1133 4435 1251 4493; x_wconf 85' lang='lat' dir='ltr'><strong>est,</strong></span> <span class='ocrx_word' id='word_1_622' title='bbox 1283 4442 1413 4498; x_wconf 89' lang='lat' dir='ltr'><strong>ergo</strong></span> <span class='ocrx_word' id='word_1_623' title='bbox 1445 4425 1681 4482; x_wconf 84' lang='lat' dir='ltr'><strong>mendax</strong></span> <span class='ocrx_word' id='word_1_624' title='bbox 1711 4435 1794 4482; x_wconf 90' lang='lat' dir='ltr'><strong>cst</strong></span> <span class='ocrx_word' id='word_1_625' title='bbox 1817 4435 1874 4482; x_wconf 89' lang='lat' dir='ltr'><strong>et</strong></span> <span class='ocrx_word' id='word_1_626' title='bbox 1897 4428 2012 4499; x_wconf 90' lang='lat' dir='ltr'><strong>ipse</strong></span> 
     </span>
    </p>
   </div>
   <div class='ocr_carea' id='block_1_76' title="bbox 2148 3315 3753 3388">
    <p class='ocr_par' dir='ltr' id='par_1_76' title="bbox 2148 3315 3753 3388">
     <span class='ocr_line' id='line_1_76' title="bbox 2148 3315 3753 3388; baseline -0.001 -16"><span class='ocrx_word' id='word_1_627' title='bbox 2148 3325 2233 3372; x_wconf 91' lang='lat' dir='ltr'><strong>tur</strong></span> <span class='ocrx_word' id='word_1_628' title='bbox 2261 3315 2586 3386; x_wconf 88' lang='lat' dir='ltr'><strong>imperator,</strong></span> <span class='ocrx_word' id='word_1_629' title='bbox 2618 3316 2664 3370; x_wconf 88' lang='lat' dir='ltr'><strong>si</strong></span> <span class='ocrx_word' id='word_1_630' title='bbox 2702 3315 2948 3387; x_wconf 88' lang='lat' dir='ltr'><strong>quotidie</strong></span> <span class='ocrx_word' id='word_1_631' title='bbox 2976 3317 3097 3387; x_wconf 92' lang='lat' dir='ltr'><strong>ejus</strong></span> <span class='ocrx_word' id='word_1_632' title='bbox 3136 3325 3402 3388; x_wconf 88' lang='lat' dir='ltr'><strong>augeatur</strong></span> <span class='ocrx_word' id='word_1_633' title='bbox 3451 3316 3753 3384; x_wconf 81' lang='lat' dir='ltr'><strong>exercitus,</strong></span> 
     </span>
    </p>
   </div>
   <div class='ocr_carea' id='block_1_77' title="bbox 2143 3407 3754 3479">
    <p class='ocr_par' dir='ltr' id='par_1_77' title="bbox 2143 3407 3754 3479">
     <span class='ocr_line' id='line_1_77' title="bbox 2143 3407 3754 3479; baseline -0.001 -14"><span class='ocrx_word' id='word_1_634' title='bbox 2143 3419 2199 3465; x_wconf 89' lang='lat' dir='ltr'><strong>et</strong></span> <span class='ocrx_word' id='word_1_635' title='bbox 2227 3409 2355 3463; x_wconf 86' lang='lat' dir='ltr'><strong>ﬁant</strong></span> <span class='ocrx_word' id='word_1_636' title='bbox 2387 3423 2539 3463; x_wconf 64' lang='lat' dir='ltr'><strong>novae</strong></span> <span class='ocrx_word' id='word_1_637' title='bbox 2565 3408 2882 3479; x_wconf 67' lang='lat' dir='ltr'><strong>provinciae,</strong></span> <span class='ocrx_word' id='word_1_638' title='bbox 2903 3418 2958 3464; x_wconf 91' lang='lat' dir='ltr'><strong>et</strong></span> <span class='ocrx_word' id='word_1_639' title='bbox 2979 3407 3304 3478; x_wconf 89' lang='lat' dir='ltr'><strong>populorum</strong></span> <span class='ocrx_word' id='word_1_640' title='bbox 3321 3407 3754 3477; x_wconf 65' lang='lat' dir='ltr'><strong>multitudojsue-</strong></span> 
     </span>
    </p>
   </div>
   <div class='ocr_carea' id='block_1_78' title="bbox 2139 3499 3756 3558">
    <p class='ocr_par' dir='ltr' id='par_1_78' title="bbox 2139 3499 3756 3558">
     <span class='ocr_line' id='line_1_78' title="bbox 2139 3499 3756 3558; baseline 0 -2"><span class='ocrx_word' id='word_1_641' title='bbox 2139 3509 2355 3558; x_wconf 84' lang='lat' dir='ltr'><strong>crescat</strong></span> <span class='ocrx_word' id='word_1_642' title='bbox 2385 3518 2398 3554; x_wconf 87' lang='lat'><strong>:</strong></span> <span class='ocrx_word' id='word_1_643' title='bbox 2425 3501 2496 3554; x_wconf 91' lang='lat' dir='ltr'><strong>ita</strong></span> <span class='ocrx_word' id='word_1_644' title='bbox 2528 3509 2583 3556; x_wconf 93' lang='lat' dir='ltr'><strong>et</strong></span> <span class='ocrx_word' id='word_1_645' title='bbox 2611 3499 2878 3556; x_wconf 91' lang='lat' dir='ltr'><strong>Dominus</strong></span> <span class='ocrx_word' id='word_1_646' title='bbox 2905 3507 3093 3556; x_wconf 88' lang='lat' dir='ltr'><strong>noster</strong></span> <span class='ocrx_word' id='word_1_647' title='bbox 3120 3500 3281 3558; x_wconf 86' lang='lat' dir='ltr'><strong>Jesus</strong></span> <span class='ocrx_word' id='word_1_648' title='bbox 3314 3499 3564 3557; x_wconf 82' lang='lat' dir='ltr'><strong>Christus</strong></span> <span class='ocrx_word' id='word_1_649' title='bbox 3600 3501 3656 3556; x_wconf 90' lang='lat' dir='ltr'><strong>in</strong></span> <span class='ocrx_word' id='word_1_650' title='bbox 3689 3514 3756 3557; x_wconf 90' lang='lat' dir='ltr'><strong>eo</strong></span> 
     </span>
    </p>
   </div>
   <div class='ocr_carea' id='block_1_79' title="bbox 2141 3593 3752 3666">
    <p class='ocr_par' dir='ltr' id='par_1_79' title="bbox 2141 3593 3752 3666">
     <span class='ocr_line' id='line_1_79' title="bbox 2141 3593 3752 3666; baseline 0 -19"><span class='ocrx_word' id='word_1_651' title='bbox 2141 3593 2283 3666; x_wconf 90' lang='lat' dir='ltr'><strong>quod</strong></span> <span class='ocrx_word' id='word_1_652' title='bbox 2310 3593 2412 3648; x_wconf 90' lang='lat' dir='ltr'><strong>sibi</strong></span> <span class='ocrx_word' id='word_1_653' title='bbox 2430 3593 2659 3650; x_wconf 91' lang='lat' dir='ltr'><strong>credunt</strong></span> <span class='ocrx_word' id='word_1_654' title='bbox 2679 3595 2885 3661; x_wconf 90' lang='lat' dir='ltr'><strong>omnia,</strong></span> <span class='ocrx_word' id='word_1_655' title='bbox 2908 3601 2964 3649; x_wconf 92' lang='lat' dir='ltr'><strong>et</strong></span> <span class='ocrx_word' id='word_1_656' title='bbox 2982 3608 3080 3666; x_wconf 87' lang='lat' dir='ltr'><strong>per</strong></span> <span class='ocrx_word' id='word_1_657' title='bbox 3101 3593 3220 3650; x_wconf 90' lang='lat' dir='ltr'><strong>dies</strong></span> <span class='ocrx_word' id='word_1_658' title='bbox 3239 3595 3480 3666; x_wconf 89' lang='lat' dir='ltr'><strong>singulos</strong></span> <span class='ocrx_word' id='word_1_659' title='bbox 3493 3593 3560 3648; x_wconf 88' lang='lat' dir='ltr'><strong>ad</strong></span> <span class='ocrx_word' id='word_1_660' title='bbox 3588 3593 3752 3650; x_wconf 83' lang='lat' dir='ltr'><strong>fidem</strong></span> 
     </span>
    </p>
   </div>
   <div class='ocr_carea' id='block_1_80' title="bbox 2138 3685 3756 3756">
    <p class='ocr_par' dir='ltr' id='par_1_80' title="bbox 2138 3685 3756 3756">
     <span class='ocr_line' id='line_1_80' title="bbox 2138 3685 3756 3756; baseline -0.001 -15"><span class='ocrx_word' id='word_1_661' title='bbox 2138 3685 2256 3756; x_wconf 92' lang='lat' dir='ltr'><strong>ejus</strong></span> <span class='ocrx_word' id='word_1_662' title='bbox 2273 3685 2516 3752; x_wconf 90' lang='lat' dir='ltr'><strong>veniunt,</strong></span> <span class='ocrx_word' id='word_1_663' title='bbox 2535 3685 2652 3754; x_wconf 91' lang='lat' dir='ltr'><strong>ipse</strong></span> <span class='ocrx_word' id='word_1_664' title='bbox 2673 3685 3000 3756; x_wconf 88' lang='lat' dir='ltr'><strong>adimpletur</strong></span> <span class='ocrx_word' id='word_1_665' title='bbox 3014 3686 3066 3741; x_wconf 96' lang='lat' dir='ltr'><strong>in</strong></span> <span class='ocrx_word' id='word_1_666' title='bbox 3085 3686 3364 3742; x_wconf 86' lang='lat' dir='ltr'><strong>omnibus:</strong></span> <span class='ocrx_word' id='word_1_667' title='bbox 3390 3685 3471 3742; x_wconf 91' lang='lat' dir='ltr'><strong>sie</strong></span> <span class='ocrx_word' id='word_1_668' title='bbox 3493 3697 3680 3740; x_wconf 88' lang='lat' dir='ltr'><strong>tamen</strong></span> <span class='ocrx_word' id='word_1_669' title='bbox 3697 3693 3756 3741; x_wconf 92' lang='lat' dir='ltr'><strong>ut</strong></span> 
     </span>
    </p>
   </div>
   <div class='ocr_carea' id='block_1_81' title="bbox 2139 3775 3752 3849">
    <p class='ocr_par' dir='ltr' id='par_1_81' title="bbox 2139 3775 3752 3849">
     <span class='ocr_line' id='line_1_81' title="bbox 2139 3775 3752 3849; baseline 0 -17"><span class='ocrx_word' id='word_1_670' title='bbox 2139 3778 2321 3832; x_wconf 91' lang='lat' dir='ltr'><strong>omnia</strong></span> <span class='ocrx_word' id='word_1_671' title='bbox 2343 3775 2707 3845; x_wconf 84' lang='lat' dir='ltr'><strong>adimpleatur</strong></span> <span class='ocrx_word' id='word_1_672' title='bbox 2730 3777 2784 3831; x_wconf 92' lang='lat' dir='ltr'><strong>in</strong></span> <span class='ocrx_word' id='word_1_673' title='bbox 2803 3776 3088 3843; x_wconf 89' lang='lat' dir='ltr'><strong>omnibus,</strong></span> <span class='ocrx_word' id='word_1_674' title='bbox 3115 3776 3166 3832; x_wconf 92' lang='lat' dir='ltr'><strong>id</strong></span> <span class='ocrx_word' id='word_1_675' title='bbox 3196 3786 3310 3847; x_wconf 91' lang='lat' dir='ltr'><strong>est,</strong></span> <span class='ocrx_word' id='word_1_676' title='bbox 3329 3786 3386 3832; x_wconf 93' lang='lat' dir='ltr'><strong>ut</strong></span> <span class='ocrx_word' id='word_1_677' title='bbox 3414 3777 3507 3849; x_wconf 89' lang='lat' dir='ltr'><strong>qui</strong></span> <span class='ocrx_word' id='word_1_678' title='bbox 3533 3776 3591 3832; x_wconf 91' lang='lat' dir='ltr'><strong>in</strong></span> <span class='ocrx_word' id='word_1_679' title='bbox 3626 3792 3752 3834; x_wconf 88' lang='lat' dir='ltr'><strong>eum</strong></span> 
     </span>
    </p>
   </div>
   <div class='ocr_carea' id='block_1_82' title="bbox 2138 3868 3750 3942">
    <p class='ocr_par' dir='ltr' id='par_1_82' title="bbox 2138 3868 3750 3942">
     <span class='ocr_line' id='line_1_82' title="bbox 2138 3868 3750 3942; baseline 0.001 -16"><span class='ocrx_word' id='word_1_680' title='bbox 2138 3869 2390 3936; x_wconf 91' lang='lat' dir='ltr'><strong>credunt,</strong></span> <span class='ocrx_word' id='word_1_681' title='bbox 2407 3868 2616 3925; x_wconf 92' lang='lat' dir='ltr'><strong>cunctis</strong></span> <span class='ocrx_word' id='word_1_682' title='bbox 2639 3869 2925 3926; x_wconf 88' lang='lat' dir='ltr'><strong>virtutibus</strong></span> <span class='ocrx_word' id='word_1_683' title='bbox 2938 3870 3085 3941; x_wconf 89' lang='lat' dir='ltr'><strong>pleni</strong></span> <span class='ocrx_word' id='word_1_684' title='bbox 3111 3869 3242 3937; x_wconf 90' lang='lat' dir='ltr'><strong>sint,</strong></span> <span class='ocrx_word' id='word_1_685' title='bbox 3263 3881 3320 3927; x_wconf 91' lang='lat' dir='ltr'><strong>et</strong></span> <span class='ocrx_word' id='word_1_686' title='bbox 3328 3871 3480 3941; x_wconf 81' lang='lat' dir='ltr'><strong>juxta</strong></span> <span class='ocrx_word' id='word_1_687' title='bbox 3495 3871 3750 3942; x_wconf 84' lang='lat' dir='ltr'><strong>Evange-</strong></span> 
     </span>
    </p>
   </div>
   <div class='ocr_carea' id='block_1_83' title="bbox 2137 3963 3748 4035">
    <p class='ocr_par' dir='ltr' id='par_1_83' title="bbox 2137 3963 3748 4035">
     <span class='ocr_line' id='line_1_83' title="bbox 2137 3963 3748 4035; baseline 0 -15"><span class='ocrx_word' id='word_1_688' title='bbox 2137 3965 2269 4020; x_wconf 90' lang='lat' dir='ltr'><strong>lium</strong></span> <span class='ocrx_word' id='word_1_689' title='bbox 2290 3963 2492 4021; x_wconf 88' lang='lat' dir='ltr'><strong>faciant</strong></span> <span class='ocrx_word' id='word_1_690' title='bbox 2511 3981 2635 4022; x_wconf 92' lang='lat' dir='ltr'><strong>eum</strong></span> <span class='ocrx_word' id='word_1_691' title='bbox 2670 3965 2941 4035; x_wconf 83' lang='lat' dir='ltr'><strong>proficere</strong></span> <span class='ocrx_word' id='word_1_692' title='bbox 2971 3973 3150 4033; x_wconf 71' lang='lat' dir='ltr'><strong>aetate,</strong></span> <span class='ocrx_word' id='word_1_693' title='bbox 3175 3963 3439 4035; x_wconf 87' lang='lat' dir='ltr'><strong>sapientia</strong></span> <span class='ocrx_word' id='word_1_694' title='bbox 3465 3972 3524 4020; x_wconf 90' lang='lat' dir='ltr'><strong>et</strong></span> <span class='ocrx_word' id='word_1_695' title='bbox 3546 3965 3748 4035; x_wconf 84' lang='lat' dir='ltr'><strong>gratia,</strong></span> 
     </span>
    </p>
   </div>
   <div class='ocr_carea' id='block_1_84' title="bbox 2139 4053 3751 4129">
    <p class='ocr_par' dir='ltr' id='par_1_84' title="bbox 2139 4053 3751 4129">
     <span class='ocr_line' id='line_1_84' title="bbox 2139 4053 3751 4129; baseline -0.002 -15"><span class='ocrx_word' id='word_1_696' title='bbox 2139 4075 2246 4115; x_wconf 89' lang='lat' dir='ltr'><strong>non</strong></span> <span class='ocrx_word' id='word_1_697' title='bbox 2267 4060 2442 4116; x_wconf 92' lang='lat' dir='ltr'><strong>solum</strong></span> <span class='ocrx_word' id='word_1_698' title='bbox 2460 4059 2602 4128; x_wconf 85' lang='lat' dir='ltr'><strong>apud</strong></span> <span class='ocrx_word' id='word_1_699' title='bbox 2628 4060 2816 4127; x_wconf 90' lang='lat' dir='ltr'><strong>Deum,</strong></span> <span class='ocrx_word' id='word_1_700' title='bbox 2839 4059 2934 4115; x_wconf 85' lang='lat' dir='ltr'><strong>sed</strong></span> <span class='ocrx_word' id='word_1_701' title='bbox 2962 4066 3014 4114; x_wconf 90' lang='lat' dir='ltr'><strong>et</strong></span> <span class='ocrx_word' id='word_1_702' title='bbox 3040 4056 3182 4129; x_wconf 91' lang='lat' dir='ltr'><strong>apud</strong></span> <span class='ocrx_word' id='word_1_703' title='bbox 3203 4056 3453 4113; x_wconf 88' lang='lat' dir='ltr'><strong>homines</strong></span> <span class='ocrx_word' id='word_1_704' title='bbox 3484 4055 3648 4129; x_wconf 87' lang='lat' dir='ltr'><strong>(Luc.</strong></span> <span class='ocrx_word' id='word_1_705' title='bbox 3667 4053 3751 4128; x_wconf 87' lang='grc' dir='ltr'>ιι).</span> 
     </span>
    </p>
   </div>
   <div class='ocr_carea' id='block_1_85' title="bbox 2213 4149 3754 4224">
    <p class='ocr_par' dir='ltr' id='par_1_85' title="bbox 2213 4149 3754 4224">
     <span class='ocr_line' id='line_1_85' title="bbox 2213 4149 3754 4224; baseline -0.001 -19"><span class='ocrx_word' id='word_1_706' title='bbox 2213 4154 2231 4224; x_wconf 93' lang='grc'>(</span> <span class='ocrx_word' id='word_1_707' title='bbox 2255 4151 2390 4221; x_wconf 89' lang='lat' dir='ltr'><strong>Cap.</strong></span> <span class='ocrx_word' id='word_1_708' title='bbox 2418 4149 2744 4207; x_wconf 84' lang='lat' dir='ltr'><strong>ll.-——Vers.</strong></span> <span class='ocrx_word' id='word_1_709' title='bbox 2775 4152 2802 4206; x_wconf 84' lang='grc'><strong>1</strong></span> <span class='ocrx_word' id='word_1_710' title='bbox 2835 4153 3019 4223; x_wconf 90' lang='lat' dir='ltr'><strong>seqq.)</strong></span> <span class='ocrx_word' id='word_1_711' title='bbox 3060 4150 3127 4206; x_wconf 85' lang='lat' dir='ltr'><strong>Et</strong></span> <span class='ocrx_word' id='word_1_712' title='bbox 3160 4167 3250 4206; x_wconf 88' lang='lat' dir='ltr'><strong>vos</strong></span> <span class='ocrx_word' id='word_1_713' title='bbox 3265 4165 3386 4205; x_wconf 85' lang='lat' dir='ltr'><strong>cum</strong></span> <span class='ocrx_word' id='word_1_714' title='bbox 3407 4149 3592 4206; x_wconf 81' lang='lat' dir='ltr'><strong>essetis</strong></span> <span class='ocrx_word' id='word_1_715' title='bbox 3610 4166 3754 4206; x_wconf 86' lang='lat' dir='ltr'><strong>mor-</strong></span> 
     </span>
    </p>
   </div>
   <div class='ocr_carea' id='block_1_86' title="bbox 2140 4243 3750 4316">
    <p class='ocr_par' dir='ltr' id='par_1_86' title="bbox 2140 4243 3750 4316">
     <span class='ocr_line' id='line_1_86' title="bbox 2140 4243 3750 4316; baseline -0.001 -16"><span class='ocrx_word' id='word_1_716' title='bbox 2140 4245 2215 4300; x_wconf 87' lang='lat' dir='ltr'><strong>tui</strong></span> <span class='ocrx_word' id='word_1_717' title='bbox 2249 4245 2468 4310; x_wconf 89' lang='lat' dir='ltr'><strong>delictis,</strong></span> <span class='ocrx_word' id='word_1_718' title='bbox 2499 4253 2546 4298; x_wconf 91' lang='lat' dir='ltr'><strong>et</strong></span> <span class='ocrx_word' id='word_1_719' title='bbox 2571 4245 2792 4316; x_wconf 87' lang='lat' dir='ltr'><strong>peccatis</strong></span> <span class='ocrx_word' id='word_1_720' title='bbox 2816 4245 3017 4314; x_wconf 84' lang='lat' dir='ltr'><strong>vestris,</strong></span> <span class='ocrx_word' id='word_1_721' title='bbox 3033 4245 3087 4299; x_wconf 89' lang='lat' dir='ltr'><strong>in</strong></span> <span class='ocrx_word' id='word_1_722' title='bbox 3107 4245 3292 4316; x_wconf 88' lang='lat' dir='ltr'><strong>quibus</strong></span> <span class='ocrx_word' id='word_1_723' title='bbox 3318 4243 3614 4313; x_wconf 82' lang='lat' dir='ltr'><strong>aliquando</strong></span> <span class='ocrx_word' id='word_1_724' title='bbox 3630 4261 3750 4299; x_wconf 83' lang='lat' dir='ltr'><strong>am-</strong></span> 
     </span>
    </p>
   </div>
   <div class='ocr_carea' id='block_1_87' title="bbox 2141 4338 3754 4412">
    <p class='ocr_par' dir='ltr' id='par_1_87' title="bbox 2141 4338 3754 4412">
     <span class='ocr_line' id='line_1_87' title="bbox 2141 4338 3754 4412; baseline 0.001 -20"><span class='ocrx_word' id='word_1_725' title='bbox 2141 4338 2376 4406; x_wconf 87' lang='lat' dir='ltr'><strong>bulastis,</strong></span> <span class='ocrx_word' id='word_1_726' title='bbox 2425 4339 2710 4394; x_wconf 87' lang='lat' dir='ltr'><strong>secundum</strong></span> <span class='ocrx_word' id='word_1_727' title='bbox 2752 4339 3002 4394; x_wconf 78' lang='lat' dir='ltr'><strong>steculum</strong></span> <span class='ocrx_word' id='word_1_728' title='bbox 3022 4338 3206 4394; x_wconf 89' lang='lat' dir='ltr'><strong>mundi</strong></span> <span class='ocrx_word' id='word_1_729' title='bbox 3233 4338 3414 4412; x_wconf 82' lang='lat' dir='ltr'><strong>hujus,</strong></span> <span class='ocrx_word' id='word_1_730' title='bbox 3448 4341 3754 4394; x_wconf 76' lang='lat' dir='ltr'><strong>secundum</strong></span> 
     </span>
    </p>
   </div>
   <div class='ocr_carea' id='block_1_88' title="bbox 2139 4433 3756 4505">
    <p class='ocr_par' dir='ltr' id='par_1_88' title="bbox 2139 4433 3756 4505">
     <span class='ocr_line' id='line_1_88' title="bbox 2139 4433 3756 4505; baseline 0.002 -19"><span class='ocrx_word' id='word_1_731' title='bbox 2139 4433 2427 4504; x_wconf 86' lang='lat' dir='ltr'><strong>principem</strong></span> <span class='ocrx_word' id='word_1_732' title='bbox 2450 4434 2718 4505; x_wconf 87' lang='lat' dir='ltr'><strong>potestatis</strong></span> <span class='ocrx_word' id='word_1_733' title='bbox 2737 4436 2895 4502; x_wconf 88' lang='lat' dir='ltr'><strong>aeris,</strong></span> <span class='ocrx_word' id='word_1_734' title='bbox 2921 4434 3136 4504; x_wconf 87' lang='lat' dir='ltr'><strong>spiritus</strong></span> <span class='ocrx_word' id='word_1_735' title='bbox 3156 4433 3244 4503; x_wconf 88' lang='lat' dir='ltr'><strong>qui</strong></span> <span class='ocrx_word' id='word_1_736' title='bbox 3269 4449 3408 4488; x_wconf 86' lang='lat' dir='ltr'><strong>nunc</strong></span> <span class='ocrx_word' id='word_1_737' title='bbox 3427 4444 3682 4504; x_wconf 82' lang='lat' dir='ltr'><strong>operatur</strong></span> <span class='ocrx_word' id='word_1_738' title='bbox 3699 4434 3756 4490; x_wconf 81' lang='lat' dir='ltr'><strong>in</strong></span> 
     </span>
    </p>
   </div>
   <div class='ocr_carea' id='block_1_89' title="bbox 438 4517 3752 4600">
    <p class='ocr_par' dir='ltr' id='par_1_89' title="bbox 438 4517 3752 4600">
     <span class='ocr_line' id='line_1_89' title="bbox 438 4517 3752 4600; baseline -0.002 -22"><span class='ocrx_word' id='word_1_739' title='bbox 438 4524 531 4595; x_wconf 85' lang='lat' dir='ltr'><strong>qui</strong></span> <span class='ocrx_word' id='word_1_740' title='bbox 555 4522 813 4592; x_wconf 88' lang='lat' dir='ltr'><strong>loquitur.</strong></span> <span class='ocrx_word' id='word_1_741' title='bbox 836 4521 893 4576; x_wconf 75' lang='lat' dir='ltr'><strong>Si</strong></span> <span class='ocrx_word' id='word_1_742' title='bbox 919 4529 1098 4574; x_wconf 88' lang='lat' dir='ltr'><strong>autem</strong></span> <span class='ocrx_word' id='word_1_743' title='bbox 1115 4517 1351 4574; x_wconf 82' lang='lat' dir='ltr'><strong>mendax</strong></span> <span class='ocrx_word' id='word_1_744' title='bbox 1368 4518 1650 4588; x_wconf 91' lang='lat' dir='ltr'><strong>estetipse</strong></span> <span class='ocrx_word' id='word_1_745' title='bbox 1671 4518 2032 4589; x_wconf 89' lang='lat' dir='ltr'><strong>quiloquitur,</strong></span> <span class='ocrx_word' id='word_1_746' title='bbox 2063 4523 2118 4585; x_wconf 83' lang='lat' dir='ltr'><strong>D</strong></span> <span class='ocrx_word' id='word_1_747' title='bbox 2142 4527 2270 4597; x_wconf 68' lang='lat' dir='ltr'><strong>ﬁliis</strong></span> <span class='ocrx_word' id='word_1_748' title='bbox 2290 4527 2619 4597; x_wconf 63' lang='grc' dir='ltr'><strong>άὶίβάεηιξιε,</strong></span> <span class='ocrx_word' id='word_1_749' title='bbox 2645 4529 2700 4582; x_wconf 71' lang='lat' dir='ltr'><strong>in</strong></span> <span class='ocrx_word' id='word_1_750' title='bbox 2725 4527 2911 4600; x_wconf 57' lang='lat' dir='ltr'><strong>quibus</strong></span> <span class='ocrx_word' id='word_1_751' title='bbox 2935 4536 2983 4584; x_wconf 69' lang='lat' dir='ltr'><strong>et</strong></span> <span class='ocrx_word' id='word_1_752' title='bbox 3011 4544 3107 4583; x_wconf 68' lang='lat' dir='ltr'><strong>nos</strong></span> <span class='ocrx_word' id='word_1_753' title='bbox 3135 4544 3312 4584; x_wconf 62' lang='lat' dir='ltr'><strong>omne;</strong></span> <span class='ocrx_word' id='word_1_754' title='bbox 3335 4530 3636 4584; x_wconf 71' lang='grc' dir='ltr'><strong>οοηυαιωιξ</strong></span> <span class='ocrx_word' id='word_1_755' title='bbox 3657 4546 3752 4584; x_wconf 69' lang='lat' dir='ltr'><strong>su.</strong></span> 
     </span>
    </p>
   </div>
   <div class='ocr_carea' id='block_1_90' title="bbox 436 4617 2029 4692">
    <p class='ocr_par' dir='ltr' id='par_1_90' title="bbox 436 4617 2029 4692">
     <span class='ocr_line' id='line_1_90' title="bbox 436 4617 2029 4692; baseline -0.004 -13"><span class='ocrx_word' id='word_1_756' title='bbox 436 4640 504 4679; x_wconf 89' lang='lat' dir='ltr'><strong>ne</strong></span> <span class='ocrx_word' id='word_1_757' title='bbox 531 4622 635 4677; x_wconf 90' lang='lat' dir='ltr'><strong>hoc</strong></span> <span class='ocrx_word' id='word_1_758' title='bbox 657 4619 873 4692; x_wconf 89' lang='lat' dir='ltr'><strong>quidem</strong></span> <span class='ocrx_word' id='word_1_759' title='bbox 915 4617 1058 4688; x_wconf 92' lang='lat' dir='ltr'><strong>quod</strong></span> <span class='ocrx_word' id='word_1_760' title='bbox 1088 4617 1164 4672; x_wconf 92' lang='lat' dir='ltr'><strong>ait</strong></span> <span class='ocrx_word' id='word_1_761' title='bbox 1184 4631 1375 4673; x_wconf 88' lang='lat' dir='ltr'><strong>vermn</strong></span> <span class='ocrx_word' id='word_1_762' title='bbox 1393 4627 1497 4682; x_wconf 89' lang='lat' dir='ltr'><strong>est,</strong></span> <span class='ocrx_word' id='word_1_763' title='bbox 1518 4632 1734 4672; x_wconf 90' lang='lat' dir='ltr'><strong>omnem</strong></span> <span class='ocrx_word' id='word_1_764' title='bbox 1755 4617 2029 4674; x_wconf 90' lang='lat' dir='ltr'><strong>hominem</strong></span> 
     </span>
    </p>
   </div>
   <div class='ocr_carea' id='block_1_91' title="bbox 434 4708 2029 4778">
    <p class='ocr_par' dir='ltr' id='par_1_91' title="bbox 434 4708 2029 4778">
     <span class='ocr_line' id='line_1_91' title="bbox 434 4708 2029 4778; baseline -0.006 -6"><span class='ocrx_word' id='word_1_765' title='bbox 434 4732 558 4772; x_wconf 84' lang='lat' dir='ltr'><strong>esse</strong></span> <span class='ocrx_word' id='word_1_766' title='bbox 589 4711 924 4769; x_wconf 89' lang='lat' dir='ltr'><strong>mendacem.</strong></span> <span class='ocrx_word' id='word_1_767' title='bbox 961 4708 1133 4763; x_wconf 93' lang='lat' dir='ltr'><strong>Porro</strong></span> <span class='ocrx_word' id='word_1_768' title='bbox 1160 4709 1205 4762; x_wconf 85' lang='lat' dir='ltr'><strong>si</strong></span> <span class='ocrx_word' id='word_1_769' title='bbox 1233 4722 1362 4763; x_wconf 89' lang='lat' dir='ltr'><strong>vera</strong></span> <span class='ocrx_word' id='word_1_770' title='bbox 1392 4709 1661 4764; x_wconf 90' lang='lat' dir='ltr'><strong>sententia</strong></span> <span class='ocrx_word' id='word_1_771' title='bbox 1700 4717 1804 4778; x_wconf 91' lang='lat' dir='ltr'><strong>est,</strong></span> <span class='ocrx_word' id='word_1_772' title='bbox 1852 4710 2029 4765; x_wconf 90' lang='lat' dir='ltr'><strong>omnis</strong></span> 
     </span>
    </p>
   </div>
   <div class='ocr_carea' id='block_1_92' title="bbox 435 4801 2031 4878">
    <p class='ocr_par' dir='ltr' id='par_1_92' title="bbox 435 4801 2031 4878">
     <span class='ocr_line' id='line_1_92' title="bbox 435 4801 2031 4878; baseline -0.006 -12"><span class='ocrx_word' id='word_1_773' title='bbox 435 4811 516 4867; x_wconf 86' lang='lat' dir='ltr'><strong>sic</strong></span> <span class='ocrx_word' id='word_1_774' title='bbox 541 4803 841 4878; x_wconf 90' lang='lat' dir='ltr'><strong>accipiendi</strong></span> <span class='ocrx_word' id='word_1_775' title='bbox 883 4811 1033 4869; x_wconf 87' lang='lat' dir='ltr'><strong>sunt,</strong></span> <span class='ocrx_word' id='word_1_776' title='bbox 1082 4810 1140 4858; x_wconf 92' lang='lat' dir='ltr'><strong>ut</strong></span> <span class='ocrx_word' id='word_1_777' title='bbox 1165 4815 1330 4873; x_wconf 85' lang='lat' dir='ltr'><strong>supra</strong></span> <span class='ocrx_word' id='word_1_778' title='bbox 1369 4801 1631 4869; x_wconf 79' lang='lat' dir='ltr'><strong>diximus,</strong></span> <span class='ocrx_word' id='word_1_779' title='bbox 1659 4801 1804 4872; x_wconf 91' lang='lat' dir='ltr'><strong>quod</strong></span> <span class='ocrx_word' id='word_1_780' title='bbox 1835 4817 2031 4874; x_wconf 89' lang='lat' dir='ltr'><strong>magna</strong></span> 
     </span>
    </p>
   </div>
   <div class='ocr_carea' id='block_1_93' title="bbox 512 4980 1822 5054">
    <p class='ocr_par' dir='ltr' id='par_1_93' title="bbox 512 4980 1822 5054">
     <span class='ocr_line' id='line_1_93' title="bbox 512 4980 1822 5054; baseline -0.008 -8"><span class='ocrx_word' id='word_1_781' title='bbox 512 5002 538 5030; x_wconf 77' lang='grc' dir='ltr'>τι</span> <span class='ocrx_word' id='word_1_782' title='bbox 571 4994 684 5046; x_wconf 84' lang='lat' dir='ltr'><strong>Duo</strong></span> <span class='ocrx_word' id='word_1_783' title='bbox 713 4986 1102 5045; x_wconf 88' lang='lat' dir='ltr'><strong>Cistereienses</strong></span> <span class='ocrx_word' id='word_1_784' title='bbox 1133 4997 1292 5045; x_wconf 88' lang='lat' dir='ltr'><strong>mss.,</strong></span> <span class='ocrx_word' id='word_1_785' title='bbox 1327 4981 1419 5037; x_wconf 89' lang='lat' dir='ltr'><strong>sub</strong></span> <span class='ocrx_word' id='word_1_786' title='bbox 1441 4980 1662 5054; x_wconf 86' lang='lat' dir='ltr'><strong>pedibus</strong></span> <span class='ocrx_word' id='word_1_787' title='bbox 1689 4982 1822 5054; x_wconf 85' lang='lat' dir='ltr'><strong>ejus.</strong></span> 
     </span>
    </p>
   </div>
   <div class='ocr_carea' id='block_1_94' title="bbox 511 5052 2026 5128">
    <p class='ocr_par' dir='ltr' id='par_1_94' title="bbox 511 5052 2026 5128">
     <span class='ocr_line' id='line_1_94' title="bbox 511 5052 2026 5128; baseline -0.006 -8"><span class='ocrx_word' id='word_1_788' title='bbox 511 5064 538 5102; x_wconf 73' lang='grc' dir='ltr'>δ</span> <span class='ocrx_word' id='word_1_789' title='bbox 571 5063 725 5120; x_wconf 87' lang='lat' dir='ltr'><strong>Paria</strong></span> <span class='ocrx_word' id='word_1_790' title='bbox 760 5061 845 5114; x_wconf 88' lang='lat' dir='ltr'><strong>his</strong></span> <span class='ocrx_word' id='word_1_791' title='bbox 877 5058 1103 5128; x_wconf 86' lang='lat' dir='ltr'><strong>replicat</strong></span> <span class='ocrx_word' id='word_1_792' title='bbox 1141 5054 1366 5128; x_wconf 75' lang='lat' dir='ltr'><strong>inferius</strong></span> <span class='ocrx_word' id='word_1_793' title='bbox 1402 5052 1522 5122; x_wconf 84' lang='lat' dir='ltr'><strong>cap.</strong></span> <span class='ocrx_word' id='word_1_794' title='bbox 1565 5069 1625 5122; x_wconf 93' lang='grc' dir='ltr'><strong>ιι,</strong></span> <span class='ocrx_word' id='word_1_795' title='bbox 1666 5052 1940 5128; x_wconf 33' lang='lat' dir='ltr'><strong>vers)!”</strong></span> <span class='ocrx_word' id='word_1_796' title='bbox 1969 5063 2026 5111; x_wconf 92' lang='lat' dir='ltr'><strong>et</strong></span> 
     </span>
    </p>
   </div>
   <div class='ocr_carea' id='block_1_95' title="bbox 335 5125 2026 5203">
    <p class='ocr_par' dir='ltr' id='par_1_95' title="bbox 335 5125 2026 5203">
     <span class='ocr_line' id='line_1_95' title="bbox 335 5125 2026 5203; baseline -0.008 -6"><span class='ocrx_word' id='word_1_797' title='bbox 335 5153 345 5164; x_wconf 89' lang='lat'><strong>&#39;</strong></span> <span class='ocrx_word' id='word_1_798' title='bbox 435 5139 532 5196; x_wconf 92' lang='lat' dir='ltr'><strong>lib.</strong></span> <span class='ocrx_word' id='word_1_799' title='bbox 563 5153 622 5201; x_wconf 88' lang='grc' dir='ltr'><strong>ιι,</strong></span> <span class='ocrx_word' id='word_1_800' title='bbox 650 5150 768 5203; x_wconf 89' lang='lat' dir='ltr'><strong>cap.</strong></span> <span class='ocrx_word' id='word_1_801' title='bbox 804 5125 1050 5203; x_wconf 32' lang='lat' dir='ltr'><strong>tn,vers_.‘</strong></span> <span class='ocrx_word' id='word_1_802' title='bbox 1072 5127 1158 5190; x_wconf 83' lang='grc'><strong>10.</strong></span> <span class='ocrx_word' id='word_1_803' title='bbox 1191 5125 1427 5203; x_wconf 80' lang='lat' dir='ltr'><strong>denique</strong></span> <span class='ocrx_word' id='word_1_804' title='bbox 1457 5136 1510 5180; x_wconf 90' lang='lat' dir='ltr'><strong>et</strong></span> <span class='ocrx_word' id='word_1_805' title='bbox 1548 5141 1772 5203; x_wconf 49' lang='lat' dir='ltr'><strong>cap._tv,</strong></span> <span class='ocrx_word' id='word_1_806' title='bbox 1806 5125 2026 5182; x_wconf 90' lang='lat' dir='ltr'><strong>Scilicet</strong></span> 
     </span>
    </p>
   </div>
   <div class='ocr_carea' id='block_1_96' title="bbox 437 5196 2018 5268">
    <p class='ocr_par' dir='ltr' id='par_1_96' title="bbox 437 5196 2018 5268">
     <span class='ocr_line' id='line_1_96' title="bbox 437 5196 2018 5268; baseline -0.009 -2"><span class='ocrx_word' id='word_1_807' title='bbox 437 5213 492 5266; x_wconf 87' lang='lat' dir='ltr'><strong>in</strong></span> <span class='ocrx_word' id='word_1_808' title='bbox 527 5196 646 5262; x_wconf 76' lang='lat' dir='ltr'><strong>cant</strong></span> <span class='ocrx_word' id='word_1_809' title='bbox 679 5196 930 5260; x_wconf 78' lang='lat' dir='ltr'><strong>concedit</strong></span> <span class='ocrx_word' id='word_1_810' title='bbox 965 5199 1162 5268; x_wconf 91' lang='lat' dir='ltr'><strong>ubique</strong></span> <span class='ocrx_word' id='word_1_811' title='bbox 1191 5197 1538 5262; x_wconf 89' lang='lat' dir='ltr'><strong>sententiam,</strong></span> <span class='ocrx_word' id='word_1_812' title='bbox 1571 5196 1773 5250; x_wconf 82' lang='lat' dir='ltr'><strong>ChriSIi</strong></span> <span class='ocrx_word' id='word_1_813' title='bbox 1803 5211 2018 5254; x_wconf 91' lang='lat' dir='ltr'><strong>crucem</strong></span> 
     </span>
    </p>
   </div>
   <div class='ocr_carea' id='block_1_97' title="bbox 437 5268 2019 5338">
    <p class='ocr_par' dir='ltr' id='par_1_97' title="bbox 437 5268 2019 5338">
     <span class='ocr_line' id='line_1_97' title="bbox 437 5268 2019 5338; baseline -0.009 -2"><span class='ocrx_word' id='word_1_814' title='bbox 437 5298 545 5336; x_wconf 68' lang='lat' dir='ltr'><strong>non</strong></span> <span class='ocrx_word' id='word_1_815' title='bbox 580 5279 750 5332; x_wconf 89' lang='lat' dir='ltr'><strong>solum</strong></span> <span class='ocrx_word' id='word_1_816' title='bbox 785 5274 966 5337; x_wconf 88' lang='lat' dir='ltr'><strong>nobis,</strong></span> <span class='ocrx_word' id='word_1_817' title='bbox 1001 5269 1094 5326; x_wconf 85' lang='lat' dir='ltr'><strong>sed</strong></span> <span class='ocrx_word' id='word_1_818' title='bbox 1125 5279 1179 5324; x_wconf 89' lang='lat' dir='ltr'><strong>et</strong></span> <span class='ocrx_word' id='word_1_819' title='bbox 1202 5268 1408 5338; x_wconf 87' lang='lat' dir='ltr'><strong>angelis</strong></span> <span class='ocrx_word' id='word_1_820' title='bbox 1428 5270 1785 5336; x_wconf 88' lang='lat' dir='ltr'><strong>supernisque</strong></span> <span class='ocrx_word' id='word_1_821' title='bbox 1806 5268 2019 5324; x_wconf 74' lang='lat' dir='ltr'><strong>caeteris</strong></span> 
     </span>
    </p>
   </div>
   <div class='ocr_carea' id='block_1_98' title="bbox 437 5338 2019 5414">
    <p class='ocr_par' dir='ltr' id='par_1_98' title="bbox 437 5338 2019 5414">
     <span class='ocr_line' id='line_1_98' title="bbox 437 5338 2019 5414; baseline -0.008 -7"><span class='ocrx_word' id='word_1_822' title='bbox 437 5349 732 5406; x_wconf 87' lang='lat' dir='ltr'><strong>virtutibus</strong></span> <span class='ocrx_word' id='word_1_823' title='bbox 762 5344 1056 5414; x_wconf 83' lang='lat' dir='ltr'><strong>profuisse.</strong></span> <span class='ocrx_word' id='word_1_824' title='bbox 1087 5340 1359 5414; x_wconf 85' lang='lat' dir='ltr'><strong>Nonnulla</strong></span> <span class='ocrx_word' id='word_1_825' title='bbox 1389 5347 1578 5414; x_wconf 25' lang='lat' dir='ltr'><strong>etinos</strong></span> <span class='ocrx_word' id='word_1_826' title='bbox 1606 5338 1883 5414; x_wconf 76' lang='lat' dir='ltr'><strong>attigimus</strong></span> <span class='ocrx_word' id='word_1_827' title='bbox 1916 5341 2019 5414; x_wconf 79' lang='lat' dir='ltr'><strong>hac</strong></span> 
     </span>
    </p>
   </div>
   <div class='ocr_carea' id='block_1_99' title="bbox 438 5409 2021 5493">
    <p class='ocr_par' dir='ltr' id='par_1_99' title="bbox 438 5409 2021 5493">
     <span class='ocr_line' id='line_1_99' title="bbox 438 5409 2021 5493; baseline -0.009 -15"><span class='ocrx_word' id='word_1_828' title='bbox 438 5437 606 5493; x_wconf 85' lang='lat' dir='ltr'><strong>super</strong></span> <span class='ocrx_word' id='word_1_829' title='bbox 634 5435 695 5475; x_wconf 92' lang='lat' dir='ltr'><strong>re</strong></span> <span class='ocrx_word' id='word_1_830' title='bbox 725 5409 791 5473; x_wconf 84' lang='lat' dir='ltr'><strong>ad</strong></span> <span class='ocrx_word' id='word_1_831' title='bbox 823 5415 1072 5493; x_wconf 83' lang='lat' dir='ltr'><strong>0rigenis</strong></span> <span class='ocrx_word' id='word_1_832' title='bbox 1099 5412 1375 5493; x_wconf 67' lang='lat' dir='ltr'><strong>humilium</strong></span> <span class='ocrx_word' id='word_1_833' title='bbox 1407 5412 1501 5476; x_wconf 75' lang='grc'><strong>25,</strong></span> <span class='ocrx_word' id='word_1_834' title='bbox 1529 5411 1619 5464; x_wconf 92' lang='lat' dir='ltr'><strong>ubi</strong></span> <span class='ocrx_word' id='word_1_835' title='bbox 1651 5409 1786 5493; x_wconf 77' lang='lat' dir='ltr'><strong>satis</strong></span> <span class='ocrx_word' id='word_1_836' title='bbox 1802 5411 1892 5492; x_wconf 77' lang='lat' dir='ltr'><strong>ille</strong></span> <span class='ocrx_word' id='word_1_837' title='bbox 1933 5411 2021 5464; x_wconf 86' lang='lat' dir='ltr'><strong>ab-</strong></span> 
     </span>
    </p>
   </div>
   <div class='ocr_carea' id='block_1_100' title="bbox 437 5481 2016 5561">
    <p class='ocr_par' dir='ltr' id='par_1_100' title="bbox 437 5481 2016 5561">
     <span class='ocr_line' id='line_1_100' title="bbox 437 5481 2016 5561; baseline -0.008 -11"><span class='ocrx_word' id='word_1_838' title='bbox 437 5481 601 5550; x_wconf 75' lang='lat' dir='ltr'><strong>surde</strong></span> <span class='ocrx_word' id='word_1_839' title='bbox 629 5481 974 5561; x_wconf 71' lang='lat' dir='ltr'><strong>pronuntiai,</strong></span> <span class='ocrx_word' id='word_1_840' title='bbox 1001 5486 1246 5561; x_wconf 74' lang='lat' dir='ltr'><strong>angelos,</strong></span> <span class='ocrx_word' id='word_1_841' title='bbox 1270 5496 1724 5561; x_wconf 60' lang='lat' dir='ltr'><strong>nonsecusquant</strong></span> <span class='ocrx_word' id='word_1_842' title='bbox 1746 5481 2016 5548; x_wconf 88' lang='lat' dir='ltr'><strong>homines,</strong></span> 
     </span>
    </p>
   </div>
   <div class='ocr_carea' id='block_1_101' title="bbox 435 5551 2019 5624">
    <p class='ocr_par' dir='ltr' id='par_1_101' title="bbox 435 5551 2019 5624">
     <span class='ocr_line' id='line_1_101' title="bbox 435 5551 2019 5624; baseline -0.007 -3"><span class='ocrx_word' id='word_1_843' title='bbox 435 5551 646 5621; x_wconf 82' lang='lat' dir='ltr'><strong>Christi</strong></span> <span class='ocrx_word' id='word_1_844' title='bbox 689 5569 865 5617; x_wconf 87' lang='lat' dir='ltr'><strong>morte</strong></span> <span class='ocrx_word' id='word_1_845' title='bbox 912 5558 977 5612; x_wconf 85' lang='lat' dir='ltr'><strong>ad</strong></span> <span class='ocrx_word' id='word_1_846' title='bbox 1029 5551 1258 5612; x_wconf 86' lang='lat' dir='ltr'><strong>salutem</strong></span> <span class='ocrx_word' id='word_1_847' title='bbox 1311 5553 1630 5624; x_wconf 79' lang='lat' dir='ltr'><strong>indiguisse.</strong></span> <span class='ocrx_word' id='word_1_848' title='bbox 1665 5551 1866 5608; x_wconf 84' lang='lat' dir='ltr'><strong>Verum</strong></span> <span class='ocrx_word' id='word_1_849' title='bbox 1912 5568 2019 5610; x_wconf 89' lang='lat' dir='ltr'><strong>non</strong></span> 
     </span>
    </p>
   </div>
   <div class='ocr_carea' id='block_1_102' title="bbox 436 5623 2018 5705">
    <p class='ocr_par' dir='ltr' id='par_1_102' title="bbox 436 5623 2018 5705">
     <span class='ocr_line' id='line_1_102' title="bbox 436 5623 2018 5705; baseline -0.01 -13"><span class='ocrx_word' id='word_1_850' title='bbox 436 5651 608 5705; x_wconf 82' lang='lat' dir='ltr'><strong>usque</strong></span> <span class='ocrx_word' id='word_1_851' title='bbox 657 5634 793 5689; x_wconf 86' lang='lat' dir='ltr'><strong>adeo</strong></span> <span class='ocrx_word' id='word_1_852' title='bbox 843 5635 1145 5705; x_wconf 79' lang='lat' dir='ltr'><strong>exaggerat_</strong></span> <span class='ocrx_word' id='word_1_853' title='bbox 1178 5623 1560 5696; x_wconf 82' lang='lat' dir='ltr'><strong>Hieronymus,</strong></span> <span class='ocrx_word' id='word_1_854' title='bbox 1613 5623 1854 5705; x_wconf 69' lang='lat' dir='ltr'><strong>ejusque</strong></span> <span class='ocrx_word' id='word_1_855' title='bbox 1887 5625 2018 5680; x_wconf 88' lang='lat' dir='ltr'><strong>satis</strong></span> 
     </span>
    </p>
   </div>
   <div class='ocr_carea' id='block_1_103' title="bbox 431 5695 2019 5768">
    <p class='ocr_par' dir='ltr' id='par_1_103' title="bbox 431 5695 2019 5768">
     <span class='ocr_line' id='line_1_103' title="bbox 431 5695 2019 5768; baseline -0.007 -5"><span class='ocrx_word' id='word_1_856' title='bbox 431 5695 720 5763; x_wconf 82' lang='lat' dir='ltr'><strong>commodo</strong></span> <span class='ocrx_word' id='word_1_857' title='bbox 757 5718 920 5761; x_wconf 90' lang='lat' dir='ltr'><strong>sensu</strong></span> <span class='ocrx_word' id='word_1_858' title='bbox 947 5695 1148 5768; x_wconf 60' lang='lat' dir='ltr'><strong>inponi</strong></span> <span class='ocrx_word' id='word_1_859' title='bbox 1185 5711 1342 5752; x_wconf 90' lang='lat' dir='ltr'><strong>mens</strong></span> <span class='ocrx_word' id='word_1_860' title='bbox 1371 5695 2019 5768; x_wconf 45' lang='lat' dir='ltr'><strong>potestLquidquidcon—</strong></span> 
     </span>
    </p>
   </div>
   <div class='ocr_carea' id='block_1_104' title="bbox 439 5766 2016 5846">
    <p class='ocr_par' dir='ltr' id='par_1_104' title="bbox 439 5766 2016 5846">
     <span class='ocr_line' id='line_1_104' title="bbox 439 5766 2016 5846; baseline -0.008 -11"><span class='ocrx_word' id='word_1_861' title='bbox 439 5788 520 5835; x_wconf 86' lang='lat' dir='ltr'><strong>tra</strong></span> <span class='ocrx_word' id='word_1_862' title='bbox 554 5777 847 5846; x_wconf 89' lang='lat' dir='ltr'><strong>obganniat</strong></span> <span class='ocrx_word' id='word_1_863' title='bbox 879 5766 1106 5846; x_wconf 78' lang='lat' dir='ltr'><strong>Rufinus</strong></span> <span class='ocrx_word' id='word_1_864' title='bbox 1147 5769 1241 5825; x_wconf 91' lang='lat' dir='ltr'><strong>lib.</strong></span> <span class='ocrx_word' id='word_1_865' title='bbox 1277 5784 1316 5846; x_wconf 77' lang='grc' dir='ltr'><strong>ι,</strong></span> <span class='ocrx_word' id='word_1_866' title='bbox 1345 5784 1400 5822; x_wconf 92' lang='lat' dir='ltr'><strong>n.</strong></span> <span class='ocrx_word' id='word_1_867' title='bbox 1432 5767 1523 5824; x_wconf 83' lang='lat'><strong>58.</strong></span> <span class='ocrx_word' id='word_1_868' title='bbox 1557 5766 1662 5822; x_wconf 93' lang='lat' dir='ltr'><strong>Nos</strong></span> <span class='ocrx_word' id='word_1_869' title='bbox 1694 5767 2016 5846; x_wconf 32' lang='lat' dir='ltr'><strong>haeeAlatius</strong></span> 
     </span>
    </p>
   </div>
   <div class='ocr_carea' id='block_1_105' title="bbox 431 5838 2017 5915">
    <p class='ocr_par' dir='ltr' id='par_1_105' title="bbox 431 5838 2017 5915">
     <span class='ocr_line' id='line_1_105' title="bbox 431 5838 2017 5915; baseline -0.007 -9"><span class='ocrx_word' id='word_1_870' title='bbox 431 5838 802 5906; x_wconf 60' lang='lat' dir='ltr'><strong>edissefemus</strong></span> <span class='ocrx_word' id='word_1_871' title='bbox 843 5843 1008 5915; x_wconf 87' lang='lat' dir='ltr'><strong>paulo</strong></span> <span class='ocrx_word' id='word_1_872' title='bbox 1055 5850 1180 5912; x_wconf 88' lang='lat' dir='ltr'><strong>post</strong></span> <span class='ocrx_word' id='word_1_873' title='bbox 1229 5839 1295 5895; x_wconf 89' lang='lat' dir='ltr'><strong>ad</strong></span> <span class='ocrx_word' id='word_1_874' title='bbox 1345 5854 1466 5910; x_wconf 86' lang='lat' dir='ltr'><strong>cap.</strong></span> <span class='ocrx_word' id='word_1_875' title='bbox 1524 5855 1560 5908; x_wconf 93' lang='grc' dir='ltr'><strong>ι,</strong></span> <span class='ocrx_word' id='word_1_876' title='bbox 1593 5853 1736 5894; x_wconf 89' lang='lat' dir='ltr'><strong>vers.</strong></span> <span class='ocrx_word' id='word_1_877' title='bbox 1789 5838 1878 5908; x_wconf 75' lang='lat' dir='ltr'><strong>lt),</strong></span> <span class='ocrx_word' id='word_1_878' title='bbox 1910 5854 2017 5910; x_wconf 92' lang='lat' dir='ltr'><strong>quo</strong></span> 
     </span>
    </p>
   </div>
   <div class='ocr_carea' id='block_1_106' title="bbox 2141 4620 3752 4693">
    <p class='ocr_par' dir='ltr' id='par_1_106' title="bbox 2141 4620 3752 4693">
     <span class='ocr_line' id='line_1_106' title="bbox 2141 4620 3752 4693; baseline 0.002 -20"><span class='ocrx_word' id='word_1_879' title='bbox 2141 4636 2254 4675; x_wconf 92' lang='lat' dir='ltr'><strong>mus</strong></span> <span class='ocrx_word' id='word_1_880' title='bbox 2275 4620 2555 4691; x_wconf 88' lang='lat' dir='ltr'><strong>aliquando</strong></span> <span class='ocrx_word' id='word_1_881' title='bbox 2580 4621 2634 4675; x_wconf 89' lang='lat' dir='ltr'><strong>in</strong></span> <span class='ocrx_word' id='word_1_882' title='bbox 2656 4620 2924 4675; x_wconf 90' lang='lat' dir='ltr'><strong>desideriis</strong></span> <span class='ocrx_word' id='word_1_883' title='bbox 2947 4621 3120 4676; x_wconf 90' lang='lat' dir='ltr'><strong>carnis</strong></span> <span class='ocrx_word' id='word_1_884' title='bbox 3143 4629 3356 4688; x_wconf 68' lang='lat' dir='ltr'><strong>nostra,</strong></span> <span class='ocrx_word' id='word_1_885' title='bbox 3380 4622 3638 4693; x_wconf 77' lang='lat' dir='ltr'><strong>facientes</strong></span> <span class='ocrx_word' id='word_1_886' title='bbox 3655 4636 3752 4676; x_wconf 75' lang='lat' dir='ltr'><strong>tto-</strong></span> 
     </span>
    </p>
   </div>
   <div class='ocr_carea' id='block_1_107' title="bbox 2141 4713 3748 4785">
    <p class='ocr_par' dir='ltr' id='par_1_107' title="bbox 2141 4713 3748 4785">
     <span class='ocr_line' id='line_1_107' title="bbox 2141 4713 3748 4785; baseline 0.001 -18"><span class='ocrx_word' id='word_1_887' title='bbox 2141 4713 2366 4767; x_wconf 86' lang='lat' dir='ltr'><strong>luntates</strong></span> <span class='ocrx_word' id='word_1_888' title='bbox 2397 4713 2572 4768; x_wconf 89' lang='lat' dir='ltr'><strong>carnis</strong></span> <span class='ocrx_word' id='word_1_889' title='bbox 2593 4721 2640 4766; x_wconf 92' lang='lat' dir='ltr'><strong>et</strong></span> <span class='ocrx_word' id='word_1_890' title='bbox 2671 4721 2694 4748; x_wconf 79' lang='grc' dir='ltr'>ε</span> <span class='ocrx_word' id='word_1_891' title='bbox 2725 4713 3118 4785; x_wconf 87' lang='lat' dir='ltr'><strong>cogitationum,</strong></span> <span class='ocrx_word' id='word_1_892' title='bbox 3141 4723 3191 4769; x_wconf 90' lang='lat' dir='ltr'><strong>et</strong></span> <span class='ocrx_word' id='word_1_893' title='bbox 3215 4728 3422 4768; x_wconf 86' lang='lat' dir='ltr'><strong>eramus</strong></span> <span class='ocrx_word' id='word_1_894' title='bbox 3455 4723 3653 4769; x_wconf 76' lang='lat' dir='ltr'><strong>natura</strong></span> <span class='ocrx_word' id='word_1_895' title='bbox 3681 4715 3748 4783; x_wconf 75' lang='lat' dir='ltr'><strong>ﬁ-</strong></span> 
     </span>
    </p>
   </div>
   <div class='ocr_carea' id='block_1_108' title="bbox 2139 4804 3751 4877">
    <p class='ocr_par' dir='ltr' id='par_1_108' title="bbox 2139 4804 3751 4877">
     <span class='ocr_line' id='line_1_108' title="bbox 2139 4804 3751 4877; baseline 0.002 -18"><span class='ocrx_word' id='word_1_896' title='bbox 2139 4804 2200 4860; x_wconf 90' lang='lat' dir='ltr'><strong>lii</strong></span> <span class='ocrx_word' id='word_1_897' title='bbox 2230 4807 2347 4874; x_wconf 81' lang='lat' dir='ltr'><strong>irte,</strong></span> <span class='ocrx_word' id='word_1_898' title='bbox 2375 4807 2506 4862; x_wconf 89' lang='lat' dir='ltr'><strong>sicut</strong></span> <span class='ocrx_word' id='word_1_899' title='bbox 2531 4814 2580 4860; x_wconf 92' lang='lat' dir='ltr'><strong>et</strong></span> <span class='ocrx_word' id='word_1_900' title='bbox 2595 4806 2786 4863; x_wconf 68' lang='lat' dir='ltr'><strong>ueteri.</strong></span> <span class='ocrx_word' id='word_1_901' title='bbox 2818 4804 2960 4862; x_wconf 88' lang='lat' dir='ltr'><strong>Deus</strong></span> <span class='ocrx_word' id='word_1_902' title='bbox 2988 4815 3164 4862; x_wconf 88' lang='lat' dir='ltr'><strong>autem</strong></span> <span class='ocrx_word' id='word_1_903' title='bbox 3178 4806 3267 4877; x_wconf 88' lang='lat' dir='ltr'><strong>qui</strong></span> <span class='ocrx_word' id='word_1_904' title='bbox 3297 4806 3438 4862; x_wconf 80' lang='lat' dir='ltr'><strong>dives</strong></span> <span class='ocrx_word' id='word_1_905' title='bbox 3450 4815 3529 4863; x_wconf 87' lang='lat' dir='ltr'><strong>est</strong></span> <span class='ocrx_word' id='word_1_906' title='bbox 3557 4807 3616 4863; x_wconf 85' lang='lat' dir='ltr'><strong>in</strong></span> <span class='ocrx_word' id='word_1_907' title='bbox 3645 4807 3751 4862; x_wconf 83' lang='lat' dir='ltr'><strong>mi-</strong></span> 
     </span>
    </p>
   </div>
   <div class='ocr_carea' id='block_1_109' title="bbox 2131 4985 3413 5062">
    <p class='ocr_par' dir='ltr' id='par_1_109' title="bbox 2131 4985 3413 5062">
     <span class='ocr_line' id='line_1_109' title="bbox 2131 4985 3413 5062; baseline 0.004 -21"><span class='ocrx_word' id='word_1_908' title='bbox 2131 4985 2399 5062; x_wconf 86' lang='lat' dir='ltr'><strong>loco_i_pse</strong></span> <span class='ocrx_word' id='word_1_909' title='bbox 2430 5001 2490 5062; x_wconf 85' lang='lat' dir='ltr'><strong>se</strong></span> <span class='ocrx_word' id='word_1_910' title='bbox 2516 4987 2848 5048; x_wconf 90' lang='lat' dir='ltr'><strong>luculentius</strong></span> <span class='ocrx_word' id='word_1_911' title='bbox 2870 4992 3117 5062; x_wconf 85' lang='lat' dir='ltr'><strong>explicat</strong></span> <span class='ocrx_word' id='word_1_912' title='bbox 3145 4990 3203 5050; x_wconf 94' lang='lat' dir='ltr'><strong>S.</strong></span> <span class='ocrx_word' id='word_1_913' title='bbox 3227 4990 3413 5049; x_wconf 86' lang='lat' dir='ltr'><strong>Pater.</strong></span> 
     </span>
    </p>
   </div>
   <div class='ocr_carea' id='block_1_110' title="bbox 2204 5059 3152 5130">
    <p class='ocr_par' dir='ltr' id='par_1_110' title="bbox 2204 5059 3152 5130">
     <span class='ocr_line' id='line_1_110' title="bbox 2204 5059 3152 5130; baseline 0.005 -18"><span class='ocrx_word' id='word_1_914' title='bbox 2204 5070 2226 5130; x_wconf 60' lang='grc' dir='ltr'><strong>ς</strong></span> <span class='ocrx_word' id='word_1_915' title='bbox 2262 5059 2445 5114; x_wconf 89' lang='lat' dir='ltr'><strong>Nostri</strong></span> <span class='ocrx_word' id='word_1_916' title='bbox 2477 5075 2636 5130; x_wconf 91' lang='lat' dir='ltr'><strong>mss.,</strong></span> <span class='ocrx_word' id='word_1_917' title='bbox 2666 5063 2821 5118; x_wconf 83' lang='lat' dir='ltr'><strong>veluti</strong></span> <span class='ocrx_word' id='word_1_918' title='bbox 2851 5059 3152 5119; x_wconf 49' lang='lat' dir='ltr'><strong>hoc—modo.</strong></span> 
     </span>
    </p>
   </div>
   <div class='ocr_carea' id='block_1_111' title="bbox 2197 5128 3744 5208">
    <p class='ocr_par' dir='ltr' id='par_1_111' title="bbox 2197 5128 3744 5208">
     <span class='ocr_line' id='line_1_111' title="bbox 2197 5128 3744 5208; baseline 0.007 -25"><span class='ocrx_word' id='word_1_919' title='bbox 2197 5128 2223 5166; x_wconf 73' lang='grc' dir='ltr'>ἀ</span> <span class='ocrx_word' id='word_1_920' title='bbox 2266 5128 2629 5208; x_wconf 83' lang='lat' dir='ltr'><strong>llin_e_iterttm</strong></span> <span class='ocrx_word' id='word_1_921' title='bbox 2674 5132 2906 5208; x_wconf 73' lang='lat' dir='ltr'><strong>Rufinus</strong></span> <span class='ocrx_word' id='word_1_922' title='bbox 2949 5134 3279 5205; x_wconf 88' lang='lat' dir='ltr'><strong>Origenismi</strong></span> <span class='ocrx_word' id='word_1_923' title='bbox 3339 5133 3744 5208; x_wconf 83' lang='lat' dir='ltr'><strong>Hieronymum</strong></span> 
     </span>
    </p>
   </div>
   <div class='ocr_carea' id='block_1_112' title="bbox 2125 5202 2869 5271">
    <p class='ocr_par' dir='ltr' id='par_1_112' title="bbox 2125 5202 2869 5271">
     <span class='ocr_line' id='line_1_112' title="bbox 2125 5202 2869 5271; baseline 0.004 -14"><span class='ocrx_word' id='word_1_924' title='bbox 2125 5202 2458 5258; x_wconf 87' lang='lat' dir='ltr'><strong>accusatlih.</strong></span> <span class='ocrx_word' id='word_1_925' title='bbox 2492 5219 2552 5271; x_wconf 92' lang='grc' dir='ltr'><strong>ιι,</strong></span> <span class='ocrx_word' id='word_1_926' title='bbox 2595 5221 2742 5260; x_wconf 90' lang='lat' dir='ltr'><strong>num.</strong></span> <span class='ocrx_word' id='word_1_927' title='bbox 2778 5205 2869 5262; x_wconf 78' lang='grc'><strong>54.</strong></span> 
     </span>
    </p>
   </div>
   <div class='ocr_carea' id='block_1_113' title="bbox 2199 5272 3741 5362">
    <p class='ocr_par' dir='ltr' id='par_1_113' title="bbox 2199 5272 3741 5362">
     <span class='ocr_line' id='line_1_113' title="bbox 2199 5272 3741 5362; baseline 0.006 -36"><span class='ocrx_word' id='word_1_928' title='bbox 2199 5272 2542 5362; x_wconf 46' lang='lat' dir='ltr'><strong>f‘Vie&#39;torius</strong></span> <span class='ocrx_word' id='word_1_929' title='bbox 2572 5277 2831 5362; x_wconf 70' lang='lat' dir='ltr'><strong>rescribit</strong></span> <span class='ocrx_word' id='word_1_930' title='bbox 2877 5278 3143 5362; x_wconf 74' lang='lat' dir='ltr'><strong>mentium,</strong></span> <span class='ocrx_word' id='word_1_931' title='bbox 3198 5293 3297 5348; x_wconf 90' lang='lat' dir='ltr'><strong>pro</strong></span> <span class='ocrx_word' id='word_1_932' title='bbox 3327 5279 3741 5362; x_wconf 60' lang='lat' dir='ltr'><strong>cogitationum,</strong></span> 
     </span>
    </p>
   </div>
   <div class='ocr_carea' id='block_1_114' title="bbox 2123 5346 3737 5420">
    <p class='ocr_par' dir='ltr' id='par_1_114' title="bbox 2123 5346 3737 5420">
     <span class='ocr_line' id='line_1_114' title="bbox 2123 5346 3737 5420; baseline 0.006 -21"><span class='ocrx_word' id='word_1_933' title='bbox 2123 5346 2263 5420; x_wconf 76' lang='lat' dir='ltr'><strong>quod</strong></span> <span class='ocrx_word' id='word_1_934' title='bbox 2319 5346 2452 5401; x_wconf 90' lang='lat' dir='ltr'><strong>illud</strong></span> <span class='ocrx_word' id='word_1_935' title='bbox 2479 5362 2546 5420; x_wconf 79' lang='lat' dir='ltr'><strong>ex</strong></span> <span class='ocrx_word' id='word_1_936' title='bbox 2588 5349 2836 5404; x_wconf 77' lang='lat' dir='ltr'><strong>subnexa</strong></span> <span class='ocrx_word' id='word_1_937' title='bbox 2882 5346 3229 5420; x_wconf 77' lang='lat' dir='ltr'><strong>expositione</strong></span> <span class='ocrx_word' id='word_1_938' title='bbox 3284 5346 3575 5420; x_wconf 83' lang='lat' dir='ltr'><strong>colligeret</strong></span> <span class='ocrx_word' id='word_1_939' title='bbox 3629 5346 3737 5409; x_wconf 84' lang='lat' dir='ltr'><strong>abs</strong></span> 
     </span>
    </p>
   </div>
   <div class='ocr_carea' id='block_1_115' title="bbox 2131 5415 3741 5492">
    <p class='ocr_par' dir='ltr' id='par_1_115' title="bbox 2131 5415 3741 5492">
     <span class='ocr_line' id='line_1_115' title="bbox 2131 5415 3741 5492; baseline 0.007 -23"><span class='ocrx_word' id='word_1_940' title='bbox 2131 5415 2464 5492; x_wconf 61' lang='lat' dir='ltr'><strong>Hieronymo</strong></span> <span class='ocrx_word' id='word_1_941' title='bbox 2512 5418 2735 5483; x_wconf 90' lang='lat' dir='ltr'><strong>lectum,</strong></span> <span class='ocrx_word' id='word_1_942' title='bbox 2788 5415 3118 5492; x_wconf 81' lang='lat' dir='ltr'><strong>quamquam</strong></span> <span class='ocrx_word' id='word_1_943' title='bbox 3163 5431 3220 5478; x_wconf 92' lang='lat' dir='ltr'><strong>et</strong></span> <span class='ocrx_word' id='word_1_944' title='bbox 3259 5415 3490 5491; x_wconf 77' lang='lat' dir='ltr'><strong>Vulgata</strong></span> <span class='ocrx_word' id='word_1_945' title='bbox 3535 5423 3741 5492; x_wconf 90' lang='lat' dir='ltr'><strong>editio,</strong></span> 
     </span>
    </p>
   </div>
   <div class='ocr_carea' id='block_1_116' title="bbox 2128 5488 3741 5565">
    <p class='ocr_par' dir='ltr' id='par_1_116' title="bbox 2128 5488 3741 5565">
     <span class='ocr_line' id='line_1_116' title="bbox 2128 5488 3741 5565; baseline 0.006 -23"><span class='ocrx_word' id='word_1_946' title='bbox 2128 5488 2486 5560; x_wconf 74' lang='lat' dir='ltr'><strong>Crtecumque</strong></span> <span class='ocrx_word' id='word_1_947' title='bbox 2508 5488 2996 5565; x_wconf 61' lang='lat' dir='ltr'><strong>verbumaigvou‘oo</strong></span> <span class='ocrx_word' id='word_1_948' title='bbox 3018 5488 3392 5565; x_wconf 60' lang='lat' dir='ltr'><strong>refragentur:</strong></span> <span class='ocrx_word' id='word_1_949' title='bbox 3431 5492 3556 5565; x_wconf 56' lang='lat' dir='ltr'><strong>[late</strong></span> <span class='ocrx_word' id='word_1_950' title='bbox 3609 5488 3741 5551; x_wconf 82' lang='lat' dir='ltr'><strong>eum</strong></span> 
     </span>
    </p>
   </div>
   <div class='ocr_carea' id='block_1_117' title="bbox 2129 5562 3741 5634">
    <p class='ocr_par' dir='ltr' id='par_1_117' title="bbox 2129 5562 3741 5634">
     <span class='ocr_line' id='line_1_117' title="bbox 2129 5562 3741 5634; baseline 0.005 -20"><span class='ocrx_word' id='word_1_951' title='bbox 2129 5574 2354 5634; x_wconf 66' lang='lat' dir='ltr'><strong>[novere</strong></span> <span class='ocrx_word' id='word_1_952' title='bbox 2380 5562 2701 5632; x_wconf 89' lang='lat' dir='ltr'><strong>cumprimis</strong></span> <span class='ocrx_word' id='word_1_953' title='bbox 2731 5563 2789 5620; x_wconf 90' lang='lat' dir='ltr'><strong>S.</strong></span> <span class='ocrx_word' id='word_1_954' title='bbox 2819 5563 3139 5634; x_wconf 86' lang='lat' dir='ltr'><strong>lnterpretis</strong></span> <span class='ocrx_word' id='word_1_955' title='bbox 3167 5562 3344 5621; x_wconf 62' lang='lat' dir='ltr'><strong>&#39;verba</strong></span> <span class='ocrx_word' id='word_1_956' title='bbox 3377 5580 3392 5618; x_wconf 89' lang='lat'><strong>:</strong></span> <span class='ocrx_word' id='word_1_957' title='bbox 3427 5562 3741 5634; x_wconf 84' lang='lat' dir='ltr'><strong>Facientes,</strong></span> 
     </span>
    </p>
   </div>
   <div class='ocr_carea' id='block_1_118' title="bbox 2126 5629 3745 5708">
    <p class='ocr_par' dir='ltr' id='par_1_118' title="bbox 2126 5629 3745 5708">
     <span class='ocr_line' id='line_1_118' title="bbox 2126 5629 3745 5708; baseline 0.007 -26"><span class='ocrx_word' id='word_1_958' title='bbox 2126 5629 2385 5708; x_wconf 77' lang='lat' dir='ltr'><strong>inquiens,</strong></span> <span class='ocrx_word' id='word_1_959' title='bbox 2418 5629 2711 5708; x_wconf 27' lang='lat' dir='ltr'><strong>non‘unam</strong></span> <span class='ocrx_word' id='word_1_960' title='bbox 2735 5629 3055 5691; x_wconf 61' lang='lat' dir='ltr'><strong>uoluntatem</strong></span> <span class='ocrx_word' id='word_1_961' title='bbox 3083 5637 3276 5708; x_wconf 84' lang='lat' dir='ltr'><strong>carnis,</strong></span> <span class='ocrx_word' id='word_1_962' title='bbox 3317 5635 3408 5692; x_wconf 82' lang='lat' dir='ltr'><strong>sed</strong></span> <span class='ocrx_word' id='word_1_963' title='bbox 3450 5636 3655 5708; x_wconf 87' lang='lat' dir='ltr'><strong>plures,</strong></span> <span class='ocrx_word' id='word_1_964' title='bbox 3694 5629 3745 5694; x_wconf 77' lang='lat' dir='ltr'><strong>et</strong></span> 
     </span>
    </p>
   </div>
   <div class='ocr_carea' id='block_1_119' title="bbox 2126 5704 3745 5777">
    <p class='ocr_par' dir='ltr' id='par_1_119' title="bbox 2126 5704 3745 5777">
     <span class='ocr_line' id='line_1_119' title="bbox 2126 5704 3745 5777; baseline 0.006 -23"><span class='ocrx_word' id='word_1_965' title='bbox 2126 5717 2228 5756; x_wconf 85' lang='lat' dir='ltr'><strong>non</strong></span> <span class='ocrx_word' id='word_1_966' title='bbox 2252 5704 2423 5777; x_wconf 87' lang='lat' dir='ltr'><strong>s_olu_m</strong></span> <span class='ocrx_word' id='word_1_967' title='bbox 2446 5705 2762 5761; x_wconf 84' lang='lat' dir='ltr'><strong>voluntatem</strong></span> <span class='ocrx_word' id='word_1_968' title='bbox 2787 5708 2977 5775; x_wconf 86' lang='lat' dir='ltr'><strong>carnis,</strong></span> <span class='ocrx_word' id='word_1_969' title='bbox 3009 5707 3100 5763; x_wconf 84' lang='lat' dir='ltr'><strong>sed</strong></span> <span class='ocrx_word' id='word_1_970' title='bbox 3135 5710 3292 5764; x_wconf 89' lang='lat' dir='ltr'><strong>etiam</strong></span> <span class='ocrx_word' id='word_1_971' title='bbox 3318 5704 3612 5772; x_wconf 80' lang='lat' dir='ltr'><strong>mentium,</strong></span> <span class='ocrx_word' id='word_1_972' title='bbox 3641 5704 3745 5777; x_wconf 76' lang='lat' dir='ltr'><strong>pro</strong></span> 
     </span>
    </p>
   </div>
   <div class='ocr_carea' id='block_1_120' title="bbox 2125 5774 3748 5853">
    <p class='ocr_par' dir='ltr' id='par_1_120' title="bbox 2125 5774 3748 5853">
     <span class='ocr_line' id='line_1_120' title="bbox 2125 5774 3748 5853; baseline 0.004 -27"><span class='ocrx_word' id='word_1_973' title='bbox 2125 5788 2227 5843; x_wconf 90' lang='lat' dir='ltr'><strong>quo</strong></span> <span class='ocrx_word' id='word_1_974' title='bbox 2265 5774 2317 5828; x_wconf 85' lang='lat' dir='ltr'><strong>in</strong></span> <span class='ocrx_word' id='word_1_975' title='bbox 2350 5775 2554 5833; x_wconf 89' lang='lat' dir='ltr'><strong>Latinis</strong></span> <span class='ocrx_word' id='word_1_976' title='bbox 2582 5778 2842 5835; x_wconf 86' lang='lat' dir='ltr'><strong>codicibus</strong></span> <span class='ocrx_word' id='word_1_977' title='bbox 2873 5774 3087 5853; x_wconf 80' lang='lat' dir='ltr'><strong>habetur</strong></span> <span class='ocrx_word' id='word_1_978' title='bbox 3131 5779 3545 5853; x_wconf 84' lang='lat' dir='ltr'><strong>cogitationum.</strong></span> <span class='ocrx_word' id='word_1_979' title='bbox 3585 5774 3748 5853; x_wconf 77' lang='lat' dir='ltr'><strong>Inter</strong></span> 
     </span>
    </p>
   </div>
   <div class='ocr_carea' id='block_1_121' title="bbox 2123 5851 3740 5923">
    <p class='ocr_par' dir='ltr' id='par_1_121' title="bbox 2123 5851 3740 5923">
     <span class='ocr_line' id='line_1_121' title="bbox 2123 5851 3740 5923; baseline 0.006 -24"><span class='ocrx_word' id='word_1_980' title='bbox 2123 5856 2390 5915; x_wconf 85' lang='lat' dir='ltr'><strong>peccatum</strong></span> <span class='ocrx_word' id='word_1_981' title='bbox 2415 5858 2590 5904; x_wconf 88' lang='lat' dir='ltr'><strong>autem</strong></span> <span class='ocrx_word' id='word_1_982' title='bbox 2611 5854 2788 5906; x_wconf 88' lang='lat' dir='ltr'><strong>carnis</strong></span> <span class='ocrx_word' id='word_1_983' title='bbox 2817 5860 2864 5908; x_wconf 90' lang='lat' dir='ltr'><strong>et</strong></span> <span class='ocrx_word' id='word_1_984' title='bbox 2884 5852 3130 5907; x_wconf 88' lang='lat' dir='ltr'><strong>mentium</strong></span> <span class='ocrx_word' id='word_1_985' title='bbox 3152 5851 3250 5908; x_wconf 79' lang='lat' dir='ltr'><strong>hoc</strong></span> <span class='ocrx_word' id='word_1_986' title='bbox 3275 5868 3384 5909; x_wconf 86' lang='lat' dir='ltr'><strong>esse</strong></span> <span class='ocrx_word' id='word_1_987' title='bbox 3404 5859 3548 5923; x_wconf 79' lang='lat' dir='ltr'><strong>puto,</strong></span> <span class='ocrx_word' id='word_1_988' title='bbox 3583 5852 3740 5923; x_wconf 80' lang='lat' dir='ltr'><strong>quod</strong></span> 
     </span>
    </p>
   </div>
  </div>
