  <div class='ocr_page' id='page_1' title='image "/cluster/home/n/w/nwhite01/storage/ocr_20150623/26/hvd.32044015471402/238.png"; bbox 0 0 3962 6338; ppageno 0'>
   <div class='ocr_carea' id='block_1_1' title="bbox 241 365 332 425">
    <p class='ocr_par' dir='ltr' id='par_1_1' title="bbox 241 365 332 425">
     <span class='ocr_line' id='line_1_1' title="bbox 241 365 332 425; baseline -0.011 -1"><span class='ocrx_word' id='word_1_1' title='bbox 241 365 332 425; x_wconf 66' lang='grc'><strong>465</strong></span> 
     </span>
    </p>
   </div>
   <div class='ocr_carea' id='block_1_2' title="bbox 718 363 2970 423">
    <p class='ocr_par' dir='ltr' id='par_1_2' title="bbox 718 363 2970 423">
     <span class='ocr_line' id='line_1_2' title="bbox 718 363 2970 423; baseline 0 -1"><span class='ocrx_word' id='word_1_2' title='bbox 718 363 1369 423; x_wconf 77' lang='lat' dir='ltr'><strong>COMMENTARIORUM</strong></span> <span class='ocrx_word' id='word_1_3' title='bbox 1407 363 1475 421; x_wconf 83' lang='grc' dir='ltr'><strong>ΙΝ</strong></span> <span class='ocrx_word' id='word_1_4' title='bbox 1514 363 1906 422; x_wconf 62' lang='lat' dir='ltr'><strong>EPISTULA“</strong></span> <span class='ocrx_word' id='word_1_5' title='bbox 1945 365 2037 422; x_wconf 79' lang='lat' dir='ltr'><strong>AD</strong></span> <span class='ocrx_word' id='word_1_6' title='bbox 2075 364 2416 423; x_wconf 83' lang='lat' dir='ltr'><strong>EPHESIOS</strong></span> <span class='ocrx_word' id='word_1_7' title='bbox 2452 365 2586 422; x_wconf 88' lang='lat' dir='ltr'><strong>LIB.</strong></span> <span class='ocrx_word' id='word_1_8' title='bbox 2629 363 2671 419; x_wconf 91' lang='grc' dir='ltr'><strong>Ι.</strong></span> <span class='ocrx_word' id='word_1_9' title='bbox 2710 363 2863 422; x_wconf 83' lang='lat' dir='ltr'><strong>CAP.</strong></span> <span class='ocrx_word' id='word_1_10' title='bbox 2905 367 2970 422; x_wconf 88' lang='lat' dir='ltr'><strong>ll.</strong></span> 
     </span>
    </p>
   </div>
   <div class='ocr_carea' id='block_1_3' title="bbox 3385 370 3491 427">
    <p class='ocr_par' dir='ltr' id='par_1_3' title="bbox 3385 370 3491 427">
     <span class='ocr_line' id='line_1_3' title="bbox 3385 370 3491 427; baseline -0.028 0"><span class='ocrx_word' id='word_1_11' title='bbox 3385 370 3491 427; x_wconf 73' lang='grc'><strong>466</strong></span> 
     </span>
    </p>
   </div>
   <div class='ocr_carea' id='block_1_4' title="bbox 238 481 3496 554">
    <p class='ocr_par' dir='ltr' id='par_1_4' title="bbox 238 481 3496 554">
     <span class='ocr_line' id='line_1_4' title="bbox 238 481 3496 554; baseline 0.001 -14"><span class='ocrx_word' id='word_1_12' title='bbox 238 482 514 549; x_wconf 80' lang='lat' dir='ltr'><strong>sericordia,</strong></span> <span class='ocrx_word' id='word_1_13' title='bbox 537 492 746 554; x_wconf 85' lang='lat' dir='ltr'><strong>propter</strong></span> <span class='ocrx_word' id='word_1_14' title='bbox 763 483 983 537; x_wconf 88' lang='lat' dir='ltr'><strong>multam</strong></span> <span class='ocrx_word' id='word_1_15' title='bbox 997 481 1303 538; x_wconf 87' lang='lat' dir='ltr'><strong>charitatem</strong></span> <span class='ocrx_word' id='word_1_16' title='bbox 1323 498 1474 536; x_wconf 88' lang='lat' dir='ltr'><strong>suam</strong></span> <span class='ocrx_word' id='word_1_17' title='bbox 1488 497 1592 553; x_wconf 87' lang='lat' dir='ltr'><strong>qua</strong></span> <span class='ocrx_word' id='word_1_18' title='bbox 1612 481 1793 536; x_wconf 76' lang='lat' dir='ltr'><strong>dilexit</strong></span> <span class='ocrx_word' id='word_1_19' title='bbox 1820 485 1875 548; x_wconf 78' lang='grc' dir='ltr'><strong>Α</strong></span> <span class='ocrx_word' id='word_1_20' title='bbox 1900 496 2068 553; x_wconf 88' lang='lat' dir='ltr'><strong>usque</strong></span> <span class='ocrx_word' id='word_1_21' title='bbox 2097 481 2162 536; x_wconf 90' lang='lat' dir='ltr'><strong>ad</strong></span> <span class='ocrx_word' id='word_1_22' title='bbox 2193 483 2487 538; x_wconf 76' lang='lat' dir='ltr'><strong>terminum</strong></span> <span class='ocrx_word' id='word_1_23' title='bbox 2516 497 2671 537; x_wconf 90' lang='lat' dir='ltr'><strong>suum</strong></span> <span class='ocrx_word' id='word_1_24' title='bbox 2696 483 2969 553; x_wconf 77' lang='lat' dir='ltr'><strong>volvatur,</strong></span> <span class='ocrx_word' id='word_1_25' title='bbox 3005 493 3060 540; x_wconf 92' lang='lat' dir='ltr'><strong>et</strong></span> <span class='ocrx_word' id='word_1_26' title='bbox 3092 493 3340 543; x_wconf 77' lang='lat' dir='ltr'><strong>transeat</strong></span> <span class='ocrx_word' id='word_1_27' title='bbox 3366 503 3378 540; x_wconf 93' lang='lat'><strong>:</strong></span> <span class='ocrx_word' id='word_1_28' title='bbox 3409 487 3496 542; x_wconf 89' lang='lat' dir='ltr'><strong>vel</strong></span> 
     </span>
    </p>
   </div>
   <div class='ocr_carea' id='block_1_5' title="bbox 237 574 1795 645">
    <p class='ocr_par' dir='ltr' id='par_1_5' title="bbox 237 574 1795 645">
     <span class='ocr_line' id='line_1_5' title="bbox 237 574 1795 645; baseline -0.003 -12"><span class='ocrx_word' id='word_1_29' title='bbox 237 593 319 633; x_wconf 85' lang='lat' dir='ltr'><strong>nos</strong></span> <span class='ocrx_word' id='word_1_30' title='bbox 337 586 382 630; x_wconf 74' lang='lat' dir='ltr'><strong>et</strong></span> <span class='ocrx_word' id='word_1_31' title='bbox 405 591 517 630; x_wconf 89' lang='lat' dir='ltr'><strong>cum</strong></span> <span class='ocrx_word' id='word_1_32' title='bbox 538 591 759 631; x_wconf 85' lang='lat' dir='ltr'><strong>essemus</strong></span> <span class='ocrx_word' id='word_1_33' title='bbox 810 576 1001 629; x_wconf 78' lang='lat' dir='ltr'><strong>mortui</strong></span> <span class='ocrx_word' id='word_1_34' title='bbox 1031 575 1276 644; x_wconf 75' lang='lat' dir='ltr'><strong>peccatis,</strong></span> <span class='ocrx_word' id='word_1_35' title='bbox 1297 574 1672 645; x_wconf 83' lang='lat' dir='ltr'><strong>convivlﬁcavit</strong></span> <span class='ocrx_word' id='word_1_36' title='bbox 1702 590 1795 628; x_wconf 86' lang='lat' dir='ltr'><strong>nos</strong></span> 
     </span>
    </p>
   </div>
   <div class='ocr_carea' id='block_1_6' title="bbox 235 669 1795 741">
    <p class='ocr_par' dir='ltr' id='par_1_6' title="bbox 235 669 1795 741">
     <span class='ocr_line' id='line_1_6' title="bbox 235 669 1795 741; baseline -0.001 -15"><span class='ocrx_word' id='word_1_37' title='bbox 235 669 438 726; x_wconf 76' lang='lat' dir='ltr'><strong>Christo.</strong></span> <span class='ocrx_word' id='word_1_38' title='bbox 492 673 794 740; x_wconf 79' lang='lat' dir='ltr'><strong>Antequam</strong></span> <span class='ocrx_word' id='word_1_39' title='bbox 840 669 907 726; x_wconf 92' lang='lat' dir='ltr'><strong>de</strong></span> <span class='ocrx_word' id='word_1_40' title='bbox 937 669 1172 741; x_wconf 81' lang='lat' dir='ltr'><strong>singulis</strong></span> <span class='ocrx_word' id='word_1_41' title='bbox 1221 671 1509 726; x_wconf 79' lang='lat' dir='ltr'><strong>verborum</strong></span> <span class='ocrx_word' id='word_1_42' title='bbox 1544 669 1795 724; x_wconf 88' lang='lat' dir='ltr'><strong>sensibus</strong></span> 
     </span>
    </p>
   </div>
   <div class='ocr_carea' id='block_1_7' title="bbox 231 763 1793 834">
    <p class='ocr_par' dir='ltr' id='par_1_7' title="bbox 231 763 1793 834">
     <span class='ocr_line' id='line_1_7' title="bbox 231 763 1793 834; baseline -0.003 -13"><span class='ocrx_word' id='word_1_43' title='bbox 231 763 564 834; x_wconf 76' lang='lat' dir='ltr'><strong>disputemus,</strong></span> <span class='ocrx_word' id='word_1_44' title='bbox 587 763 799 820; x_wconf 90' lang='lat' dir='ltr'><strong>videtur</strong></span> <span class='ocrx_word' id='word_1_45' title='bbox 829 763 985 820; x_wconf 90' lang='lat' dir='ltr'><strong>nobis</strong></span> <span class='ocrx_word' id='word_1_46' title='bbox 1015 765 1087 820; x_wconf 89' lang='lat' dir='ltr'><strong>ita</strong></span> <span class='ocrx_word' id='word_1_47' title='bbox 1119 763 1365 820; x_wconf 89' lang='lat' dir='ltr'><strong>lectionis</strong></span> <span class='ocrx_word' id='word_1_48' title='bbox 1394 764 1530 819; x_wconf 89' lang='lat' dir='ltr'><strong>ordo</strong></span> <span class='ocrx_word' id='word_1_49' title='bbox 1561 763 1793 819; x_wconf 89' lang='lat' dir='ltr'><strong>redden-</strong></span> 
     </span>
    </p>
   </div>
   <div class='ocr_carea' id='block_1_8' title="bbox 232 855 1794 927">
    <p class='ocr_par' dir='ltr' id='par_1_8' title="bbox 232 855 1794 927">
     <span class='ocr_line' id='line_1_8' title="bbox 232 855 1794 927; baseline -0.001 -15"><span class='ocrx_word' id='word_1_50' title='bbox 232 855 356 912; x_wconf 89' lang='lat' dir='ltr'><strong>dus:</strong></span> <span class='ocrx_word' id='word_1_51' title='bbox 386 855 453 910; x_wconf 87' lang='lat' dir='ltr'><strong>Et</strong></span> <span class='ocrx_word' id='word_1_52' title='bbox 495 869 590 911; x_wconf 91' lang='lat' dir='ltr'><strong>vos</strong></span> <span class='ocrx_word' id='word_1_53' title='bbox 619 870 742 912; x_wconf 92' lang='lat' dir='ltr'><strong>cum</strong></span> <span class='ocrx_word' id='word_1_54' title='bbox 777 857 972 912; x_wconf 88' lang='lat' dir='ltr'><strong>mortui</strong></span> <span class='ocrx_word' id='word_1_55' title='bbox 1005 856 1202 912; x_wconf 83' lang='lat' dir='ltr'><strong>essetis</strong></span> <span class='ocrx_word' id='word_1_56' title='bbox 1230 855 1440 913; x_wconf 85' lang='lat' dir='ltr'><strong>delictis</strong></span> <span class='ocrx_word' id='word_1_57' title='bbox 1469 865 1524 912; x_wconf 90' lang='lat' dir='ltr'><strong>et</strong></span> <span class='ocrx_word' id='word_1_58' title='bbox 1554 857 1794 927; x_wconf 86' lang='lat' dir='ltr'><strong>peccatis</strong></span> 
     </span>
    </p>
   </div>
   <div class='ocr_carea' id='block_1_9' title="bbox 230 947 1794 1018">
    <p class='ocr_par' dir='ltr' id='par_1_9' title="bbox 230 947 1794 1018">
     <span class='ocr_line' id='line_1_9' title="bbox 230 947 1794 1018; baseline -0.001 -14"><span class='ocrx_word' id='word_1_59' title='bbox 230 947 429 1014; x_wconf 77' lang='lat' dir='ltr'><strong>vestris,</strong></span> <span class='ocrx_word' id='word_1_60' title='bbox 458 947 857 1004; x_wconf 82' lang='lat' dir='ltr'><strong>conviviﬂcavit</strong></span> <span class='ocrx_word' id='word_1_61' title='bbox 892 947 1112 1004; x_wconf 85' lang='lat' dir='ltr'><strong>Christo</strong></span> <span class='ocrx_word' id='word_1_62' title='bbox 1142 947 1306 1014; x_wconf 90' lang='lat' dir='ltr'><strong>Deus,</strong></span> <span class='ocrx_word' id='word_1_63' title='bbox 1329 948 1419 1018; x_wconf 85' lang='lat' dir='ltr'><strong>qui</strong></span> <span class='ocrx_word' id='word_1_64' title='bbox 1450 947 1606 1004; x_wconf 72' lang='lat' dir='ltr'><strong>dives</strong></span> <span class='ocrx_word' id='word_1_65' title='bbox 1632 948 1794 1004; x_wconf 89' lang='lat' dir='ltr'><strong>estin</strong></span> 
     </span>
    </p>
   </div>
   <div class='ocr_carea' id='block_1_10' title="bbox 230 1041 1792 1113">
    <p class='ocr_par' dir='ltr' id='par_1_10' title="bbox 230 1041 1792 1113">
     <span class='ocr_line' id='line_1_10' title="bbox 230 1041 1792 1113; baseline -0.002 -15"><span class='ocrx_word' id='word_1_66' title='bbox 230 1041 586 1098; x_wconf 85' lang='lat' dir='ltr'><strong>misericordia</strong></span> <span class='ocrx_word' id='word_1_67' title='bbox 623 1051 844 1113; x_wconf 81' lang='lat' dir='ltr'><strong>propter</strong></span> <span class='ocrx_word' id='word_1_68' title='bbox 869 1043 1094 1098; x_wconf 92' lang='lat' dir='ltr'><strong>multam</strong></span> <span class='ocrx_word' id='word_1_69' title='bbox 1138 1043 1458 1098; x_wconf 89' lang='lat' dir='ltr'><strong>charitatem</strong></span> <span class='ocrx_word' id='word_1_70' title='bbox 1491 1057 1644 1097; x_wconf 90' lang='lat' dir='ltr'><strong>suam</strong></span> <span class='ocrx_word' id='word_1_71' title='bbox 1687 1055 1792 1113; x_wconf 89' lang='lat' dir='ltr'><strong>qua</strong></span> 
     </span>
    </p>
   </div>
   <div class='ocr_carea' id='block_1_11' title="bbox 228 1132 1792 1200">
    <p class='ocr_par' dir='ltr' id='par_1_11' title="bbox 228 1132 1792 1200">
     <span class='ocr_line' id='line_1_11' title="bbox 228 1132 1792 1200; baseline 0 -12"><span class='ocrx_word' id='word_1_72' title='bbox 228 1132 396 1188; x_wconf 78' lang='lat' dir='ltr'><strong>dilexit</strong></span> <span class='ocrx_word' id='word_1_73' title='bbox 414 1147 512 1188; x_wconf 90' lang='lat' dir='ltr'><strong>nos</strong></span> <span class='ocrx_word' id='word_1_74' title='bbox 547 1150 560 1187; x_wconf 91' lang='lat'><strong>:</strong></span> <span class='ocrx_word' id='word_1_75' title='bbox 592 1141 621 1172; x_wconf 72' lang='grc' dir='ltr'>ι</span> <span class='ocrx_word' id='word_1_76' title='bbox 650 1142 856 1189; x_wconf 91' lang='lat' dir='ltr'><strong>etcum</strong></span> <span class='ocrx_word' id='word_1_77' title='bbox 906 1147 1154 1189; x_wconf 91' lang='lat' dir='ltr'><strong>essemus</strong></span> <span class='ocrx_word' id='word_1_78' title='bbox 1203 1134 1402 1188; x_wconf 84' lang='lat' dir='ltr'><strong>mortui</strong></span> <span class='ocrx_word' id='word_1_79' title='bbox 1460 1133 1696 1200; x_wconf 80' lang='lat' dir='ltr'><strong>deliCtis,</strong></span> <span class='ocrx_word' id='word_1_80' title='bbox 1738 1133 1792 1188; x_wconf 95' lang='lat' dir='ltr'><strong>in</strong></span> 
     </span>
    </p>
   </div>
   <div class='ocr_carea' id='block_1_12' title="bbox 225 1225 1793 1298">
    <p class='ocr_par' dir='ltr' id='par_1_12' title="bbox 225 1225 1793 1298">
     <span class='ocr_line' id='line_1_12' title="bbox 225 1225 1793 1298; baseline 0.001 -18"><span class='ocrx_word' id='word_1_81' title='bbox 225 1227 399 1298; x_wconf 87' lang='lat' dir='ltr'><strong>quibus</strong></span> <span class='ocrx_word' id='word_1_82' title='bbox 418 1225 708 1296; x_wconf 83' lang='lat' dir='ltr'><strong>aliquando</strong></span> <span class='ocrx_word' id='word_1_83' title='bbox 736 1225 1152 1293; x_wconf 89' lang='lat' dir='ltr'><strong>ambulavimus,</strong></span> <span class='ocrx_word' id='word_1_84' title='bbox 1199 1225 1498 1282; x_wconf 89' lang='lat' dir='ltr'><strong>secundum</strong></span> <span class='ocrx_word' id='word_1_85' title='bbox 1529 1226 1793 1281; x_wconf 74' lang='lat' dir='ltr'><strong>saeculum</strong></span> 
     </span>
    </p>
   </div>
   <div class='ocr_carea' id='block_1_13' title="bbox 225 1320 1789 1393">
    <p class='ocr_par' dir='ltr' id='par_1_13' title="bbox 225 1320 1789 1393">
     <span class='ocr_line' id='line_1_13' title="bbox 225 1320 1789 1393; baseline -0.001 -15"><span class='ocrx_word' id='word_1_86' title='bbox 225 1321 392 1378; x_wconf 85' lang='lat' dir='ltr'><strong>mundi</strong></span> <span class='ocrx_word' id='word_1_87' title='bbox 423 1320 607 1393; x_wconf 86' lang='lat' dir='ltr'><strong>hujus,</strong></span> <span class='ocrx_word' id='word_1_88' title='bbox 637 1321 934 1378; x_wconf 89' lang='lat' dir='ltr'><strong>secundum</strong></span> <span class='ocrx_word' id='word_1_89' title='bbox 963 1321 1261 1393; x_wconf 85' lang='lat' dir='ltr'><strong>principem</strong></span> <span class='ocrx_word' id='word_1_90' title='bbox 1295 1321 1579 1391; x_wconf 86' lang='lat' dir='ltr'><strong>potestatis</strong></span> <span class='ocrx_word' id='word_1_91' title='bbox 1624 1321 1789 1390; x_wconf 89' lang='lat' dir='ltr'><strong>aeris,</strong></span> 
     </span>
    </p>
   </div>
   <div class='ocr_carea' id='block_1_14' title="bbox 224 1414 1792 1488">
    <p class='ocr_par' dir='ltr' id='par_1_14' title="bbox 224 1414 1792 1488">
     <span class='ocr_line' id='line_1_14' title="bbox 224 1414 1792 1488; baseline 0 -18"><span class='ocrx_word' id='word_1_92' title='bbox 224 1416 429 1486; x_wconf 85' lang='lat' dir='ltr'><strong>spiritus</strong></span> <span class='ocrx_word' id='word_1_93' title='bbox 470 1414 565 1486; x_wconf 85' lang='lat' dir='ltr'><strong>qui</strong></span> <span class='ocrx_word' id='word_1_94' title='bbox 603 1430 747 1472; x_wconf 88' lang='lat' dir='ltr'><strong>nunc</strong></span> <span class='ocrx_word' id='word_1_95' title='bbox 797 1423 1054 1488; x_wconf 81' lang='lat' dir='ltr'><strong>operatur</strong></span> <span class='ocrx_word' id='word_1_96' title='bbox 1096 1418 1148 1470; x_wconf 89' lang='lat' dir='ltr'><strong>ltt</strong></span> <span class='ocrx_word' id='word_1_97' title='bbox 1207 1415 1333 1471; x_wconf 86' lang='lat' dir='ltr'><strong>ﬁliis</strong></span> <span class='ocrx_word' id='word_1_98' title='bbox 1365 1414 1707 1481; x_wconf 62' lang='lat' dir='ltr'><strong>difﬁdentiae,</strong></span> <span class='ocrx_word' id='word_1_99' title='bbox 1740 1415 1792 1470; x_wconf 91' lang='lat' dir='ltr'><strong>in</strong></span> 
     </span>
    </p>
   </div>
   <div class='ocr_carea' id='block_1_15' title="bbox 225 1506 1794 1580">
    <p class='ocr_par' dir='ltr' id='par_1_15' title="bbox 225 1506 1794 1580">
     <span class='ocr_line' id='line_1_15' title="bbox 225 1506 1794 1580; baseline 0.001 -19"><span class='ocrx_word' id='word_1_100' title='bbox 225 1508 403 1580; x_wconf 86' lang='lat' dir='ltr'><strong>quibus</strong></span> <span class='ocrx_word' id='word_1_101' title='bbox 428 1515 480 1563; x_wconf 91' lang='lat' dir='ltr'><strong>et</strong></span> <span class='ocrx_word' id='word_1_102' title='bbox 505 1521 608 1563; x_wconf 93' lang='lat' dir='ltr'><strong>nos</strong></span> <span class='ocrx_word' id='word_1_103' title='bbox 633 1521 826 1563; x_wconf 88' lang='lat' dir='ltr'><strong>omnes</strong></span> <span class='ocrx_word' id='word_1_104' title='bbox 872 1506 1180 1563; x_wconf 86' lang='lat' dir='ltr'><strong>conversati</strong></span> <span class='ocrx_word' id='word_1_105' title='bbox 1212 1523 1396 1562; x_wconf 92' lang='lat' dir='ltr'><strong>sumus</strong></span> <span class='ocrx_word' id='word_1_106' title='bbox 1418 1508 1708 1580; x_wconf 85' lang='lat' dir='ltr'><strong>aliquando</strong></span> <span class='ocrx_word' id='word_1_107' title='bbox 1742 1508 1794 1563; x_wconf 93' lang='lat' dir='ltr'><strong>in</strong></span> 
     </span>
    </p>
   </div>
   <div class='ocr_carea' id='block_1_16' title="bbox 229 1601 1795 1667">
    <p class='ocr_par' dir='ltr' id='par_1_16' title="bbox 229 1601 1795 1667">
     <span class='ocr_line' id='line_1_16' title="bbox 229 1601 1795 1667; baseline -0.002 -7"><span class='ocrx_word' id='word_1_108' title='bbox 229 1603 494 1660; x_wconf 86' lang='lat' dir='ltr'><strong>desideriis</strong></span> <span class='ocrx_word' id='word_1_109' title='bbox 513 1603 699 1660; x_wconf 89' lang='lat' dir='ltr'><strong>carnis</strong></span> <span class='ocrx_word' id='word_1_110' title='bbox 721 1612 945 1667; x_wconf 60' lang='lat' dir='ltr'><strong>nostrai,</strong></span> <span class='ocrx_word' id='word_1_111' title='bbox 970 1601 1232 1658; x_wconf 81' lang='lat' dir='ltr'><strong>facientes</strong></span> <span class='ocrx_word' id='word_1_112' title='bbox 1252 1602 1564 1658; x_wconf 83' lang='lat' dir='ltr'><strong>voluntates</strong></span> <span class='ocrx_word' id='word_1_113' title='bbox 1609 1603 1795 1657; x_wconf 89' lang='lat' dir='ltr'><strong>carnis</strong></span> 
     </span>
    </p>
   </div>
   <div class='ocr_carea' id='block_1_17' title="bbox 225 1694 1796 1763">
    <p class='ocr_par' dir='ltr' id='par_1_17' title="bbox 225 1694 1796 1763">
     <span class='ocr_line' id='line_1_17' title="bbox 225 1694 1796 1763; baseline -0.002 -11"><span class='ocrx_word' id='word_1_114' title='bbox 225 1706 273 1752; x_wconf 89' lang='lat' dir='ltr'><strong>et</strong></span> <span class='ocrx_word' id='word_1_115' title='bbox 296 1697 647 1763; x_wconf 91' lang='lat' dir='ltr'><strong>mentium,et</strong></span> <span class='ocrx_word' id='word_1_116' title='bbox 676 1710 898 1752; x_wconf 86' lang='lat' dir='ltr'><strong>eramus</strong></span> <span class='ocrx_word' id='word_1_117' title='bbox 927 1706 1122 1752; x_wconf 90' lang='lat' dir='ltr'><strong>natura</strong></span> <span class='ocrx_word' id='word_1_118' title='bbox 1144 1696 1236 1751; x_wconf 92' lang='lat' dir='ltr'><strong>ﬁlii</strong></span> <span class='ocrx_word' id='word_1_119' title='bbox 1254 1697 1372 1761; x_wconf 76' lang='lat' dir='ltr'><strong>ine,</strong></span> <span class='ocrx_word' id='word_1_120' title='bbox 1395 1694 1796 1752; x_wconf 81' lang='lat' dir='ltr'><strong>conviviﬁcavit</strong></span> 
     </span>
    </p>
   </div>
   <div class='ocr_carea' id='block_1_18' title="bbox 222 1787 1795 1862">
    <p class='ocr_par' dir='ltr' id='par_1_18' title="bbox 222 1787 1795 1862">
     <span class='ocr_line' id='line_1_18' title="bbox 222 1787 1795 1862; baseline -0.001 -17"><span class='ocrx_word' id='word_1_121' title='bbox 222 1804 307 1846; x_wconf 90' lang='lat' dir='ltr'><strong>nos</strong></span> <span class='ocrx_word' id='word_1_122' title='bbox 329 1789 564 1857; x_wconf 72' lang='lat' dir='ltr'><strong>Christo,</strong></span> <span class='ocrx_word' id='word_1_123' title='bbox 590 1787 620 1828; x_wconf 73' lang='grc' dir='ltr'>δ</span> <span class='ocrx_word' id='word_1_124' title='bbox 650 1798 710 1844; x_wconf 83' lang='grc' dir='ltr'><strong>ιιι</strong></span> <span class='ocrx_word' id='word_1_125' title='bbox 735 1789 838 1846; x_wconf 81' lang='grc' dir='ltr'><strong>ἀπὸ</strong></span> <span class='ocrx_word' id='word_1_126' title='bbox 885 1796 1074 1855; x_wconf 79' lang='grc' dir='ltr'><strong>κοινοῦ,</strong></span> <span class='ocrx_word' id='word_1_127' title='bbox 1135 1790 1486 1845; x_wconf 85' lang='lat' dir='ltr'><strong>subaudiatur</strong></span> <span class='ocrx_word' id='word_1_128' title='bbox 1517 1789 1669 1862; x_wconf 87' lang='lat' dir='ltr'><strong>quasi</strong></span> <span class='ocrx_word' id='word_1_129' title='bbox 1713 1790 1795 1844; x_wconf 91' lang='lat' dir='ltr'><strong>bis</strong></span> 
     </span>
    </p>
   </div>
   <div class='ocr_carea' id='block_1_19' title="bbox 1897 576 3494 649">
    <p class='ocr_par' dir='ltr' id='par_1_19' title="bbox 1897 576 3494 649">
     <span class='ocr_line' id='line_1_19' title="bbox 1897 576 3494 649; baseline 0.003 -17"><span class='ocrx_word' id='word_1_130' title='bbox 1897 585 2046 632; x_wconf 90' lang='lat' dir='ltr'><strong>certe</strong></span> <span class='ocrx_word' id='word_1_131' title='bbox 2068 576 2299 631; x_wconf 90' lang='lat' dir='ltr'><strong>mundus</strong></span> <span class='ocrx_word' id='word_1_132' title='bbox 2325 577 2432 631; x_wconf 91' lang='lat' dir='ltr'><strong>alio</strong></span> <span class='ocrx_word' id='word_1_133' title='bbox 2460 577 2676 632; x_wconf 87' lang='lat' dir='ltr'><strong>nomine</strong></span> <span class='ocrx_word' id='word_1_134' title='bbox 2723 578 3026 648; x_wconf 86' lang='lat' dir='ltr'><strong>appelletur</strong></span> <span class='ocrx_word' id='word_1_135' title='bbox 3054 580 3306 649; x_wconf 89' lang='lat' dir='ltr'><strong>princeps</strong></span> <span class='ocrx_word' id='word_1_136' title='bbox 3350 581 3494 636; x_wconf 88' lang='lat' dir='ltr'><strong>aeris</strong></span> 
     </span>
    </p>
   </div>
   <div class='ocr_carea' id='block_1_20' title="bbox 1898 667 3495 740">
    <p class='ocr_par' dir='ltr' id='par_1_20' title="bbox 1898 667 3495 740">
     <span class='ocr_line' id='line_1_20' title="bbox 1898 667 3495 740; baseline 0.003 -16"><span class='ocrx_word' id='word_1_137' title='bbox 1898 667 2082 739; x_wconf 86' lang='lat' dir='ltr'><strong>hujus,</strong></span> <span class='ocrx_word' id='word_1_138' title='bbox 2118 671 2206 740; x_wconf 90' lang='lat' dir='ltr'><strong>qui</strong></span> <span class='ocrx_word' id='word_1_139' title='bbox 2243 685 2383 724; x_wconf 89' lang='lat' dir='ltr'><strong>nunc</strong></span> <span class='ocrx_word' id='word_1_140' title='bbox 2409 677 2665 740; x_wconf 87' lang='lat' dir='ltr'><strong>operatur</strong></span> <span class='ocrx_word' id='word_1_141' title='bbox 2696 671 2749 725; x_wconf 91' lang='lat' dir='ltr'><strong>in</strong></span> <span class='ocrx_word' id='word_1_142' title='bbox 2777 670 2903 724; x_wconf 82' lang='lat' dir='ltr'><strong>liliis</strong></span> <span class='ocrx_word' id='word_1_143' title='bbox 2945 669 3303 727; x_wconf 60' lang='lat' dir='ltr'><strong>difﬁdentiae?</strong></span> <span class='ocrx_word' id='word_1_144' title='bbox 3343 672 3495 728; x_wconf 88' lang='lat' dir='ltr'><strong>Scri-</strong></span> 
     </span>
    </p>
   </div>
   <div class='ocr_carea' id='block_1_21' title="bbox 1897 761 3497 835">
    <p class='ocr_par' dir='ltr' id='par_1_21' title="bbox 1897 761 3497 835">
     <span class='ocr_line' id='line_1_21' title="bbox 1897 761 3497 835; baseline 0.001 -16"><span class='ocrx_word' id='word_1_145' title='bbox 1897 761 2045 819; x_wconf 86' lang='lat' dir='ltr'><strong>bitttr</strong></span> <span class='ocrx_word' id='word_1_146' title='bbox 2071 775 2126 820; x_wconf 88' lang='lat' dir='ltr'><strong>et</strong></span> <span class='ocrx_word' id='word_1_147' title='bbox 2152 764 2219 818; x_wconf 85' lang='lat' dir='ltr'><strong>ad</strong></span> <span class='ocrx_word' id='word_1_148' title='bbox 2248 764 2486 820; x_wconf 82' lang='lat' dir='ltr'><strong>Galatas.</strong></span> <span class='ocrx_word' id='word_1_149' title='bbox 2544 763 2613 819; x_wconf 90' lang='lat' dir='ltr'><strong>Ut</strong></span> <span class='ocrx_word' id='word_1_150' title='bbox 2641 774 2784 818; x_wconf 87' lang='lat' dir='ltr'><strong>eruat</strong></span> <span class='ocrx_word' id='word_1_151' title='bbox 2811 781 2903 818; x_wconf 90' lang='lat' dir='ltr'><strong>nos</strong></span> <span class='ocrx_word' id='word_1_152' title='bbox 2928 765 2992 820; x_wconf 89' lang='lat' dir='ltr'><strong>de</strong></span> <span class='ocrx_word' id='word_1_153' title='bbox 3021 767 3260 835; x_wconf 69' lang='lat' dir='ltr'><strong>pra’senti</strong></span> <span class='ocrx_word' id='word_1_154' title='bbox 3305 765 3497 822; x_wconf 79' lang='lat' dir='ltr'><strong>steculo</strong></span> 
     </span>
    </p>
   </div>
   <div class='ocr_carea' id='block_1_22' title="bbox 1897 855 3501 930">
    <p class='ocr_par' dir='ltr' id='par_1_22' title="bbox 1897 855 3501 930">
     <span class='ocr_line' id='line_1_22' title="bbox 1897 855 3501 930; baseline 0.001 -18"><span class='ocrx_word' id='word_1_155' title='bbox 1897 873 2117 925; x_wconf 82' lang='lat' dir='ltr'><strong>nequam</strong></span> <span class='ocrx_word' id='word_1_156' title='bbox 2145 855 2398 929; x_wconf 73' lang='lat' dir='ltr'><strong>(Galam,</strong></span> <span class='ocrx_word' id='word_1_157' title='bbox 2429 856 2507 928; x_wconf 67' lang='grc' dir='ltr'><strong>σί).</strong></span> <span class='ocrx_word' id='word_1_158' title='bbox 2538 857 2602 912; x_wconf 87' lang='lat' dir='ltr'><strong>Et</strong></span> <span class='ocrx_word' id='word_1_159' title='bbox 2627 856 2679 912; x_wconf 89' lang='lat' dir='ltr'><strong>in</strong></span> <span class='ocrx_word' id='word_1_160' title='bbox 2715 858 2814 913; x_wconf 89' lang='lat' dir='ltr'><strong>hac</strong></span> <span class='ocrx_word' id='word_1_161' title='bbox 2845 857 3034 914; x_wconf 88' lang='lat' dir='ltr'><strong>eadem</strong></span> <span class='ocrx_word' id='word_1_162' title='bbox 3080 859 3320 930; x_wconf 89' lang='lat' dir='ltr'><strong>Epistola</strong></span> <span class='ocrx_word' id='word_1_163' title='bbox 3355 877 3368 913; x_wconf 93' lang='lat'><strong>:</strong></span> <span class='ocrx_word' id='word_1_164' title='bbox 3400 859 3501 914; x_wconf 74' lang='lat' dir='ltr'><strong>Ite-</strong></span> 
     </span>
    </p>
   </div>
   <div class='ocr_carea' id='block_1_23' title="bbox 1897 950 3488 1026">
    <p class='ocr_par' dir='ltr' id='par_1_23' title="bbox 1897 950 3488 1026">
     <span class='ocr_line' id='line_1_23' title="bbox 1897 950 3488 1026; baseline 0.002 -23"><span class='ocrx_word' id='word_1_165' title='bbox 1897 950 2150 1005; x_wconf 85' lang='lat' dir='ltr'><strong>dimeutes</strong></span> <span class='ocrx_word' id='word_1_166' title='bbox 2201 961 2426 1021; x_wconf 79' lang='lat' dir='ltr'><strong>tempus,</strong></span> <span class='ocrx_word' id='word_1_167' title='bbox 2474 953 2719 1020; x_wconf 88' lang='lat' dir='ltr'><strong>quoniam</strong></span> <span class='ocrx_word' id='word_1_168' title='bbox 2744 952 2852 1008; x_wconf 90' lang='lat' dir='ltr'><strong>dies</strong></span> <span class='ocrx_word' id='word_1_169' title='bbox 2882 953 3011 1006; x_wconf 87' lang='lat' dir='ltr'><strong>ntali</strong></span> <span class='ocrx_word' id='word_1_170' title='bbox 3031 962 3153 1008; x_wconf 88' lang='lat' dir='ltr'><strong>sunt</strong></span> <span class='ocrx_word' id='word_1_171' title='bbox 3181 952 3403 1026; x_wconf 78' lang='lat' dir='ltr'><strong>(Infra,</strong></span> <span class='ocrx_word' id='word_1_172' title='bbox 3434 971 3488 1022; x_wconf 87' lang='lat' dir='ltr'><strong>v,</strong></span> 
     </span>
    </p>
   </div>
   <div class='ocr_carea' id='block_1_24' title="bbox 1899 1037 3491 1117">
    <p class='ocr_par' dir='ltr' id='par_1_24' title="bbox 1899 1037 3491 1117">
     <span class='ocr_line' id='line_1_24' title="bbox 1899 1037 3491 1117; baseline 0.003 -20"><span class='ocrx_word' id='word_1_173' title='bbox 1899 1042 2014 1111; x_wconf 80' lang='grc'><strong>16).</strong></span> <span class='ocrx_word' id='word_1_174' title='bbox 2050 1041 2118 1096; x_wconf 86' lang='lat' dir='ltr'><strong>Et</strong></span> <span class='ocrx_word' id='word_1_175' title='bbox 2144 1041 2261 1098; x_wconf 91' lang='lat' dir='ltr'><strong>dies</strong></span> <span class='ocrx_word' id='word_1_176' title='bbox 2289 1042 2458 1097; x_wconf 87' lang='lat' dir='ltr'><strong>Jacob</strong></span> <span class='ocrx_word' id='word_1_177' title='bbox 2488 1037 2954 1099; x_wconf 88' lang='lat' dir='ltr'><strong>modicidicuntur</strong></span> <span class='ocrx_word' id='word_1_178' title='bbox 2983 1053 3037 1100; x_wconf 91' lang='lat' dir='ltr'><strong>et</strong></span> <span class='ocrx_word' id='word_1_179' title='bbox 3078 1044 3302 1115; x_wconf 89' lang='lat' dir='ltr'><strong>pessimi</strong></span> <span class='ocrx_word' id='word_1_180' title='bbox 3334 1043 3491 1117; x_wconf 80' lang='lat' dir='ltr'><strong>(Gen.</strong></span> 
     </span>
    </p>
   </div>
   <div class='ocr_carea' id='block_1_25' title="bbox 1899 1135 3490 1210">
    <p class='ocr_par' dir='ltr' id='par_1_25' title="bbox 1899 1135 3490 1210">
     <span class='ocr_line' id='line_1_25' title="bbox 1899 1135 3490 1210; baseline 0.003 -20"><span class='ocrx_word' id='word_1_181' title='bbox 1899 1135 2086 1207; x_wconf 71' lang='lat' dir='ltr'><strong>xuii),</strong></span> <span class='ocrx_word' id='word_1_182' title='bbox 2118 1138 2232 1192; x_wconf 83' lang='lat' dir='ltr'><strong>sive</strong></span> <span class='ocrx_word' id='word_1_183' title='bbox 2258 1135 2398 1208; x_wconf 88' lang='lat' dir='ltr'><strong>quod</strong></span> <span class='ocrx_word' id='word_1_184' title='bbox 2432 1146 2646 1207; x_wconf 85' lang='lat' dir='ltr'><strong>tempus</strong></span> <span class='ocrx_word' id='word_1_185' title='bbox 2669 1138 2791 1192; x_wconf 72' lang='lat' dir='ltr'><strong>vita:</strong></span> <span class='ocrx_word' id='word_1_186' title='bbox 2824 1139 2982 1193; x_wconf 88' lang='lat' dir='ltr'><strong>istius</strong></span> <span class='ocrx_word' id='word_1_187' title='bbox 3013 1154 3109 1208; x_wconf 91' lang='lat' dir='ltr'><strong>per</strong></span> <span class='ocrx_word' id='word_1_188' title='bbox 3146 1138 3292 1210; x_wconf 88' lang='lat' dir='ltr'><strong>quod</strong></span> <span class='ocrx_word' id='word_1_189' title='bbox 3315 1138 3490 1194; x_wconf 84' lang='lat' dir='ltr'><strong>clausi</strong></span> 
     </span>
    </p>
   </div>
   <div class='ocr_carea' id='block_1_26' title="bbox 1901 1234 3479 1306">
    <p class='ocr_par' dir='ltr' id='par_1_26' title="bbox 1901 1234 3479 1306">
     <span class='ocr_line' id='line_1_26' title="bbox 1901 1234 3479 1306; baseline 0.001 -18"><span class='ocrx_word' id='word_1_190' title='bbox 1901 1242 2149 1288; x_wconf 87' lang='lat' dir='ltr'><strong>tenemur</strong></span> <span class='ocrx_word' id='word_1_191' title='bbox 2178 1234 2228 1286; x_wconf 91' lang='lat' dir='ltr'><strong>in</strong></span> <span class='ocrx_word' id='word_1_192' title='bbox 2263 1234 2484 1304; x_wconf 61' lang='lat' dir='ltr'><strong>saeculo,</strong></span> <span class='ocrx_word' id='word_1_193' title='bbox 2516 1249 2682 1306; x_wconf 87' lang='lat' dir='ltr'><strong>grave</strong></span> <span class='ocrx_word' id='word_1_194' title='bbox 2711 1235 2782 1289; x_wconf 92' lang='lat' dir='ltr'><strong>sit</strong></span> <span class='ocrx_word' id='word_1_195' title='bbox 2839 1244 2893 1290; x_wconf 91' lang='lat' dir='ltr'><strong>et</strong></span> <span class='ocrx_word' id='word_1_196' title='bbox 2944 1235 3303 1302; x_wconf 89' lang='lat' dir='ltr'><strong>laboriosum,</strong></span> <span class='ocrx_word' id='word_1_197' title='bbox 3361 1235 3479 1290; x_wconf 84' lang='lat' dir='ltr'><strong>sive</strong></span> 
     </span>
    </p>
   </div>
   <div class='ocr_carea' id='block_1_27' title="bbox 1898 1325 3489 1399">
    <p class='ocr_par' dir='ltr' id='par_1_27' title="bbox 1898 1325 3489 1399">
     <span class='ocr_line' id='line_1_27' title="bbox 1898 1325 3489 1399; baseline 0.003 -19"><span class='ocrx_word' id='word_1_198' title='bbox 1898 1326 2040 1398; x_wconf 92' lang='lat' dir='ltr'><strong>quod</strong></span> <span class='ocrx_word' id='word_1_199' title='bbox 2065 1327 2179 1398; x_wconf 90' lang='lat' dir='ltr'><strong>ipse</strong></span> <span class='ocrx_word' id='word_1_200' title='bbox 2209 1327 2441 1383; x_wconf 82' lang='lat' dir='ltr'><strong>Satanas</strong></span> <span class='ocrx_word' id='word_1_201' title='bbox 2468 1325 2494 1364; x_wconf 76' lang='grc' dir='ltr'>ά</span> <span class='ocrx_word' id='word_1_202' title='bbox 2519 1327 2705 1383; x_wconf 91' lang='lat' dir='ltr'><strong>mundi</strong></span> <span class='ocrx_word' id='word_1_203' title='bbox 2726 1328 2910 1399; x_wconf 87' lang='lat' dir='ltr'><strong>hujus,</strong></span> <span class='ocrx_word' id='word_1_204' title='bbox 2947 1338 3006 1385; x_wconf 91' lang='lat' dir='ltr'><strong>nt</strong></span> <span class='ocrx_word' id='word_1_205' title='bbox 3035 1345 3199 1399; x_wconf 79' lang='lat' dir='ltr'><strong>supra</strong></span> <span class='ocrx_word' id='word_1_206' title='bbox 3223 1330 3489 1394; x_wconf 79' lang='lat' dir='ltr'><strong>diximus,</strong></span> 
     </span>
    </p>
   </div>
   <div class='ocr_carea' id='block_1_28' title="bbox 1897 1419 3495 1493">
    <p class='ocr_par' dir='ltr' id='par_1_28' title="bbox 1897 1419 3495 1493">
     <span class='ocr_line' id='line_1_28' title="bbox 1897 1419 3495 1493; baseline 0.001 -19"><span class='ocrx_word' id='word_1_207' title='bbox 1897 1429 1952 1474; x_wconf 89' lang='lat' dir='ltr'><strong>et</strong></span> <span class='ocrx_word' id='word_1_208' title='bbox 2005 1420 2189 1474; x_wconf 73' lang='lat' dir='ltr'><strong>saeculi</strong></span> <span class='ocrx_word' id='word_1_209' title='bbox 2248 1419 2510 1476; x_wconf 91' lang='lat' dir='ltr'><strong>vocabulo</strong></span> <span class='ocrx_word' id='word_1_210' title='bbox 2571 1431 2937 1490; x_wconf 87' lang='lat' dir='ltr'><strong>nuncnpetur.</strong></span> <span class='ocrx_word' id='word_1_211' title='bbox 2975 1421 3052 1476; x_wconf 91' lang='lat' dir='ltr'><strong>De</strong></span> <span class='ocrx_word' id='word_1_212' title='bbox 3089 1438 3196 1493; x_wconf 92' lang='lat' dir='ltr'><strong>quo</strong></span> <span class='ocrx_word' id='word_1_213' title='bbox 3223 1423 3407 1476; x_wconf 90' lang='lat' dir='ltr'><strong>statim</strong></span> <span class='ocrx_word' id='word_1_214' title='bbox 3441 1421 3495 1476; x_wconf 92' lang='lat' dir='ltr'><strong>in</strong></span> 
     </span>
    </p>
   </div>
   <div class='ocr_carea' id='block_1_29' title="bbox 1898 1511 3495 1584">
    <p class='ocr_par' dir='ltr' id='par_1_29' title="bbox 1898 1511 3495 1584">
     <span class='ocr_line' id='line_1_29' title="bbox 1898 1511 3495 1584; baseline -0.001 -18"><span class='ocrx_word' id='word_1_215' title='bbox 1898 1512 2291 1582; x_wconf 87' lang='lat' dir='ltr'><strong>sequentibus:</strong></span> <span class='ocrx_word' id='word_1_216' title='bbox 2328 1512 2625 1567; x_wconf 84' lang='lat' dir='ltr'><strong>Secundum</strong></span> <span class='ocrx_word' id='word_1_217' title='bbox 2655 1511 2817 1584; x_wconf 71' lang='grc'><strong>572</strong></span> <span class='ocrx_word' id='word_1_218' title='bbox 2847 1514 3147 1583; x_wconf 83' lang='lat' dir='ltr'><strong>principem,</strong></span> <span class='ocrx_word' id='word_1_219' title='bbox 3177 1514 3368 1584; x_wconf 81' lang='lat' dir='ltr'><strong>inquit,</strong></span> <span class='ocrx_word' id='word_1_220' title='bbox 3401 1529 3495 1584; x_wconf 82' lang='lat' dir='ltr'><strong>po-</strong></span> 
     </span>
    </p>
   </div>
   <div class='ocr_carea' id='block_1_30' title="bbox 1899 1604 3497 1676">
    <p class='ocr_par' dir='ltr' id='par_1_30' title="bbox 1899 1604 3497 1676">
     <span class='ocr_line' id='line_1_30' title="bbox 1899 1604 3497 1676; baseline -0.001 -17"><span class='ocrx_word' id='word_1_221' title='bbox 1899 1606 2100 1660; x_wconf 88' lang='lat' dir='ltr'><strong>testatis</strong></span> <span class='ocrx_word' id='word_1_222' title='bbox 2122 1606 2279 1670; x_wconf 89' lang='lat' dir='ltr'><strong>aeris,</strong></span> <span class='ocrx_word' id='word_1_223' title='bbox 2299 1605 2514 1676; x_wconf 81' lang='lat' dir='ltr'><strong>spiritus</strong></span> <span class='ocrx_word' id='word_1_224' title='bbox 2535 1606 2624 1676; x_wconf 85' lang='lat' dir='ltr'><strong>qui</strong></span> <span class='ocrx_word' id='word_1_225' title='bbox 2647 1621 2784 1658; x_wconf 88' lang='lat' dir='ltr'><strong>nunc</strong></span> <span class='ocrx_word' id='word_1_226' title='bbox 2807 1615 3050 1676; x_wconf 86' lang='lat' dir='ltr'><strong>operatur</strong></span> <span class='ocrx_word' id='word_1_227' title='bbox 3079 1605 3131 1658; x_wconf 90' lang='lat' dir='ltr'><strong>in</strong></span> <span class='ocrx_word' id='word_1_228' title='bbox 3180 1604 3304 1673; x_wconf 83' lang='lat' dir='ltr'><strong>ﬁliis</strong></span> <span class='ocrx_word' id='word_1_229' title='bbox 3351 1605 3497 1674; x_wconf 79' lang='lat' dir='ltr'><strong>dif/i-</strong></span> 
     </span>
    </p>
   </div>
   <div class='ocr_carea' id='block_1_31' title="bbox 1898 1696 3490 1769">
    <p class='ocr_par' dir='ltr' id='par_1_31' title="bbox 1898 1696 3490 1769">
     <span class='ocr_line' id='line_1_31' title="bbox 1898 1696 3490 1769; baseline -0.002 -18"><span class='ocrx_word' id='word_1_230' title='bbox 1898 1698 2102 1752; x_wconf 76' lang='lat' dir='ltr'><strong>dentiaz.</strong></span> <span class='ocrx_word' id='word_1_231' title='bbox 2127 1697 2388 1769; x_wconf 87' lang='lat' dir='ltr'><strong>Princeps</strong></span> <span class='ocrx_word' id='word_1_232' title='bbox 2411 1698 2610 1768; x_wconf 84' lang='lat' dir='ltr'><strong>quippe</strong></span> <span class='ocrx_word' id='word_1_233' title='bbox 2641 1697 2802 1764; x_wconf 88' lang='lat' dir='ltr'><strong>aeris,</strong></span> <span class='ocrx_word' id='word_1_234' title='bbox 2837 1708 2891 1752; x_wconf 90' lang='lat' dir='ltr'><strong>et</strong></span> <span class='ocrx_word' id='word_1_235' title='bbox 2933 1696 3155 1767; x_wconf 80' lang='lat' dir='ltr'><strong>spiritus</strong></span> <span class='ocrx_word' id='word_1_236' title='bbox 3183 1698 3490 1767; x_wconf 88' lang='lat' dir='ltr'><strong>potestatis,</strong></span> 
     </span>
    </p>
   </div>
   <div class='ocr_carea' id='block_1_32' title="bbox 1898 1790 3496 1864">
    <p class='ocr_par' dir='ltr' id='par_1_32' title="bbox 1898 1790 3496 1864">
     <span class='ocr_line' id='line_1_32' title="bbox 1898 1790 3496 1864; baseline -0.003 -18"><span class='ocrx_word' id='word_1_237' title='bbox 1898 1792 1989 1864; x_wconf 89' lang='lat' dir='ltr'><strong>qui</strong></span> <span class='ocrx_word' id='word_1_238' title='bbox 2018 1793 2069 1846; x_wconf 90' lang='lat' dir='ltr'><strong>in</strong></span> <span class='ocrx_word' id='word_1_239' title='bbox 2102 1807 2230 1846; x_wconf 88' lang='lat' dir='ltr'><strong>aerc</strong></span> <span class='ocrx_word' id='word_1_240' title='bbox 2260 1792 2365 1845; x_wconf 92' lang='lat' dir='ltr'><strong>isto</strong></span> <span class='ocrx_word' id='word_1_241' title='bbox 2387 1801 2493 1856; x_wconf 90' lang='lat' dir='ltr'><strong>est,</strong></span> <span class='ocrx_word' id='word_1_242' title='bbox 2525 1791 2774 1846; x_wconf 85' lang='lat' dir='ltr'><strong>diabolus</strong></span> <span class='ocrx_word' id='word_1_243' title='bbox 2815 1790 3158 1861; x_wconf 75' lang='lat' dir='ltr'><strong>intelligitur,</strong></span> <span class='ocrx_word' id='word_1_244' title='bbox 3214 1790 3305 1860; x_wconf 90' lang='lat' dir='ltr'><strong>qui</strong></span> <span class='ocrx_word' id='word_1_245' title='bbox 3351 1803 3496 1843; x_wconf 89' lang='lat' dir='ltr'><strong>nunc</strong></span> 
     </span>
    </p>
   </div>
   <div class='ocr_carea' id='block_1_33' title="bbox 223 1879 3499 1955">
    <p class='ocr_par' dir='ltr' id='par_1_33' title="bbox 223 1879 3499 1955">
     <span class='ocr_line' id='line_1_33' title="bbox 223 1879 3499 1955; baseline -0.002 -15"><span class='ocrx_word' id='word_1_246' title='bbox 223 1887 430 1952; x_wconf 90' lang='lat' dir='ltr'><strong>dictum,</strong></span> <span class='ocrx_word' id='word_1_247' title='bbox 455 1895 505 1940; x_wconf 90' lang='lat' dir='ltr'><strong>et</strong></span> <span class='ocrx_word' id='word_1_248' title='bbox 530 1901 624 1939; x_wconf 89' lang='lat' dir='ltr'><strong>nos</strong></span> <span class='ocrx_word' id='word_1_249' title='bbox 663 1885 1033 1954; x_wconf 75' lang='lat' dir='ltr'><strong>conviviﬁcavit</strong></span> <span class='ocrx_word' id='word_1_250' title='bbox 1062 1883 1288 1938; x_wconf 82' lang='lat' dir='ltr'><strong>Christo.</strong></span> <span class='ocrx_word' id='word_1_251' title='bbox 1339 1885 1792 1954; x_wconf 89' lang='lat' dir='ltr'><strong>Conjunctionem</strong></span> <span class='ocrx_word' id='word_1_252' title='bbox 1829 1888 1876 1948; x_wconf 88' lang='lat' dir='ltr'><strong>B</strong></span> <span class='ocrx_word' id='word_1_253' title='bbox 1901 1893 2159 1955; x_wconf 81' lang='lat' dir='ltr'><strong>operatur</strong></span> <span class='ocrx_word' id='word_1_254' title='bbox 2189 1885 2240 1938; x_wconf 90' lang='lat' dir='ltr'><strong>in</strong></span> <span class='ocrx_word' id='word_1_255' title='bbox 2269 1884 2399 1938; x_wconf 89' lang='lat' dir='ltr'><strong>ﬁliis</strong></span> <span class='ocrx_word' id='word_1_256' title='bbox 2424 1883 2764 1938; x_wconf 56' lang='lat' dir='ltr'><strong>difﬁdentiae.</strong></span> <span class='ocrx_word' id='word_1_257' title='bbox 2792 1882 2850 1937; x_wconf 92' lang='lat' dir='ltr'><strong>ln</strong></span> <span class='ocrx_word' id='word_1_258' title='bbox 2873 1881 2957 1935; x_wconf 92' lang='lat' dir='ltr'><strong>his</strong></span> <span class='ocrx_word' id='word_1_259' title='bbox 2983 1882 3127 1936; x_wconf 88' lang='lat' dir='ltr'><strong>enim</strong></span> <span class='ocrx_word' id='word_1_260' title='bbox 3154 1879 3248 1952; x_wconf 87' lang='lat' dir='ltr'><strong>qui</strong></span> <span class='ocrx_word' id='word_1_261' title='bbox 3269 1879 3499 1936; x_wconf 89' lang='lat' dir='ltr'><strong>Domino</strong></span> 
     </span>
    </p>
   </div>
   <div class='ocr_carea' id='block_1_34' title="bbox 222 1975 1792 2050">
    <p class='ocr_par' dir='ltr' id='par_1_34' title="bbox 222 1975 1792 2050">
     <span class='ocr_line' id='line_1_34' title="bbox 222 1975 1792 2050; baseline -0.004 -15"><span class='ocrx_word' id='word_1_262' title='bbox 222 1994 336 2035; x_wconf 82' lang='lat' dir='ltr'><strong>vero</strong></span> <span class='ocrx_word' id='word_1_263' title='bbox 347 1977 618 2034; x_wconf 84' lang='lat' dir='ltr'><strong>causalem</strong></span> <span class='ocrx_word' id='word_1_264' title='bbox 633 1976 688 2033; x_wconf 92' lang='lat' dir='ltr'><strong>in</strong></span> <span class='ocrx_word' id='word_1_265' title='bbox 705 1991 772 2033; x_wconf 92' lang='lat' dir='ltr'><strong>eo</strong></span> <span class='ocrx_word' id='word_1_266' title='bbox 793 1977 916 2032; x_wconf 92' lang='lat' dir='ltr'><strong>loco</strong></span> <span class='ocrx_word' id='word_1_267' title='bbox 942 1976 994 2032; x_wconf 94' lang='lat' dir='ltr'><strong>in</strong></span> <span class='ocrx_word' id='word_1_268' title='bbox 1027 1993 1134 2048; x_wconf 91' lang='lat' dir='ltr'><strong>quo</strong></span> <span class='ocrx_word' id='word_1_269' title='bbox 1155 1978 1230 2032; x_wconf 88' lang='lat' dir='ltr'><strong>ait</strong></span> <span class='ocrx_word' id='word_1_270' title='bbox 1250 1975 1420 2032; x_wconf 88' lang='lat' dir='ltr'><strong>:Deus</strong></span> <span class='ocrx_word' id='word_1_271' title='bbox 1441 1988 1609 2032; x_wconf 88' lang='lat' dir='ltr'><strong>autem</strong></span> <span class='ocrx_word' id='word_1_272' title='bbox 1633 1977 1792 2050; x_wconf 77' lang='lat'><strong>571</strong></span> 
     </span>
    </p>
   </div>
   <div class='ocr_carea' id='block_1_35' title="bbox 220 2069 1791 2144">
    <p class='ocr_par' dir='ltr' id='par_1_35' title="bbox 220 2069 1791 2144">
     <span class='ocr_line' id='line_1_35' title="bbox 220 2069 1791 2144; baseline 0 -20"><span class='ocrx_word' id='word_1_273' title='bbox 220 2071 298 2144; x_wconf 83' lang='lat' dir='ltr'><strong>qui</strong></span> <span class='ocrx_word' id='word_1_274' title='bbox 337 2071 467 2124; x_wconf 79' lang='lat' dir='ltr'><strong>dives</strong></span> <span class='ocrx_word' id='word_1_275' title='bbox 507 2083 582 2124; x_wconf 86' lang='lat' dir='ltr'><strong>est</strong></span> <span class='ocrx_word' id='word_1_276' title='bbox 619 2070 675 2124; x_wconf 87' lang='lat' dir='ltr'><strong>in</strong></span> <span class='ocrx_word' id='word_1_277' title='bbox 712 2069 1090 2136; x_wconf 81' lang='lat' dir='ltr'><strong>misericordia,</strong></span> <span class='ocrx_word' id='word_1_278' title='bbox 1131 2070 1466 2124; x_wconf 88' lang='lat' dir='ltr'><strong>arbitramur</strong></span> <span class='ocrx_word' id='word_1_279' title='bbox 1486 2079 1578 2124; x_wconf 89' lang='lat' dir='ltr'><strong>aut</strong></span> <span class='ocrx_word' id='word_1_280' title='bbox 1607 2070 1676 2123; x_wconf 93' lang='lat' dir='ltr'><strong>ab</strong></span> <span class='ocrx_word' id='word_1_281' title='bbox 1706 2070 1791 2124; x_wconf 89' lang='lat' dir='ltr'><strong>in-</strong></span> 
     </span>
    </p>
   </div>
   <div class='ocr_carea' id='block_1_36' title="bbox 220 2164 1797 2237">
    <p class='ocr_par' dir='ltr' id='par_1_36' title="bbox 220 2164 1797 2237">
     <span class='ocr_line' id='line_1_36' title="bbox 220 2164 1797 2237; baseline -0.001 -15"><span class='ocrx_word' id='word_1_282' title='bbox 220 2166 379 2222; x_wconf 90' lang='lat' dir='ltr'><strong>doctis</strong></span> <span class='ocrx_word' id='word_1_283' title='bbox 427 2165 788 2237; x_wconf 87' lang='lat' dir='ltr'><strong>scriptoribus</strong></span> <span class='ocrx_word' id='word_1_284' title='bbox 849 2164 1116 2228; x_wconf 88' lang='lat' dir='ltr'><strong>additam.</strong></span> <span class='ocrx_word' id='word_1_285' title='bbox 1150 2173 1206 2220; x_wconf 90' lang='lat' dir='ltr'><strong>et</strong></span> <span class='ocrx_word' id='word_1_286' title='bbox 1251 2165 1446 2220; x_wconf 85' lang='lat' dir='ltr'><strong>vitium</strong></span> <span class='ocrx_word' id='word_1_287' title='bbox 1499 2165 1797 2220; x_wconf 91' lang='lat' dir='ltr'><strong>inolevisse</strong></span> 
     </span>
    </p>
   </div>
   <div class='ocr_carea' id='block_1_37' title="bbox 221 2257 1798 2330">
    <p class='ocr_par' dir='ltr' id='par_1_37' title="bbox 221 2257 1798 2330">
     <span class='ocr_line' id='line_1_37' title="bbox 221 2257 1798 2330; baseline 0.001 -19"><span class='ocrx_word' id='word_1_288' title='bbox 221 2257 486 2329; x_wconf 86' lang='lat' dir='ltr'><strong>paulatim,</strong></span> <span class='ocrx_word' id='word_1_289' title='bbox 516 2267 614 2312; x_wconf 86' lang='lat' dir='ltr'><strong>aut</strong></span> <span class='ocrx_word' id='word_1_290' title='bbox 639 2257 707 2313; x_wconf 92' lang='lat' dir='ltr'><strong>ab</strong></span> <span class='ocrx_word' id='word_1_291' title='bbox 740 2259 859 2330; x_wconf 90' lang='lat' dir='ltr'><strong>ipso</strong></span> <span class='ocrx_word' id='word_1_292' title='bbox 888 2257 1076 2323; x_wconf 87' lang='lat' dir='ltr'><strong>Paulo,</strong></span> <span class='ocrx_word' id='word_1_293' title='bbox 1108 2258 1198 2327; x_wconf 92' lang='lat' dir='ltr'><strong>qui</strong></span> <span class='ocrx_word' id='word_1_294' title='bbox 1227 2267 1351 2312; x_wconf 89' lang='lat' dir='ltr'><strong>erat</strong></span> <span class='ocrx_word' id='word_1_295' title='bbox 1377 2258 1660 2328; x_wconf 89' lang='lat' dir='ltr'><strong>imperitus</strong></span> <span class='ocrx_word' id='word_1_296' title='bbox 1682 2271 1798 2312; x_wconf 88' lang='lat' dir='ltr'><strong>ser-</strong></span> 
     </span>
    </p>
   </div>
   <div class='ocr_carea' id='block_1_38' title="bbox 219 2348 1793 2421">
    <p class='ocr_par' dir='ltr' id='par_1_38' title="bbox 219 2348 1793 2421">
     <span class='ocr_line' id='line_1_38' title="bbox 219 2348 1793 2421; baseline -0.002 -15"><span class='ocrx_word' id='word_1_297' title='bbox 219 2365 382 2416; x_wconf 89' lang='lat' dir='ltr'><strong>mone,</strong></span> <span class='ocrx_word' id='word_1_298' title='bbox 411 2360 467 2406; x_wconf 88' lang='lat' dir='ltr'><strong>et</strong></span> <span class='ocrx_word' id='word_1_299' title='bbox 501 2366 609 2404; x_wconf 92' lang='lat' dir='ltr'><strong>non</strong></span> <span class='ocrx_word' id='word_1_300' title='bbox 643 2349 1185 2421; x_wconf 82' lang='lat' dir='ltr'><strong>scientia,superﬁue</strong></span> <span class='ocrx_word' id='word_1_301' title='bbox 1211 2359 1525 2420; x_wconf 89' lang='lat' dir='ltr'><strong>usurpatam</strong></span> <span class='ocrx_word' id='word_1_302' title='bbox 1549 2348 1614 2421; x_wconf 89' lang='lat' dir='ltr'><strong>(ll</strong></span> <span class='ocrx_word' id='word_1_303' title='bbox 1671 2348 1793 2404; x_wconf 88' lang='lat' dir='ltr'><strong>Cor.</strong></span> 
     </span>
    </p>
   </div>
   <div class='ocr_carea' id='block_1_39' title="bbox 217 2440 1796 2513">
    <p class='ocr_par' dir='ltr' id='par_1_39' title="bbox 217 2440 1796 2513">
     <span class='ocr_line' id='line_1_39' title="bbox 217 2440 1796 2513; baseline -0.001 -15"><span class='ocrx_word' id='word_1_304' title='bbox 217 2442 304 2513; x_wconf 74' lang='grc' dir='ltr'><strong>ιι).</strong></span> <span class='ocrx_word' id='word_1_305' title='bbox 325 2440 610 2498; x_wconf 77' lang='lat' dir='ltr'><strong>Manifeste</strong></span> <span class='ocrx_word' id='word_1_306' title='bbox 639 2450 823 2497; x_wconf 89' lang='lat' dir='ltr'><strong>autem</strong></span> <span class='ocrx_word' id='word_1_307' title='bbox 854 2456 1004 2498; x_wconf 90' lang='lat' dir='ltr'><strong>mors</strong></span> <span class='ocrx_word' id='word_1_308' title='bbox 1057 2442 1253 2497; x_wconf 72' lang='lat' dir='ltr'><strong>anima:</strong></span> <span class='ocrx_word' id='word_1_309' title='bbox 1283 2443 1483 2498; x_wconf 89' lang='lat' dir='ltr'><strong>dicitur</strong></span> <span class='ocrx_word' id='word_1_310' title='bbox 1512 2456 1637 2497; x_wconf 91' lang='lat' dir='ltr'><strong>esse</strong></span> <span class='ocrx_word' id='word_1_311' title='bbox 1669 2456 1796 2510; x_wconf 88' lang='lat' dir='ltr'><strong>pec-</strong></span> 
     </span>
    </p>
   </div>
   <div class='ocr_carea' id='block_1_40' title="bbox 215 2533 1795 2604">
    <p class='ocr_par' dir='ltr' id='par_1_40' title="bbox 215 2533 1795 2604">
     <span class='ocr_line' id='line_1_40' title="bbox 215 2533 1795 2604; baseline -0.001 -13"><span class='ocrx_word' id='word_1_312' title='bbox 215 2543 397 2600; x_wconf 83' lang='lat' dir='ltr'><strong>catum,</strong></span> <span class='ocrx_word' id='word_1_313' title='bbox 427 2549 494 2590; x_wconf 79' lang='lat' dir='ltr'><strong>ex</strong></span> <span class='ocrx_word' id='word_1_314' title='bbox 517 2549 587 2590; x_wconf 86' lang='lat' dir='ltr'><strong>eo</strong></span> <span class='ocrx_word' id='word_1_315' title='bbox 614 2533 760 2604; x_wconf 90' lang='lat' dir='ltr'><strong>quod</strong></span> <span class='ocrx_word' id='word_1_316' title='bbox 777 2534 852 2588; x_wconf 89' lang='lat' dir='ltr'><strong>ait</strong></span> <span class='ocrx_word' id='word_1_317' title='bbox 876 2551 890 2588; x_wconf 88' lang='lat'><strong>:</strong></span> <span class='ocrx_word' id='word_1_318' title='bbox 916 2534 982 2588; x_wconf 80' lang='lat' dir='ltr'><strong>Et</strong></span> <span class='ocrx_word' id='word_1_319' title='bbox 1009 2550 1097 2589; x_wconf 92' lang='lat' dir='ltr'><strong>vos</strong></span> <span class='ocrx_word' id='word_1_320' title='bbox 1127 2552 1243 2590; x_wconf 88' lang='lat' dir='ltr'><strong>cum</strong></span> <span class='ocrx_word' id='word_1_321' title='bbox 1271 2536 1447 2590; x_wconf 87' lang='lat' dir='ltr'><strong>essetis</strong></span> <span class='ocrx_word' id='word_1_322' title='bbox 1469 2535 1662 2590; x_wconf 87' lang='lat' dir='ltr'><strong>mortui</strong></span> <span class='ocrx_word' id='word_1_323' title='bbox 1699 2535 1795 2590; x_wconf 91' lang='lat' dir='ltr'><strong>de-</strong></span> 
     </span>
    </p>
   </div>
   <div class='ocr_carea' id='block_1_41' title="bbox 217 2629 1794 2701">
    <p class='ocr_par' dir='ltr' id='par_1_41' title="bbox 217 2629 1794 2701">
     <span class='ocr_line' id='line_1_41' title="bbox 217 2629 1794 2701; baseline 0.001 -18"><span class='ocrx_word' id='word_1_324' title='bbox 217 2629 335 2683; x_wconf 84' lang='lat' dir='ltr'><strong>lictis</strong></span> <span class='ocrx_word' id='word_1_325' title='bbox 361 2640 409 2683; x_wconf 88' lang='lat' dir='ltr'><strong>et</strong></span> <span class='ocrx_word' id='word_1_326' title='bbox 429 2629 655 2698; x_wconf 86' lang='lat' dir='ltr'><strong>peccatis</strong></span> <span class='ocrx_word' id='word_1_327' title='bbox 685 2629 884 2696; x_wconf 88' lang='lat' dir='ltr'><strong>vestris,</strong></span> <span class='ocrx_word' id='word_1_328' title='bbox 925 2629 1079 2699; x_wconf 82' lang='lat' dir='ltr'><strong>juxta</strong></span> <span class='ocrx_word' id='word_1_329' title='bbox 1128 2629 1257 2684; x_wconf 92' lang='lat' dir='ltr'><strong>illud</strong></span> <span class='ocrx_word' id='word_1_330' title='bbox 1287 2645 1502 2700; x_wconf 89' lang='lat' dir='ltr'><strong>quoque</strong></span> <span class='ocrx_word' id='word_1_331' title='bbox 1546 2630 1689 2701; x_wconf 92' lang='lat' dir='ltr'><strong>quod</strong></span> <span class='ocrx_word' id='word_1_332' title='bbox 1741 2631 1794 2686; x_wconf 93' lang='lat' dir='ltr'><strong>in</strong></span> 
     </span>
    </p>
   </div>
   <div class='ocr_carea' id='block_1_42' title="bbox 217 2720 1797 2793">
    <p class='ocr_par' dir='ltr' id='par_1_42' title="bbox 217 2720 1797 2793">
     <span class='ocr_line' id='line_1_42' title="bbox 217 2720 1797 2793; baseline -0.001 -15"><span class='ocrx_word' id='word_1_333' title='bbox 217 2720 487 2778; x_wconf 81' lang='lat' dir='ltr'><strong>Ezechiele</strong></span> <span class='ocrx_word' id='word_1_334' title='bbox 518 2720 785 2790; x_wconf 90' lang='lat' dir='ltr'><strong>scriptum</strong></span> <span class='ocrx_word' id='word_1_335' title='bbox 807 2729 893 2776; x_wconf 92' lang='lat' dir='ltr'><strong>est</strong></span> <span class='ocrx_word' id='word_1_336' title='bbox 923 2737 936 2775; x_wconf 90' lang='lat'><strong>:</strong></span> <span class='ocrx_word' id='word_1_337' title='bbox 968 2721 1157 2776; x_wconf 81' lang='lat' dir='ltr'><strong>Anima</strong></span> <span class='ocrx_word' id='word_1_338' title='bbox 1183 2737 1299 2792; x_wconf 74' lang='lat' dir='ltr'><strong>qua:</strong></span> <span class='ocrx_word' id='word_1_339' title='bbox 1348 2724 1632 2792; x_wconf 82' lang='lat' dir='ltr'><strong>peccaverit</strong></span> <span class='ocrx_word' id='word_1_340' title='bbox 1680 2725 1797 2793; x_wconf 90' lang='lat' dir='ltr'><strong>ipsa</strong></span> 
     </span>
    </p>
   </div>
   <div class='ocr_carea' id='block_1_43' title="bbox 221 2813 1799 2887">
    <p class='ocr_par' dir='ltr' id='par_1_43' title="bbox 221 2813 1799 2887">
     <span class='ocr_line' id='line_1_43' title="bbox 221 2813 1799 2887; baseline 0.003 -20"><span class='ocrx_word' id='word_1_341' title='bbox 221 2815 448 2868; x_wconf 83' lang='lat' dir='ltr'><strong>morietur</strong></span> <span class='ocrx_word' id='word_1_342' title='bbox 477 2813 699 2886; x_wconf 79' lang='lat' dir='ltr'><strong>(Ezech.</strong></span> <span class='ocrx_word' id='word_1_343' title='bbox 734 2829 883 2878; x_wconf 80' lang='lat' dir='ltr'><strong>Lvm,</strong></span> <span class='ocrx_word' id='word_1_344' title='bbox 905 2813 986 2882; x_wconf 77' lang='grc'><strong>4).</strong></span> <span class='ocrx_word' id='word_1_345' title='bbox 1020 2813 1088 2870; x_wconf 88' lang='lat' dir='ltr'><strong>Et</strong></span> <span class='ocrx_word' id='word_1_346' title='bbox 1114 2813 1239 2886; x_wconf 89' lang='lat' dir='ltr'><strong>quia</strong></span> <span class='ocrx_word' id='word_1_347' title='bbox 1270 2815 1463 2869; x_wconf 80' lang='lat' dir='ltr'><strong>delicta</strong></span> <span class='ocrx_word' id='word_1_348' title='bbox 1497 2832 1618 2887; x_wconf 69' lang='lat' dir='ltr'><strong>qua:</strong></span> <span class='ocrx_word' id='word_1_349' title='bbox 1645 2817 1799 2871; x_wconf 83' lang='lat' dir='ltr'><strong>Grae-</strong></span> 
     </span>
    </p>
   </div>
   <div class='ocr_carea' id='block_1_44' title="bbox 220 2907 1798 2985">
    <p class='ocr_par' dir='ltr' id='par_1_44' title="bbox 220 2907 1798 2985">
     <span class='ocr_line' id='line_1_44' title="bbox 220 2907 1798 2985; baseline 0.001 -22"><span class='ocrx_word' id='word_1_350' title='bbox 220 2921 274 2963; x_wconf 87' lang='lat' dir='ltr'><strong>ce</strong></span> <span class='ocrx_word' id='word_1_351' title='bbox 294 2911 694 2985; x_wconf 73' lang='grc' dir='ltr'><strong>παραπτώματα</strong></span> <span class='ocrx_word' id='word_1_352' title='bbox 720 2916 1124 2978; x_wconf 88' lang='lat' dir='ltr'><strong>nuncupantur,</strong></span> <span class='ocrx_word' id='word_1_353' title='bbox 1147 2907 1304 2979; x_wconf 76' lang='lat' dir='ltr'><strong>juxta</strong></span> <span class='ocrx_word' id='word_1_354' title='bbox 1339 2909 1582 2978; x_wconf 89' lang='lat' dir='ltr'><strong>ejusdem</strong></span> <span class='ocrx_word' id='word_1_355' title='bbox 1602 2909 1798 2980; x_wconf 62' lang='lat' dir='ltr'><strong>linguae</strong></span> 
     </span>
    </p>
   </div>
   <div class='ocr_carea' id='block_1_45' title="bbox 224 3000 1801 3074">
    <p class='ocr_par' dir='ltr' id='par_1_45' title="bbox 224 3000 1801 3074">
     <span class='ocr_line' id='line_1_45' title="bbox 224 3000 1801 3074; baseline 0.002 -20"><span class='ocrx_word' id='word_1_356' title='bbox 224 3001 604 3072; x_wconf 76' lang='lat' dir='ltr'><strong>etymologiam</strong></span> <span class='ocrx_word' id='word_1_357' title='bbox 641 3001 861 3072; x_wconf 89' lang='lat' dir='ltr'><strong>proprie</strong></span> <span class='ocrx_word' id='word_1_358' title='bbox 895 3000 1119 3056; x_wconf 83' lang='lat' dir='ltr'><strong>verbum</strong></span> <span class='ocrx_word' id='word_1_359' title='bbox 1152 3011 1235 3056; x_wconf 90' lang='lat' dir='ltr'><strong>est</strong></span> <span class='ocrx_word' id='word_1_360' title='bbox 1258 3001 1666 3073; x_wconf 89' lang='lat' dir='ltr'><strong>Scripturarum</strong></span> <span class='ocrx_word' id='word_1_361' title='bbox 1698 3003 1801 3074; x_wconf 91' lang='lat' dir='ltr'><strong>(li-</strong></span> 
     </span>
    </p>
   </div>
   <div class='ocr_carea' id='block_1_46' title="bbox 227 3095 1798 3170">
    <p class='ocr_par' dir='ltr' id='par_1_46' title="bbox 227 3095 1798 3170">
     <span class='ocr_line' id='line_1_46' title="bbox 227 3095 1798 3170; baseline 0.004 -21"><span class='ocrx_word' id='word_1_362' title='bbox 227 3104 305 3149; x_wconf 89' lang='lat' dir='ltr'><strong>cet</strong></span> <span class='ocrx_word' id='word_1_363' title='bbox 325 3095 522 3151; x_wconf 77' lang='lat' dir='ltr'><strong>delicta</strong></span> <span class='ocrx_word' id='word_1_364' title='bbox 551 3097 862 3170; x_wconf 74' lang='grc' dir='ltr'><strong>πλημμὶλιαι</strong></span> <span class='ocrx_word' id='word_1_365' title='bbox 892 3096 1095 3152; x_wconf 89' lang='lat' dir='ltr'><strong>rectius</strong></span> <span class='ocrx_word' id='word_1_366' title='bbox 1126 3097 1528 3152; x_wconf 76' lang='lat' dir='ltr'><strong>transferantur</strong></span> <span class='ocrx_word' id='word_1_367' title='bbox 1555 3098 1574 3169; x_wconf 96' lang='lat'>)</span> <span class='ocrx_word' id='word_1_368' title='bbox 1597 3099 1798 3169; x_wconf 67' lang='lat' dir='ltr'><strong>quaari-</strong></span> 
     </span>
    </p>
   </div>
   <div class='ocr_carea' id='block_1_47' title="bbox 219 3188 1798 3267">
    <p class='ocr_par' dir='ltr' id='par_1_47' title="bbox 219 3188 1798 3267">
     <span class='ocr_line' id='line_1_47' title="bbox 219 3188 1798 3267; baseline 0.003 -25"><span class='ocrx_word' id='word_1_369' title='bbox 219 3202 325 3243; x_wconf 87' lang='lat' dir='ltr'><strong>mus</strong></span> <span class='ocrx_word' id='word_1_370' title='bbox 368 3188 498 3260; x_wconf 90' lang='lat' dir='ltr'><strong>quid</strong></span> <span class='ocrx_word' id='word_1_371' title='bbox 560 3188 892 3260; x_wconf 81' lang='lat' dir='ltr'><strong>signiﬁcent,</strong></span> <span class='ocrx_word' id='word_1_372' title='bbox 943 3203 1122 3259; x_wconf 90' lang='lat' dir='ltr'><strong>quove</strong></span> <span class='ocrx_word' id='word_1_373' title='bbox 1162 3189 1416 3245; x_wconf 90' lang='lat' dir='ltr'><strong>distenta</strong></span> <span class='ocrx_word' id='word_1_374' title='bbox 1451 3191 1709 3267; x_wconf 76' lang='lat' dir='ltr'><strong>peccatis,</strong></span> <span class='ocrx_word' id='word_1_375' title='bbox 1748 3191 1798 3246; x_wconf 89' lang='lat' dir='ltr'><strong>id</strong></span> 
     </span>
    </p>
   </div>
   <div class='ocr_carea' id='block_1_48' title="bbox 1899 1972 3491 2047">
    <p class='ocr_par' dir='ltr' id='par_1_48' title="bbox 1899 1972 3491 2047">
     <span class='ocr_line' id='line_1_48' title="bbox 1899 1972 3491 2047; baseline -0.006 -13"><span class='ocrx_word' id='word_1_376' title='bbox 1899 1977 2153 2044; x_wconf 82' lang='lat' dir='ltr'><strong>credunt,</strong></span> <span class='ocrx_word' id='word_1_377' title='bbox 2212 1993 2319 2033; x_wconf 90' lang='lat' dir='ltr'><strong>non</strong></span> <span class='ocrx_word' id='word_1_378' title='bbox 2375 1985 2556 2047; x_wconf 84' lang='lat' dir='ltr'><strong>potest</strong></span> <span class='ocrx_word' id='word_1_379' title='bbox 2611 1973 2844 2045; x_wconf 91' lang='lat' dir='ltr'><strong>operari.</strong></span> <span class='ocrx_word' id='word_1_380' title='bbox 2882 1974 2957 2029; x_wconf 90' lang='lat' dir='ltr'><strong>De</strong></span> <span class='ocrx_word' id='word_1_381' title='bbox 2987 1988 3098 2045; x_wconf 88' lang='lat' dir='ltr'><strong>quo</strong></span> <span class='ocrx_word' id='word_1_382' title='bbox 3120 1984 3174 2028; x_wconf 87' lang='lat' dir='ltr'><strong>et</strong></span> <span class='ocrx_word' id='word_1_383' title='bbox 3204 1972 3343 2028; x_wconf 83' lang='lat' dir='ltr'><strong>infra</strong></span> <span class='ocrx_word' id='word_1_384' title='bbox 3375 1972 3491 2026; x_wconf 87' lang='lat' dir='ltr'><strong>ait:</strong></span> 
     </span>
    </p>
   </div>
   <div class='ocr_carea' id='block_1_49' title="bbox 1902 2065 3495 2144">
    <p class='ocr_par' dir='ltr' id='par_1_49' title="bbox 1902 2065 3495 2144">
     <span class='ocr_line' id='line_1_49' title="bbox 1902 2065 3495 2144; baseline -0.006 -18"><span class='ocrx_word' id='word_1_385' title='bbox 1902 2071 2024 2126; x_wconf 80' lang='lat' dir='ltr'><strong>Non</strong></span> <span class='ocrx_word' id='word_1_386' title='bbox 2053 2081 2125 2126; x_wconf 89' lang='lat' dir='ltr'><strong>est</strong></span> <span class='ocrx_word' id='word_1_387' title='bbox 2157 2073 2302 2124; x_wconf 87' lang='lat' dir='ltr'><strong>nobis</strong></span> <span class='ocrx_word' id='word_1_388' title='bbox 2325 2086 2501 2144; x_wconf 87' lang='lat' dir='ltr'><strong>pugna</strong></span> <span class='ocrx_word' id='word_1_389' title='bbox 2532 2068 2779 2122; x_wconf 86' lang='lat' dir='ltr'><strong>adversus</strong></span> <span class='ocrx_word' id='word_1_390' title='bbox 2816 2083 3023 2121; x_wconf 87' lang='lat' dir='ltr'><strong>carnem</strong></span> <span class='ocrx_word' id='word_1_391' title='bbox 3075 2075 3122 2120; x_wconf 93' lang='lat' dir='ltr'><strong>et</strong></span> <span class='ocrx_word' id='word_1_392' title='bbox 3168 2065 3495 2135; x_wconf 87' lang='lat' dir='ltr'><strong>sanguinem,</strong></span> 
     </span>
    </p>
   </div>
   <div class='ocr_carea' id='block_1_50' title="bbox 1899 2148 3504 2235">
    <p class='ocr_par' dir='ltr' id='par_1_50' title="bbox 1899 2148 3504 2235">
     <span class='ocr_line' id='line_1_50' title="bbox 1899 2148 3504 2235; baseline -0.005 -16"><span class='ocrx_word' id='word_1_393' title='bbox 1899 2165 1988 2219; x_wconf 89' lang='lat' dir='ltr'><strong>sed</strong></span> <span class='ocrx_word' id='word_1_394' title='bbox 2013 2165 2287 2218; x_wconf 85' lang='lat' dir='ltr'><strong>adversum</strong></span> <span class='ocrx_word' id='word_1_395' title='bbox 2309 2163 2628 2235; x_wconf 83' lang='lat' dir='ltr'><strong>principatus</strong></span> <span class='ocrx_word' id='word_1_396' title='bbox 2651 2171 2697 2215; x_wconf 89' lang='lat' dir='ltr'><strong>et</strong></span> <span class='ocrx_word' id='word_1_397' title='bbox 2722 2148 3017 2230; x_wconf 76' lang='lat' dir='ltr'><strong>potestaies,</strong></span> <span class='ocrx_word' id='word_1_398' title='bbox 3053 2159 3299 2213; x_wconf 86' lang='lat' dir='ltr'><strong>adversus</strong></span> <span class='ocrx_word' id='word_1_399' title='bbox 3335 2167 3504 2212; x_wconf 85' lang='lat' dir='ltr'><strong>recto-</strong></span> 
     </span>
    </p>
   </div>
   <div class='ocr_carea' id='block_1_51' title="bbox 1898 2249 3504 2322">
    <p class='ocr_par' dir='ltr' id='par_1_51' title="bbox 1898 2249 3504 2322">
     <span class='ocr_line' id='line_1_51' title="bbox 1898 2249 3504 2322; baseline -0.004 -12"><span class='ocrx_word' id='word_1_400' title='bbox 1898 2272 1979 2310; x_wconf 90' lang='lat' dir='ltr'><strong>res</strong></span> <span class='ocrx_word' id='word_1_401' title='bbox 2004 2254 2327 2310; x_wconf 86' lang='lat' dir='ltr'><strong>tenebrarum</strong></span> <span class='ocrx_word' id='word_1_402' title='bbox 2348 2254 2589 2317; x_wconf 88' lang='lat' dir='ltr'><strong>istarum,</strong></span> <span class='ocrx_word' id='word_1_403' title='bbox 2615 2252 2863 2308; x_wconf 81' lang='lat' dir='ltr'><strong>adversus</strong></span> <span class='ocrx_word' id='word_1_404' title='bbox 2909 2251 3210 2322; x_wconf 87' lang='lat' dir='ltr'><strong>spiritualia</strong></span> <span class='ocrx_word' id='word_1_405' title='bbox 3260 2249 3504 2321; x_wconf 74' lang='lat' dir='ltr'><strong>nequitia:</strong></span> 
     </span>
    </p>
   </div>
   <div class='ocr_carea' id='block_1_52' title="bbox 1897 2343 3494 2417">
    <p class='ocr_par' dir='ltr' id='par_1_52' title="bbox 1897 2343 3494 2417">
     <span class='ocr_line' id='line_1_52' title="bbox 1897 2343 3494 2417; baseline -0.004 -12"><span class='ocrx_word' id='word_1_406' title='bbox 1897 2350 1952 2405; x_wconf 88' lang='lat' dir='ltr'><strong>in</strong></span> <span class='ocrx_word' id='word_1_407' title='bbox 1979 2348 2282 2404; x_wconf 76' lang='lat' dir='ltr'><strong>caelestibus.</strong></span> <span class='ocrx_word' id='word_1_408' title='bbox 2342 2348 2460 2402; x_wconf 82' lang='lat' dir='ltr'><strong>Non</strong></span> <span class='ocrx_word' id='word_1_409' title='bbox 2508 2362 2616 2417; x_wconf 93' lang='lat' dir='ltr'><strong>quo</strong></span> <span class='ocrx_word' id='word_1_410' title='bbox 2658 2346 2928 2410; x_wconf 84' lang='lat' dir='ltr'><strong>diabolus,</strong></span> <span class='ocrx_word' id='word_1_411' title='bbox 2954 2354 3008 2401; x_wconf 90' lang='lat' dir='ltr'><strong>et</strong></span> <span class='ocrx_word' id='word_1_412' title='bbox 3037 2345 3310 2401; x_wconf 88' lang='lat' dir='ltr'><strong>satellites</strong></span> <span class='ocrx_word' id='word_1_413' title='bbox 3349 2343 3494 2414; x_wconf 89' lang='lat' dir='ltr'><strong>ejus,</strong></span> 
     </span>
    </p>
   </div>
   <div class='ocr_carea' id='block_1_53' title="bbox 1901 2438 3505 2515">
    <p class='ocr_par' dir='ltr' id='par_1_53' title="bbox 1901 2438 3505 2515">
     <span class='ocr_line' id='line_1_53' title="bbox 1901 2438 3505 2515; baseline -0.004 -16"><span class='ocrx_word' id='word_1_414' title='bbox 1901 2445 1991 2515; x_wconf 93' lang='lat' dir='ltr'><strong>qui</strong></span> <span class='ocrx_word' id='word_1_415' title='bbox 2011 2459 2106 2514; x_wconf 92' lang='lat' dir='ltr'><strong>per</strong></span> <span class='ocrx_word' id='word_1_416' title='bbox 2132 2443 2392 2497; x_wconf 88' lang='lat' dir='ltr'><strong>mundum</strong></span> <span class='ocrx_word' id='word_1_417' title='bbox 2422 2441 2585 2496; x_wconf 91' lang='lat' dir='ltr'><strong>istum</strong></span> <span class='ocrx_word' id='word_1_418' title='bbox 2609 2450 2896 2512; x_wconf 73' lang='lat' dir='ltr'><strong>vagantes,</strong></span> <span class='ocrx_word' id='word_1_419' title='bbox 2941 2451 3162 2510; x_wconf 88' lang='lat' dir='ltr'><strong>peccata</strong></span> <span class='ocrx_word' id='word_1_420' title='bbox 3192 2438 3505 2494; x_wconf 90' lang='lat' dir='ltr'><strong>hominibus</strong></span> 
     </span>
    </p>
   </div>
   <div class='ocr_carea' id='block_1_54' title="bbox 1902 2531 3506 2604">
    <p class='ocr_par' dir='ltr' id='par_1_54' title="bbox 1902 2531 3506 2604">
     <span class='ocr_line' id='line_1_54' title="bbox 1902 2531 3506 2604; baseline -0.003 -12"><span class='ocrx_word' id='word_1_421' title='bbox 1902 2537 2208 2602; x_wconf 88' lang='lat' dir='ltr'><strong>insinuant,</strong></span> <span class='ocrx_word' id='word_1_422' title='bbox 2265 2534 2318 2590; x_wconf 92' lang='lat' dir='ltr'><strong>in</strong></span> <span class='ocrx_word' id='word_1_423' title='bbox 2361 2534 2502 2590; x_wconf 66' lang='lat' dir='ltr'><strong>caelo</strong></span> <span class='ocrx_word' id='word_1_424' title='bbox 2553 2533 2764 2589; x_wconf 76' lang='lat' dir='ltr'><strong>versari</strong></span> <span class='ocrx_word' id='word_1_425' title='bbox 2816 2541 3040 2604; x_wconf 89' lang='lat' dir='ltr'><strong>queant,</strong></span> <span class='ocrx_word' id='word_1_426' title='bbox 3071 2533 3141 2588; x_wconf 92' lang='lat' dir='ltr'><strong>de</strong></span> <span class='ocrx_word' id='word_1_427' title='bbox 3172 2548 3282 2603; x_wconf 93' lang='lat' dir='ltr'><strong>quo</strong></span> <span class='ocrx_word' id='word_1_428' title='bbox 3307 2531 3379 2586; x_wconf 92' lang='lat' dir='ltr'><strong>ob</strong></span> <span class='ocrx_word' id='word_1_429' title='bbox 3408 2545 3506 2587; x_wconf 88' lang='lat' dir='ltr'><strong>sua</strong></span> 
     </span>
    </p>
   </div>
   <div class='ocr_carea' id='block_1_55' title="bbox 1902 2623 3502 2694">
    <p class='ocr_par' dir='ltr' id='par_1_55' title="bbox 1902 2623 3502 2694">
     <span class='ocr_line' id='line_1_55' title="bbox 1902 2623 3502 2694; baseline -0.004 -9"><span class='ocrx_word' id='word_1_430' title='bbox 1902 2629 2102 2685; x_wconf 89' lang='lat' dir='ltr'><strong>merita</strong></span> <span class='ocrx_word' id='word_1_431' title='bbox 2151 2637 2503 2692; x_wconf 89' lang='lat' dir='ltr'><strong>corruerunt;</strong></span> <span class='ocrx_word' id='word_1_432' title='bbox 2551 2625 2647 2682; x_wconf 90' lang='lat' dir='ltr'><strong>sed</strong></span> <span class='ocrx_word' id='word_1_433' title='bbox 2692 2627 2891 2682; x_wconf 65' lang='lat' dir='ltr'><strong>coelum</strong></span> <span class='ocrx_word' id='word_1_434' title='bbox 2935 2625 3156 2694; x_wconf 89' lang='lat' dir='ltr'><strong>dicitur,</strong></span> <span class='ocrx_word' id='word_1_435' title='bbox 3189 2636 3212 2662; x_wconf 68' lang='grc' dir='ltr'><strong>θ</strong></span> <span class='ocrx_word' id='word_1_436' title='bbox 3253 2639 3348 2680; x_wconf 90' lang='lat' dir='ltr'><strong>aer</strong></span> <span class='ocrx_word' id='word_1_437' title='bbox 3375 2623 3502 2693; x_wconf 88' lang='lat' dir='ltr'><strong>iste,</strong></span> 
     </span>
    </p>
   </div>
   <div class='ocr_carea' id='block_1_56' title="bbox 1902 2720 3500 2798">
    <p class='ocr_par' dir='ltr' id='par_1_56' title="bbox 1902 2720 3500 2798">
     <span class='ocr_line' id='line_1_56' title="bbox 1902 2720 3500 2798; baseline -0.003 -19"><span class='ocrx_word' id='word_1_438' title='bbox 1902 2727 1999 2798; x_wconf 91' lang='lat' dir='ltr'><strong>qui</strong></span> <span class='ocrx_word' id='word_1_439' title='bbox 2029 2740 2193 2796; x_wconf 88' lang='lat' dir='ltr'><strong>supra</strong></span> <span class='ocrx_word' id='word_1_440' title='bbox 2220 2740 2320 2779; x_wconf 83' lang='lat' dir='ltr'><strong>nos</strong></span> <span class='ocrx_word' id='word_1_441' title='bbox 2350 2735 2456 2790; x_wconf 89' lang='lat' dir='ltr'><strong>est,</strong></span> <span class='ocrx_word' id='word_1_442' title='bbox 2492 2723 2646 2793; x_wconf 80' lang='lat' dir='ltr'><strong>juxta</strong></span> <span class='ocrx_word' id='word_1_443' title='bbox 2671 2722 2804 2777; x_wconf 93' lang='lat' dir='ltr'><strong>illud</strong></span> <span class='ocrx_word' id='word_1_444' title='bbox 2837 2720 3142 2778; x_wconf 89' lang='lat' dir='ltr'><strong>Salvatoris</strong></span> <span class='ocrx_word' id='word_1_445' title='bbox 3172 2720 3450 2793; x_wconf 90' lang='lat' dir='ltr'><strong>eloquium</strong></span> <span class='ocrx_word' id='word_1_446' title='bbox 3485 2736 3500 2775; x_wconf 95' lang='lat'><strong>:</strong></span> 
     </span>
    </p>
   </div>
   <div class='ocr_carea' id='block_1_57' title="bbox 1903 2817 3502 2891">
    <p class='ocr_par' dir='ltr' id='par_1_57' title="bbox 1903 2817 3502 2891">
     <span class='ocr_line' id='line_1_57' title="bbox 1903 2817 3502 2891; baseline -0.003 -16"><span class='ocrx_word' id='word_1_447' title='bbox 1903 2819 2241 2875; x_wconf 82' lang='lat' dir='ltr'><strong>Considerate</strong></span> <span class='ocrx_word' id='word_1_448' title='bbox 2272 2819 2507 2873; x_wconf 81' lang='lat' dir='ltr'><strong>volatilia</strong></span> <span class='ocrx_word' id='word_1_449' title='bbox 2535 2817 2648 2873; x_wconf 80' lang='lat' dir='ltr'><strong>caeli</strong></span> <span class='ocrx_word' id='word_1_450' title='bbox 2683 2817 2862 2891; x_wconf 83' lang='lat' dir='ltr'><strong>(Matt.</strong></span> <span class='ocrx_word' id='word_1_451' title='bbox 2897 2833 2969 2872; x_wconf 84' lang='lat' dir='ltr'><strong>v1.</strong></span> <span class='ocrx_word' id='word_1_452' title='bbox 2995 2817 3112 2888; x_wconf 70' lang='lat'><strong>26),</strong></span> <span class='ocrx_word' id='word_1_453' title='bbox 3165 2827 3220 2872; x_wconf 87' lang='lat' dir='ltr'><strong>et</strong></span> <span class='ocrx_word' id='word_1_454' title='bbox 3275 2825 3502 2872; x_wconf 68' lang='lat' dir='ltr'><strong>caztera.</strong></span> 
     </span>
    </p>
   </div>
   <div class='ocr_carea' id='block_1_58' title="bbox 1904 2909 3504 2983">
    <p class='ocr_par' dir='ltr' id='par_1_58' title="bbox 1904 2909 3504 2983">
     <span class='ocr_line' id='line_1_58' title="bbox 1904 2909 3504 2983; baseline -0.003 -15"><span class='ocrx_word' id='word_1_455' title='bbox 1904 2912 2253 2968; x_wconf 82' lang='lat' dir='ltr'><strong>Manilestum</strong></span> <span class='ocrx_word' id='word_1_456' title='bbox 2271 2911 2583 2983; x_wconf 91' lang='lat' dir='ltr'><strong>quippeest,</strong></span> <span class='ocrx_word' id='word_1_457' title='bbox 2610 2911 2758 2982; x_wconf 90' lang='lat' dir='ltr'><strong>quod</strong></span> <span class='ocrx_word' id='word_1_458' title='bbox 2781 2911 3025 2966; x_wconf 87' lang='lat' dir='ltr'><strong>volatilia</strong></span> <span class='ocrx_word' id='word_1_459' title='bbox 3053 2925 3160 2966; x_wconf 93' lang='lat' dir='ltr'><strong>non</strong></span> <span class='ocrx_word' id='word_1_460' title='bbox 3188 2926 3282 2978; x_wconf 90' lang='lat' dir='ltr'><strong>per</strong></span> <span class='ocrx_word' id='word_1_461' title='bbox 3303 2909 3504 2965; x_wconf 74' lang='lat' dir='ltr'><strong>cmlum</strong></span> 
     </span>
    </p>
   </div>
   <div class='ocr_carea' id='block_1_59' title="bbox 1903 3005 3506 3078">
    <p class='ocr_par' dir='ltr' id='par_1_59' title="bbox 1903 3005 3506 3078">
     <span class='ocr_line' id='line_1_59' title="bbox 1903 3005 3506 3078; baseline -0.001 -17"><span class='ocrx_word' id='word_1_462' title='bbox 1903 3007 2154 3075; x_wconf 90' lang='lat' dir='ltr'><strong>volitent,</strong></span> <span class='ocrx_word' id='word_1_463' title='bbox 2186 3006 2279 3062; x_wconf 90' lang='lat' dir='ltr'><strong>sed</strong></span> <span class='ocrx_word' id='word_1_464' title='bbox 2311 3022 2410 3078; x_wconf 89' lang='lat' dir='ltr'><strong>per</strong></span> <span class='ocrx_word' id='word_1_465' title='bbox 2439 3022 2644 3062; x_wconf 88' lang='lat' dir='ltr'><strong>aerem.</strong></span> <span class='ocrx_word' id='word_1_466' title='bbox 2699 3005 2956 3076; x_wconf 83' lang='lat' dir='ltr'><strong>Sequitur</strong></span> <span class='ocrx_word' id='word_1_467' title='bbox 2982 3024 2994 3056; x_wconf 87' lang='lat'><strong>:</strong></span> <span class='ocrx_word' id='word_1_468' title='bbox 3025 3005 3093 3060; x_wconf 91' lang='lat' dir='ltr'><strong>In</strong></span> <span class='ocrx_word' id='word_1_469' title='bbox 3129 3005 3312 3077; x_wconf 86' lang='lat' dir='ltr'><strong>quibus</strong></span> <span class='ocrx_word' id='word_1_470' title='bbox 3333 3015 3380 3060; x_wconf 93' lang='lat' dir='ltr'><strong>et</strong></span> <span class='ocrx_word' id='word_1_471' title='bbox 3411 3021 3506 3060; x_wconf 87' lang='lat' dir='ltr'><strong>nos</strong></span> 
     </span>
    </p>
   </div>
   <div class='ocr_carea' id='block_1_60' title="bbox 1907 3101 3509 3174">
    <p class='ocr_par' dir='ltr' id='par_1_60' title="bbox 1907 3101 3509 3174">
     <span class='ocr_line' id='line_1_60' title="bbox 1907 3101 3509 3174; baseline -0.002 -17"><span class='ocrx_word' id='word_1_472' title='bbox 1907 3118 2080 3157; x_wconf 88' lang='lat' dir='ltr'><strong>omnes</strong></span> <span class='ocrx_word' id='word_1_473' title='bbox 2095 3103 2380 3156; x_wconf 88' lang='lat' dir='ltr'><strong>conversati</strong></span> <span class='ocrx_word' id='word_1_474' title='bbox 2405 3119 2584 3157; x_wconf 88' lang='lat' dir='ltr'><strong>sumus</strong></span> <span class='ocrx_word' id='word_1_475' title='bbox 2633 3102 2925 3174; x_wconf 85' lang='lat' dir='ltr'><strong>aliquando</strong></span> <span class='ocrx_word' id='word_1_476' title='bbox 2951 3103 3003 3156; x_wconf 91' lang='lat' dir='ltr'><strong>in</strong></span> <span class='ocrx_word' id='word_1_477' title='bbox 3034 3101 3305 3156; x_wconf 86' lang='lat' dir='ltr'><strong>desideriis</strong></span> <span class='ocrx_word' id='word_1_478' title='bbox 3335 3101 3509 3154; x_wconf 88' lang='lat' dir='ltr'><strong>carnis</strong></span> 
     </span>
    </p>
   </div>
   <div class='ocr_carea' id='block_1_61' title="bbox 1908 3193 3508 3268">
    <p class='ocr_par' dir='ltr' id='par_1_61' title="bbox 1908 3193 3508 3268">
     <span class='ocr_line' id='line_1_61' title="bbox 1908 3193 3508 3268; baseline 0.001 -19"><span class='ocrx_word' id='word_1_479' title='bbox 1908 3203 2116 3263; x_wconf 66' lang='lat' dir='ltr'><strong>nostrae,</strong></span> <span class='ocrx_word' id='word_1_480' title='bbox 2141 3197 2386 3268; x_wconf 76' lang='lat' dir='ltr'><strong>facientes</strong></span> <span class='ocrx_word' id='word_1_481' title='bbox 2426 3198 2718 3250; x_wconf 83' lang='lat' dir='ltr'><strong>voluntates</strong></span> <span class='ocrx_word' id='word_1_482' title='bbox 2771 3197 2943 3250; x_wconf 88' lang='lat' dir='ltr'><strong>carnis</strong></span> <span class='ocrx_word' id='word_1_483' title='bbox 2969 3205 3015 3249; x_wconf 85' lang='lat' dir='ltr'><strong>et</strong></span> <span class='ocrx_word' id='word_1_484' title='bbox 3046 3197 3314 3249; x_wconf 88' lang='lat' dir='ltr'><strong>mentiunt.</strong></span> <span class='ocrx_word' id='word_1_485' title='bbox 3351 3193 3508 3262; x_wconf 86' lang='lat' dir='ltr'><strong>Quod</strong></span> 
     </span>
    </p>
   </div>
   <div class='ocr_carea' id='block_1_62' title="bbox 219 3281 1806 3361">
    <p class='ocr_par' dir='ltr' id='par_1_62' title="bbox 219 3281 1799 3361">
     <span class='ocr_line' id='line_1_62' title="bbox 219 3281 1799 3361; baseline -0.001 -23"><span class='ocrx_word' id='word_1_486' title='bbox 219 3291 313 3347; x_wconf 85' lang='lat' dir='ltr'><strong>est,</strong></span> <span class='ocrx_word' id='word_1_487' title='bbox 335 3281 460 3354; x_wconf 84' lang='lat' dir='ltr'><strong>quid</strong></span> <span class='ocrx_word' id='word_1_488' title='bbox 495 3283 716 3338; x_wconf 79' lang='lat' dir='ltr'><strong>intersit</strong></span> <span class='ocrx_word' id='word_1_489' title='bbox 747 3281 889 3337; x_wconf 92' lang='lat' dir='ltr'><strong>inter</strong></span> <span class='ocrx_word' id='word_1_490' title='bbox 941 3285 1366 3360; x_wconf 82' lang='grc' dir='ltr'><strong>παραπτώματα,</strong></span> <span class='ocrx_word' id='word_1_491' title='bbox 1419 3293 1472 3336; x_wconf 93' lang='lat' dir='ltr'><strong>et</strong></span> <span class='ocrx_word' id='word_1_492' title='bbox 1528 3283 1799 3361; x_wconf 76' lang='grc' dir='ltr'><strong>ἁμαρτίας.</strong></span> 
     </span>
    </p>
   </div>
   <div class='ocr_carea' id='block_1_63' title="bbox 1912 3281 3510 3361">
    <p class='ocr_par' dir='ltr' id='par_1_63' title="bbox 1912 3289 3510 3360">
     <span class='ocr_line' id='line_1_63' title="bbox 1912 3289 3510 3360; baseline -0.001 -16"><span class='ocrx_word' id='word_1_493' title='bbox 1912 3289 2006 3356; x_wconf 88' lang='lat' dir='ltr'><strong>ait,</strong></span> <span class='ocrx_word' id='word_1_494' title='bbox 2037 3292 2089 3343; x_wconf 89' lang='lat' dir='ltr'><strong>in</strong></span> <span class='ocrx_word' id='word_1_495' title='bbox 2107 3291 2316 3360; x_wconf 84' lang='lat' dir='ltr'><strong>quibus,</strong></span> <span class='ocrx_word' id='word_1_496' title='bbox 2359 3289 2426 3344; x_wconf 90' lang='lat' dir='ltr'><strong>ad</strong></span> <span class='ocrx_word' id='word_1_497' title='bbox 2459 3290 2654 3346; x_wconf 88' lang='lat' dir='ltr'><strong>delicta</strong></span> <span class='ocrx_word' id='word_1_498' title='bbox 2684 3289 3035 3345; x_wconf 83' lang='lat' dir='ltr'><strong>referendum</strong></span> <span class='ocrx_word' id='word_1_499' title='bbox 3077 3300 3182 3345; x_wconf 90' lang='lat' dir='ltr'><strong>est.</strong></span> <span class='ocrx_word' id='word_1_500' title='bbox 3237 3289 3510 3358; x_wconf 91' lang='lat' dir='ltr'><strong>Superius</strong></span> 
     </span>
    </p>
   </div>
   <div class='ocr_carea' id='block_1_64' title="bbox 221 3375 1805 3454">
    <p class='ocr_par' dir='ltr' id='par_1_64' title="bbox 221 3375 1805 3454">
     <span class='ocr_line' id='line_1_64' title="bbox 221 3375 1805 3454; baseline 0.001 -23"><span class='ocrx_word' id='word_1_501' title='bbox 221 3377 374 3432; x_wconf 76' lang='lat' dir='ltr'><strong>Aiunt</strong></span> <span class='ocrx_word' id='word_1_502' title='bbox 397 3379 549 3432; x_wconf 89' lang='lat' dir='ltr'><strong>enim</strong></span> <span class='ocrx_word' id='word_1_503' title='bbox 579 3375 723 3447; x_wconf 91' lang='lat' dir='ltr'><strong>quod</strong></span> <span class='ocrx_word' id='word_1_504' title='bbox 765 3379 1191 3454; x_wconf 80' lang='grc' dir='ltr'><strong>παραπτώματα,</strong></span> <span class='ocrx_word' id='word_1_505' title='bbox 1222 3375 1376 3446; x_wconf 91' lang='lat' dir='ltr'><strong>quasi</strong></span> <span class='ocrx_word' id='word_1_506' title='bbox 1416 3376 1572 3431; x_wconf 88' lang='lat' dir='ltr'><strong>initia</strong></span> <span class='ocrx_word' id='word_1_507' title='bbox 1616 3392 1805 3447; x_wconf 88' lang='lat' dir='ltr'><strong>pecca-</strong></span> 
     </span>
    </p>
   </div>
   <div class='ocr_carea' id='block_1_65' title="bbox 220 3468 1806 3539">
    <p class='ocr_par' dir='ltr' id='par_1_65' title="bbox 220 3468 1806 3539">
     <span class='ocr_line' id='line_1_65' title="bbox 220 3468 1806 3539; baseline 0.002 -17"><span class='ocrx_word' id='word_1_508' title='bbox 220 3474 378 3524; x_wconf 92' lang='lat' dir='ltr'><strong>torum</strong></span> <span class='ocrx_word' id='word_1_509' title='bbox 410 3469 545 3534; x_wconf 89' lang='lat' dir='ltr'><strong>sint,</strong></span> <span class='ocrx_word' id='word_1_510' title='bbox 578 3483 704 3523; x_wconf 91' lang='lat' dir='ltr'><strong>cum</strong></span> <span class='ocrx_word' id='word_1_511' title='bbox 735 3468 998 3538; x_wconf 79' lang='lat' dir='ltr'><strong>cogitatio</strong></span> <span class='ocrx_word' id='word_1_512' title='bbox 1020 3468 1181 3523; x_wconf 88' lang='lat' dir='ltr'><strong>tacita</strong></span> <span class='ocrx_word' id='word_1_513' title='bbox 1211 3469 1480 3539; x_wconf 90' lang='lat' dir='ltr'><strong>subrepit,</strong></span> <span class='ocrx_word' id='word_1_514' title='bbox 1520 3480 1575 3524; x_wconf 91' lang='lat' dir='ltr'><strong>et</strong></span> <span class='ocrx_word' id='word_1_515' title='bbox 1613 3485 1684 3524; x_wconf 80' lang='lat' dir='ltr'><strong>ex</strong></span> <span class='ocrx_word' id='word_1_516' title='bbox 1714 3469 1806 3525; x_wconf 85' lang='lat' dir='ltr'><strong>ali-</strong></span> 
     </span>
    </p>
   </div>
   <div class='ocr_carea' id='block_1_66' title="bbox 222 3559 1802 3636">
    <p class='ocr_par' dir='ltr' id='par_1_66' title="bbox 222 3559 1802 3636">
     <span class='ocr_line' id='line_1_66' title="bbox 222 3559 1802 3636; baseline 0.003 -22"><span class='ocrx_word' id='word_1_517' title='bbox 222 3577 314 3632; x_wconf 87' lang='lat' dir='ltr'><strong>qua</strong></span> <span class='ocrx_word' id='word_1_518' title='bbox 360 3571 515 3631; x_wconf 86' lang='lat' dir='ltr'><strong>parte</strong></span> <span class='ocrx_word' id='word_1_519' title='bbox 547 3561 968 3617; x_wconf 88' lang='lat' dir='ltr'><strong>conniventibus</strong></span> <span class='ocrx_word' id='word_1_520' title='bbox 993 3559 1015 3634; x_wconf 94' lang='lat'>[</span> <span class='ocrx_word' id='word_1_521' title='bbox 1037 3561 1120 3615; x_wconf 82' lang='grc' dir='ltr'><strong>Αι.</strong></span> <span class='ocrx_word' id='word_1_522' title='bbox 1174 3561 1551 3618; x_wconf 88' lang='lat' dir='ltr'><strong>cohibentibus</strong></span> <span class='ocrx_word' id='word_1_523' title='bbox 1577 3563 1595 3636; x_wconf 85' lang='lat' dir='ltr'>J</span> <span class='ocrx_word' id='word_1_524' title='bbox 1625 3563 1802 3632; x_wconf 92' lang='lat' dir='ltr'><strong>nobis,</strong></span> 
     </span>
    </p>
   </div>
   <div class='ocr_carea' id='block_1_67' title="bbox 221 3653 1802 3725">
    <p class='ocr_par' dir='ltr' id='par_1_67' title="bbox 221 3653 1802 3725">
     <span class='ocr_line' id='line_1_67' title="bbox 221 3653 1802 3725; baseline 0.003 -15"><span class='ocrx_word' id='word_1_525' title='bbox 221 3653 432 3710; x_wconf 85' lang='lat' dir='ltr'><strong>necdum</strong></span> <span class='ocrx_word' id='word_1_526' title='bbox 483 3663 671 3711; x_wconf 90' lang='lat' dir='ltr'><strong>tamen</strong></span> <span class='ocrx_word' id='word_1_527' title='bbox 727 3669 831 3711; x_wconf 92' lang='lat' dir='ltr'><strong>nos</strong></span> <span class='ocrx_word' id='word_1_528' title='bbox 879 3654 1188 3725; x_wconf 88' lang='lat' dir='ltr'><strong>impulitad</strong></span> <span class='ocrx_word' id='word_1_529' title='bbox 1210 3657 1446 3712; x_wconf 91' lang='lat' dir='ltr'><strong>ruinam.</strong></span> <span class='ocrx_word' id='word_1_530' title='bbox 1473 3657 1632 3714; x_wconf 89' lang='lat' dir='ltr'><strong>Unde</strong></span> <span class='ocrx_word' id='word_1_531' title='bbox 1664 3659 1802 3714; x_wconf 88' lang='lat' dir='ltr'><strong>etin</strong></span> 
     </span>
    </p>
   </div>
   <div class='ocr_carea' id='block_1_68' title="bbox 223 3744 1806 3818">
    <p class='ocr_par' dir='ltr' id='par_1_68' title="bbox 223 3744 1806 3818">
     <span class='ocr_line' id='line_1_68' title="bbox 223 3744 1806 3818; baseline 0.001 -16"><span class='ocrx_word' id='word_1_532' title='bbox 223 3758 394 3802; x_wconf 82' lang='lat' dir='ltr'><strong>octavo</strong></span> <span class='ocrx_word' id='word_1_533' title='bbox 424 3746 642 3804; x_wconf 90' lang='lat' dir='ltr'><strong>decimo</strong></span> <span class='ocrx_word' id='word_1_534' title='bbox 667 3747 878 3818; x_wconf 88' lang='lat' dir='ltr'><strong>psalmo</strong></span> <span class='ocrx_word' id='word_1_535' title='bbox 901 3744 1080 3817; x_wconf 86' lang='lat' dir='ltr'><strong>(Vers.</strong></span> <span class='ocrx_word' id='word_1_536' title='bbox 1113 3746 1219 3818; x_wconf 76' lang='lat' dir='ltr'><strong>l5)</strong></span> <span class='ocrx_word' id='word_1_537' title='bbox 1250 3749 1512 3805; x_wconf 88' lang='lat' dir='ltr'><strong>scribitur</strong></span> <span class='ocrx_word' id='word_1_538' title='bbox 1543 3747 1806 3815; x_wconf 87' lang='lat' dir='ltr'><strong>:Delicta,</strong></span> 
     </span>
    </p>
   </div>
   <div class='ocr_carea' id='block_1_69' title="bbox 223 3833 1809 3914">
    <p class='ocr_par' dir='ltr' id='par_1_69' title="bbox 223 3833 1809 3914">
     <span class='ocr_line' id='line_1_69' title="bbox 223 3833 1809 3914; baseline 0.004 -23"><span class='ocrx_word' id='word_1_539' title='bbox 223 3833 314 3891; x_wconf 84' lang='lat' dir='ltr'><strong>hoc</strong></span> <span class='ocrx_word' id='word_1_540' title='bbox 333 3847 432 3903; x_wconf 87' lang='lat' dir='ltr'><strong>est,</strong></span> <span class='ocrx_word' id='word_1_541' title='bbox 457 3841 894 3914; x_wconf 82' lang='grc' dir='ltr'><strong>παραπτώματα.</strong></span> <span class='ocrx_word' id='word_1_542' title='bbox 923 3839 1040 3910; x_wconf 84' lang='lat' dir='ltr'><strong>quis</strong></span> <span class='ocrx_word' id='word_1_543' title='bbox 1093 3839 1381 3910; x_wconf 79' lang='lat' dir='ltr'><strong>intelligit?</strong></span> <span class='ocrx_word' id='word_1_544' title='bbox 1428 3841 1553 3912; x_wconf 84' lang='lat' dir='ltr'><strong>quia</strong></span> <span class='ocrx_word' id='word_1_545' title='bbox 1598 3841 1809 3898; x_wconf 81' lang='lat' dir='ltr'><strong>scilicet</strong></span> 
     </span>
    </p>
   </div>
   <div class='ocr_carea' id='block_1_70' title="bbox 223 3927 1792 4003">
    <p class='ocr_par' dir='ltr' id='par_1_70' title="bbox 223 3927 1792 4003">
     <span class='ocr_line' id='line_1_70' title="bbox 223 3927 1792 4003; baseline 0.004 -20"><span class='ocrx_word' id='word_1_546' title='bbox 223 3927 426 3986; x_wconf 79' lang='lat' dir='ltr'><strong>difﬁcile</strong></span> <span class='ocrx_word' id='word_1_547' title='bbox 455 3931 531 3986; x_wconf 90' lang='lat' dir='ltr'><strong>sit</strong></span> <span class='ocrx_word' id='word_1_548' title='bbox 553 3930 787 3997; x_wconf 90' lang='lat' dir='ltr'><strong>radices,</strong></span> <span class='ocrx_word' id='word_1_549' title='bbox 812 3939 866 3985; x_wconf 92' lang='lat' dir='ltr'><strong>et</strong></span> <span class='ocrx_word' id='word_1_550' title='bbox 889 3929 1042 3985; x_wconf 90' lang='lat' dir='ltr'><strong>initia</strong></span> <span class='ocrx_word' id='word_1_551' title='bbox 1075 3931 1382 4002; x_wconf 88' lang='lat' dir='ltr'><strong>intelligere</strong></span> <span class='ocrx_word' id='word_1_552' title='bbox 1423 3943 1792 4003; x_wconf 90' lang='lat' dir='ltr'><strong>peccatorum.</strong></span> 
     </span>
    </p>
   </div>
   <div class='ocr_carea' id='block_1_71' title="bbox 225 4021 1810 4100">
    <p class='ocr_par' dir='ltr' id='par_1_71' title="bbox 225 4021 1810 4100">
     <span class='ocr_line' id='line_1_71' title="bbox 225 4021 1810 4100; baseline 0.006 -20"><span class='ocrx_word' id='word_1_553' title='bbox 225 4021 501 4081; x_wconf 85' lang='lat' dir='ltr'><strong>Peccatum</strong></span> <span class='ocrx_word' id='word_1_554' title='bbox 532 4041 668 4084; x_wconf 84' lang='lat' dir='ltr'><strong>vero</strong></span> <span class='ocrx_word' id='word_1_555' title='bbox 689 4041 833 4097; x_wconf 89' lang='lat' dir='ltr'><strong>esse,</strong></span> <span class='ocrx_word' id='word_1_556' title='bbox 863 4043 986 4083; x_wconf 90' lang='lat' dir='ltr'><strong>cum</strong></span> <span class='ocrx_word' id='word_1_557' title='bbox 1011 4028 1137 4100; x_wconf 90' lang='lat' dir='ltr'><strong>quid</strong></span> <span class='ocrx_word' id='word_1_558' title='bbox 1178 4044 1344 4100; x_wconf 91' lang='lat' dir='ltr'><strong>opere</strong></span> <span class='ocrx_word' id='word_1_559' title='bbox 1372 4043 1810 4090; x_wconf 90' lang='lat' dir='ltr'><strong>consummatum</strong></span> 
     </span>
    </p>
   </div>
   <div class='ocr_carea' id='block_1_72' title="bbox 224 4120 1810 4198">
    <p class='ocr_par' dir='ltr' id='par_1_72' title="bbox 224 4120 1810 4198">
     <span class='ocr_line' id='line_1_72' title="bbox 224 4120 1810 4198; baseline 0.008 -27"><span class='ocrx_word' id='word_1_560' title='bbox 224 4121 462 4187; x_wconf 85' lang='lat' dir='ltr'><strong>pervenit</strong></span> <span class='ocrx_word' id='word_1_561' title='bbox 515 4120 584 4175; x_wconf 91' lang='lat' dir='ltr'><strong>ad</strong></span> <span class='ocrx_word' id='word_1_562' title='bbox 639 4120 824 4176; x_wconf 91' lang='lat' dir='ltr'><strong>ﬁnem.</strong></span> <span class='ocrx_word' id='word_1_563' title='bbox 881 4122 1189 4188; x_wconf 70' lang='lat' dir='ltr'><strong>Qumrimus</strong></span> <span class='ocrx_word' id='word_1_564' title='bbox 1241 4140 1461 4195; x_wconf 90' lang='lat' dir='ltr'><strong>quoque</strong></span> <span class='ocrx_word' id='word_1_565' title='bbox 1483 4127 1610 4198; x_wconf 87' lang='lat' dir='ltr'><strong>quid</strong></span> <span class='ocrx_word' id='word_1_566' title='bbox 1637 4129 1730 4197; x_wconf 92' lang='lat' dir='ltr'><strong>sit,</strong></span> <span class='ocrx_word' id='word_1_567' title='bbox 1757 4130 1810 4183; x_wconf 91' lang='lat' dir='ltr'><strong>in</strong></span> 
     </span>
    </p>
   </div>
   <div class='ocr_carea' id='block_1_73' title="bbox 226 4212 1810 4282">
    <p class='ocr_par' dir='ltr' id='par_1_73' title="bbox 226 4212 1810 4282">
     <span class='ocr_line' id='line_1_73' title="bbox 226 4212 1810 4282; baseline 0.009 -19"><span class='ocrx_word' id='word_1_568' title='bbox 226 4213 394 4280; x_wconf 69' lang='lat' dir='ltr'><strong>quibus</strong></span> <span class='ocrx_word' id='word_1_569' title='bbox 414 4212 704 4282; x_wconf 87' lang='lat' dir='ltr'><strong>aliquando</strong></span> <span class='ocrx_word' id='word_1_570' title='bbox 727 4213 1032 4269; x_wconf 86' lang='lat' dir='ltr'><strong>ambulastis</strong></span> <span class='ocrx_word' id='word_1_571' title='bbox 1058 4217 1339 4271; x_wconf 88' lang='lat' dir='ltr'><strong>secundant</strong></span> <span class='ocrx_word' id='word_1_572' title='bbox 1375 4221 1627 4274; x_wconf 67' lang='lat' dir='ltr'><strong>saeculum</strong></span> <span class='ocrx_word' id='word_1_573' title='bbox 1655 4239 1810 4277; x_wconf 86' lang='lat' dir='ltr'><strong>mun-</strong></span> 
     </span>
    </p>
   </div>
   <div class='ocr_carea' id='block_1_74' title="bbox 225 4301 1800 4383">
    <p class='ocr_par' dir='ltr' id='par_1_74' title="bbox 225 4301 1800 4383">
     <span class='ocr_line' id='line_1_74' title="bbox 225 4301 1800 4383; baseline 0.011 -30"><span class='ocrx_word' id='word_1_574' title='bbox 225 4301 469 4374; x_wconf 78' lang='lat' dir='ltr'><strong>dihujus,</strong></span> <span class='ocrx_word' id='word_1_575' title='bbox 500 4315 814 4360; x_wconf 89' lang='lat' dir='ltr'><strong>utrumnam</strong></span> <span class='ocrx_word' id='word_1_576' title='bbox 835 4318 885 4360; x_wconf 88' lang='lat' dir='ltr'><strong>et</strong></span> <span class='ocrx_word' id='word_1_577' title='bbox 915 4306 1062 4362; x_wconf 90' lang='lat' dir='ltr'><strong>aliud</strong></span> <span class='ocrx_word' id='word_1_578' title='bbox 1094 4308 1355 4364; x_wconf 69' lang='lat' dir='ltr'><strong>sarculum</strong></span> <span class='ocrx_word' id='word_1_579' title='bbox 1386 4313 1483 4380; x_wconf 92' lang='lat' dir='ltr'><strong>sit,</strong></span> <span class='ocrx_word' id='word_1_580' title='bbox 1517 4314 1658 4383; x_wconf 92' lang='lat' dir='ltr'><strong>quod</strong></span> <span class='ocrx_word' id='word_1_581' title='bbox 1692 4330 1800 4370; x_wconf 88' lang='lat' dir='ltr'><strong>non</strong></span> 
     </span>
    </p>
   </div>
   <div class='ocr_carea' id='block_1_75' title="bbox 227 4396 1812 4474">
    <p class='ocr_par' dir='ltr' id='par_1_75' title="bbox 227 4396 1812 4474">
     <span class='ocr_line' id='line_1_75' title="bbox 227 4396 1812 4474; baseline 0.009 -26"><span class='ocrx_word' id='word_1_582' title='bbox 227 4396 487 4462; x_wconf 86' lang='lat' dir='ltr'><strong>pertineat</strong></span> <span class='ocrx_word' id='word_1_583' title='bbox 517 4396 585 4452; x_wconf 89' lang='lat' dir='ltr'><strong>ad</strong></span> <span class='ocrx_word' id='word_1_584' title='bbox 618 4397 880 4453; x_wconf 90' lang='lat' dir='ltr'><strong>mundum</strong></span> <span class='ocrx_word' id='word_1_585' title='bbox 927 4400 1112 4464; x_wconf 88' lang='lat' dir='ltr'><strong>istum,</strong></span> <span class='ocrx_word' id='word_1_586' title='bbox 1147 4401 1241 4456; x_wconf 90' lang='lat' dir='ltr'><strong>sed</strong></span> <span class='ocrx_word' id='word_1_587' title='bbox 1272 4402 1337 4456; x_wconf 89' lang='lat' dir='ltr'><strong>ad</strong></span> <span class='ocrx_word' id='word_1_588' title='bbox 1369 4405 1599 4460; x_wconf 92' lang='lat' dir='ltr'><strong>mundos</strong></span> <span class='ocrx_word' id='word_1_589' title='bbox 1647 4407 1812 4474; x_wconf 91' lang='lat' dir='ltr'><strong>alios,</strong></span> 
     </span>
    </p>
   </div>
   <div class='ocr_carea' id='block_1_76' title="bbox 227 4485 1817 4563">
    <p class='ocr_par' dir='ltr' id='par_1_76' title="bbox 227 4485 1817 4563">
     <span class='ocr_line' id='line_1_76' title="bbox 227 4485 1817 4563; baseline 0.01 -23"><span class='ocrx_word' id='word_1_590' title='bbox 227 4485 290 4542; x_wconf 88' lang='lat' dir='ltr'><strong>de</strong></span> <span class='ocrx_word' id='word_1_591' title='bbox 312 4488 516 4559; x_wconf 89' lang='lat' dir='ltr'><strong>quibus</strong></span> <span class='ocrx_word' id='word_1_592' title='bbox 538 4501 596 4546; x_wconf 91' lang='lat' dir='ltr'><strong>et</strong></span> <span class='ocrx_word' id='word_1_593' title='bbox 625 4489 880 4547; x_wconf 88' lang='lat' dir='ltr'><strong>Clemens</strong></span> <span class='ocrx_word' id='word_1_594' title='bbox 905 4493 956 4546; x_wconf 92' lang='lat' dir='ltr'><strong>in</strong></span> <span class='ocrx_word' id='word_1_595' title='bbox 991 4492 1226 4563; x_wconf 87' lang='lat' dir='ltr'><strong>Epistola</strong></span> <span class='ocrx_word' id='word_1_596' title='bbox 1254 4511 1348 4549; x_wconf 90' lang='lat' dir='ltr'><strong>sua</strong></span> <span class='ocrx_word' id='word_1_597' title='bbox 1379 4498 1571 4552; x_wconf 89' lang='lat' dir='ltr'><strong>scribit</strong></span> <span class='ocrx_word' id='word_1_598' title='bbox 1603 4515 1616 4551; x_wconf 91' lang='lat'><strong>:</strong></span> <span class='ocrx_word' id='word_1_599' title='bbox 1655 4499 1817 4556; x_wconf 90' lang='lat' dir='ltr'><strong>Ocea-</strong></span> 
     </span>
    </p>
   </div>
   <div class='ocr_carea' id='block_1_77' title="bbox 230 4584 1818 4656">
    <p class='ocr_par' dir='ltr' id='par_1_77' title="bbox 230 4584 1818 4656">
     <span class='ocr_line' id='line_1_77' title="bbox 230 4584 1818 4656; baseline 0.011 -24"><span class='ocrx_word' id='word_1_600' title='bbox 230 4595 338 4649; x_wconf 84' lang='lat' dir='ltr'><strong>nus,</strong></span> <span class='ocrx_word' id='word_1_601' title='bbox 371 4593 392 4618; x_wconf 66' lang='lat'><strong>&#39;-</strong></span> <span class='ocrx_word' id='word_1_602' title='bbox 416 4593 468 4638; x_wconf 88' lang='lat' dir='ltr'><strong>et</strong></span> <span class='ocrx_word' id='word_1_603' title='bbox 499 4584 685 4638; x_wconf 86' lang='lat' dir='ltr'><strong>mundi</strong></span> <span class='ocrx_word' id='word_1_604' title='bbox 703 4586 791 4654; x_wconf 85' lang='lat' dir='ltr'><strong>qui</strong></span> <span class='ocrx_word' id='word_1_605' title='bbox 821 4596 962 4639; x_wconf 88' lang='lat' dir='ltr'><strong>trans</strong></span> <span class='ocrx_word' id='word_1_606' title='bbox 991 4588 1159 4656; x_wconf 88' lang='lat' dir='ltr'><strong>ipsum</strong></span> <span class='ocrx_word' id='word_1_607' title='bbox 1190 4587 1349 4642; x_wconf 82' lang='lat' dir='ltr'><strong>sunt?</strong></span> <span class='ocrx_word' id='word_1_608' title='bbox 1389 4592 1469 4645; x_wconf 78' lang='lat' dir='ltr'><strong>An</strong></span> <span class='ocrx_word' id='word_1_609' title='bbox 1530 4607 1669 4648; x_wconf 90' lang='lat' dir='ltr'><strong>unus</strong></span> <span class='ocrx_word' id='word_1_610' title='bbox 1718 4595 1818 4651; x_wconf 90' lang='lat' dir='ltr'><strong>iste</strong></span> 
     </span>
    </p>
   </div>
   <div class='ocr_carea' id='block_1_78' title="bbox 1909 3381 3514 3453">
    <p class='ocr_par' dir='ltr' id='par_1_78' title="bbox 1909 3381 3514 3453">
     <span class='ocr_line' id='line_1_78' title="bbox 1909 3381 3514 3453; baseline -0.002 -15"><span class='ocrx_word' id='word_1_611' title='bbox 1909 3383 2053 3438; x_wconf 88' lang='lat' dir='ltr'><strong>enim</strong></span> <span class='ocrx_word' id='word_1_612' title='bbox 2084 3384 2210 3450; x_wconf 91' lang='lat' dir='ltr'><strong>quia</strong></span> <span class='ocrx_word' id='word_1_613' title='bbox 2241 3382 2349 3437; x_wconf 92' lang='lat' dir='ltr'><strong>duo</strong></span> <span class='ocrx_word' id='word_1_614' title='bbox 2383 3383 2588 3452; x_wconf 87' lang='lat' dir='ltr'><strong>pariter</strong></span> <span class='ocrx_word' id='word_1_615' title='bbox 2618 3393 2879 3453; x_wconf 88' lang='lat' dir='ltr'><strong>posuerat</strong></span> <span class='ocrx_word' id='word_1_616' title='bbox 2912 3398 2926 3436; x_wconf 92' lang='lat'><strong>:</strong></span> <span class='ocrx_word' id='word_1_617' title='bbox 2961 3382 3025 3436; x_wconf 86' lang='lat' dir='ltr'><strong>Et</strong></span> <span class='ocrx_word' id='word_1_618' title='bbox 3065 3399 3154 3438; x_wconf 81' lang='lat' dir='ltr'><strong>vos</strong></span> <span class='ocrx_word' id='word_1_619' title='bbox 3189 3399 3306 3436; x_wconf 90' lang='lat' dir='ltr'><strong>cum</strong></span> <span class='ocrx_word' id='word_1_620' title='bbox 3335 3381 3514 3437; x_wconf 87' lang='lat' dir='ltr'><strong>essetis</strong></span> 
     </span>
    </p>
   </div>
   <div class='ocr_carea' id='block_1_79' title="bbox 1910 3476 3508 3549">
    <p class='ocr_par' dir='ltr' id='par_1_79' title="bbox 1910 3476 3508 3549">
     <span class='ocr_line' id='line_1_79' title="bbox 1910 3476 3508 3549; baseline -0.001 -19"><span class='ocrx_word' id='word_1_621' title='bbox 1910 3477 2100 3530; x_wconf 86' lang='lat' dir='ltr'><strong>mortui</strong></span> <span class='ocrx_word' id='word_1_622' title='bbox 2127 3476 2326 3531; x_wconf 81' lang='lat' dir='ltr'><strong>delictis</strong></span> <span class='ocrx_word' id='word_1_623' title='bbox 2359 3486 2404 3530; x_wconf 91' lang='lat' dir='ltr'><strong>et</strong></span> <span class='ocrx_word' id='word_1_624' title='bbox 2431 3479 2654 3549; x_wconf 85' lang='lat' dir='ltr'><strong>peccatis</strong></span> <span class='ocrx_word' id='word_1_625' title='bbox 2675 3479 2876 3541; x_wconf 85' lang='lat' dir='ltr'><strong>vestris,</strong></span> <span class='ocrx_word' id='word_1_626' title='bbox 2912 3486 2967 3531; x_wconf 90' lang='lat' dir='ltr'><strong>et</strong></span> <span class='ocrx_word' id='word_1_627' title='bbox 2999 3478 3067 3531; x_wconf 90' lang='lat' dir='ltr'><strong>ad</strong></span> <span class='ocrx_word' id='word_1_628' title='bbox 3098 3487 3322 3546; x_wconf 69' lang='lat' dir='ltr'><strong>peCt-ata</strong></span> <span class='ocrx_word' id='word_1_629' title='bbox 3357 3484 3508 3532; x_wconf 87' lang='lat' dir='ltr'><strong>retu-</strong></span> 
     </span>
    </p>
   </div>
   <div class='ocr_carea' id='block_1_80' title="bbox 1909 3569 3517 3643">
    <p class='ocr_par' dir='ltr' id='par_1_80' title="bbox 1909 3569 3517 3643">
     <span class='ocr_line' id='line_1_80' title="bbox 1909 3569 3517 3643; baseline 0 -17"><span class='ocrx_word' id='word_1_630' title='bbox 1909 3569 2046 3626; x_wconf 87' lang='lat' dir='ltr'><strong>lerat</strong></span> <span class='ocrx_word' id='word_1_631' title='bbox 2075 3569 2264 3624; x_wconf 80' lang='lat' dir='ltr'><strong>dicens</strong></span> <span class='ocrx_word' id='word_1_632' title='bbox 2293 3587 2304 3624; x_wconf 94' lang='lat'><strong>:</strong></span> <span class='ocrx_word' id='word_1_633' title='bbox 2338 3571 2389 3624; x_wconf 92' lang='lat' dir='ltr'><strong>in</strong></span> <span class='ocrx_word' id='word_1_634' title='bbox 2410 3571 2598 3641; x_wconf 86' lang='lat' dir='ltr'><strong>quibus</strong></span> <span class='ocrx_word' id='word_1_635' title='bbox 2621 3570 2909 3643; x_wconf 84' lang='lat' dir='ltr'><strong>aliquando</strong></span> <span class='ocrx_word' id='word_1_636' title='bbox 2935 3571 3242 3626; x_wconf 80' lang='lat' dir='ltr'><strong>antbulastis</strong></span> <span class='ocrx_word' id='word_1_637' title='bbox 3273 3589 3292 3626; x_wconf 86' lang='lat'><strong>:</strong></span> <span class='ocrx_word' id='word_1_638' title='bbox 3323 3570 3391 3626; x_wconf 91' lang='lat' dir='ltr'><strong>ad</strong></span> <span class='ocrx_word' id='word_1_639' title='bbox 3420 3571 3517 3626; x_wconf 89' lang='lat' dir='ltr'><strong>de-</strong></span> 
     </span>
    </p>
   </div>
   <div class='ocr_carea' id='block_1_81' title="bbox 1911 3664 3512 3736">
    <p class='ocr_par' dir='ltr' id='par_1_81' title="bbox 1911 3664 3512 3736">
     <span class='ocr_line' id='line_1_81' title="bbox 1911 3664 3512 3736; baseline 0 -16"><span class='ocrx_word' id='word_1_640' title='bbox 1911 3664 2036 3720; x_wconf 80' lang='lat' dir='ltr'><strong>liCta</strong></span> <span class='ocrx_word' id='word_1_641' title='bbox 2069 3679 2202 3720; x_wconf 89' lang='lat' dir='ltr'><strong>vero</strong></span> <span class='ocrx_word' id='word_1_642' title='bbox 2225 3665 2358 3719; x_wconf 86' lang='lat' dir='ltr'><strong>nihil</strong></span> <span class='ocrx_word' id='word_1_643' title='bbox 2395 3666 2498 3720; x_wconf 87' lang='lat' dir='ltr'><strong>tale</strong></span> <span class='ocrx_word' id='word_1_644' title='bbox 2523 3665 2811 3721; x_wconf 90' lang='lat' dir='ltr'><strong>videbatur</strong></span> <span class='ocrx_word' id='word_1_645' title='bbox 2835 3675 3082 3720; x_wconf 81' lang='lat' dir='ltr'><strong>secutum</strong></span> <span class='ocrx_word' id='word_1_646' title='bbox 3113 3665 3259 3736; x_wconf 89' lang='lat' dir='ltr'><strong>quod</strong></span> <span class='ocrx_word' id='word_1_647' title='bbox 3286 3679 3512 3720; x_wconf 91' lang='lat' dir='ltr'><strong>sensum</strong></span> 
     </span>
    </p>
   </div>
   <div class='ocr_carea' id='block_1_82' title="bbox 1911 3757 3513 3830">
    <p class='ocr_par' dir='ltr' id='par_1_82' title="bbox 1911 3757 3513 3830">
     <span class='ocr_line' id='line_1_82' title="bbox 1911 3757 3513 3830; baseline -0.002 -17"><span class='ocrx_word' id='word_1_648' title='bbox 1911 3766 2099 3829; x_wconf 89' lang='lat' dir='ltr'><strong>posset</strong></span> <span class='ocrx_word' id='word_1_649' title='bbox 2146 3758 2362 3828; x_wconf 82' lang='lat' dir='ltr'><strong>explere</strong></span> <span class='ocrx_word' id='word_1_650' title='bbox 2394 3775 2406 3812; x_wconf 88' lang='lat'><strong>:</strong></span> <span class='ocrx_word' id='word_1_651' title='bbox 2433 3774 2576 3813; x_wconf 89' lang='lat' dir='ltr'><strong>nunc</strong></span> <span class='ocrx_word' id='word_1_652' title='bbox 2619 3758 2731 3813; x_wconf 89' lang='lat' dir='ltr'><strong>ait:</strong></span> <span class='ocrx_word' id='word_1_653' title='bbox 2762 3759 2814 3812; x_wconf 93' lang='lat' dir='ltr'><strong>in</strong></span> <span class='ocrx_word' id='word_1_654' title='bbox 2857 3758 3042 3830; x_wconf 90' lang='lat' dir='ltr'><strong>quibus</strong></span> <span class='ocrx_word' id='word_1_655' title='bbox 3089 3757 3312 3822; x_wconf 89' lang='lat' dir='ltr'><strong>delictis,</strong></span> <span class='ocrx_word' id='word_1_656' title='bbox 3345 3766 3391 3812; x_wconf 91' lang='lat' dir='ltr'><strong>et</strong></span> <span class='ocrx_word' id='word_1_657' title='bbox 3418 3773 3513 3810; x_wconf 90' lang='lat' dir='ltr'><strong>nos</strong></span> 
     </span>
    </p>
   </div>
   <div class='ocr_carea' id='block_1_83' title="bbox 1913 3849 3513 3923">
    <p class='ocr_par' dir='ltr' id='par_1_83' title="bbox 1913 3849 3513 3923">
     <span class='ocr_line' id='line_1_83' title="bbox 1913 3849 3513 3923; baseline -0.001 -17"><span class='ocrx_word' id='word_1_658' title='bbox 1913 3868 2087 3906; x_wconf 85' lang='lat' dir='ltr'><strong>omnes</strong></span> <span class='ocrx_word' id='word_1_659' title='bbox 2127 3852 2412 3906; x_wconf 83' lang='lat' dir='ltr'><strong>conversati</strong></span> <span class='ocrx_word' id='word_1_660' title='bbox 2449 3869 2627 3906; x_wconf 86' lang='lat' dir='ltr'><strong>sumus</strong></span> <span class='ocrx_word' id='word_1_661' title='bbox 2666 3869 2683 3906; x_wconf 90' lang='lat'><strong>:</strong></span> <span class='ocrx_word' id='word_1_662' title='bbox 2725 3853 2997 3923; x_wconf 91' lang='lat' dir='ltr'><strong>simulque</strong></span> <span class='ocrx_word' id='word_1_663' title='bbox 3048 3868 3117 3907; x_wconf 87' lang='lat' dir='ltr'><strong>tte</strong></span> <span class='ocrx_word' id='word_1_664' title='bbox 3156 3851 3208 3905; x_wconf 92' lang='lat' dir='ltr'><strong>in</strong></span> <span class='ocrx_word' id='word_1_665' title='bbox 3251 3866 3317 3906; x_wconf 92' lang='lat' dir='ltr'><strong>eo</strong></span> <span class='ocrx_word' id='word_1_666' title='bbox 3364 3849 3513 3921; x_wconf 92' lang='lat' dir='ltr'><strong>quod</strong></span> 
     </span>
    </p>
   </div>
   <div class='ocr_carea' id='block_1_84' title="bbox 1913 3943 3519 4016">
    <p class='ocr_par' dir='ltr' id='par_1_84' title="bbox 1913 3943 3519 4016">
     <span class='ocr_line' id='line_1_84' title="bbox 1913 3943 3519 4016; baseline -0.002 -16"><span class='ocrx_word' id='word_1_667' title='bbox 1913 3945 2150 4009; x_wconf 82' lang='lat' dir='ltr'><strong>dixerat,</strong></span> <span class='ocrx_word' id='word_1_668' title='bbox 2179 3957 2224 4000; x_wconf 92' lang='lat' dir='ltr'><strong>et</strong></span> <span class='ocrx_word' id='word_1_669' title='bbox 2254 3947 2476 4014; x_wconf 83' lang='lat' dir='ltr'><strong>peccatis</strong></span> <span class='ocrx_word' id='word_1_670' title='bbox 2508 3947 2688 4001; x_wconf 82' lang='lat' dir='ltr'><strong>vestris</strong></span> <span class='ocrx_word' id='word_1_671' title='bbox 2713 3948 2765 4000; x_wconf 87' lang='lat' dir='ltr'><strong>in</strong></span> <span class='ocrx_word' id='word_1_672' title='bbox 2809 3946 2991 4016; x_wconf 87' lang='lat' dir='ltr'><strong>quibus</strong></span> <span class='ocrx_word' id='word_1_673' title='bbox 3027 3945 3314 4014; x_wconf 87' lang='lat' dir='ltr'><strong>aliquando</strong></span> <span class='ocrx_word' id='word_1_674' title='bbox 3335 3943 3519 3997; x_wconf 82' lang='lat' dir='ltr'><strong>ambu-</strong></span> 
     </span>
    </p>
   </div>
   <div class='ocr_carea' id='block_1_85' title="bbox 1914 4036 3518 4111">
    <p class='ocr_par' dir='ltr' id='par_1_85' title="bbox 1914 4036 3518 4111">
     <span class='ocr_line' id='line_1_85' title="bbox 1914 4036 3518 4111; baseline -0.001 -17"><span class='ocrx_word' id='word_1_675' title='bbox 1914 4039 2083 4107; x_wconf 90' lang='lat' dir='ltr'><strong>lastis,</strong></span> <span class='ocrx_word' id='word_1_676' title='bbox 2117 4055 2176 4095; x_wconf 90' lang='lat' dir='ltr'><strong>se</strong></span> <span class='ocrx_word' id='word_1_677' title='bbox 2205 4056 2300 4111; x_wconf 90' lang='lat' dir='ltr'><strong>per</strong></span> <span class='ocrx_word' id='word_1_678' title='bbox 2319 4040 2630 4110; x_wconf 86' lang='lat' dir='ltr'><strong>superbiam</strong></span> <span class='ocrx_word' id='word_1_679' title='bbox 2657 4056 2682 4092; x_wconf 90' lang='lat' dir='ltr'><strong>a</strong></span> <span class='ocrx_word' id='word_1_680' title='bbox 2708 4049 2932 4110; x_wconf 91' lang='lat' dir='ltr'><strong>peccato</strong></span> <span class='ocrx_word' id='word_1_681' title='bbox 2962 4037 3237 4092; x_wconf 90' lang='lat' dir='ltr'><strong>videretur</strong></span> <span class='ocrx_word' id='word_1_682' title='bbox 3259 4036 3518 4107; x_wconf 77' lang='lat' dir='ltr'><strong>excipere</strong></span> 
     </span>
    </p>
   </div>
   <div class='ocr_carea' id='block_1_86' title="bbox 1914 4133 3512 4204">
    <p class='ocr_par' dir='ltr' id='par_1_86' title="bbox 1914 4133 3512 4204">
     <span class='ocr_line' id='line_1_86' title="bbox 1914 4133 3512 4204; baseline -0.003 -14"><span class='ocrx_word' id='word_1_683' title='bbox 1914 4133 2207 4204; x_wconf 81' lang='lat' dir='ltr'><strong>adjunxit,</strong></span> <span class='ocrx_word' id='word_1_684' title='bbox 2265 4136 2318 4188; x_wconf 90' lang='lat' dir='ltr'><strong>in</strong></span> <span class='ocrx_word' id='word_1_685' title='bbox 2372 4136 2556 4204; x_wconf 87' lang='lat' dir='ltr'><strong>quibus</strong></span> <span class='ocrx_word' id='word_1_686' title='bbox 2577 4145 2624 4188; x_wconf 88' lang='lat' dir='ltr'><strong>et</strong></span> <span class='ocrx_word' id='word_1_687' title='bbox 2649 4152 2742 4189; x_wconf 88' lang='lat' dir='ltr'><strong>nos</strong></span> <span class='ocrx_word' id='word_1_688' title='bbox 2773 4151 2946 4188; x_wconf 88' lang='lat' dir='ltr'><strong>omnes</strong></span> <span class='ocrx_word' id='word_1_689' title='bbox 2995 4134 3512 4188; x_wconf 86' lang='lat' dir='ltr'><strong>conversotisumus.</strong></span> 
     </span>
    </p>
   </div>
   <div class='ocr_carea' id='block_1_87' title="bbox 1916 4224 3514 4297">
    <p class='ocr_par' dir='ltr' id='par_1_87' title="bbox 1916 4224 3514 4297">
     <span class='ocr_line' id='line_1_87' title="bbox 1916 4224 3514 4297; baseline -0.003 -14"><span class='ocrx_word' id='word_1_690' title='bbox 1916 4228 2018 4297; x_wconf 87' lang='lat' dir='ltr'><strong>Qui</strong></span> <span class='ocrx_word' id='word_1_691' title='bbox 2047 4238 2227 4283; x_wconf 87' lang='lat' dir='ltr'><strong>autem</strong></span> <span class='ocrx_word' id='word_1_692' title='bbox 2259 4236 2638 4284; x_wconf 88' lang='lat' dir='ltr'><strong>conversatum</strong></span> <span class='ocrx_word' id='word_1_693' title='bbox 2672 4241 2792 4281; x_wconf 89' lang='lat' dir='ltr'><strong>esse</strong></span> <span class='ocrx_word' id='word_1_694' title='bbox 2817 4242 2878 4281; x_wconf 90' lang='lat' dir='ltr'><strong>se</strong></span> <span class='ocrx_word' id='word_1_695' title='bbox 2909 4225 3062 4292; x_wconf 90' lang='lat' dir='ltr'><strong>dicit,</strong></span> <span class='ocrx_word' id='word_1_696' title='bbox 3112 4225 3179 4280; x_wconf 90' lang='lat' dir='ltr'><strong>de</strong></span> <span class='ocrx_word' id='word_1_697' title='bbox 3209 4224 3514 4297; x_wconf 82' lang='lat' dir='ltr'><strong>praeteritis</strong></span> 
     </span>
    </p>
   </div>
   <div class='ocr_carea' id='block_1_88' title="bbox 1918 4317 3515 4391">
    <p class='ocr_par' dir='ltr' id='par_1_88' title="bbox 1918 4317 3515 4391">
     <span class='ocr_line' id='line_1_88' title="bbox 1918 4317 3515 4391; baseline -0.003 -14"><span class='ocrx_word' id='word_1_698' title='bbox 1918 4322 2152 4390; x_wconf 88' lang='lat' dir='ltr'><strong>delictis,</strong></span> <span class='ocrx_word' id='word_1_699' title='bbox 2180 4331 2234 4377; x_wconf 90' lang='lat' dir='ltr'><strong>et</strong></span> <span class='ocrx_word' id='word_1_700' title='bbox 2263 4337 2367 4376; x_wconf 92' lang='lat' dir='ltr'><strong>non</strong></span> <span class='ocrx_word' id='word_1_701' title='bbox 2400 4321 2467 4377; x_wconf 89' lang='lat' dir='ltr'><strong>de</strong></span> <span class='ocrx_word' id='word_1_702' title='bbox 2496 4321 2859 4391; x_wconf 66' lang='lat' dir='ltr'><strong>praesentibus</strong></span> <span class='ocrx_word' id='word_1_703' title='bbox 2897 4318 3218 4376; x_wconf 80' lang='lat' dir='ltr'><strong>Conﬁtetur.</strong></span> <span class='ocrx_word' id='word_1_704' title='bbox 3271 4317 3515 4375; x_wconf 89' lang='lat' dir='ltr'><strong>Conver-</strong></span> 
     </span>
    </p>
   </div>
   <div class='ocr_carea' id='block_1_89' title="bbox 1919 4411 3518 4487">
    <p class='ocr_par' dir='ltr' id='par_1_89' title="bbox 1919 4411 3518 4487">
     <span class='ocr_line' id='line_1_89' title="bbox 1919 4411 3518 4487; baseline -0.002 -16"><span class='ocrx_word' id='word_1_705' title='bbox 1919 4417 2022 4472; x_wconf 91' lang='lat' dir='ltr'><strong>sati</strong></span> <span class='ocrx_word' id='word_1_706' title='bbox 2055 4431 2265 4482; x_wconf 90' lang='lat' dir='ltr'><strong>sumus,</strong></span> <span class='ocrx_word' id='word_1_707' title='bbox 2301 4416 2493 4487; x_wconf 86' lang='lat' dir='ltr'><strong>inquit,</strong></span> <span class='ocrx_word' id='word_1_708' title='bbox 2519 4414 2833 4487; x_wconf 87' lang='lat' dir='ltr'><strong>aliquando,</strong></span> <span class='ocrx_word' id='word_1_709' title='bbox 2867 4430 2972 4469; x_wconf 90' lang='lat' dir='ltr'><strong>non</strong></span> <span class='ocrx_word' id='word_1_710' title='bbox 2999 4413 3053 4468; x_wconf 92' lang='lat' dir='ltr'><strong>in</strong></span> <span class='ocrx_word' id='word_1_711' title='bbox 3084 4427 3192 4468; x_wconf 92' lang='lat' dir='ltr'><strong>uno</strong></span> <span class='ocrx_word' id='word_1_712' title='bbox 3223 4411 3518 4477; x_wconf 86' lang='lat' dir='ltr'><strong>desiderio,</strong></span> 
     </span>
    </p>
   </div>
   <div class='ocr_carea' id='block_1_90' title="bbox 1921 4505 3523 4580">
    <p class='ocr_par' dir='ltr' id='par_1_90' title="bbox 1921 4505 3523 4580">
     <span class='ocr_line' id='line_1_90' title="bbox 1921 4505 3523 4580; baseline -0.004 -14"><span class='ocrx_word' id='word_1_713' title='bbox 1921 4509 2015 4566; x_wconf 90' lang='lat' dir='ltr'><strong>sed</strong></span> <span class='ocrx_word' id='word_1_714' title='bbox 2040 4509 2094 4564; x_wconf 90' lang='lat' dir='ltr'><strong>in</strong></span> <span class='ocrx_word' id='word_1_715' title='bbox 2117 4509 2408 4566; x_wconf 86' lang='lat' dir='ltr'><strong>desideriis</strong></span> <span class='ocrx_word' id='word_1_716' title='bbox 2437 4509 2620 4564; x_wconf 81' lang='lat' dir='ltr'><strong>Carnis</strong></span> <span class='ocrx_word' id='word_1_717' title='bbox 2648 4517 2870 4564; x_wconf 68' lang='lat' dir='ltr'><strong>nostrae.</strong></span> <span class='ocrx_word' id='word_1_718' title='bbox 2906 4506 3042 4563; x_wconf 84' lang='lat' dir='ltr'><strong>Caro</strong></span> <span class='ocrx_word' id='word_1_719' title='bbox 3071 4509 3263 4580; x_wconf 87' lang='lat' dir='ltr'><strong>quippe</strong></span> <span class='ocrx_word' id='word_1_720' title='bbox 3316 4505 3523 4560; x_wconf 85' lang='lat' dir='ltr'><strong>deside-</strong></span> 
     </span>
    </p>
   </div>
   <div class='ocr_carea' id='block_1_91' title="bbox 1920 4596 3522 4673">
    <p class='ocr_par' dir='ltr' id='par_1_91' title="bbox 1920 4596 3522 4673">
     <span class='ocr_line' id='line_1_91' title="bbox 1920 4596 3522 4673; baseline -0.002 -17"><span class='ocrx_word' id='word_1_721' title='bbox 1920 4612 2006 4657; x_wconf 85' lang='lat' dir='ltr'><strong>rat</strong></span> <span class='ocrx_word' id='word_1_722' title='bbox 2031 4603 2275 4656; x_wconf 81' lang='lat' dir='ltr'><strong>adversus</strong></span> <span class='ocrx_word' id='word_1_723' title='bbox 2297 4603 2558 4673; x_wconf 86' lang='lat' dir='ltr'><strong>spiritum,</strong></span> <span class='ocrx_word' id='word_1_724' title='bbox 2588 4611 2635 4657; x_wconf 92' lang='lat' dir='ltr'><strong>et</strong></span> <span class='ocrx_word' id='word_1_725' title='bbox 2658 4603 2874 4670; x_wconf 86' lang='lat' dir='ltr'><strong>spiritus</strong></span> <span class='ocrx_word' id='word_1_726' title='bbox 2897 4602 3140 4657; x_wconf 85' lang='lat' dir='ltr'><strong>adversus</strong></span> <span class='ocrx_word' id='word_1_727' title='bbox 3162 4615 3367 4655; x_wconf 88' lang='lat' dir='ltr'><strong>carnem</strong></span> <span class='ocrx_word' id='word_1_728' title='bbox 3389 4596 3522 4672; x_wconf 85' lang='lat' dir='ltr'><strong>(Ga-</strong></span> 
     </span>
    </p>
   </div>
   <div class='ocr_carea' id='block_1_92' title="bbox 231 4676 3521 4766">
    <p class='ocr_par' dir='ltr' id='par_1_92' title="bbox 231 4676 3521 4766">
     <span class='ocr_line' id='line_1_92' title="bbox 231 4676 3521 4766; baseline 0.006 -37"><span class='ocrx_word' id='word_1_729' title='bbox 231 4676 456 4734; x_wconf 84' lang='lat' dir='ltr'><strong>mundus</strong></span> <span class='ocrx_word' id='word_1_730' title='bbox 478 4678 574 4746; x_wconf 87' lang='lat' dir='ltr'><strong>sit,</strong></span> <span class='ocrx_word' id='word_1_731' title='bbox 607 4679 701 4750; x_wconf 92' lang='lat' dir='ltr'><strong>qni</strong></span> <span class='ocrx_word' id='word_1_732' title='bbox 731 4678 801 4734; x_wconf 90' lang='lat' dir='ltr'><strong>ab</strong></span> <span class='ocrx_word' id='word_1_733' title='bbox 829 4679 984 4736; x_wconf 90' lang='lat' dir='ltr'><strong>initio</strong></span> <span class='ocrx_word' id='word_1_734' title='bbox 1011 4682 1318 4754; x_wconf 66' lang='lat' dir='ltr'><strong>saeculiquo</strong></span> <span class='ocrx_word' id='word_1_735' title='bbox 1335 4682 1510 4742; x_wconf 80' lang='lat' dir='ltr'><strong>factus</strong></span> <span class='ocrx_word' id='word_1_736' title='bbox 1527 4698 1607 4743; x_wconf 87' lang='lat' dir='ltr'><strong>est</strong></span> <span class='ocrx_word' id='word_1_737' title='bbox 1641 4689 1814 4747; x_wconf 84' lang='lat' dir='ltr'><strong>Adam</strong></span> <span class='ocrx_word' id='word_1_738' title='bbox 1848 4686 1898 4746; x_wconf 90' lang='lat' dir='ltr'><strong>D</strong></span> <span class='ocrx_word' id='word_1_739' title='bbox 1922 4694 2016 4749; x_wconf 92' lang='lat' dir='ltr'><strong>lat.</strong></span> <span class='ocrx_word' id='word_1_740' title='bbox 2042 4711 2098 4761; x_wconf 95' lang='lat' dir='ltr'><strong>v,</strong></span> <span class='ocrx_word' id='word_1_741' title='bbox 2127 4695 2240 4766; x_wconf 87' lang='lat' dir='ltr'><strong>l7).</strong></span> <span class='ocrx_word' id='word_1_742' title='bbox 2274 4695 2554 4750; x_wconf 90' lang='lat' dir='ltr'><strong>Facientes</strong></span> <span class='ocrx_word' id='word_1_743' title='bbox 2586 4711 2692 4749; x_wconf 88' lang='lat' dir='ltr'><strong>non</strong></span> <span class='ocrx_word' id='word_1_744' title='bbox 2727 4711 2886 4750; x_wconf 89' lang='lat' dir='ltr'><strong>unam</strong></span> <span class='ocrx_word' id='word_1_745' title='bbox 2938 4694 3271 4750; x_wconf 88' lang='lat' dir='ltr'><strong>voluntatem</strong></span> <span class='ocrx_word' id='word_1_746' title='bbox 3317 4691 3521 4761; x_wconf 90' lang='lat' dir='ltr'><strong>carnis,</strong></span> 
     </span>
    </p>
   </div>
   <div class='ocr_carea' id='block_1_93' title="bbox 232 4838 1828 4913">
    <p class='ocr_par' dir='ltr' id='par_1_93' title="bbox 232 4838 1828 4913">
     <span class='ocr_line' id='line_1_93' title="bbox 232 4838 1828 4913; baseline 0.008 -22"><span class='ocrx_word' id='word_1_747' title='bbox 232 4838 392 4892; x_wconf 84' lang='lat' dir='ltr'><strong>carnis</strong></span> <span class='ocrx_word' id='word_1_748' title='bbox 439 4846 708 4913; x_wconf 83' lang='lat' dir='ltr'><strong>peccatum</strong></span> <span class='ocrx_word' id='word_1_749' title='bbox 749 4849 823 4893; x_wconf 86' lang='lat' dir='ltr'><strong>est</strong></span> <span class='ocrx_word' id='word_1_750' title='bbox 853 4840 1197 4913; x_wconf 88' lang='lat' dir='ltr'><strong>impudicitia,</strong></span> <span class='ocrx_word' id='word_1_751' title='bbox 1225 4851 1376 4911; x_wconf 87' lang='lat' dir='ltr'><strong>atque</strong></span> <span class='ocrx_word' id='word_1_752' title='bbox 1398 4843 1628 4913; x_wconf 75' lang='lat' dir='ltr'><strong>luxuria,</strong></span> <span class='ocrx_word' id='word_1_753' title='bbox 1683 4857 1733 4901; x_wconf 88' lang='lat' dir='ltr'><strong>et</strong></span> <span class='ocrx_word' id='word_1_754' title='bbox 1769 4866 1828 4904; x_wconf 94' lang='lat' dir='ltr'><strong>ea</strong></span> 
     </span>
    </p>
   </div>
   <div class='ocr_carea' id='block_1_94' title="bbox 232 4912 1828 4986">
    <p class='ocr_par' dir='ltr' id='par_1_94' title="bbox 232 4912 1828 4986">
     <span class='ocr_line' id='line_1_94' title="bbox 232 4912 1828 4986; baseline 0.008 -24"><span class='ocrx_word' id='word_1_755' title='bbox 232 4924 339 4976; x_wconf 69' lang='lat' dir='ltr'><strong>qua:</strong></span> <span class='ocrx_word' id='word_1_756' title='bbox 371 4927 479 4986; x_wconf 84' lang='lat' dir='ltr'><strong>per</strong></span> <span class='ocrx_word' id='word_1_757' title='bbox 528 4912 877 4986; x_wconf 70' lang='lat' dir='ltr'><strong>ministerium</strong></span> <span class='ocrx_word' id='word_1_758' title='bbox 921 4913 1032 4986; x_wconf 83' lang='lat' dir='ltr'><strong>ejus</strong></span> <span class='ocrx_word' id='word_1_759' title='bbox 1061 4912 1127 4986; x_wconf 78' lang='lat' dir='ltr'><strong>in</strong></span> <span class='ocrx_word' id='word_1_760' title='bbox 1179 4913 1476 4970; x_wconf 86' lang='lat' dir='ltr'><strong>libidinibus</strong></span> <span class='ocrx_word' id='word_1_761' title='bbox 1519 4912 1828 4986; x_wconf 72' lang='lat' dir='ltr'><strong>explentur:</strong></span> 
     </span>
    </p>
   </div>
   <div class='ocr_carea' id='block_1_95' title="bbox 234 4983 1828 5057">
    <p class='ocr_par' dir='ltr' id='par_1_95' title="bbox 234 4983 1828 5057">
     <span class='ocr_line' id='line_1_95' title="bbox 234 4983 1828 5057; baseline 0.008 -23"><span class='ocrx_word' id='word_1_762' title='bbox 234 4984 472 5057; x_wconf 80' lang='lat' dir='ltr'><strong>mentium</strong></span> <span class='ocrx_word' id='word_1_763' title='bbox 521 4998 640 5057; x_wconf 77' lang='lat' dir='ltr'><strong>vero</strong></span> <span class='ocrx_word' id='word_1_764' title='bbox 665 4983 913 5057; x_wconf 80' lang='lat' dir='ltr'><strong>delictum</strong></span> <span class='ocrx_word' id='word_1_765' title='bbox 945 4983 1278 5057; x_wconf 78' lang='lat' dir='ltr'><strong>addcgntata</strong></span> <span class='ocrx_word' id='word_1_766' title='bbox 1304 4987 1522 5057; x_wconf 86' lang='lat' dir='ltr'><strong>pertinet</strong></span> <span class='ocrx_word' id='word_1_767' title='bbox 1567 4983 1828 5047; x_wconf 78' lang='lat' dir='ltr'><strong>contraria</strong></span> 
     </span>
    </p>
   </div>
   <div class='ocr_carea' id='block_1_96' title="bbox 234 5053 1824 5130">
    <p class='ocr_par' dir='ltr' id='par_1_96' title="bbox 234 5053 1824 5130">
     <span class='ocr_line' id='line_1_96' title="bbox 234 5053 1824 5130; baseline 0.009 -27"><span class='ocrx_word' id='word_1_768' title='bbox 234 5055 456 5130; x_wconf 59' lang='lat' dir='ltr'><strong>reritati,</strong></span> <span class='ocrx_word' id='word_1_769' title='bbox 483 5063 533 5108; x_wconf 88' lang='lat' dir='ltr'><strong>et</strong></span> <span class='ocrx_word' id='word_1_770' title='bbox 553 5053 853 5130; x_wconf 64' lang='lat' dir='ltr'><strong>htereticam</strong></span> <span class='ocrx_word' id='word_1_771' title='bbox 881 5055 1204 5130; x_wconf 76' lang='lat' dir='ltr'><strong>pravitatem.</strong></span> <span class='ocrx_word' id='word_1_772' title='bbox 1251 5053 1416 5130; x_wconf 82' lang='lat' dir='ltr'><strong>Nobis</strong></span> <span class='ocrx_word' id='word_1_773' title='bbox 1456 5059 1662 5130; x_wconf 82' lang='lat' dir='ltr'><strong>absque</strong></span> <span class='ocrx_word' id='word_1_774' title='bbox 1693 5079 1824 5117; x_wconf 86' lang='lat' dir='ltr'><strong>mss.</strong></span> 
     </span>
    </p>
   </div>
   <div class='ocr_carea' id='block_1_97' title="bbox 238 5122 1824 5202">
    <p class='ocr_par' dir='ltr' id='par_1_97' title="bbox 238 5122 1824 5202">
     <span class='ocr_line' id='line_1_97' title="bbox 238 5122 1824 5202; baseline 0.009 -28"><span class='ocrx_word' id='word_1_775' title='bbox 238 5122 503 5202; x_wconf 65' lang='lat' dir='ltr'><strong>sul&#39;l‘ragiq</strong></span> <span class='ocrx_word' id='word_1_776' title='bbox 527 5126 659 5179; x_wconf 86' lang='lat' dir='ltr'><strong>nihil</strong></span> <span class='ocrx_word' id='word_1_777' title='bbox 694 5122 1498 5202; x_wconf 40' lang='lat' dir='ltr'><strong>lice_red_uxi_mus,“maxime</strong></span> <span class='ocrx_word' id='word_1_778' title='bbox 1523 5122 1644 5186; x_wconf 83' lang='lat' dir='ltr'><strong>etim</strong></span> <span class='ocrx_word' id='word_1_779' title='bbox 1697 5150 1824 5202; x_wconf 89' lang='lat' dir='ltr'><strong>una,</strong></span> 
     </span>
    </p>
   </div>
   <div class='ocr_carea' id='block_1_98' title="bbox 237 5195 1830 5264">
    <p class='ocr_par' dir='ltr' id='par_1_98' title="bbox 237 5195 1830 5264">
     <span class='ocr_line' id='line_1_98' title="bbox 237 5195 1830 5264; baseline 0.01 -19"><span class='ocrx_word' id='word_1_780' title='bbox 237 5210 348 5264; x_wconf 73' lang='lat' dir='ltr'><strong>qua?</strong></span> <span class='ocrx_word' id='word_1_781' title='bbox 379 5195 432 5250; x_wconf 86' lang='lat' dir='ltr'><strong>in</strong></span> <span class='ocrx_word' id='word_1_782' title='bbox 464 5195 665 5253; x_wconf 69' lang='grc' dir='ltr'><strong>ϐτίιιοο</strong></span> <span class='ocrx_word' id='word_1_783' title='bbox 693 5197 893 5263; x_wconf 86' lang='lat' dir='ltr'><strong>variat,</strong></span> <span class='ocrx_word' id='word_1_784' title='bbox 926 5197 1090 5252; x_wconf 90' lang='lat' dir='ltr'><strong>lectio</strong></span> <span class='ocrx_word' id='word_1_785' title='bbox 1112 5198 1324 5253; x_wconf 89' lang='lat' dir='ltr'><strong>codicis</strong></span> <span class='ocrx_word' id='word_1_786' title='bbox 1350 5201 1447 5255; x_wconf 90' lang='lat' dir='ltr'><strong>abs</strong></span> <span class='ocrx_word' id='word_1_787' title='bbox 1472 5200 1681 5258; x_wconf 86' lang='lat' dir='ltr'><strong>Joanne</strong></span> <span class='ocrx_word' id='word_1_788' title='bbox 1695 5195 1830 5260; x_wconf 57' lang='lat' dir='ltr'><strong>Grc;</strong></span> 
     </span>
    </p>
   </div>
   <div class='ocr_carea' id='block_1_99' title="bbox 239 5267 1835 5342">
    <p class='ocr_par' dir='ltr' id='par_1_99' title="bbox 239 5267 1835 5342">
     <span class='ocr_line' id='line_1_99' title="bbox 239 5267 1835 5342; baseline 0.008 -23"><span class='ocrx_word' id='word_1_789' title='bbox 239 5267 644 5342; x_wconf 77' lang='lat' dir='ltr'><strong>gorio_laudati,</strong></span> <span class='ocrx_word' id='word_1_790' title='bbox 677 5268 1237 5342; x_wconf 68' lang='lat' dir='ltr'><strong>scilicet.irr¢0upu:w,</strong></span> <span class='ocrx_word' id='word_1_791' title='bbox 1263 5270 1478 5342; x_wconf 78' lang='lat' dir='ltr'><strong>longius</strong></span> <span class='ocrx_word' id='word_1_792' title='bbox 1496 5275 1666 5330; x_wconf 93' lang='lat' dir='ltr'><strong>multo</strong></span> <span class='ocrx_word' id='word_1_793' title='bbox 1683 5277 1835 5332; x_wconf 92' lang='lat' dir='ltr'><strong>ablu-</strong></span> 
     </span>
    </p>
   </div>
   <div class='ocr_carea' id='block_1_100' title="bbox 240 5335 1836 5409">
    <p class='ocr_par' dir='ltr' id='par_1_100' title="bbox 240 5335 1836 5409">
     <span class='ocr_line' id='line_1_100' title="bbox 240 5335 1836 5409; baseline 0.009 -21"><span class='ocrx_word' id='word_1_794' title='bbox 240 5335 344 5390; x_wconf 92' lang='lat' dir='ltr'><strong>dat.</strong></span> <span class='ocrx_word' id='word_1_795' title='bbox 371 5338 538 5393; x_wconf 86' lang='lat' dir='ltr'><strong>Paulo</strong></span> <span class='ocrx_word' id='word_1_796' title='bbox 557 5348 683 5409; x_wconf 87' lang='lat' dir='ltr'><strong>post</strong></span> <span class='ocrx_word' id='word_1_797' title='bbox 705 5339 1056 5396; x_wconf 86' lang='lat' dir='ltr'><strong>Cisterciens.</strong></span> <span class='ocrx_word' id='word_1_798' title='bbox 1087 5335 1096 5342; x_wconf 82' lang='grc'><em>’</em></span> <span class='ocrx_word' id='word_1_799' title='bbox 1120 5356 1252 5396; x_wconf 89' lang='lat' dir='ltr'><strong>mss.</strong></span> <span class='ocrx_word' id='word_1_800' title='bbox 1290 5335 1500 5398; x_wconf 79' lang='lat' dir='ltr'><strong>nimiam</strong></span> <span class='ocrx_word' id='word_1_801' title='bbox 1528 5347 1836 5402; x_wconf 87' lang='lat' dir='ltr'><strong>charitatem</strong></span> 
     </span>
    </p>
   </div>
   <div class='ocr_carea' id='block_1_101' title="bbox 243 5411 1073 5480">
    <p class='ocr_par' dir='ltr' id='par_1_101' title="bbox 243 5411 1073 5480">
     <span class='ocr_line' id='line_1_101' title="bbox 243 5411 1073 5480; baseline 0.005 -18"><span class='ocrx_word' id='word_1_802' title='bbox 243 5411 546 5480; x_wconf 64' lang='lat' dir='ltr'><strong>prmierunt,</strong></span> <span class='ocrx_word' id='word_1_803' title='bbox 574 5425 675 5480; x_wconf 89' lang='lat' dir='ltr'><strong>pro</strong></span> <span class='ocrx_word' id='word_1_804' title='bbox 698 5411 937 5476; x_wconf 87' lang='lat' dir='ltr'><strong>multam,</strong></span> <span class='ocrx_word' id='word_1_805' title='bbox 966 5423 1073 5466; x_wconf 89' lang='lat' dir='ltr'><strong>etc.</strong></span> 
     </span>
    </p>
   </div>
   <div class='ocr_carea' id='block_1_102' title="bbox 306 5479 1838 5555">
    <p class='ocr_par' dir='ltr' id='par_1_102' title="bbox 306 5479 1838 5555">
     <span class='ocr_line' id='line_1_102' title="bbox 306 5479 1838 5555; baseline 0.007 -22"><span class='ocrx_word' id='word_1_806' title='bbox 306 5487 332 5516; x_wconf 73' lang='grc'><strong><em>⁸</em></strong></span> <span class='ocrx_word' id='word_1_807' title='bbox 374 5479 715 5555; x_wconf 82' lang='lat' dir='ltr'><strong>Interserunt</strong></span> <span class='ocrx_word' id='word_1_808' title='bbox 741 5481 1093 5539; x_wconf 82' lang='lat' dir='ltr'><strong>Cisterciens.</strong></span> <span class='ocrx_word' id='word_1_809' title='bbox 1120 5498 1252 5540; x_wconf 89' lang='lat' dir='ltr'><strong>mss.</strong></span> <span class='ocrx_word' id='word_1_810' title='bbox 1269 5483 1361 5541; x_wconf 90' lang='lat' dir='ltr'><strong>hic</strong></span> <span class='ocrx_word' id='word_1_811' title='bbox 1382 5486 1570 5555; x_wconf 90' lang='lat' dir='ltr'><strong>verba,</strong></span> <span class='ocrx_word' id='word_1_812' title='bbox 1601 5488 1838 5544; x_wconf 83' lang='lat' dir='ltr'><strong>misertus</strong></span> 
     </span>
    </p>
   </div>
   <div class='ocr_carea' id='block_1_103' title="bbox 242 5554 518 5608">
    <p class='ocr_par' dir='ltr' id='par_1_103' title="bbox 242 5554 518 5608">
     <span class='ocr_line' id='line_1_103' title="bbox 242 5554 518 5608; baseline 0.025 -8"><span class='ocrx_word' id='word_1_813' title='bbox 242 5558 312 5601; x_wconf 87' lang='lat' dir='ltr'><strong>est</strong></span> <span class='ocrx_word' id='word_1_814' title='bbox 339 5554 518 5608; x_wconf 89' lang='lat' dir='ltr'><strong>nostri.</strong></span> 
     </span>
    </p>
   </div>
   <div class='ocr_carea' id='block_1_104' title="bbox 312 5620 1846 5710">
    <p class='ocr_par' dir='ltr' id='par_1_104' title="bbox 312 5620 1846 5710">
     <span class='ocr_line' id='line_1_104' title="bbox 312 5620 1846 5710; baseline 0.007 -32"><span class='ocrx_word' id='word_1_815' title='bbox 312 5620 542 5710; x_wconf 43' lang='lat' dir='ltr'><strong>bﬂlidem</strong></span> <span class='ocrx_word' id='word_1_816' title='bbox 567 5641 705 5683; x_wconf 87' lang='lat' dir='ltr'><strong>mss.</strong></span> <span class='ocrx_word' id='word_1_817' title='bbox 723 5626 1040 5710; x_wconf 80' lang='lat' dir='ltr'><strong>ut,_vocula_</strong></span> <span class='ocrx_word' id='word_1_818' title='bbox 1048 5629 1452 5710; x_wconf 68' lang='lat' dir='ltr'><strong>praetermissa,</strong></span> <span class='ocrx_word' id='word_1_819' title='bbox 1474 5629 1694 5710; x_wconf 86' lang='lat' dir='ltr'><strong>legunt,</strong></span> <span class='ocrx_word' id='word_1_820' title='bbox 1721 5633 1846 5710; x_wconf 80' lang='lat' dir='ltr'><strong>sub-</strong></span> 
     </span>
    </p>
   </div>
   <div class='ocr_carea' id='block_1_105' title="bbox 248 5694 1841 5819">
    <p class='ocr_par' dir='ltr' id='par_1_105' title="bbox 248 5694 1841 5819">
     <span class='ocr_line' id='line_1_105' title="bbox 248 5694 1841 5819; baseline 0.008 -71"><span class='ocrx_word' id='word_1_821' title='bbox 248 5694 760 5819; x_wconf 49' lang='lat' dir='ltr'><strong>q‘tltdjtur:moxque</strong></span> <span class='ocrx_word' id='word_1_822' title='bbox 798 5697 934 5754; x_wconf 90' lang='lat' dir='ltr'><strong>duas</strong></span> <span class='ocrx_word' id='word_1_823' title='bbox 987 5694 1127 5754; x_wconf 84' lang='lat' dir='ltr'><strong>alias</strong></span> <span class='ocrx_word' id='word_1_824' title='bbox 1155 5700 1404 5767; x_wconf 87' lang='lat' dir='ltr'><strong>voculas,</strong></span> <span class='ocrx_word' id='word_1_825' title='bbox 1433 5694 1479 5756; x_wconf 81' lang='lat' dir='ltr'><strong>et</strong></span> <span class='ocrx_word' id='word_1_826' title='bbox 1528 5694 1642 5772; x_wconf 70' lang='lat' dir='ltr'><strong>nos,</strong></span> <span class='ocrx_word' id='word_1_827' title='bbox 1681 5694 1841 5760; x_wconf 85' lang='lat' dir='ltr'><strong>omit-</strong></span> 
     </span>
     <span class='ocr_line' id='line_1_106' title="bbox 310 5781 384 5819; baseline 0 0"><span class='ocrx_word' id='word_1_828' title='bbox 310 5781 340 5819; x_wconf 85' lang='grc' dir='ltr'><strong>ιι</strong></span> <span class='ocrx_word' id='word_1_829' title='bbox 371 5807 384 5819; x_wconf 91' lang='grc'><em>.</em></span> 
     </span>
    </p>
   </div>
   <div class='ocr_carea' id='block_1_106' title="bbox 275 5775 384 5822">
    <p class='ocr_par' dir='ltr' id='par_1_106' title="bbox 275 5775 384 5822">
     <span class='ocr_line' id='line_1_107' title="bbox 275 5775 384 5822; baseline 0 -2"><span class='ocrx_word' id='word_1_830' title='bbox 275 5775 384 5822; x_wconf 79' lang='grc' dir='ltr'><strong>ιιιιι.</strong></span> 
     </span>
    </p>
   </div>
   <div class='ocr_carea' id='block_1_107' title="bbox 321 5839 1835 5916">
    <p class='ocr_par' dir='ltr' id='par_1_107' title="bbox 321 5839 1835 5916">
     <span class='ocr_line' id='line_1_108' title="bbox 321 5839 1835 5916; baseline 0.007 -22"><span class='ocrx_word' id='word_1_831' title='bbox 321 5839 654 5916; x_wconf 70' lang='lat' dir='ltr'><strong>°_|nteg_rius</strong></span> <span class='ocrx_word' id='word_1_832' title='bbox 681 5841 738 5916; x_wconf 84' lang='lat' dir='ltr'><strong>in</strong></span> <span class='ocrx_word' id='word_1_833' title='bbox 757 5841 956 5916; x_wconf 58' lang='lat' dir='ltr'><strong>praeco</strong></span> <span class='ocrx_word' id='word_1_834' title='bbox 981 5841 1149 5898; x_wconf 87' lang='lat' dir='ltr'><strong>habet</strong></span> <span class='ocrx_word' id='word_1_835' title='bbox 1180 5842 1238 5899; x_wconf 93' lang='lat' dir='ltr'><strong>S.</strong></span> <span class='ocrx_word' id='word_1_836' title='bbox 1266 5843 1572 5900; x_wconf 87' lang='lat' dir='ltr'><strong>Clementis</strong></span> <span class='ocrx_word' id='word_1_837' title='bbox 1595 5847 1768 5915; x_wconf 87' lang='lat' dir='ltr'><strong>Epist.</strong></span> <span class='ocrx_word' id='word_1_838' title='bbox 1796 5865 1835 5916; x_wconf 83' lang='grc' dir='ltr'><strong>ι,</strong></span> 
     </span>
    </p>
   </div>
   <div class='ocr_carea' id='block_1_108' title="bbox 254 5905 1836 5990">
    <p class='ocr_par' dir='ltr' id='par_1_108' title="bbox 254 5905 1836 5990">
     <span class='ocr_line' id='line_1_109' title="bbox 254 5905 1836 5990; baseline 0.004 -27"><span class='ocrx_word' id='word_1_839' title='bbox 254 5905 322 5964; x_wconf 73' lang='lat' dir='ltr'><strong>Id</strong></span> <span class='ocrx_word' id='word_1_840' title='bbox 341 5905 584 5973; x_wconf 68' lang='lat' dir='ltr'><strong>Corinth.</strong></span> <span class='ocrx_word' id='word_1_841' title='bbox 629 5930 686 5972; x_wconf 90' lang='lat' dir='ltr'><strong>n.</strong></span> <span class='ocrx_word' id='word_1_842' title='bbox 710 5912 783 5973; x_wconf 68' lang='grc'>20</span> <span class='ocrx_word' id='word_1_843' title='bbox 815 5931 829 5971; x_wconf 88' lang='lat'><strong>:</strong></span> <span class='ocrx_word' id='word_1_844' title='bbox 860 5913 1097 5978; x_wconf 74' lang='grc' dir='ltr'><strong>Ὠκεανὸς</strong></span> <span class='ocrx_word' id='word_1_845' title='bbox 1124 5916 1409 5990; x_wconf 79' lang='grc' dir='ltr'><strong>ἀνθρώποις</strong></span> <span class='ocrx_word' id='word_1_846' title='bbox 1439 5905 1726 5987; x_wconf 75' lang='grc' dir='ltr'><strong>ἀπέραντος</strong></span> <span class='ocrx_word' id='word_1_847' title='bbox 1756 5905 1836 5974; x_wconf 62' lang='grc' dir='ltr'><strong>καὶ</strong></span> 
     </span>
    </p>
   </div>
   <div class='ocr_carea' id='block_1_109' title="bbox 1933 4850 3530 4924">
    <p class='ocr_par' dir='ltr' id='par_1_109' title="bbox 1933 4850 3530 4924">
     <span class='ocr_line' id='line_1_110' title="bbox 1933 4850 3530 4924; baseline -0.001 -19"><span class='ocrx_word' id='word_1_848' title='bbox 1933 4853 1980 4906; x_wconf 85' lang='lat' dir='ltr'><strong>oi</strong></span> <span class='ocrx_word' id='word_1_849' title='bbox 2007 4853 2118 4923; x_wconf 82' lang='grc' dir='ltr'><strong>μετ’</strong></span> <span class='ocrx_word' id='word_1_850' title='bbox 2143 4853 2293 4910; x_wconf 76' lang='grc' dir='ltr'><strong>αὐτὸν</strong></span> <span class='ocrx_word' id='word_1_851' title='bbox 2319 4853 2519 4924; x_wconf 83' lang='grc' dir='ltr'><strong>κόσμοι.</strong></span> <span class='ocrx_word' id='word_1_852' title='bbox 2575 4853 2910 4922; x_wconf 88' lang='lat' dir='ltr'><strong>Quamquam</strong></span> <span class='ocrx_word' id='word_1_853' title='bbox 2935 4851 3004 4906; x_wconf 86' lang='lat' dir='ltr'><strong>ab</strong></span> <span class='ocrx_word' id='word_1_854' title='bbox 3024 4850 3262 4923; x_wconf 89' lang='lat' dir='ltr'><strong>Origene</strong></span> <span class='ocrx_word' id='word_1_855' title='bbox 3292 4850 3530 4924; x_wconf 5' lang='lat' dir='ltr'><strong>qvidetur</strong></span> 
     </span>
    </p>
   </div>
   <div class='ocr_carea' id='block_1_110' title="bbox 1933 4921 3530 4994">
    <p class='ocr_par' dir='ltr' id='par_1_110' title="bbox 1933 4921 3530 4994">
     <span class='ocr_line' id='line_1_111' title="bbox 1933 4921 3530 4994; baseline -0.001 -18"><span class='ocrx_word' id='word_1_856' title='bbox 1933 4921 2234 4991; x_wconf 59' lang='lat' dir='ltr'><strong>suinpsiSse</strong></span> <span class='ocrx_word' id='word_1_857' title='bbox 2263 4921 2517 4990; x_wconf 62' lang='lat' dir='ltr'><strong>Hieran;</strong></span> <span class='ocrx_word' id='word_1_858' title='bbox 2551 4939 2673 4978; x_wconf 88' lang='lat' dir='ltr'><strong>nant</strong></span> <span class='ocrx_word' id='word_1_859' title='bbox 2704 4921 2893 4979; x_wconf 79' lang='lat' dir='ltr'><strong>etlth</strong></span> <span class='ocrx_word' id='word_1_860' title='bbox 2917 4924 3031 4994; x_wconf 88' lang='lat' dir='ltr'><strong>ipsa</strong></span> <span class='ocrx_word' id='word_1_861' title='bbox 3068 4921 3336 4978; x_wconf 82' lang='lat' dir='ltr'><strong>sententia</strong></span> <span class='ocrx_word' id='word_1_862' title='bbox 3370 4921 3464 4994; x_wconf 87' lang='lat' dir='ltr'><strong>lib.</strong></span> <span class='ocrx_word' id='word_1_863' title='bbox 3491 4936 3530 4975; x_wconf 91' lang='grc' dir='ltr'><strong>ιι</strong></span> 
     </span>
    </p>
   </div>
   <div class='ocr_carea' id='block_1_111' title="bbox 1933 4993 3528 5072">
    <p class='ocr_par' dir='ltr' id='par_1_111' title="bbox 1933 4993 3528 5072">
     <span class='ocr_line' id='line_1_112' title="bbox 1933 4993 3528 5072; baseline -0.004 -22"><span class='ocrx_word' id='word_1_864' title='bbox 1933 4998 2052 5070; x_wconf 81' lang='grc' dir='ltr'><strong>περί</strong></span> <span class='ocrx_word' id='word_1_865' title='bbox 2074 4995 2280 5072; x_wconf 55' lang='grc' dir='ltr'><strong>’έρχῶν</strong></span> <span class='ocrx_word' id='word_1_866' title='bbox 2310 5011 2432 5072; x_wconf 84' lang='lat' dir='ltr'><strong>cap.</strong></span> <span class='ocrx_word' id='word_1_867' title='bbox 2459 4998 2512 5061; x_wconf 81' lang='grc'>5,</span> <span class='ocrx_word' id='word_1_868' title='bbox 2541 4997 2918 5072; x_wconf 81' lang='lat' dir='ltr'><strong>setnel__atque</strong></span> <span class='ocrx_word' id='word_1_869' title='bbox 2938 4993 3152 5072; x_wconf 75' lang='lat' dir='ltr'><strong>iterum</strong></span> <span class='ocrx_word' id='word_1_870' title='bbox 3195 5002 3302 5072; x_wconf 79' lang='lat' dir='ltr'><strong>tota</strong></span> <span class='ocrx_word' id='word_1_871' title='bbox 3327 4993 3528 5072; x_wconf 59' lang='lat' dir='ltr'><strong>recita:</strong></span> 
     </span>
    </p>
   </div>
   <div class='ocr_carea' id='block_1_112' title="bbox 1935 5062 3530 5133">
    <p class='ocr_par' dir='ltr' id='par_1_112' title="bbox 1935 5062 3530 5133">
     <span class='ocr_line' id='line_1_113' title="bbox 1935 5062 3530 5133; baseline -0.003 -14"><span class='ocrx_word' id='word_1_872' title='bbox 1935 5062 2040 5130; x_wconf 77' lang='lat' dir='ltr'><strong>tui&#39;,</strong></span> <span class='ocrx_word' id='word_1_873' title='bbox 2075 5062 2311 5121; x_wconf 73' lang='lat' dir='ltr'><strong>Oceanus</strong></span> <span class='ocrx_word' id='word_1_874' title='bbox 2333 5062 2772 5121; x_wconf 73' lang='lat' dir='ltr'><strong>intransnteabilis</strong></span> <span class='ocrx_word' id='word_1_875' title='bbox 2794 5062 3197 5133; x_wconf 63' lang='lat' dir='ltr'><strong>eSthominibus,</strong></span> <span class='ocrx_word' id='word_1_876' title='bbox 3223 5074 3267 5119; x_wconf 89' lang='lat' dir='ltr'><strong>et</strong></span> <span class='ocrx_word' id='word_1_877' title='bbox 3282 5062 3530 5116; x_wconf 84' lang='lat' dir='ltr'><strong>himundi</strong></span> 
     </span>
    </p>
   </div>
   <div class='ocr_carea' id='block_1_113' title="bbox 1933 5133 3536 5208">
    <p class='ocr_par' dir='ltr' id='par_1_113' title="bbox 1933 5133 3536 5208">
     <span class='ocr_line' id='line_1_114' title="bbox 1933 5133 3536 5208; baseline -0.002 -17"><span class='ocrx_word' id='word_1_878' title='bbox 1933 5140 2020 5204; x_wconf 89' lang='lat' dir='ltr'><strong>qui</strong></span> <span class='ocrx_word' id='word_1_879' title='bbox 2053 5151 2166 5208; x_wconf 89' lang='lat' dir='ltr'><strong>post</strong></span> <span class='ocrx_word' id='word_1_880' title='bbox 2198 5140 2375 5202; x_wconf 89' lang='lat' dir='ltr'><strong>ipsum</strong></span> <span class='ocrx_word' id='word_1_881' title='bbox 2405 5147 2545 5192; x_wconf 87' lang='lat' dir='ltr'><strong>sunt.</strong></span> <span class='ocrx_word' id='word_1_882' title='bbox 2581 5138 2757 5192; x_wconf 86' lang='lat' dir='ltr'><strong>Porro</strong></span> <span class='ocrx_word' id='word_1_883' title='bbox 2784 5138 2986 5192; x_wconf 89' lang='lat' dir='ltr'><strong>dicitur</strong></span> <span class='ocrx_word' id='word_1_884' title='bbox 3008 5137 3272 5206; x_wconf 85' lang='lat' dir='ltr'><strong>Origenes</strong></span> <span class='ocrx_word' id='word_1_885' title='bbox 3303 5133 3429 5208; x_wconf 73' lang='lat' dir='ltr'><strong>hipc</strong></span> <span class='ocrx_word' id='word_1_886' title='bbox 3451 5133 3536 5208; x_wconf 43' lang='lat' dir='ltr'><strong>in:</strong></span> 
     </span>
    </p>
   </div>
   <div class='ocr_carea' id='block_1_114' title="bbox 1935 5203 3535 5282">
    <p class='ocr_par' dir='ltr' id='par_1_114' title="bbox 1935 5203 3535 5282">
     <span class='ocr_line' id='line_1_115' title="bbox 1935 5203 3535 5282; baseline -0.003 -19"><span class='ocrx_word' id='word_1_887' title='bbox 1935 5203 2080 5265; x_wconf 80' lang='lat' dir='ltr'><strong>ferre</strong></span> <span class='ocrx_word' id='word_1_888' title='bbox 2110 5211 2347 5266; x_wconf 89' lang='lat' dir='ltr'><strong>voluisse</strong></span> <span class='ocrx_word' id='word_1_889' title='bbox 2370 5209 2514 5280; x_wconf 89' lang='lat' dir='ltr'><strong>quod</strong></span> <span class='ocrx_word' id='word_1_890' title='bbox 2536 5209 2708 5265; x_wconf 67' lang='lat' dir='ltr'><strong>Graeci</strong></span> <span class='ocrx_word' id='word_1_891' title='bbox 2731 5211 3040 5282; x_wconf 82' lang='grc' dir='ltr'><strong>ἀντίχθονας</strong></span> <span class='ocrx_word' id='word_1_892' title='bbox 3063 5203 3270 5282; x_wconf 67' lang='lat' dir='ltr'><strong>dicunt,</strong></span> <span class='ocrx_word' id='word_1_893' title='bbox 3291 5203 3535 5282; x_wconf 81' lang='lat' dir='ltr'><strong>etLatini</strong></span> 
     </span>
    </p>
   </div>
   <div class='ocr_carea' id='block_1_115' title="bbox 1944 5275 3534 5351">
    <p class='ocr_par' dir='ltr' id='par_1_115' title="bbox 1944 5275 3534 5351">
     <span class='ocr_line' id='line_1_116' title="bbox 1944 5275 3534 5351; baseline -0.004 -17"><span class='ocrx_word' id='word_1_894' title='bbox 1944 5282 2296 5345; x_wconf 87' lang='lat' dir='ltr'><strong>antichtones,</strong></span> <span class='ocrx_word' id='word_1_895' title='bbox 2327 5275 2490 5351; x_wconf 62' lang='lat' dir='ltr'><strong>vu&#39;lgo</strong></span> <span class='ocrx_word' id='word_1_896' title='bbox 2537 5283 2814 5351; x_wconf 88' lang='lat' dir='ltr'><strong>antipodas</strong></span> <span class='ocrx_word' id='word_1_897' title='bbox 2846 5275 3062 5351; x_wconf 67' lang='lat' dir='ltr'><strong>Vocant.</strong></span> <span class='ocrx_word' id='word_1_898' title='bbox 3095 5275 3457 5351; x_wconf 65' lang='lat' dir='ltr'><strong>Quamobrem</strong></span> <span class='ocrx_word' id='word_1_899' title='bbox 3497 5290 3534 5351; x_wconf 84' lang='lat' dir='ltr'><strong>_a</strong></span> 
     </span>
    </p>
   </div>
   <div class='ocr_carea' id='block_1_116' title="bbox 1948 5345 3539 5420">
    <p class='ocr_par' dir='ltr' id='par_1_116' title="bbox 1948 5345 3539 5420">
     <span class='ocr_line' id='line_1_117' title="bbox 1948 5345 3539 5420; baseline -0.003 -16"><span class='ocrx_word' id='word_1_900' title='bbox 1948 5353 2142 5406; x_wconf 87' lang='lat' dir='ltr'><strong>Photio</strong></span> <span class='ocrx_word' id='word_1_901' title='bbox 2163 5345 2584 5420; x_wconf 58' lang='lat' dir='ltr'><strong>reprehen&#39;ditur</strong></span> <span class='ocrx_word' id='word_1_902' title='bbox 2611 5345 2735 5406; x_wconf 82' lang='lat' dir='ltr'><strong>cod.</strong></span> <span class='ocrx_word' id='word_1_903' title='bbox 2775 5351 2898 5406; x_wconf 73' lang='lat'><strong>126.</strong></span> <span class='ocrx_word' id='word_1_904' title='bbox 2931 5349 3154 5404; x_wconf 86' lang='lat' dir='ltr'><strong>Veteres</strong></span> <span class='ocrx_word' id='word_1_905' title='bbox 3179 5348 3323 5403; x_wconf 86' lang='lat' dir='ltr'><strong>enim</strong></span> <span class='ocrx_word' id='word_1_906' title='bbox 3377 5345 3539 5420; x_wconf 88' lang='lat' dir='ltr'><strong>pleri-</strong></span> 
     </span>
    </p>
   </div>
   <div class='ocr_carea' id='block_1_117' title="bbox 1945 5418 3534 5495">
    <p class='ocr_par' dir='ltr' id='par_1_117' title="bbox 1945 5418 3534 5495">
     <span class='ocr_line' id='line_1_118' title="bbox 1945 5418 3534 5495; baseline -0.003 -18"><span class='ocrx_word' id='word_1_907' title='bbox 1945 5439 2052 5495; x_wconf 91' lang='lat' dir='ltr'><strong>que</strong></span> <span class='ocrx_word' id='word_1_908' title='bbox 2073 5418 2288 5490; x_wconf 82' lang='lat' dir='ltr'><strong>omnes,</strong></span> <span class='ocrx_word' id='word_1_909' title='bbox 2335 5434 2392 5495; x_wconf 86' lang='lat' dir='ltr'><strong>ut</strong></span> <span class='ocrx_word' id='word_1_910' title='bbox 2423 5431 2741 5495; x_wconf 87' lang='lat' dir='ltr'><strong>notumest,</strong></span> <span class='ocrx_word' id='word_1_911' title='bbox 2772 5437 2838 5478; x_wconf 80' lang='lat' dir='ltr'><strong>ex</strong></span> <span class='ocrx_word' id='word_1_912' title='bbox 2868 5421 3182 5495; x_wconf 60' lang='lat' dir='ltr'><strong>Lactantio,</strong></span> <span class='ocrx_word' id='word_1_913' title='bbox 3213 5418 3534 5495; x_wconf 62' lang='lat' dir='ltr'><strong>Augustino,</strong></span> 
     </span>
    </p>
   </div>
   <div class='ocr_carea' id='block_1_118' title="bbox 1947 5485 3538 5565">
    <p class='ocr_par' dir='ltr' id='par_1_118' title="bbox 1947 5485 3538 5565">
     <span class='ocr_line' id='line_1_119' title="bbox 1947 5485 3538 5565; baseline -0.004 -18"><span class='ocrx_word' id='word_1_914' title='bbox 1947 5485 2198 5563; x_wconf 73' lang='lat' dir='ltr'><strong>aliisque.</strong></span> <span class='ocrx_word' id='word_1_915' title='bbox 2239 5485 2513 5565; x_wconf 82' lang='lat' dir='ltr'><strong>negabant.</strong></span> <span class='ocrx_word' id='word_1_916' title='bbox 2551 5485 2786 5550; x_wconf 80' lang='lat' dir='ltr'><strong>existere</strong></span> <span class='ocrx_word' id='word_1_917' title='bbox 2814 5491 3117 5565; x_wconf 81' lang='lat' dir='ltr'><strong>antipodas.</strong></span> <span class='ocrx_word' id='word_1_918' title='bbox 3149 5491 3208 5547; x_wconf 91' lang='lat' dir='ltr'><strong>S.</strong></span> <span class='ocrx_word' id='word_1_919' title='bbox 3244 5485 3374 5565; x_wconf 75' lang='lat' dir='ltr'><strong>vero</strong></span> <span class='ocrx_word' id='word_1_920' title='bbox 3407 5485 3538 5565; x_wconf 81' lang='lat' dir='ltr'><strong>Cle-</strong></span> 
     </span>
    </p>
   </div>
   <div class='ocr_carea' id='block_1_119' title="bbox 1949 5559 3538 5638">
    <p class='ocr_par' dir='ltr' id='par_1_119' title="bbox 1949 5559 3538 5638">
     <span class='ocr_line' id='line_1_120' title="bbox 1949 5559 3538 5638; baseline -0.004 -18"><span class='ocrx_word' id='word_1_921' title='bbox 1949 5559 2106 5622; x_wconf 85' lang='lat' dir='ltr'><strong>mens</strong></span> <span class='ocrx_word' id='word_1_922' title='bbox 2151 5581 2260 5622; x_wconf 83' lang='lat' dir='ltr'><strong>non</strong></span> <span class='ocrx_word' id='word_1_923' title='bbox 2307 5559 2494 5638; x_wconf 76' lang='lat' dir='ltr'><strong>plures</strong></span> <span class='ocrx_word' id='word_1_924' title='bbox 2515 5565 2771 5638; x_wconf 88' lang='lat' dir='ltr'><strong>mundos,</strong></span> <span class='ocrx_word' id='word_1_925' title='bbox 2797 5563 2893 5638; x_wconf 72' lang='lat' dir='ltr'><strong>sed</strong></span> <span class='ocrx_word' id='word_1_926' title='bbox 2927 5559 3169 5638; x_wconf 79' lang='lat' dir='ltr'><strong>remotas</strong></span> <span class='ocrx_word' id='word_1_927' title='bbox 3190 5576 3252 5638; x_wconf 83' lang='lat' dir='ltr'><strong>ac</strong></span> <span class='ocrx_word' id='word_1_928' title='bbox 3274 5559 3538 5638; x_wconf 79' lang='lat' dir='ltr'><strong>prius_in-</strong></span> 
     </span>
    </p>
   </div>
   <div class='ocr_carea' id='block_1_120' title="bbox 1949 5628 3540 5710">
    <p class='ocr_par' dir='ltr' id='par_1_120' title="bbox 1949 5628 3540 5710">
     <span class='ocr_line' id='line_1_121' title="bbox 1949 5628 3540 5710; baseline -0.004 -17"><span class='ocrx_word' id='word_1_929' title='bbox 1949 5639 2198 5710; x_wconf 87' lang='lat' dir='ltr'><strong>cognitas</strong></span> <span class='ocrx_word' id='word_1_930' title='bbox 2227 5628 2414 5694; x_wconf 80' lang='lat' dir='ltr'><strong>mtindi</strong></span> <span class='ocrx_word' id='word_1_931' title='bbox 2445 5645 2628 5710; x_wconf 88' lang='lat' dir='ltr'><strong>partes</strong></span> <span class='ocrx_word' id='word_1_932' title='bbox 2655 5628 2795 5692; x_wconf 80' lang='lat' dir='ltr'><strong>ultra</strong></span> <span class='ocrx_word' id='word_1_933' title='bbox 2825 5634 3102 5690; x_wconf 88' lang='lat' dir='ltr'><strong>Oceanum</strong></span> <span class='ocrx_word' id='word_1_934' title='bbox 3130 5628 3417 5704; x_wconf 76' lang='lat' dir='ltr'><strong>designare</strong></span> <span class='ocrx_word' id='word_1_935' title='bbox 3429 5628 3540 5687; x_wconf 81' lang='lat' dir='ltr'><strong>for-</strong></span> 
     </span>
    </p>
   </div>
   <div class='ocr_carea' id='block_1_121' title="bbox 1948 5711 2326 5766">
    <p class='ocr_par' dir='ltr' id='par_1_121' title="bbox 1948 5711 2326 5766">
     <span class='ocr_line' id='line_1_122' title="bbox 1948 5711 2326 5766; baseline 0 -2"><span class='ocrx_word' id='word_1_936' title='bbox 1948 5717 2094 5766; x_wconf 87' lang='lat' dir='ltr'><strong>tasse</strong></span> <span class='ocrx_word' id='word_1_937' title='bbox 2134 5711 2326 5765; x_wconf 81' lang='lat' dir='ltr'><strong>voluit.</strong></span> 
     </span>
    </p>
   </div>
   <div class='ocr_carea' id='block_1_122' title="bbox 2019 5779 3000 5851">
    <p class='ocr_par' dir='ltr' id='par_1_122' title="bbox 2019 5779 3000 5851">
     <span class='ocr_line' id='line_1_123' title="bbox 2019 5779 3000 5851; baseline -0.003 -14"><span class='ocrx_word' id='word_1_938' title='bbox 2019 5780 2042 5818; x_wconf 75' lang='lat'>“</span> <span class='ocrx_word' id='word_1_939' title='bbox 2082 5782 2189 5837; x_wconf 87' lang='lat' dir='ltr'><strong>Alii</strong></span> <span class='ocrx_word' id='word_1_940' title='bbox 2222 5782 2365 5848; x_wconf 90' lang='lat' dir='ltr'><strong>libri,</strong></span> <span class='ocrx_word' id='word_1_941' title='bbox 2399 5782 2451 5835; x_wconf 89' lang='lat' dir='ltr'><strong>in</strong></span> <span class='ocrx_word' id='word_1_942' title='bbox 2479 5779 2658 5835; x_wconf 88' lang='lat' dir='ltr'><strong>mundi</strong></span> <span class='ocrx_word' id='word_1_943' title='bbox 2685 5779 2865 5851; x_wconf 82' lang='lat' dir='ltr'><strong>hujus,</strong></span> <span class='ocrx_word' id='word_1_944' title='bbox 2893 5786 3000 5834; x_wconf 90' lang='lat' dir='ltr'><strong>etc.</strong></span> 
     </span>
    </p>
   </div>
   <div class='ocr_carea' id='block_1_123' title="bbox 2023 5850 3360 5924">
    <p class='ocr_par' dir='ltr' id='par_1_123' title="bbox 2023 5850 3360 5924">
     <span class='ocr_line' id='line_1_124' title="bbox 2023 5850 3360 5924; baseline -0.004 -14"><span class='ocrx_word' id='word_1_945' title='bbox 2023 5864 2046 5893; x_wconf 72' lang='grc' dir='ltr'>ε</span> <span class='ocrx_word' id='word_1_946' title='bbox 2083 5853 2142 5911; x_wconf 89' lang='lat' dir='ltr'><strong>lu</strong></span> <span class='ocrx_word' id='word_1_947' title='bbox 2173 5852 2523 5912; x_wconf 86' lang='lat' dir='ltr'><strong>Cisterciens.</strong></span> <span class='ocrx_word' id='word_1_948' title='bbox 2552 5863 2682 5920; x_wconf 90' lang='lat' dir='ltr'><strong>ms.,</strong></span> <span class='ocrx_word' id='word_1_949' title='bbox 2706 5850 2902 5908; x_wconf 82' lang='lat' dir='ltr'><strong>aerium</strong></span> <span class='ocrx_word' id='word_1_950' title='bbox 2933 5851 3020 5922; x_wconf 87' lang='lat' dir='ltr'><strong>qui</strong></span> <span class='ocrx_word' id='word_1_951' title='bbox 3041 5867 3219 5924; x_wconf 78' lang='lat' dir='ltr'><strong>supra,</strong></span> <span class='ocrx_word' id='word_1_952' title='bbox 3254 5858 3360 5908; x_wconf 89' lang='lat' dir='ltr'><strong>etc.</strong></span> 
     </span>
    </p>
   </div>
  </div>
