3962 6338
376 297 482 351 467

1623 284 1683 341 S.
1727 279 2001 339 EUSEBII
2039 278 2419 335 lllERONYMl

3551 273 3647 331 408

375 412 471 469 sed
523 412 703 482 plures
739 429 750 465 :
787 420 843 465 et
896 424 1006 466 non
1062 406 1235 463 solum
1287 406 1596 460 voluntates
1640 402 1844 463 carnis,
1875 396 1969 454 sed
1999 397 2054 459 Α
2082 395 2175 451 Dei
2196 410 2522 463 provocans,
2546 394 2827 465 Scriptura
2857 392 3111 449 dicente:
3139 391 3207 447 Et
3237 389 3472 465 apposita
3496 399 3565 445 est
3581 389 3653 444 ira

377 509 545 563 etiam
574 502 863 572 mentium,
887 518 988 575 pro
1017 519 1124 572 quo
1155 502 1208 557 in
1251 498 1460 556 Latinis
1490 494 1777 554 codicibus
1807 493 1976 549 habe-

371 610 480 669 tur,
521 596 917 675 coyitationum.
964 590 1113 652 inter
1157 604 1437 665 peccatum
1468 600 1649 646 autem
1676 587 1884 657 carnis,
1920 596 1976 642 et

378 692 641 749 mentium
659 686 760 747 hoc
777 705 897 746 esse
911 696 1043 759 puto
1063 707 1074 741 :
1091 687 1233 758 quod
1248 686 1428 740 carnis
1453 693 1754 755 peccatum,
1772 688 1857 737 est
1878 679 1949 735 im
1961 708 1976 720 -

378 782 639 856 pudicitia
684 793 846 853 atque
900 776 1154 845 luxuria,
1206 788 1260 834 ct
1316 792 1380 832 ea
1436 792 1557 846 qua:
1604 771 1974 830 ministerium

372 878 494 946 ejus
521 871 681 948 573
726 875 778 930 in
822 868 1142 929 libidinibus
1198 872 1509 943 expientur.
1562 867 1821 924 Metilium
1849 881 1980 922 vero

379 973 640 1028 delictum
672 970 735 1023 ad
765 964 1015 1035 dogmata
1048 964 1288 1040 pertinet
1344 962 1615 1021 contraria
1675 964 1885 1019 veritati
1927 973 1983 1017 et

380 1068 693 1126 ltmreticam
720 1066 1084 1138 pravitatem,
1138 1065 1210 1119 ita
1270 1074 1326 1117 ut
1362 1064 1632 1134 possimus
1662 1057 1846 1115 dicere
1871 1055 1983 1127 ple—

383 1176 583 1227 rosune
610 1157 992 1213 harreticorum
1018 1156 1035 1227 (
1064 1170 1391 1227 quamquam
1418 1151 1520 1207 huc
1544 1167 1723 1206 rarum
1748 1152 1820 1205 sit
1844 1150 1861 1220 )
1891 1164 1984 1204 vo-

382 1253 625 1307 luntates
654 1250 916 1307 mentium
950 1248 1151 1314 facere,
1196 1256 1254 1303 et
1285 1262 1392 1301 non
1425 1242 1735 1300 voluntates
1763 1242 1941 1297 carnis
1967 1282 1981 1306 ,

383 1355 439 1402 et
464 1343 666 1399 multos
704 1354 894 1399 contra
926 1336 1351 1404 ecclesiasticos,
1406 1336 1588 1392 carnis
1609 1344 1662 1392 et
1696 1351 1802 1391 non
1834 1350 1987 1389 men-

383 1439 515 1493 tium
544 1435 725 1493 i‘acere
748 1436 1073 1501 voluntates,
1127 1443 1182 1489 et
1206 1446 1327 1488 esse
1357 1431 1541 1501 plures
1571 1430 1659 1501 qui
1690 1440 1748 1483 et
1772 1426 1980 1492 carnis,

386 1542 441 1588 et
464 1530 730 1586 mentium
778 1528 982 1600 pariter
1031 1523 1232 1580 faciant
1281 1524 1613 1579 voluntates.
1652 1520 1776 1575 lla-e
1801 1528 1985 1574 autem

385 1624 650 1689 diximus,
684 1637 795 1677 non
827 1627 1009 1689 quoet
1055 1615 1295 1672 lui-retici
1327 1614 1511 1670 carnis
1533 1630 1639 1669 non
1664 1611 1861 1667 faciant
1894 1627 1988 1666 vo-

387 1717 627 1771 luntates
661 1713 679 1787 (
706 1721 859 1783 plura
884 1713 1083 1782 quippe
1110 1707 1250 1779 apud
1297 1723 1393 1765 eos
1417 1706 1668 1778 corporis
1696 1715 1825 1761 sunt
1855 1702 1984 1758 vitia

2080 484 2179 543 Dei
2204 488 2445 543 succendi
2467 488 2519 541 in
2542 484 2733 554 Israel,
2760 495 2805 540 et
2824 486 3058 540 incitavit
3082 482 3254 540 David
3272 485 3446 539 dicens
3461 481 3520 553 (ιι
3537 480 3650 553 Reg.

2081 596 2227 647 xxrv,
2259 578 2285 636 1
2314 580 2353 651 ),
2389 580 2521 634 iram
2556 578 2794 647 Domini,
2821 577 3095 633 diabolum
3118 575 3426 648 signiﬁcare
3450 582 3652 645 putent:

2081 677 2278 730 etenim
2297 673 2451 745 juxta
2491 673 2698 731 δι’ωοιὲ
2753 673 2956 745 linguae
2987 672 3370 744 proprietatem
3406 684 3517 724 non
3536 668 3659 727 dixit

2080 784 2283 839 genere
2299 767 2583 833 feminino,
2608 768 2688 823 ira
2708 768 2803 823 Dei
2823 768 3063 842 λέγουσα,
3088 765 3192 822 hoc
3213 772 3318 832 est,
3335 778 3443 835 qate
3463 762 3656 831 diceret,

2082 860 2175 914 sed
2206 860 2287 915 ira
2320 858 2410 917 Dei
2438 862 2594 937 λέγων
2613 904 2627 929 ,
2672 859 2726 916 id
2745 873 2847 926 εει,
2872 859 2962 932 qui
2986 859 3200 925 diceret,
3231 872 3436 929 genere
3462 870 3657 911 mascu-

2082 951 2195 1008 lino
2222 970 2236 1006 :
2263 952 2424 1009 mittit
2453 952 2722 1025 siquidem
2748 953 3010 1009 Dominus
3033 953 3169 1008 iram
3188 962 3241 1008 et
3266 952 3503 1007 furorem
3516 964 3661 1006 suum

2082 1061 2183 1119 per
2209 1047 2435 1119 angelos
2464 1049 2745 1117 pessimos.
2777 1048 2922 1104 Deus
2950 1062 3079 1119 ergo
3099 1047 3188 1118 qui
3213 1044 3369 1103 dives
3398 1056 3480 1102 eSt
3502 1044 3552 1101 in
3572 1044 3662 1101 mi-

2084 1138 2401 1207 sericordia,
2434 1148 2490 1196 et
2518 1140 2670 1197 dives
2694 1148 2918 1211 propter
2946 1139 3268 1196 charitatem
3297 1153 3448 1194 suam
3473 1153 3571 1209 qua
3595 1138 3667 1194 di-

2087 1232 2218 1288 lexit
2248 1230 2526 1289 hominum
2557 1249 2746 1309 genus,
2782 1242 2837 1290 et
2866 1233 3188 1291 charitatem
3219 1248 3329 1290 non
3356 1231 3661 1304 simplicem,

2088 1325 2181 1380 sed
2235 1325 2494 1395 multant,
2548 1343 2671 1384 cum
2713 1342 2959 1383 essemus
3008 1327 3208 1384 mortui
3238 1336 3462 1399 propter
3486 1325 3666 1383 delicta

2089 1430 2295 1488 nostra,
2331 1422 2623 1479 viviﬁcavit
2654 1437 2777 1488 nos,
2805 1432 2860 1478 et
2890 1438 2997 1478 non
3024 1423 3198 1478 solum
3231 1420 3520 1477 viviticavit
3543 1420 3560 1493 (
3584 1435 3667 1491 pa-

2090 1532 2207 1570 rum
2229 1515 2428 1587 quippe
2457 1514 2562 1571 ltoc
2588 1525 2708 1571 erat
2745 1515 2972 1571 bonitati
3002 1525 3057 1572 et
3105 1515 3461 1587 magnitudini
3488 1513 3666 1586 ejus),

2089 1610 2183 1666 sed
2208 1608 2500 1666 viviﬁeavit
2528 1625 2651 1665 cum
2677 1610 2896 1665 Christo
2934 1607 3089 1673 Iesu,
3122 1623 3284 1664 unam
3341 1617 3506 1675 atque
3533 1623 3669 1663 eam-

2088 1702 2214 1758 dem
2243 1702 2404 1758 nobis
2436 1702 2679 1758 tribuens
2708 1703 2877 1758 vitam
2914 1701 3114 1758 trahere
3145 1717 3265 1757 cum
3283 1700 3517 1757 Christo.
3556 1701 3672 1770 Qui-

387 1824 547 1880 quam
574 1782 716 1877 apud
746 1804 999 1872 nostros)
1027 1803 1122 1860 sed
1146 1812 1231 1867 ut,
1257 1799 1507 1871 exemplo
1534 1798 1714 1870 posito
1736 1838 1751 1863 ,
1777 1796 1987 1850 lat-ilius
2022 1782 2062 1842 Β
2091 1796 2215 1850 dam
2241 1811 2337 1866 pro
2367 1810 2432 1851 eo
2454 1793 2600 1866 quod
2620 1810 2762 1851 nunc
2783 1794 3134 1867 exposuimus
3157 1816 3167 1846 :
3188 1794 3249 1849 Et
3268 1811 3480 1849 eramus
3504 1806 3672 1850 natura

387 1899 532 1972 quod
566 1899 886 1957 volebamus
912 1896 1084 1967 possit
1137 1892 1391 1964 intelligi.
1426 1890 1493 1946 Et
1523 1906 1757 1956 eramus,
1791 1887 1986 1959 inquit,

386 2002 575 2047 natura
606 1990 705 2063 ﬁlii
745 1990 837 2045 irie
857 1989 987 2044 sicut
1011 1998 1059 2043 et
1086 1987 1278 2043 cazteri.
1327 1983 1719 2055 Respondeant
1747 1979 1991 2037 [imretici

391 2082 483 2155 qui
508 2084 752 2139 diversis
771 2091 993 2137 naturas
1015 2095 1138 2137 esse
1179 2076 1543 2143 contendunt,
1566 2072 1842 2147 quomodo
1861 2073 1992 2129 Pau-

392 2180 499 2244 lus,
524 2194 683 2248 qucm
707 2172 892 2245 utique
915 2172 1215 2246 spiritualis
1249 2183 1455 2227 natura:
1482 2182 1606 2225 esse
1633 2184 1742 2224 non
1769 2164 1993 2222 dubium

395 2280 502 2333 est,
533 2267 698 2324 fuerit
723 2277 914 2321 natura
942 2262 1084 2320 illius
1109 2263 1223 2332 ine,
1255 2262 1397 2319 sicut
1418 2269 1474 2317 et
1496 2259 1681 2316 creteri
1702 2256 1792 2330 qui
1814 2255 1994 2313 adhuc

397 2363 454 2417 in
480 2378 668 2416 errore
685 2368 816 2414 sunt
834 2358 1013 2430 positi.
1042 2355 1153 2412 Nos
1173 2365 1192 2392 θ
1215 2370 1350 2411 vero
1371 2353 1602 2410 dicimus
1620 2368 1743 2409 esse
1762 2350 1991 2421 primum

398 2470 593 2512 omnes
621 2454 870 2509 homines
893 2458 1084 2507 natura
1112 2449 1255 2506 lilios
1286 2449 1403 2517 iraa,
1431 2447 1514 2503 vel
1543 2455 1765 2517 propter
1794 2456 1994 2513 corpus

398 2546 718 2604 humilitatis
744 2560 1053 2616 corpusque
1081 2540 1299 2608 mortis,
1328 2538 1554 2613 etquod
1577 2541 1645 2596 ab
1674 2538 1997 2595 adolescen-

396 2641 469 2697 tia
498 2655 652 2696 tnens
676 2638 954 2696 hominum
981 2635 1226 2708 apposita
1255 2634 1326 2690 sit
1362 2633 1429 2690 ad
1457 2631 1722 2690 malitiam
1752 2631 1773 2704 (
1803 2627 1991 2686 Cenes.

396 2730 550 2804 vui):
579 2726 722 2787 unde
750 2737 806 2786 et
833 2729 1087 2787 Salomon
1118 2728 1220 2783 ait:
1242 2724 1366 2782 Non
1386 2736 1460 2781 est
1473 2726 1652 2796 justus
1675 2724 1727 2778 in
1750 2732 1888 2778 terra
1908 2723 1998 2794 qui

398 2826 558 2897 faciat
578 2825 791 2893 bonum,
819 2832 864 2878 et
892 2839 992 2879 non
1017 2830 1191 2895 peccet
1216 2818 1236 2893 (
1259 2816 1404 2875 Eccl.
1424 2832 1520 2888 vn,
1549 2816 1678 2888 21).
1724 2814 1819 2871 Vel
1855 2813 1996 2885 quod

399 2934 465 2975 ex
498 2934 565 2975 eo
610 2927 858 2989 tempore
907 2931 1016 2987 quo
1048 2928 1336 2985 possumus
1369 2912 1571 2967 habere
1598 2908 1845 2965 notitiam
1875 2907 1992 2976 Dei,

400 3022 458 3070 et
482 3012 548 3069 ad
579 3012 927 3083 pubertatem
956 3011 1235 3073 venimus,
1286 3021 1476 3061 omnes
1504 3047 1519 3069 ,
1554 3013 1648 3059 aut
1676 3017 1872 3075 opere,
1906 3009 2001 3057 aut

402 3107 605 3176 lingua,
640 3116 730 3158 aut
754 3102 1087 3174 cogitatione
1117 3112 1428 3173 peccemus.
1463 3095 1690 3153 Eramus
1719 3093 1879 3166 igitur
1906 3106 2001 3149 na-

2092 1884 2194 1957 ﬁlii
2208 1888 2319 1955 ine,
2348 1902 2443 1957 pro
2459 1896 2666 1955 natura,
2692 1903 2926 1959 prorsus,
2944 1887 3055 1942 sive
3074 1890 3306 1953 omnino,
3329 1887 3456 1958 quia
3471 1887 3673 1943 verbum

2093 1981 2276 2051 φύσει,
2307 1977 2617 2048 ambiguum
2676 1989 2793 2047 est,
2834 1980 3246 2034 transtulerunt.
3281 1976 3440 2046 Quod
3477 1979 3569 2033 etsi
3605 1975 3675 2036 sic

2094 2078 2270 2137 sonet,
2301 2071 2456 2141 juxta
2489 2088 2552 2128 ea
2583 2087 2705 2141 qua:
2739 2071 2998 2142 diximus,
3031 2071 3418 2142 exponendum
3451 2081 3548 2128 est.

2167 2162 2354 2219 Gratia
2380 2166 2568 2219 saluati
2598 2166 2742 2221 estis.
2776 2164 2833 2221 Si
2884 2183 2993 2221 non
3021 2178 3148 2221 situt
3176 2169 3353 2238 dignm
3414 2167 3678 2238 passiones

2099 2258 2256 2329 hujus
2290 2260 2549 2330 temporis
2582 2258 2650 2315 ad
2674 2259 2911 2316 loturam
2939 2260 3165 2331 gloriam
3198 2276 3320 2330 qua:
3369 2259 3679 2316 revelabitur

2099 2353 2150 2408 in
2182 2351 2338 2407 nobis
2361 2350 2552 2422 (Rom.
2576 2369 2671 2409 vni
2688 2355 2728 2424 ),
2756 2356 2932 2425 gratia
2957 2355 3125 2425 magis
3142 2369 3329 2410 sumus
3351 2368 3514 2425 quam
3533 2368 3682 2424 opere

2098 2442 2313 2499 Salvati.
2341 2441 2484 2499 Nihil
2514 2446 2660 2500 enim
2686 2461 2975 2516 possumus
3006 2446 3238 2502 Domino
3268 2446 3571 2504 retribuere
3596 2459 3682 2519 pro

2099 2536 2347 2591 omnibus
2369 2552 2492 2606 qua:
2520 2536 2778 2593 retribuit
2800 2537 2975 2593 nobis.

2172 2629 2358 2701 (Vers.
2392 2629 2491 2702 6.)
2524 2630 2595 2713 Et
2620 2632 2945 2699 coexeitarit,
2975 2634 3232 2706 simulque
3268 2634 3391 2706 fecit
3416 2633 3585 2688 sedere
3630 2632 3681 2687 iis

2100 2722 2386 2780 (mlestibus
2415 2725 2468 2780 in
2499 2723 2703 2780 C/tristo
2731 2722 2883 2781 Jesu.
2908 2724 3079 2796 Supra
3106 2726 3349 2793 dixerat,
3392 2727 3537 2797 quod
3566 2740 3678 2780 sus-

2100 2819 2349 2876 citaverit
2377 2818 2519 2875 Deus
2540 2816 2817 2875 Clu-ismm
2854 2835 2884 2874 a
2922 2821 3175 2887 mortuis,
3205 2831 3259 2876 et
3287 2821 3485 2877 sedere
3512 2818 3685 2876 fecerit

2100 2913 2168 2969 ad
2200 2914 2445 2970 dextram
2473 2930 2624 2969 suam
2661 2915 2711 2969 iu
2758 2915 3072 2970 cmlestibus
3102 2930 3267 2984 super
3305 2928 3523 2970 omnem
3556 2912 3685 2984 prin-

2101 3011 2373 3080 cipatum,
2414 3021 2469 3067 et
2515 3021 2859 3088 potestatem,
2891 3014 3249 3083 etvirtuiein,
3298 3023 3354 3069 et
3379 3010 3684 3069 dominatio-

2105 3120 2254 3170 nem,
2285 3115 2342 3160 et
2387 3121 2548 3161 omne
2609 3122 2804 3162 nomen
2836 3106 2981 3178 quod
3009 3107 3319 3161 nominatur
3370 3121 3478 3161 non
3526 3104 3687 3160 solum

404 3211 522 3253 Iura
551 3196 644 3251 "iii
674 3196 770 3252 im:
796 3194 937 3251 Sicut
966 3204 1021 3249 υι
1049 3200 1256 3260 (πίθων
1280 3200 1335 3248 εί
1363 3204 1554 3245 omnes
1585 3187 1789 3249 SW0”.
1813 3186 1903 3259 (illi
1930 3186 2002 3245 ab
2027 3179 2072 3241 Ο
2108 3200 2161 3255 in
2185 3199 2286 3256 hoc
2302 3200 2524 3267 sawuio,
2543 3200 2637 3256 sed
2654 3202 2817 3258 etiam
2838 3201 2893 3256 in
2918 3200 3121 3256 futuro.
3146 3200 3301 3256 Nunc
3316 3214 3450 3257 vero
3464 3197 3683 3253 addidit:

403 3293 484 3348 ira
513 3294 774 3363 sanguine
808 3289 1005 3347 Christi
1050 3287 1314 3360 redempti
1358 3295 1504 3343 sunt.
1546 3288 1747 3343 Siemm
1803 3282 2005 3339 Paulus

403 3385 495 3457 qui
516 3383 676 3456 juxta
702 3385 963 3455 jusutiam
986 3397 1108 3455 qua:
1138 3385 1188 3437 in
1212 3376 1353 3453 Lege
1383 3379 1511 3440 fuit.
1546 3376 2005 3450 irreprebeusibi-
2053 3408 2059 3415 ι

403 3478 529 3532 liter
554 3488 1024 3547 estconversatus,
1054 3476 1264 3533 dicitse
1286 3483 1472 3531 natura
1502 3477 1665 3533 tuisse
1687 3477 1856 3530 liiiuu.
1885 3474 2001 3545 irae,

402 3585 500 3625 cur
533 3569 823 3627 timeamus
847 3616 861 3639 ,
915 3568 1075 3626 etiam
1130 3580 1277 3626 retro
1299 3577 1517 3626 sanctos
1566 3576 1711 3624 viros
1743 3567 1882 3625 iiiios
1908 3567 2004 3623 ira:

400 3667 570 3720 luisse
600 3661 789 3720 testari
816 3662 839 3713 ?
870 3663 945 3720 De
971 3664 1167 3735 quibus
1205 3662 1455 3719 omnibus
1504 3679 1630 3718 vere
1655 3660 1759 3719 dici
1790 3662 1960 3729 possit
1987 3679 2002 3716 ;

401 3754 534 3812 Cum
561 3764 730 3812 autem
745 3758 881 3813 venit
904 3755 1228 3826 mandatum,
1258 3767 1522 3828 peccatum
1543 3755 1743 3821 revixit,
1768 3754 1871 3825 ipsi
1886 3769 2006 3811 vero

403 3852 597 3906 mortui
623 3856 765 3905 sunt.
799 3846 970 3905 Filius
1014 3859 1199 3906 autem
1244 3850 1339 3905 ira:
1369 3849 1448 3905 sic
1487 3846 1892 3919 accipiendum,
1945 3862 2004 3905 ut

399 3943 545 3998 ﬁlius
573 3940 914 4013 perditionis,
948 3938 1092 3999 illius
1118 3938 1439 4014 iniquitatis,
1468 3938 1611 3996 illius
1634 3940 1844 3995 mortis.
1883 3936 2003 3996 Non

402 4046 511 4105 quo
536 4033 716 4107 aliqua
745 4035 845 4103 ira,
874 4048 1043 4101 mors,
1096 4034 1349 4106 iniquitas
1378 4043 1436 4090 et
1475 4030 1706 4104 perditio
1742 4033 2005 4090 subsistat

399 4128 458 4181 in
483 4138 674 4183 natura
697 4140 816 4195 sua,
839 4140 959 4199 qua:
979 4127 1122 4183 ﬁlios
1146 4126 1360 4194 habeat;
1385 4124 1481 4183 sed
1500 4141 1607 4199 quo
1629 4125 1723 4182 lilii
1751 4124 2007 4182 dicantur

400 4219 521 4289 ejus
561 4219 637 4274 rei
679 4228 801 4290 qua:
829 4228 1088 4290 operetur
1140 4219 1192 4276 in
1221 4217 1445 4290 singulis
1479 4237 1492 4271 :
1525 4220 1667 4275 sicut
1694 4216 1792 4273 ﬁlii
1819 4216 2004 4289 appel-

397 4310 585 4366 lantur
637 4312 932 4381 geliennaz,
968 4311 1061 4383 qui
1091 4310 1357 4383 gebenuze
1407 4309 1620 4383 ignibus
1647 4306 2001 4365 consumendi

396 4406 543 4457 sunt.
570 4402 828 4460 Aliusiraa
842 4402 985 4460 iiiios
1003 4404 1084 4461 sic
1103 4412 1321 4460 vocatos
1341 4411 1513 4474 putat,
1535 4410 1595 4458 ut
1616 4403 1756 4458 lilios
1772 4399 2000 4458 diaboli.

398 4493 662 4550 Diabolus
690 4498 837 4552 enim
861 4495 1094 4567 perditio
1119 4505 1223 4563 est,
1247 4505 1300 4551 et
1326 4495 1427 4563 ira,
1450 4503 1506 4550 et
1528 4508 1693 4549 mors.
1720 4493 2003 4549 Devoravi!

2106 3296 2227 3364 quia
2250 3304 2297 3347 et
2325 3309 2422 3348 nos
2449 3295 2774 3349 suscitaverit
2792 3310 2907 3348 cum
2927 3309 3008 3359 eo.
3031 3303 3077 3348 et
3107 3294 3284 3349 sedere
3309 3294 3492 3360 fecerit
3522 3293 3575 3347 in
3599 3306 3688 3346 ea-

2107 3385 2317 3442 testibus
2347 3387 2415 3441 ad
2441 3387 2681 3443 dextram
2731 3404 2901 3442 suam.
2936 3387 3206 3456 Qua-ritur
3233 3401 3368 3458 ergo
3387 3428 3402 3452 ,
3433 3383 3688 3457 quomodo

2110 3480 2250 3535 Deus
2277 3480 2366 3549 qui
2397 3495 2494 3534 nos
2522 3479 2707 3536 salvos
2737 3479 2863 3535 fecit
2892 3491 2944 3535 et
2975 3479 3277 3545 suscitavit,
3321 3478 3487 3534 simul
3541 3474 3687 3550 575

2106 3568 2293 3626 fecerit
2324 3571 2520 3628 sedere
2541 3586 2663 3626 cum
2681 3571 2936 3628 Christo?
2955 3571 3023 3627 Et
3042 3570 3260 3642 quidem
3281 3569 3381 3641 qui
3408 3568 3687 3639 simplicius

2105 3674 2193 3721 est
2220 3680 2603 3735 reSpoiisurus,
2658 3664 2763 3721 hoc
2788 3664 3005 3730 asserit,
3046 3665 3189 3737 quod
3216 3665 3375 3736 juxta
3409 3663 3687 3735 praescion-

2108 3770 2234 3814 uam
2268 3758 2386 3826 Dei,
2406 3758 2456 3813 id
2488 3759 2630 3829 quod
2664 3758 2899 3813 futurum
2930 3767 3033 3824 est,
3054 3757 3207 3828 quasi
3229 3756 3432 3813 factum
3455 3770 3574 3813 esse
3586 3754 3690 3825 jam

2105 3851 2322 3910 dixerit.
2350 3852 2416 3908 Et
2445 3852 2568 3922 quia
2600 3865 2718 3906 mos
2746 3852 2850 3908 iste
2878 3850 2952 3907 sit
2980 3851 3414 3921 Scripturarum,
3443 3861 3502 3905 ut
3527 3850 3685 3905 inter-

2105 3941 2234 3997 dum
2265 3943 2439 3999 lutura
2492 3951 2736 4013 tempore
2792 3943 3067 4013 praeterito
3113 3942 3461 3999 declinentur
3493 3959 3506 3996 :
3537 3937 3689 3995 Verbi

2105 4046 2269 4087 causa
2292 4073 2308 4099 ,
2360 4032 2429 4090 de
2489 4049 2650 4091 cruce
2683 4034 2894 4090 Domini
2924 4052 2936 4088 :
2971 4032 3244 4090 Fuderunt
3271 4051 3460 4089 manus
3486 4049 3620 4089 meas
3646 4041 3687 4086 et

2106 4124 2261 4195 pedes
2291 4123 2424 4197 (Ps.
2448 4140 2559 4195 ut,
2582 4125 2647 4182 17
2665 4127 2706 4198 ).
2728 4128 2793 4182 Et
2810 4127 2937 4184 alibi
2961 4126 3028 4182 de
3080 4129 3336 4198 passione
3358 4126 3516 4198 ejus:
3540 4121 3686 4193 Quasi

2104 4217 2210 4272 ovis
2238 4219 2309 4273 ad
2336 4220 2593 4275 victimam
2618 4220 2803 4276 ductus
2833 4221 2948 4292 est(
2978 4219 3112 4277 Issi.
3157 4237 3271 4286 un,
3297 4222 3328 4276 7
3358 4219 3404 4295 ).
3430 4220 3497 4276 Et
3524 4220 3688 4274 adhuc

2104 4308 2172 4366 de
2202 4310 2416 4381 injuriis
2438 4310 3009 4384 ﬂagellorutnzLivore
3047 4315 3162 4385 ejus
3184 4329 3277 4368 nos
3324 4315 3497 4369 sanati
3521 4325 3684 4367 smnus

2108 4401 2318 4475 (lbid.,
2347 4406 2425 4478 5).
2461 4404 2676 4463 Etalibi
2706 4410 2725 4483 ί
2757 4407 2841 4464 ΔΙ.
2898 4407 3101 4464 ibidem
3127 4408 3146 4481 ]
3176 4424 3190 4463 :
3222 4410 3298 4464 Ab
3345 4407 3687 4481 iniquitatibus

2106 4495 2288 4568 populi
2304 4498 2402 4553 mei
2424 4501 2606 4556 ductus
2626 4509 2699 4554 est
2724 4517 2777 4555 in
2793 4498 3084 4572 mortem”
3091 4500 3198 4556 bid.
3225 4542 3240 4566 ,
3275 4502 3335 4569 8,
3358 4517 3463 4557 sec.
3508 4498 3685 4569 LXX).

397 4603 541 4644 mors
560 4561 878 4645 invalescens
898 4587 1066 4663 (Isai.
1098 4604 1193 4659 ιιι,
1211 4561 1319 4646 sec.
1350 4561 1519 4661 LXX)
1541 4588 1638 4644 Et:
1666 4588 1997 4647 Nouissimas
2023 4561 2079 4625 Β
2106 4561 2219 4646 lloc
2239 4602 2419 4646 autem
2443 4591 2591 4659 ideo,
2622 4608 2689 4649 ne
2715 4591 2840 4664 quia
2863 4561 3039 4651 futura
3069 4561 3290 4666 semper
3314 4561 3523 4651 incerta
3550 4561 3685 4656 sunt,

399 4681 513 4758 [ΑΙ.
556 4679 858 4755 novissime]
890 4680 1092 4755 (lCor.
1123 4682 1214 4753 xv)
1254 4681 1496 4737 inimicus
1519 4681 1813 4737 destruetur
1860 4696 1999 4738 mors

392 4774 456 4844 (1
480 4772 584 4830 Cor
610 4792 699 4844 xv,
720 4774 850 4847 26):
865 4786 921 4832 et
948 4776 1016 4831 ad
1039 4779 1214 4846 ipsum
1241 4776 1522 4833 diabolum
1546 4794 1559 4832 :
1579 4775 1814 4831 Perditio
1833 4775 1998 4850 57‘

395 4867 567 4947 factus
618 4868 717 4942 es(
744 4864 938 4924 Each.
975 4883 1177 4937 xxvut,
1233 4885 1336 4926 sec.
1368 4864 1578 4941 LXX).
1637 4869 1854 4941 Factus,
1905 4872 1994 4926 in-

394 4961 549 5031 quit,
601 4962 821 5033 propria
847 4960 1159 5029 “tentate,
1216 4976 1325 5017 non
1356 4962 1425 5017 ab
1466 4963 1622 5019 initio
1647 4965 1729 5019 sie
1757 4971 1992 5020 creatas.

393 5052 683 5122 Quomodo
724 5054 885 5127 igitur
938 5064 1090 5112 mors
1137 5053 1355 5125 dicitur,
1415 5070 1481 5112 ex
1509 5071 1576 5113 eo
1603 5054 1746 5128 quod
1792 5054 1995 5115 invidia

391 5142 595 5205 diaboli
618 5162 768 5204 mors
796 5146 1047 5206 introivit
1101 5147 1156 5205 in
1186 5149 1373 5206 orbem
1401 5159 1666 5208 terrarum
1689 5148 1711 5223 (
1733 5150 1866 5223 Sap.
1889 5152 1995 5224 ιι),

389 5251 450 5299 et
478 5258 573 5313 per
600 5243 757 5300 ilium
783 5246 1143 5300 suntmortui
1170 5244 1270 5315 qui
1319 5256 1450 5302 ante
1478 5245 1754 5313 vivebant,
1783 5255 1839 5303 et
1870 5262 1995 5316 per-

388 5335 547 5403 ditio,
579 5339 725 5409 quod
750 5337 943 5410 perdat
967 5352 1338 5411 quoscumque
1375 5338 1655 5412 deceperit
1684 5356 1698 5397 :
1726 5340 1804 5398 sic
1825 5349 1881 5397 et
1911 5341 1988 5397 ira

388 5428 589 5485 dicitur
622 5440 845 5502 propter
887 5446 1007 5488 eam
1048 5446 1212 5505 quam
1238 5442 1457 5489 exercet
1484 5434 1777 5490 adversum
1808 5434 1985 5492 homi-

386 5537 513 5578 neu:
543 5521 839 5580 feritatem.
886 5524 1029 5581 Sunt
1055 5526 1147 5597 qui
1200 5524 1337 5581 illud
1367 5525 1423 5579 in
1451 5524 1761 5595 Regnorum
1789 5527 1942 5585 libris
1965 5568 1982 5599 ,

386 5616 606 5684 quando
635 5616 804 5672 David
826 5618 1140 5675 numeravit
1179 5616 1433 5690 populum
1459 5618 1650 5687 Israel,
1683 5621 1814 5678 iram
1841 5623 1895 5680 in
1922 5638 1986 5682 se

461 5794 484 5821 ³
516 5792 677 5852 Adito
707 5794 962 5853 Rutiaum
982 5792 1078 5854 lib.
1102 5790 1497 5870 iuvectivar.i,
1538 5816 1688 5861 nam.
1718 5804 1812 5863 58.

2102 4680 2378 4738 hominum
2403 4699 2530 4755 spes
2555 4685 2782 4742 ﬂuctuet
2809 4698 2863 4740 et
2920 4685 3159 4753 vacillet,
3192 4702 3253 4741 ea
3287 4703 3413 4758 quae
3446 4688 3582 4742 Deus
3607 4684 3685 4739 i'u-

2101 4788 2220 4834 tura
2244 4779 2498 4848 cognovit
2524 4777 2690 4850 (apud
2718 4793 2877 4850 quem
2905 4777 3041 4836 nihil
3067 4779 3380 4850 ambiguum
3402 4778 3520 4851 est)
3542 4776 3685 4851 quasi

2093 4876 2205 4945 jam
2233 4873 2374 4931 facta
2400 4885 2771 4931 memorantur
2802 4895 2814 4930 :
2849 4883 2909 4931 ut
2936 4890 3059 4946 qma
3093 4876 3369 4948 praeterita
3397 4876 3683 4932 secundum

2100 4969 2458 5041 philosoiilios
2484 4984 2701 5041 quoque
2745 4970 2861 5026 lieri
2898 4970 3093 5027 iniecta
3143 4986 3248 5026 non
3290 4979 3555 5040 possunt,
3601 4964 3715 5039 qui,

2100 5064 2410 5134 audierint,
2451 5064 2608 5136 quasi
2635 5063 2747 5134 jam
2769 5061 2913 5119 facta
2934 5064 3168 5120 habeant
3191 5077 3312 5134 qua:
3342 5062 3527 5118 futura
3547 5068 3679 5116 sunt.

2098 5158 2254 5214 Alius
2285 5173 2414 5214 vero
2452 5158 2544 5229 qui
2593 5157 3082 5224 resurrectionem,
3137 5167 3193 5212 et
3223 5171 3453 5229 regnum
3493 5152 3683 5211 Christi

2094 5250 2449 5319 Spiritualiter
2498 5248 2789 5319 intelligit,
2841 5263 2947 5304 non
2977 5246 3302 5305 deliberavit
3326 5249 3545 5313 dicere,
3577 5245 3680 5316 jam

2091 5353 2313 5401 sanctos
2343 5344 2559 5411 sedere,
2593 5354 2649 5399 et
2677 5357 2908 5414 regnare
2947 5358 3075 5399 cum
3123 5341 3347 5397 Christo
3378 5360 3391 5397 :
3422 5337 3682 5413 quomodo

2092 5438 2236 5494 enim
2267 5453 2607 5509 nequaquam
2634 5435 2690 5492 in
2716 5450 2882 5492 carne
2911 5442 3137 5492 sanctus
3154 5449 3260 5501 est,
3293 5448 3423 5490 cum
3462 5435 3604 5489 vivat
3631 5431 3678 5484 in

2086 5546 2273 5596 carne,
2301 5542 2356 5587 et
2383 5531 2544 5587 liabet
2581 5530 3055 5585 conversationem
3082 5529 3137 5583 in
3183 5528 3525 5594 coelestibus,
3565 5539 3677 5580 cuin

2071 5626 2381 5700 gradiatur
2410 5626 2466 5681 in
2522 5635 2689 5689 terra,
2728 5634 2784 5681 et
2835 5636 2966 5679 caro
3019 5636 3144 5680 esse
3188 5620 3489 5686 desistens,
3541 5627 3679 5676 totus
