3962 6338
242 338 322 395 169

707 332 1359 392 COMMENTAliIOIiUM
1398 331 1463 388 ΙΝ
1503 329 1793 391 ιςινιετυι.

1933 329 2028 387 AD
2065 327 2404 387 EPHESIOS
2444 330 2571 386 LIB.
2612 330 2654 387 Ι.
2696 328 2850 389 CAP.
2895 332 2958 387 ll.

3365 329 3474 385 470

230 460 431 511 vertatur
455 452 510 507 in
535 450 785 523 spiritum
815 467 829 506 t
863 452 936 505 ita
965 464 1089 507 eum
1116 449 1171 504 in
1200 446 1524 504 omlestibus
1575 445 1769 503 sedere
1795 451 1845 509 Α
1874 447 2042 502 simus
2070 447 2267 502 merito
2290 456 2500 515 nostro,
2525 446 2621 501 sed
2642 448 2815 518 gratia
2842 446 2963 518 ejus
2986 445 3199 513 saluti,
3228 454 3283 501 et
3302 444 3474 514 majo-

223 560 322 604 cttm
342 543 586 600 Christo:
609 558 837 615 regnum
866 542 1067 614 quippe
1085 542 1180 598 Dei
1216 544 1353 597 intra
1378 557 1478 596 nos
1506 538 1767 612 est(Luc.

221 654 326 700 xvn.
345 638 400 694 21
422 637 462 709 );
486 648 541 692 et
571 637 665 693 ubi
695 638 856 694 fuerit
886 640 1179 694 thesaurus
1224 646 1414 692 noster
1436 670 1452 701 ,
1476 635 1551 689 ibi
1579 635 1684 689 erit
1714 642 1772 690 et

221 747 298 789 cor
317 731 578 797 nostrum(
598 729 795 787 llatllt.
826 744 905 799 νι,
926 728 992 786 Si
1012 728 1055 803 );
1089 729 1335 800 llrtnique
1356 735 1414 784 et
1439 726 1664 783 stabiles
1683 740 1772 783 Ie-

218 824 379 881 demus
392 837 508 879 cum
526 820 770 889 Christo,
788 823 1081 893 sapientia,
1109 821 1310 888 Verbo,
1328 819 1561 891 iustitia,
1577 820 1774 875 verita-

220 928 279 974 te.
302 916 467 973 Potest
490 924 674 972 autem
694 924 751 971 et
766 916 870 972 hoc
888 915 1017 983 dici,
1036 924 1095 971 ut
1115 914 1388 987 quomodo
1408 915 1772 970 arrhabonem

217 1011 418 1081 Spiritus
441 1010 614 1064 sancti
638 1009 969 1080 accepimus,
1001 1009 1231 1065 necdum
1266 1017 1438 1065 totam
1460 1008 1582 1079 ejus
1604 1007 1775 1078 pleni-

219 1102 420 1158 tudin
461 1104 742 1157 consecuti
774 1104 896 1157 :sic
920 1110 978 1156 et
1028 1102 1219 1158 sedere
1264 1116 1365 1156 nos
1390 1115 1514 1156 cum
1555 1100 1773 1155 Christo

214 1206 345 1267 atque
381 1208 627 1265 regnare,
672 1194 903 1251 necdum
930 1194 1228 1265 perfectam
1257 1194 1558 1251 sessionem
1580 1192 1635 1248 itt
1657 1204 1774 1250 etn-

215 1290 402 1346 leslibus
423 1288 753 1345 obtinentes.
932 1288 935 1291 “

270 1383 426 1453 (Vera.
452 1380 532 1453 7.)
557 1380 628 1438 Ut
661 1382 955 1439 ostenderet
978 1383 1035 1437 in
1062 1382 1270 1438 mollis
1295 1380 1777 1452 sttpersenientibtts

213 1476 498 1531 abundantes
526 1476 738 1532 divitias
763 1477 951 1549 gratia:
995 1492 1105 1533 sine
1131 1478 1187 1531 in
1226 1476 1455 1532 bonitate
1479 1492 1634 1548 super
1683 1489 1777 1531 nos

213 1568 255 1621 in
281 1565 465 1622 Christo
489 1564 641 1621 Jestt.
671 1566 883 1635 Quanta
937 1569 1008 1624 sit
1036 1566 1290 1624 beneficii
1340 1565 1677 1639 magnitudo,
1721 1575 1780 1622 et

213 1677 347 1732 quant
389 1660 667 1732 multiplex
715 1664 889 1731 gratia
928 1677 1036 1733 qua
1066 1676 1165 1717 nos
1210 1662 1470 1718 Dominus
1497 1660 1567 1716 de
1592 1659 1779 1716 saeculi

212 1754 339 1807 istius
357 1752 855 1822 perturbationibus
884 1753 1147 1811 liberatos
1172 1754 1367 1811 sedere
1414 1753 1566 1819 fecit,
1595 1762 1652 1808 et
1694 1767 1780 1807 re—

1875 544 1950 597 ris
1971 539 2501 598 bonitatisindieiurn
2513 542 2579 595 sit
2595 556 2692 612 pro
2708 540 3282 613 peccatoribtts,magis
3308 553 3472 608 quam

1875 650 1971 705 pro
1986 634 2145 705 jnstis
2170 635 2336 689 mori:
2353 633 2465 689 Pro
2489 634 2621 689 bono
2647 635 2783 689 enim
2803 634 3024 704 forsitan
3044 633 3159 702 quis
3178 632 3370 687 audeat
3390 631 3474 686 itt-

1875 727 2052 793 terire;
2081 736 2137 783 et
2162 726 2388 782 daturus
2408 726 2567 799 577
2593 727 2749 783 nobis
2776 727 2867 795 sit,
2891 742 3014 797 quae
3043 740 3143 781 nec
3170 724 3363 781 oculus
3387 722 3471 779 vi-

1874 818 2081 885 dit,nec
2100 818 2247 873 suris
2274 817 2495 883 audivit,
2512 833 2613 875 nee
2644 820 2697 874 in
2723 833 2819 875 cor
2844 818 3077 873 hominis
3101 816 3469 873 ascenderunt

1874 911 1916 983 (I
1941 910 2058 966 Cor.
2090 909 2172 981 ιι).
2195 910 2326 979 Quin
2351 912 2533 965 omnia
2552 925 2618 967 es
2644 920 2796 981 parte
2815 911 2926 981 jam
2947 909 3155 966 dederit
3175 910 3230 964 in
3248 907 3471 965 Christo

1872 1005 2005 1062 Jesu
2029 1022 2044 1059 :
2071 1002 2195 1074 quia
2223 1003 2430 1059 nullum
2450 1004 2652 1075 absque
2678 1003 2896 1060 Christo
2916 1003 3117 1060 bonum
3134 1002 3241 1058 dicl
3270 1008 3472 1071 potest.

1945 1096 2132 1169 (Vers.
2156 1096 2213 1163 8,
2234 1094 2317 1168 9.)
2340 1095 2679 1166 Gratialenim
2704 1098 2830 1152 estis
2850 1096 2981 1151 salvi
3002 1095 3128 1167 {acti
3155 1110 3249 1168 per
3285 1094 3465 1165 ﬁdem,

1873 1199 1921 1244 et
1949 1186 2050 1244 hoc
2076 1204 2177 1243 non
2205 1204 2269 1242 ea:
2288 1188 2432 1244 vobis
2458 1204 2476 1242 :
2499 1186 2600 1243 Dei
2619 1188 2757 1243 enim
2779 1188 2975 1244 donum
2997 1196 3094 1253 est,
3122 1203 3229 1242 non
3256 1203 3321 1242 ea:
3344 1202 3471 1258 ape-

1875 1282 2043 1351 ribtss,
2070 1291 2125 1336 ut
2153 1281 2354 1349 nequis
2390 1280 2666 1353 glorietur.
2698 1280 2856 1350 Ideo,
2883 1281 3095 1352 inquit,
3126 1278 3468 1337 abundantes

1876 1376 2097 1433 divitias
2122 1376 2313 1448 gratias
2335 1391 2468 1445 suae,
2501 1376 2556 1431 in
2578 1376 2824 1432 bonitate
2850 1376 2907 1430 in
2925 1374 3338 1445 superventuris
3367 1388 3473 1429 sa:-

1877 1469 2018 1526 cnlis
2043 1480 2365 1525 ostensurus
2393 1477 2501 1536 est,
2531 1467 2655 1539 quia
2681 1468 2859 1539 gratia
2883 1467 3017 1522 salvi
3051 1465 3180 1523 facti
3208 1466 3345 1523 estis
3374 1481 3472 1536 per

1880 1564 2064 1632 ﬁdem,
2098 1579 2207 1621 non
2241 1578 2340 1634 per
2362 1578 2553 1634 opera.
2587 1563 2651 1617 Et
2684 1563 2801 1618 haec
2835 1562 2951 1631 ipsa
2985 1560 3123 1615 lides
3154 1575 3262 1617 non
3295 1569 3473 1615 estex

1880 1656 2056 1722 vobis,
2083 1655 2179 1712 sed
2205 1670 2274 1712 ex
2296 1670 2367 1710 eo
2389 1652 2483 1725 qui
2504 1653 2718 1709 vocavit
2749 1668 2869 1706 vos.
2898 1652 3014 1707 Hoc
3035 1660 3214 1707 autem
3238 1652 3382 1717 ideo,
3402 1666 3473 1706 ne

1880 1750 2110 1807 forsitan
2141 1750 2302 1806 nobis
2330 1748 2592 1820 cogitatio
2631 1747 2843 1803 occulta
2886 1746 3215 1816 subreperet
3247 1763 3261 1800 :
3292 1745 3341 1801 si
3374 1759 3473 1815 per

212 1861 352 1916 gnaro
375 1860 494 1900 cum
523 1844 768 1913 Christo,
795 1846 925 1902 hinc
960 1847 1044 1902 vel
1082 1850 1316 1902 maxime
1365 1844 1774 1916 comprobatur,
1808 1847 1853 1907 Β
1880 1858 2049 1913 opera
2079 1851 2268 1900 nostra
2293 1841 2484 1898 salvati
2517 1857 2623 1896 non
2656 1855 2863 1907 sumus,
2896 1848 3046 1895 certe
3071 1839 3157 1894 vel
3185 1852 3285 1909 per
3307 1836 3471 1893 ﬁdem

213 1939 329 2010 quod
356 1938 511 2012 573
532 1940 588 1995 in
618 1940 820 1997 futuris
850 1942 1062 1998 seculis
1091 1957 1200 1997 non
1230 1956 1365 2009 uno,
1393 1941 1489 1997 sed
1520 1940 1775 1996 omnibus

211 2045 335 2086 suam
346 2035 551 2087 cunctis
565 2048 623 2087 ra
634 2032 978 2088 tionubilibur
995 2035 1263 2089 creaturis
1282 2047 1448 2104 super
1474 2048 1577 2087 nos
1591 2043 1778 2087 osten-

210 2137 345 2178 surus
369 2132 450 2179 est
499 2124 759 2195 gloriam,
813 2138 1050 2195 suasque
1090 2126 1308 2182 divitias
1354 2135 1775 2182 monstraturus.

212 2214 339 2284 Quod
360 2230 452 2273 nos
478 2217 574 2287 qui
600 2217 879 2287 quondam
938 2219 1058 2290 lege
1086 2218 1405 2274 tenebantur
1433 2217 1634 2274 inferni
1659 2258 1675 2284 ,
1724 2226 1781 2274 et

211 2318 396 2380 propter
423 2310 552 2366 vitia
573 2318 744 2380 atque
775 2321 1027 2381 peccata;
1075 2322 1133 2368 ut
1170 2312 1429 2382 operibus
1477 2312 1675 2377 carnis,
1705 2312 1781 2366 ita

210 2419 395 2460 eramus
415 2416 472 2461 et
494 2405 784 2475 suppliciis
830 2404 1088 2462 destinati
1113 2422 1127 2461 :
1152 2420 1299 2462 nunc
1329 2405 1383 2461 in
1422 2404 1639 2460 Christo
1697 2421 1784 2462 re-

208 2512 404 2566 gnemus
427 2497 837 2569 sedeatnnsque
864 2513 988 2553 cum
1015 2514 1102 2554 eo.
1133 2496 1437 2555 Sedeamus
1460 2508 1642 2553 autem
1672 2513 1781 2553 non

212 2592 256 2645 in
274 2591 447 2648 humili
470 2606 829 2664 quorumque
852 2593 997 2661 loco,
1024 2592 1121 2649 sed
1145 2608 1312 2665 super
1334 2606 1550 2648 omnem
1583 2592 1787 2661 princi-

212 2694 386 2754 patum,
412 2695 467 2742 et
491 2693 920 2754 potestatem,et
945 2687 1223 2754 virtutem,
1248 2699 1301 2743 et
1332 2686 1780 2756 dominationem,

212 2787 258 2831 et
276 2790 422 2832 omne
441 2792 672 2846 nomen,
703 2776 851 2848 quod
878 2778 1191 2834 nominatur
1237 2791 1344 2833 non
1380 2778 1558 2833 solum
1602 2777 1657 2833 in
1683 2779 1786 2834 hoc

213 2871 403 2942 saeculo,
432 2870 535 2928 sed
563 2873 732 2929 etiam
764 2872 817 2927 in
847 2871 1053 2929 futuro.
1080 2870 1137 2929 Si
1161 2871 1309 2929 enim
1334 2870 1585 2928 Christus
1613 2872 1787 2927 susci-

215 2970 383 3017 tatttsa
416 2962 650 3019 mortuis
673 2962 829 3020 sedet
852 2964 921 3019 ad
961 2962 1210 3020 dextram
1245 2964 1339 3021 Dei
1386 2964 1440 3020 in
1472 2964 1785 3022 cmicstibus

215 3069 351 3123 supra
394 3071 612 3115 omnem
643 3058 1033 3128 principatum,
1059 3066 1116 3113 et
1153 3067 1503 3128 potestatem,
1534 3067 1585 3114 et
1619 3057 1787 3115 virtu-

217 3156 326 3213 tem,
350 3150 376 3179 ⁸
397 3159 453 3207 et
478 3158 683 3208 caetera
710 3168 725 3205 :
751 3160 806 3208 et
833 3166 935 3208 nos
962 3151 1218 3207 sedemus
1239 3164 1636 3222 regnamusque
1660 3167 1783 3208 cum

1878 1935 2078 1993 salvuti
2104 1949 2292 1991 sumus
2322 1954 2334 1989 :
2365 1947 2421 1991 et
2442 1935 2552 1991 alio
2573 1948 2779 2004 genere
2799 1943 3045 1989 nostrunt
3072 1940 3153 1987 est
3185 1930 3331 2002 quod
3359 1929 3474 1984 sul-

1880 2044 2091 2084 vamur.
2121 2027 2345 2083 Addidit
2369 2028 2555 2097 itaque
2582 2036 2637 2082 et
2661 2025 2822 2091 dixit,
2853 2024 3015 2081 tidem
3044 2038 3266 2095 quoque
3294 2024 3471 2094 ipsam

1881 2136 1989 2176 non
2032 2130 2230 2176 nostrae
2273 2120 2576 2175 voluntatis
2612 2133 2760 2185 esse,
2793 2116 2891 2174 sed
2926 2116 3021 2172 Dei
3058 2116 3320 2172 numeris.
3354 2113 3474 2170 Non

1880 2211 2028 2284 quod
2051 2210 2281 2268 liberum
2306 2210 2511 2266 homini
2532 2210 2753 2265 tollatur
2769 2208 3078 2273 arbitrium,
3104 2217 3157 2263 et
3174 2207 3474 2264 secundum

1883 2307 2015 2362 illud
2043 2306 2292 2377 Apostoli
2320 2304 2388 2360 ad
2422 2305 2729 2371 Romanos,
2762 2319 2869 2358 non
2899 2304 2971 2357 sit
2999 2303 3274 2358 currentis
3300 2315 3478 2371 neque

1884 2400 2145 2465 volentis;
2176 2397 2275 2454 sed
2306 2398 2623 2454 miserantis
2655 2397 2749 2452 Dei
2782 2394 2965 2469 (Rom.
2999 2392 3097 2467 rx);
3117 2408 3301 2450 verum
3329 2395 3473 2463 quod

1882 2493 2094 2550 arbitrii
2125 2494 2241 2564 ipsa
2274 2492 2499 2547 libertas
2529 2489 2701 2546 Deum
2734 2488 2929 2544 habeat
2967 2498 3269 2555 auctorem,
3311 2496 3365 2542 et
3406 2486 3476 2540 ad

1884 2589 2029 2648 illius
2053 2586 2386 2645 beneﬁcium
2413 2596 2611 2641 cuncta
2640 2583 2985 2649 referantur,
3019 2595 3143 2637 cum
3182 2580 3348 2636 etiam
3380 2578 3479 2633 ho-

1886 2697 2018 2738 nnm
2058 2696 2157 2736 nos
2198 2679 2339 2736 velle
2382 2679 2504 2748 ipse
2541 2676 2875 2747 permiserit.
2929 2674 3043 2729 lloc
3075 2681 3256 2728 autem
3303 2680 3476 2727 totum

1887 2785 2202 2845 propterea,
2234 2788 2302 2828 ne
2340 2771 2466 2843 quis
2497 2771 2765 2841 glorietur
2792 2783 2825 2825 a
2852 2766 3171 2837 semetipso,
3217 2777 3271 2821 et
3302 2779 3410 2819 non
3447 2778 3479 2818 a

1886 2866 1998 2924 Deo
2027 2881 2088 2923 se
2113 2879 2239 2921 esse
2263 2864 2557 2920 salvatum.

1958 2958 1977 3030 (
2010 2957 2163 3014 Vcrs.
2204 2956 2289 3013 ιιι.
2325 2953 2347 3028 )
2386 2953 2567 3026 Ipsius
2610 2954 2748 3009 enim
2794 2968 2974 3007 sumus
3030 2950 3266 3021 factura,
3325 2948 3483 3003 acati

1885 3053 1940 3107 in
1976 3047 2183 3105 Christo
2219 3047 2350 3104 Iesu
2390 3048 2446 3103 in
2491 3046 2736 3119 operibus
2782 3046 2952 3109 bonis,
3003 3059 3119 3115 qua:
3165 3041 3481 3115 prwparavit

1889 3143 2051 3210 Deus,
2086 3152 2136 3196 ut
2166 3143 2220 3196 in
2249 3140 2358 3196 illis
2388 3139 2732 3195 ambulemus.
2760 3135 3023 3193 Reddidit
3050 3150 3271 3202 causas,
3312 3148 3483 3204 quare

217 3243 399 3300 Christo
423 3263 438 3301 :
471 3261 700 3303 necesse
725 3257 808 3303 est
839 3259 896 3302 ut
926 3262 1091 3318 super
1138 3247 1222 3302 his
1243 3242 1276 3283 δ
1303 3262 1424 3317 qua:
1470 3246 1627 3302 sedet
1664 3246 1781 3315 ille,
1810 3233 1858 3297 C
1885 3239 2056 3311 gratia
2084 3235 2273 3293 salvati
2302 3248 2489 3289 sumus
2512 3247 2611 3303 per
2640 3231 2823 3297 ﬁdem,
2851 3228 3035 3285 ethoc
3066 3229 3242 3299 ipsum
3275 3240 3383 3280 non
3414 3241 3483 3281 ex

216 3338 491 3395 sedeamus.
516 3338 627 3395 Sed
658 3340 748 3408 qui
773 3338 1006 3411 diligens
1036 3342 1207 3396 lector
1231 3347 1336 3405 est,
1356 3337 1533 3395 statim
1559 3338 1788 3411 requirit

218 3438 263 3483 et
284 3430 404 3485 dicit
426 3449 441 3485 :
463 3430 606 3498 Quid
639 3445 804 3502 ergo,
837 3430 1010 3501 major
1042 3431 1207 3486 homo
1260 3430 1473 3501 angelis
1497 3438 1553 3486 et
1577 3430 1788 3487 cunctis

220 3522 262 3576 in
286 3522 414 3579 cmlo
435 3524 834 3593 potestatibus?
861 3522 1014 3590 Quod
1045 3525 1169 3594 quia
1204 3523 1571 3594 periculosum
1599 3532 1682 3579 est
1710 3538 1791 3579 re-

220 3616 499 3683 spondere:
528 3616 871 3688 principatus
897 3625 951 3671 et
980 3626 1280 3688 potestates
1300 3658 1316 3684 ,
1361 3625 1418 3671 et
1447 3618 1705 3684 virtutes,
1735 3626 1792 3673 et

220 3708 614 3779 dominationes,
645 3721 709 3768 et
731 3727 896 3768 omne
926 3727 1126 3768 nomen
1154 3712 1300 3782 quod
1345 3712 1656 3768 nominatur
1682 3729 1792 3771 non

222 3801 375 3857 solum
395 3804 449 3861 in
469 3803 581 3861 hoc
604 3805 841 3873 saeculo,
889 3804 985 3860 sed
1028 3804 1189 3860 etiam
1222 3804 1275 3859 in
1305 3805 1486 3860 futttro
1514 3802 1535 3876 (
1561 3805 1794 3862 maxime

223 3896 330 3964 quia
350 3897 529 3952 omnia
556 3894 759 3955 Christi
810 3896 1053 3966 subjecta
1095 3905 1225 3952 sunt
1260 3894 1530 3968 pedibus)
1571 3912 1680 3952 non
1726 3896 1793 3953 ad

223 3987 395 4045 bonam
424 3998 656 4061 partem,
682 3990 779 4046 sed
809 3988 878 4045 ad
925 3988 1253 4045 contrariam
1285 3987 1486 4045 referet
1512 4006 1524 4042 :
1549 3998 1607 4045 ut
1653 3989 1799 4046 dicat

223 4096 301 4137 eas
321 4097 435 4140 esse
461 4085 683 4154 angelos
713 4082 948 4154 refugas,
972 4091 1030 4139 et
1055 4081 1351 4153 principem
1401 4081 1584 4137 mundi
1615 4080 1796 4152 istius,

225 4182 271 4228 et
286 4173 584 4233 Luciferum
604 4176 695 4248 qui
720 4190 880 4232 mane
900 4175 1196 4245 oriebatur,
1219 4188 1385 4246 super
1412 4174 1608 4247 quibus
1630 4174 1802 4232 sancti

226 4280 328 4323 cum
352 4267 565 4325 Christo
588 4270 641 4326 in
674 4269 783 4325 line
804 4268 1005 4324 sessuri
1035 4277 1201 4334 sunt,
1233 4267 1337 4323 illis
1391 4281 1606 4339 quoque
1626 4268 1649 4296 ε
1709 4266 1805 4322 tri-

150 4398 155 4405 -
227 4359 428 4418 buentes
449 4361 791 4428 beneﬁcium,
818 4361 911 4433 qui
930 4376 1073 4416 nunc
1099 4359 1291 4417 infreni
1318 4372 1369 4416 et
1392 4360 1531 4416 male
1557 4360 1807 4417 libertate

227 4469 308 4510 sua
334 4455 612 4513 abutentes
667 4455 866 4526 passim
913 4451 1327 4526 vagantnrlAl.
1368 4452 1703 4526 vagentur],
1754 4463 1810 4525 et

230 4562 311 4617 per
351 4548 637 4620 pracipitia
663 4546 1059 4620 corruunt[Al.
1090 4544 1410 4619 corruant],
1436 4557 1805 4617 peccatorum.

1892 3332 2078 3396 nobis,
2109 3328 2206 3384 sed
2235 3343 2303 3382 ex
2329 3341 2557 3382 munere
2587 3323 2718 3390 Dei,
2752 3323 2945 3379 dit-ens
2974 3339 2987 3375 :
3020 3318 3198 3393 Ipsius
3224 3319 3363 3374 enim
3396 3322 3486 3389 [ao

1890 3433 2043 3479 ctura
2059 3437 2263 3488 sumus,
2288 3430 2391 3475 noc
2420 3417 2696 3488 est,qnod
2718 3416 2978 3482 vivimus,
3007 3413 3156 3486 quod
3184 3414 3483 3484 spiramus,

1891 3516 2033 3589 quod
2057 3514 2411 3586 intelligimus
2434 3556 2449 3582 ,
2475 3522 2531 3568 et
2551 3510 2779 3567 credere
2810 3522 3100 3579 possumus
3119 3548 3135 3575 ,
3168 3505 3339 3577 ipsius
3370 3516 3487 3573 est,

1891 3610 2016 3681 quia
2048 3608 2163 3678 ipse
2192 3606 2443 3663 conditor
2473 3614 2661 3660 noster
2691 3612 2795 3659 est.
2828 3601 2896 3657 Et
2920 3600 3212 3671 diligenter
3234 3598 3486 3666 observa,

1894 3702 2016 3772 quia
2051 3715 2155 3756 non
2187 3698 2419 3764 dixerit,
2454 3697 2620 3768 ipsius
2662 3694 2911 3768 ﬁguratio
2949 3710 3132 3748 sumus
3166 3702 3319 3763 atque
3342 3691 3492 3763 plas-

1897 3795 2059 3850 ntatio
2091 3811 2109 3849 :
2141 3794 2256 3861 sed,
2290 3793 2455 3862 ipsius
2497 3792 2703 3862 factura
2736 3806 2936 3845 sumus.
2970 3787 3268 3844 Plasmatio
3294 3787 3496 3857 quippe

1898 3888 2167 3958 originem
2208 3886 2277 3942 de
2313 3896 2477 3942 terra:
2517 3885 2645 3941 limo
2683 3882 2848 3939 trahit
2880 3901 2891 3938 :
2926 3882 3135 3938 factura
3174 3894 3303 3935 vero
3335 3878 3492 3947 juxta

1897 3982 2309 4040 similitudinem
2352 3988 2409 4037 et
2446 3978 2736 4050 imaginem
2775 3977 2871 4032 Dei
2912 3975 3146 4044 sumpsit
3179 3970 3485 4027 exordium.

1900 4074 2057 4144 Quod
2086 4076 2139 4130 in
2167 4074 2472 4129 centesimo
2492 4086 2708 4142 quoque
2728 4078 2921 4126 octavo
2943 4067 3162 4122 decimo
3188 4065 3394 4133 psalmo
3417 4064 3494 4116 si-

1904 4167 2014 4222 mul
2039 4167 2271 4238 positum
2292 4164 2509 4221 diversa
2559 4161 2833 4234 signiﬁcat
2863 4178 2875 4214 :
2910 4158 3100 4215 Manus
3125 4165 3228 4214 tua:
3256 4157 3489 4227 fecerunt

1905 4277 2009 4327 me,
2046 4270 2094 4316 et
2134 4258 2521 4333 plasmauerunt
2566 4273 2644 4312 nte
2682 4254 2863 4328 (Psal.
2906 4268 3057 4323 xvnt,
3097 4252 3214 4323 73).
3260 4251 3494 4306 Factura

1910 4357 2146 4427 primum
2195 4354 2371 4409 locum
2420 4359 2615 4408 tenet:
2654 4348 2856 4406 deinde
2897 4343 3203 4419 plasmatio.
3256 4344 3321 4400 Et
3369 4343 3497 4413 quia

1910 4447 2234 4517 creationis,
2267 4454 2324 4503 et
2355 4445 2688 4503 conditionis
2722 4457 2919 4498 nomen
2956 4439 3024 4496 ad
3060 4453 3251 4511 magna
3280 4451 3500 4508 semper

1913 4545 2057 4601 solet
2090 4558 2254 4614 opera
2286 4540 2558 4612 copulari,
2590 4538 2744 4596 verbi
2793 4552 3000 4593 causa:
3054 4535 3142 4590 illa
3196 4533 3326 4588 urbs
3369 4548 3500 4588 con-

230 4639 347 4696 Cum
366 4651 545 4699 autem
573 4641 710 4698 tales
734 4640 1023 4696 habuerint
1042 4654 1309 4705 sessores,
1327 4638 1481 4710 juxta
1498 4640 1806 4696 sedentium
1833 4626 1889 4689 D
1913 4637 2022 4692 dita
2066 4644 2174 4702 est,
2214 4643 2271 4690 et
2311 4635 2380 4693 ab
2417 4632 2574 4689 initio
2617 4640 2833 4689 creatus
2865 4641 2950 4687 est
2982 4628 3233 4696 mundus,
3261 4627 3426 4700 578
3447 4636 3504 4683 et

233 4731 540 4790 voluntatem
562 4732 822 4805 incipient
849 4732 1162 4803 gubernari.
1209 4730 1358 4786 Alius
1385 4745 1514 4787 vero
1537 4730 1639 4786 hoc
1664 4730 1810 4802 quod

233 4822 297 4879 ait
322 4843 336 4879 :
364 4836 419 4881 ut
443 4827 729 4883 ostenderet
747 4826 804 4880 in
829 4825 1032 4880 swculis
1049 4823 1521 4894 supervenientibus
1541 4823 1815 4881 abundan-

235 4927 298 4973 tes
319 4920 515 4977 divitias
534 4922 718 4994 gratia
743 4935 853 4975 sure
878 4920 932 4973 in
955 4918 1179 4973 bonitate
1202 4933 1363 4986 supra
1390 4933 1504 4986 nos,
1536 4916 1590 4972 in
1610 4916 1817 4973 Christo

234 5009 368 5081 less,
395 5012 464 5069 ad
488 5013 630 5070 illam
684 5010 1092 5084 intelligentiam
1137 5010 1458 5078 transferet,
1515 5011 1661 5081 quod
1709 5027 1819 5068 non

301 5227 327 5257 ι
353 5218 611 5292 integrius
636 5217 769 5289 legit
795 5218 1074 5292 Ruﬁnus,
1102 5228 1150 5272 et
1169 5232 1324 5292 super
1376 5231 1525 5271 omne
1552 5231 1762 5292 nomen
1794 5256 1810 5283 ,

242 5289 365 5360 quod
392 5286 719 5346 nominatum
736 5300 832 5355 est,
859 5307 966 5345 non
994 5286 1163 5345 solum
1201 5288 1256 5342 in
1283 5288 1379 5341 Itoc
1404 5286 1626 5360 saeculo,
1645 5286 1736 5342 sed
1766 5297 1814 5344 et

243 5355 288 5413 in
300 5362 486 5430 futuro.
509 5370 557 5417 et
567 5376 664 5417 nos
678 5361 986 5427 sedebimus,
1002 5360 1426 5431 regnabimusqtte
1446 5374 1564 5412 cum
1585 5355 1814 5427 Christo,

243 5443 335 5487 etc.
361 5432 571 5489 Confer.
596 5433 689 5487 lib.
717 5448 777 5497 ll,
807 5449 953 5487 num.
984 5433 1054 5487 55
1076 5442 1132 5487 et
1153 5446 1308 5501 seqq.

309 5510 336 5549 δ
364 5504 555 5560 lterum
587 5505 747 5573 paulo
773 5505 930 5559 aliter
960 5503 1206 5568 Rufinus,
1258 5517 1414 5574 super
1442 5502 1544 5568 Itis,
1573 5510 1638 5574 et
1666 5516 1821 5574 super

247 5591 350 5642 quis
366 5576 500 5630 sedet
524 5571 632 5644 ille,
664 5586 773 5632 etc.
797 5575 967 5631 Porro
989 5589 1150 5645 quem
1176 5574 1264 5628 hic
1282 5572 1341 5629 S.
1372 5574 1566 5645 Doctor
1590 5571 1821 5645 diligen-

251 5655 345 5701 tetn
378 5648 624 5704 luctorem
646 5656 824 5710 vocat,
869 5643 1157 5713 Origenetn
1186 5660 1309 5700 esse
1358 5660 1465 5698 non
1514 5643 1817 5699 diffitetnr:

254 5718 685 5783 quemadmodum
708 5727 763 5774 et
782 5733 929 5783 eum,
947 5717 1017 5773 de
1036 5733 1143 5787 quo
1174 5714 1398 5771 inferius
1430 5714 1611 5787 subdit
1641 5731 1655 5787 ;
1683 5716 1832 5772 Alius

253 5804 360 5859 sero
388 5788 631 5859 Itacbnod
646 5791 747 5855 ait,
767 5799 873 5845 etc.
896 5785 1291 5859 Apollinarium
1314 5785 1495 5857 prodit
1521 5786 1794 5842 exstitisse
1819 5804 1832 5842 :

260 5857 385 5933 Nos,
415 5857 579 5934 inquit
610 5860 705 5920 lib.
738 5876 756 5920 ι
786 5857 974 5920 contra
995 5860 1275 5933 Rulinum,
1330 5859 1582 5933 triplicem
1629 5859 1836 5933 exposi-

1918 4729 2292 4803 unusquisque
2339 4735 2653 4784 sanctorum
2706 4741 2800 4797 per
2845 4722 2993 4779 varia
3041 4723 3293 4792 dogmata
3342 4730 3509 4790 atque

1917 4826 2166 4893 virtutes,
2199 4824 2254 4879 in
2284 4822 2585 4892 semetipso
2619 4818 2853 4877 mundus
2880 4827 2964 4873 est
2992 4825 3137 4872 totus
3169 4832 3181 4869 :
3216 4824 3509 4885 propterea

1921 4935 2068 4977 nunc
2095 4920 2263 4975 creati
2293 4918 2345 4974 in
2369 4916 2589 4972 Christo
2618 4916 2868 4980 dicimur,
2888 4923 2944 4968 et
2971 4911 3141 4968 creati
3172 4909 3227 4965 in
3250 4908 3508 4981 operibus

1925 5014 2084 5072 bonis
2111 5019 2227 5073 sive
2251 5028 2373 5087 quae
2403 5012 2506 5085 ipsi
2533 5011 2785 5080 fecimus,
2816 5009 2901 5066 vel
2928 5006 3121 5065 facturi
3146 5018 3335 5061 sumus
3355 5043 3370 5066 ,
3395 5001 3511 5058 sive

1915 5219 2104 5273 tionem
2136 5217 2402 5286 posuimus
2433 5231 2451 5286 ς
2483 5215 2539 5269 in
2570 5215 2760 5282 prima,
2789 5213 2915 5285 quid
2946 5211 3093 5286 nobis
3120 5208 3378 5286 videretur
3411 5222 3428 5259 :

1917 5278 2182 5356 secunda,
2239 5288 2363 5359 quid
2415 5278 2667 5359 Origenes
2716 5278 3117 5359 apponeret:_i_n
3152 5280 3330 5359 tertia,
3359 5278 3516 5359 quid

1918 5348 2279 5432 Apollinarius
2298 5348 2601 5432 simpliciter
2626 5348 2927 5432 explanant
2960 5371 2978 5432 ς
3010 5352 3097 5432 ιιῇί
3125 5358 3180 5406 et
3232 5348 3373 5417 quod
3401 5352 3463 5432 Di
3481 5348 3520 5403 i-

1919 5425 2115 5503 géneﬁm
2142 5431 2276 5503 dixit
2298 5425 2609 5503 diligentem
2637 5429 2892 5503 lectorem
2923 5425 3169 5503 pluribus
3200 5430 3442 5503 excusat.

1997 5506 2019 5535 ε
2053 5502 2203 5572 Legit
2233 5490 2515 5572 presbvter
2534 5490 3023 5572 Aquileiensis;
3046 5490 3368 5572 ﬁnenstzguli
3388 5504 3524 5572 *ερε-

1925 5576 2037 5629 astri
2075 5562 2194 5628 sunt
2221 5562 2247 5627 :-
2268 5571 2376 5627 illis
2397 5562 2620 5643 'quoque
2644 5570 2900 5643 tribuente
2916 5566 2949 5643 ¹(
2975 5564 3127 5643 idest
3154 5562 3361 5617 Christo
3388 5563 3525 5643 )‘be-

1930 5645 2193 5715 neﬁciant,
2221 5645 2311 5713 qui
2342 5634 2478 5715 nunc
2497 5634 2709 5715 infreni,
2748 5650 2796 5715 et
2824 5634 2957 5715 {nale
2980 5634 3215 5715 libertate
3249 5649 3341 5687 sua
3386 5634 3523 5687 abst.

1934 5707 2130 5784 tentes,
2174 5707 2282 5771 eti.
2344 5707 2600 5783 Equidem
2635 5725 2738 5784 pro
2760 5707 3123 5784 infretti,_qnat
3176 5713 3361 5784 tamen
3416 5719 3528 5774 prin

1936 5777 2127 5845 Rufini
2148 5788 2379 5845 lectione
2406 5777 2605 5856 placet,
2637 5777 2742 5855 legi
2774 5777 2956 5835 inalim
2986 5778 3041 5836 in
3064 5784 3235 5842 recto,
3277 5777 3527 5851 infrenos.
