3962 6338
460 315 559 375 ιιι

1718 313 1779 373 S.
1822 309 2100 373 EUSEBII
2137 309 2520 372 HIERONYMI

3633 312 3725 369 ιη

461 433 515 487 in
548 429 669 486 aliis
693 430 983 500 creaturis,
1024 430 1091 486 ad
1122 446 1245 502 quae
1275 438 1458 486 nostra
1487 429 1838 487 conversatio
1867 439 2051 486 trans-
2081 429 2138 494 Δ
2161 446 2276 486 vere
2305 427 2591 500 Israelites,
2637 430 2691 485 in
2731 445 2831 500 quo
2875 429 3027 486 dolus
3071 445 3177 484 non
3206 439 3282 484 est
3321 428 3514 500 (Joan.
3559 444 3597 496 t,
3621 431 3720 502 47).

467 524 690 582 ferenda
721 535 826 592 est,
855 535 913 580 ιιι
939 540 1062 596 quae
1095 526 1421 595 praeparavit
1452 525 1613 594 Deus,
1641 524 1694 579 in
1719 523 1826 579 illis
1859 524 2051 580 ambu-

466 619 666 682 lcmus,
692 634 788 688 spe
817 633 1006 689 magna
1033 618 1147 688 jam
1177 617 1336 674 nobis
1357 617 1505 684 data,
1528 616 1656 673 dum
1680 617 1735 673 in
1760 617 1844 673 his
1864 617 2057 673 ambu-

469 710 632 766 laturi
671 725 880 778 sumus,
909 725 1032 781 quae
1063 710 1208 765 Deus
1248 725 1578 782 magnopere
1612 710 1960 783 praeparavit.
1995 711 2061 766 Et

466 806 594 875 quia
619 805 788 860 semel
813 803 878 858 ad
897 819 1094 859 nomen
1116 813 1382 860 creatura:
1402 805 1677 874 venimus,
1702 813 1757 860 et
1778 803 2058 874 Sapientia

471 900 525 954 in
575 896 890 953 Proverbiis
919 896 1230 954 Salomonis
1273 897 1406 953 dicit
1449 911 1509 952 se
1554 906 1797 954 creatam
1842 895 2057 952 initium

467 993 676 1047 viarum
695 989 980 1062 Dci(Prov.
1012 991 1663 1062 v1tt),multiquetimore,
1693 1007 1760 1046 ne
1783 989 2059 1046 Christum

469 1095 778 1140 creaturam
808 1084 993 1140 dicere
1022 1085 1421 1154 compellantur
1443 1125 1458 1153 ,
1498 1092 1671 1139 totum
1702 1082 1907 1138 Christi
1944 1099 2061 1156 my-

469 1180 696 1235 sterium
736 1187 959 1248 negant,
993 1190 1049 1234 ut
1069 1179 1285 1246 dicant,
1315 1195 1420 1235 non
1451 1178 1729 1234 Christum
1755 1179 1810 1234 in
1841 1179 1943 1235 hac
1968 1194 2061 1234 sa-

469 1273 703 1342 pientia,
725 1272 820 1328 sed
843 1272 1032 1328 mundi
1051 1272 1376 1343 sapientiam
1407 1271 1703 1344 signiﬁcari
1729 1291 1739 1326 :
1766 1288 1866 1328 nos
1890 1272 2062 1328 libere

467 1363 894 1433 proclamannts,
930 1379 1039 1419 non
1064 1379 1186 1420 esse
1218 1364 1516 1435 periculum
1546 1379 1673 1419 eum
1703 1364 1884 1420 dicere
1908 1379 2062 1419 crea-

469 1466 668 1520 turam,
703 1473 866 1526 quem
895 1473 1158 1525 vermem,
1192 1467 1248 1513 et
1279 1457 1587 1524 hominem,
1617 1465 1674 1513 et
1699 1457 2020 1513 cruciﬁxum
2041 1498 2058 1526 ,

471 1563 526 1608 et
554 1552 1024 1621 maledictionem,
1061 1561 1175 1608 tota
1201 1554 1316 1624 spei
1359 1563 1559 1608 nostra:
1611 1551 1802 1607 ﬁducia
1837 1551 2059 1623 proﬁte-

470 1661 633 1700 mur:
679 1645 913 1701 maxime
938 1661 1061 1701 cum
1090 1662 1153 1702 ex
1188 1645 1398 1701 duobus
1433 1645 1725 1702 versiculis
1763 1660 1886 1716 quae
1923 1661 2060 1715 prac-

471 1738 816 1808 cedunt,ipsa
840 1739 1108 1809 sapientia
1130 1737 1408 1809 promittat
1431 1753 1492 1794 se
1511 1753 1632 1794 esse
1645 1736 1915 1792 dicturam
1935 1752 2060 1808 quae

2163 523 2269 578 Alii
2298 525 2391 594 qui
2421 539 2521 580 nec
2546 538 2714 579 carne
2739 537 2840 579 nec
2863 524 3062 594 spiritu
3089 522 3402 579 circumcisi
3423 525 3725 594 sunt,qualis

2162 615 2261 671 fuit
2288 615 2792 672 Nabuchodonosor
2827 625 2884 671 et
2913 612 3130 671 Pharao
3152 655 3168 680 ,
3198 624 3256 670 et
3292 613 3455 670 hodie
3494 613 3729 671 Barbara-

2163 725 2283 765 rum
2321 719 2377 765 et
2415 709 2785 765 Romanarum
2831 707 3076 780 gentium
3124 706 3438 774 multitudo,
3485 721 3601 778 qua:
3637 723 3729 766 nou

2164 805 2396 862 credunt
2421 806 2473 860 in
2507 805 2700 861 Deum.
2731 803 2932 870 Tertii,
2965 803 3059 874 qui
3091 809 3300 858 tantum
3343 801 3396 856 itt
3433 816 3592 857 carne
3624 811 3733 859 suut

2164 898 2498 963 circumcisi,
2513 908 2564 954 et
2581 898 2830 968 spiritum
2843 896 3281 952 incircumcisum
3303 894 3526 963 habent,
3539 895 3600 950 ad
3615 910 3731 968 quos

2165 992 2427 1064 propheta
2459 991 2588 1047 dicit
2618 1009 2634 1048 z
2664 989 3109 1047 Circumcidimini
3155 988 3266 1043 Deo
3303 997 3492 1051 vestro,
3527 997 3572 1042 et
3599 988 3735 1044 nolite

2166 1086 2535 1142 circumcidere
2561 1102 2767 1140 carnem
2787 1086 3031 1157 pt'teputt'i
3057 1085 3213 1140 uestri
3234 1083 3458 1155 (Jerem.
3480 1098 3552 1151 tv,
3571 1082 3644 1154 4).
3678 1083 3734 1139 Et

2167 1179 2323 1236 alibi:
2342 1179 2532 1234 Omnes
2543 1190 2717 1253 gentes
2736 1178 3083 1234 incircumcisi
3103 1177 3212 1251 [AL
3233 1173 3607 1250 incircumcisa]
3633 1192 3737 1230 car-

2166 1289 2230 1326 ne
2265 1288 2284 1327 :
2317 1272 2500 1326 domus
2541 1287 2659 1326 vero
2695 1269 2865 1326 Israel
2913 1269 3263 1325 incircumcisi
3298 1275 3418 1323 sunt
3448 1267 3598 1323 corde
3633 1265 3740 1339 (Ie-

2165 1383 2291 1421 rem.
2321 1382 2396 1431 ιχ,
2420 1365 2490 1421 26
2512 1373 2552 1435 ).
2588 1365 2833 1422 Extremi
2864 1365 2932 1421 de
2966 1366 3164 1436 quibus
3193 1379 3337 1420 nunc
3370 1363 3599 1419 dicitur:
3623 1362 3740 1431 Quia

2165 1461 2447 1532 aliquando
2475 1477 2565 1516 vos
2591 1471 2769 1533 gentes
2787 1461 2841 1515 in
2867 1477 3022 1517 carne
3045 1502 3061 1526 ,
3099 1460 3190 1532 qui
3210 1460 3527 1516 dicebamini
3555 1475 3741 1530 praepu-

2165 1553 2293 1609 tium
2315 1554 2378 1607 ab
2395 1554 2779 1625 eaqutedieitur
2807 1552 3136 1608 circumcisio
3157 1553 3213 1606 in
3233 1568 3389 1606 carne
3417 1568 3576 1606 manu
3599 1552 3739 1623 facta,

2166 1646 2342 1720 qualis
2371 1646 2532 1702 hodie
2554 1649 2810 1704 universa
2839 1656 2921 1702 est
2947 1646 3100 1700 turba
3133 1645 3503 1710 credentium,
3535 1655 3588 1700 et
3613 1653 3744 1702 totus

2164 1754 2195 1796 e
2222 1739 2482 1812 gentibus
2505 1739 2737 1794 mundus
2767 1748 2851 1796 est
2879 1739 3093 1810 plenus.
3125 1736 3207 1793 Ad
3225 1737 3632 1794 distinctionem
3657 1736 3746 1807 igi-

471 1841 596 1902 pust
615 1833 811 1888 sarcula
833 1831 1161 1904 sunt(Prov.
1181 1833 1332 1904 χιιι).
1351 1833 1486 1889 Cum
1502 1841 1681 1888 autem
1697 1829 2066 1887 SteculaCht-i-
2098 1831 2152 1895 B
2177 1843 2265 1889 tur
2293 1833 2656 1904 spiritualium
2683 1835 2925 1904 gentium
2951 1831 3291 1897 Judazorum,
3322 1830 3545 1901 Ephesii
3574 1841 3747 1903 gentes

472 1935 588 1980 stus
627 1927 845 1993 fecerit,
879 1935 933 1982 et
957 1942 1077 1997 quas
1112 1926 1371 1995 deinceps
1402 1927 1672 1999 loquitur,
1704 1943 1766 1983 ea
1808 1927 1915 1984 sint
1944 1943 2067 1997 qua:

473 2029 596 2089 post
628 2021 823 2076 saecula
863 2021 1136 2076 dicturum
1164 2037 1223 2077 se
1251 2035 1374 2077 esse
1404 2022 1747 2092 promiserit,
1788 2021 1853 2076 ad
1887 2021 2066 2076 incar-

473 2113 710 2167 nationis
747 2113 1093 2186 mysterium,
1128 2129 1236 2170 non
1261 2113 1327 2169 ad
1367 2123 1616 2169 naturam
1650 2112 1746 2168 Dei
1779 2111 2066 2169 referenda

473 2218 598 2259 sunt
627 2218 747 2275 quae
779 2215 1109 2277 sequuntur:
1144 2207 1272 2262 licet
1300 2206 1353 2262 iu
1381 2205 1624 2262 Hebraeis
1647 2204 1931 2260 codicibus
1957 2221 2063 2260 non

473 2297 764 2352 habeatur:
785 2307 807 2334 ⁸
823 2297 1079 2352 Dominus
1093 2300 1284 2353 creavit
1302 2298 1596 2354 meinitium
1610 2299 1814 2352 viarum
1827 2314 2065 2354 suarum:

474 2389 604 2456 sed,
637 2389 895 2446 Dominus
934 2391 1158 2460 possedit
1198 2409 1296 2446 me.
1341 2391 1490 2447 Inter
1526 2392 1931 2462 possessionem
1970 2406 2067 2446 au-

474 2494 602 2546 tem,
619 2496 672 2540 et
697 2485 1029 2541 creationem
1045 2486 1209 2542 multa
1229 2487 1483 2542 distantia
1499 2495 1609 2542 est:
1625 2487 1754 2558 quia
1775 2486 1865 2558 qui
1891 2488 2066 2558 possi-

473 2578 662 2645 detur,
685 2582 730 2634 is
749 2580 934 2651 utique
957 2589 1212 2651 cstalque
1237 2579 1508 2649 subsiStit,
1535 2593 1591 2636 et
1619 2583 1645 2618 ι’
1665 2591 1751 2636 est
1784 2581 2061 2651 proprius,

471 2674 560 2744 qui
591 2675 925 2746 possidetur.
957 2676 1190 2733 Creator
1209 2691 1342 2732 vero
1379 2675 1472 2732 ille
1501 2676 1592 2746 qui
1621 2691 1730 2730 non
1760 2685 1879 2731 erat
1911 2689 2066 2730 antc-

469 2785 630 2840 quam
666 2772 820 2826 ﬁeret
857 2789 870 2826 :
902 2781 996 2826 aut
1025 2781 1179 2828 certe
1206 2772 1272 2827 de
1298 2788 1363 2828 eo
1387 2772 1531 2843 quod
1563 2780 1702 2840 erat,
1732 2771 2064 2827 transfertur

474 2867 526 2920 in
548 2867 720 2932 aliud,
751 2868 891 2922 sicut
913 2876 970 2921 et
1003 2883 1105 2923 nos
1135 2883 1280 2922 nunc
1305 2866 1476 2923 creati
1498 2866 1735 2922 dicimur
1761 2867 1812 2920 in
1846 2865 2064 2921 Christo

469 2960 622 3016 Jesu.
651 2961 834 3015 Creati
867 2962 1051 3030 utique
1075 3003 1088 3026 ,
1117 2976 1223 3016 non
1252 2964 1376 3033 quia
1407 2970 1532 3016 ante
1556 2977 1662 3016 non
1703 2959 1903 3016 fuimus
1924 3001 1940 3028 ,
1967 2963 2062 3017 sed

470 3057 640 3110 creati
689 3056 741 3110 in
792 3055 1051 3123 Operibus
1105 3055 1284 3111 bonis.
1328 3055 1483 3123 Quod
1531 3054 1696 3110 David
1738 3071 1958 3127 quoque
2010 3057 2061 3110 itt

470 3151 682 3221 psalmo
732 3149 1180 3220 quinquagesimo
1233 3151 1600 3220 deprecatur,
1661 3151 1852 3206 dicens
1898 3167 1912 3204 :
1962 3150 2063 3205 Cor

2173 1936 2440 1981 vocantur
2464 1927 2518 1981 itt
2542 1941 2730 1993 carne,
2747 1925 2874 1996 quia
2903 1907 3201 1981 sccundutn
3228 1925 3482 1995 spiritunt
3506 1924 3748 1981 Israelita:

2170 2031 2320 2080 sunt.
2368 2021 2504 2077 Nam
2539 2031 2594 2078 et
2626 2022 2680 2077 itt
2717 2021 2828 2077 alio
2865 2021 2987 2076 loco
3021 2035 3282 2076 carneum
3318 2020 3576 2076 lsraclem
3613 2018 3748 2075 Seri-

2171 2127 2324 2188 ptura
2340 2131 2779 2172 commemorans
2796 2117 2873 2172 ait
2891 2133 2905 2172 :
2935 2116 3118 2170 Videte
3143 2115 3320 2170 Israel
3339 2121 3625 2171 secundum
3643 2133 3748 2170 car-

2171 2228 2286 2265 nem
2309 2209 2354 2281 (l
2385 2209 2506 2265 Cor.
2541 2217 2597 2281 tt)
2627 2229 2638 2264 :
2673 2210 2800 2280 quia
2833 2212 2888 2265 itt
2916 2209 3113 2279 spiritu
3144 2225 3251 2265 non
3275 2219 3394 2265 erat
3425 2208 3614 2265 lsrael.
3647 2209 3752 2264 Pul-

2169 2302 2302 2357 chre
2331 2311 2515 2356 autem
2552 2301 2721 2356 etiam
2757 2299 2925 2356 verba
2959 2299 3274 2355 moderatus
3297 2307 3384 2356 est
3411 2317 3424 2355 :
3453 2300 3544 2370 qui
3563 2298 3751 2355 diceba-

2169 2395 2296 2450 mini
2338 2396 2674 2469 pra’pulium.
2723 2393 3060 2450 Dicebamini
3087 2439 3102 2464 ,
3158 2393 3370 2465 inquit,
3399 2396 3746 2465 praeputium,

2173 2499 2195 2527 σ
2221 2503 2321 2543 nec
2347 2487 2536 2554 eratis,
2568 2487 2636 2542 ab
2661 2501 2725 2542 ea
2758 2499 2883 2558 qute
2914 2485 3114 2541 dicitur
3141 2484 3494 2542 circumcisio
3517 2485 3573 2540 in
3601 2499 3752 2541 carne

2169 2599 2332 2638 manu
2362 2583 2522 2637 iacta.
2562 2581 2680 2637 Non
2705 2599 2814 2654 quo
2847 2583 2919 2637 sit
2960 2581 3332 2650 circumcisio,
3367 2581 3464 2637 Sed
3504 2597 3610 2656 quo
3649 2581 3750 2652 ipsa

2168 2678 2271 2732 sibi
2304 2677 2407 2732 hoc
2432 2691 2628 2732 nomen
2651 2686 2913 2746 assumat,
2939 2676 3221 2732 etsitvere
3237 2674 3588 2731 circumcisio
3605 2689 3750 2731 manu

2165 2772 2333 2839 facta,
2367 2787 2474 2826 non
2511 2773 2726 2842 spiritu.
2761 2771 2936 2827 Simul
2975 2780 3030 2826 et
3070 2770 3203 2826 illud
3249 2780 3330 2828 est
3367 2771 3748 2828 attendendum

2167 2863 2312 2935 quod
2350 2879 2452 2918 nos
2494 2879 2634 2935 quos
2678 2865 2796 2918 sine
2835 2861 3058 2919 Christo
3098 2863 3369 2918 alienatos
3411 2863 3680 2935 quondam
3721 2878 3749 2918 a

2167 2957 2586 3012 conversatione
2615 2956 2779 3030 580
2807 2955 2975 3010 Israel
3003 2970 3127 3010 esse
3150 2955 3512 3024 memoravit,
3537 2965 3596 3011 et
3613 2969 3752 3026 pere-

2166 3054 2352 3123 grinos
2391 3067 2420 3106 a
2465 3050 2925 3122 promissionibus
2963 3059 3019 3105 et
3057 3049 3413 3106 Testamento
3447 3050 3585 3106 Dei:
3616 3062 3747 3104 nunc

2170 3153 2456 3215 postquam
2487 3144 2540 3198 in
2569 3142 2849 3199 Christum
2880 3143 3220 3200 credidimus
3245 3186 3258 3208 ,
3290 3145 3436 3198 sicut
3467 3143 3750 3216 repromis-

469 3247 722 3299 muudum
748 3259 865 3299 crea
883 3245 937 3297 in
960 3260 1061 3308 me,
1085 3243 1222 3298 Deus
1245 3243 1418 3314 (Psal.
1441 3244 1628 3313 1.,ll).
1652 3243 1886 3300 Etcerte
1907 3260 2060 3298 mun-
2089 3227 2135 3290 Ο
2168 3242 2354 3298 siones
2383 3250 2440 3296 et
2479 3250 2803 3295 teStamenta
2839 3239 2958 3309 ejus
2993 3238 3325 3308 accepimus,
3357 3239 3432 3293 ita
3465 3252 3748 3295 conversa-

467 3341 596 3395 dum
627 3354 720 3393 cor
745 3348 871 3392 ante
900 3346 1178 3407 peccatum
1205 3337 1489 3402 habuerat,
1520 3337 1739 3408 quando
1768 3337 1836 3393 de
1858 3352 1923 3394 eo
1953 3337 2058 3392 Do-

469 3435 650 3487 minus
681 3430 1006 3497 loquebatur
1036 3447 1048 3484 :
1078 3428 1261 3485 Inveni
1296 3429 1468 3486 David
1495 3431 1666 3502 ﬁlium
1698 3431 1846 3486 Jesse
1875 3448 2059 3486 secun-

469 3527 595 3579 dum
633 3540 723 3578 cor
760 3539 932 3576 meum
969 3525 1106 3593 (Act.
1139 3540 1255 3590 xm,
1308 3523 1409 3596 22)
1444 3542 1456 3578 :
1495 3523 1591 3580 sed
1633 3534 1690 3579 ttt
1731 3525 1804 3579 ibi
1851 3527 2058 3582 creatio

467 3617 925 3672 instaurationem
955 3625 1114 3672 sonat
1144 3636 1158 3674 :
1193 3618 1263 3672 ita
1290 3629 1347 3674 et
1375 3619 1430 3672 in
1458 3619 1614 3673 nobis
1652 3629 1707 3674 et
1741 3621 1796 3674 in
1834 3616 2078 3675 Christo

464 3725 565 3781 per
592 3708 803 3779 singula
835 3724 1001 3778 opera
1026 3718 1081 3764 et
1111 3710 1411 3780 profectus,
1445 3721 1695 3766 creatura
1726 3723 1890 3782 atque
1921 3727 2055 3768 cou-

465 3801 601 3856 ditio
627 3802 806 3872 accipi
831 3812 1042 3872 potest:
1066 3813 1127 3857 ut
1152 3802 1400 3874 quotidie
1427 3803 1482 3858 in
1503 3803 1878 3870 credentibus,
1895 3805 2059 3878 579

465 3895 590 3963 quia
623 3895 772 3950 varie
799 3895 1098 3950 secundum
1127 3897 1316 3950 merita
1351 3897 1577 3952 diversa
1615 3907 1830 3954 montes
1861 3900 2056 3955 dicun-

467 3997 574 4047 tur.
608 3997 665 4042 et
695 3987 892 4055 valles,
928 3999 983 4044 et
1006 3988 1212 4055 colles,
1236 3999 1396 4061 atque
1421 3993 1781 4062 campestria,
1810 3991 2056 4050 Christus

463 4091 699 4146 creatus,
737 4091 896 4136 natus
919 4091 972 4136 et
992 4081 1240 4138 conditus
1270 4085 1360 4139 sit.

537 4173 717 4241 (Vers.
754 4174 869 4247 12.)
905 4175 1128 4249 PrOpter
1155 4178 1297 4250 quod
1328 4195 1573 4234 memores
1601 4191 1778 4251 estote,
1805 4184 1928 4254 quia
1956 4184 2057 4238 ali-

460 4268 666 4337 quando
687 4285 776 4322 vos
800 4279 972 4340 gentes
994 4271 1047 4324 in
1075 4288 1249 4336 carne,
1275 4273 1364 4342 qui
1387 4274 1698 4329 dicebamini
1720 4278 2054 4347 prteputium,

463 4359 527 4411 ob
553 4376 614 4413 ea
635 4377 750 4430 qua?
775 4360 1078 4431 appellatur
1109 4365 1437 4419 circumcisio
1454 4366 1509 4419 in
1533 4383 1688 4422 carne
1713 4384 1871 4422 manu
1895 4375 2056 4438 facta:

459 4455 706 4523 quoniam
738 4458 892 4511 eratis
920 4458 1014 4510 illo
1047 4467 1278 4530 tempore
1324 4460 1434 4514 sine
1481 4458 1711 4530 Christo,
1759 4463 1980 4518 alienati
2026 4482 2057 4518 ιι

461 4549 846 4602 conversatione
874 4548 1061 4620 Israel,
1096 4562 1142 4606 et
1173 4554 1432 4625 peregrini
1472 4566 1896 4612 testamentorum
1927 4578 2049 4630 pro-

2168 3337 2372 3392 tionem
2422 3349 2640 3405 quoque
2685 3333 2888 3389 habere
2930 3332 3182 3388 dicamur
3221 3333 3394 3389 Israel
3434 3352 3448 3388 :
3491 3331 3752 3404 quomodo

2165 3428 2515 3485 conversatio
2545 3428 2804 3483 universa
2841 3426 3039 3497 legalis
3061 3427 3316 3496 ettpletnr
3344 3426 3397 3481 in
3423 3427 3584 3482 nobis
3603 3468 3618 3492 ,
3638 3426 3752 3498 quia

2163 3522 2420 3578 videlicet
2450 3523 2537 3577 lex
2554 3521 2857 3592 Spirituulis
2883 3530 2987 3586 est,
3014 3530 3068 3576 et
3092 3522 3264 3592 magis
3285 3520 3748 3589 circnmcidamur,

2163 3627 2218 3674 et
2248 3617 2650 3672 sabbatizemus
2674 3611 2700 3651 (³
2726 3615 2778 3669 iit
2801 3614 3026 3685 spiritu,
3064 3615 3378 3685 spirituales
3404 3616 3657 3671 victimas
3675 3613 3750 3668 oi-

2162 3711 2406 3767 l'erentes
2439 3728 2450 3764 :
2485 3709 2702 3764 illorutn
2741 3709 2946 3779 tetnplo
2982 3707 3254 3779 altarique
3286 3708 3590 3764 destructis
3621 3725 3634 3763 :
3664 3721 3754 3762 nos

2167 3805 2281 3862 Deo
2323 3806 2600 3860 fructuum
2646 3814 2969 3860 nostrorum
3017 3803 3262 3859 decimas
3299 3803 3598 3860 oll‘erantus
3625 3821 3638 3858 :
3665 3816 3753 3859 nos

2161 3899 2511 3954 immolemus
2552 3912 2758 3969 agnum
2804 3897 3236 3966 immaculatum,
3267 3909 3324 3952 et
3352 3897 3591 3952 accincti
3626 3897 3751 3952 lum-

2163 3992 2286 4060 bos,
2327 3993 2572 4063 expediti
2620 3990 2829 4046 Pascha
2862 3990 3238 4046 comedatnus.
3281 3992 3436 4047 Sicut
3473 3992 3617 4048 enim
3654 3989 3750 4047 cir-

2163 4087 2428 4142 cumcisio
2455 4085 2657 4142 dicitur
2680 4085 2730 4140 in
2763 4101 2929 4141 carne
2953 4101 3113 4140 mantt
3137 4085 3280 4142 facta
3314 4102 3328 4139 :
3361 4087 3437 4141 ita
3468 4086 3539 4141 ad
3566 4086 3748 4142 disﬁn-

2161 4182 2398 4235 ctionem
2429 4180 2544 4248 ejus
2577 4179 2897 4250 intelligitur
2923 4179 3028 4234 alia
3057 4195 3184 4236 esse
3209 4179 3566 4236 circumcisio
3589 4222 3604 4248 ,
3638 4193 3749 4250 quin

2161 4288 2270 4329 non
2301 4273 2373 4328 sit
2403 4270 2511 4345 [AL
2541 4269 2727 4345 sicut],
2761 4282 2819 4326 ut
2839 4271 3103 4337 diximus,
3138 4286 3304 4326 manu
3333 4272 3502 4338 facta,
3537 4273 3630 4327 sed
3652 4272 3752 4342 spi-

2163 4371 2287 4426 ritu.
2309 4371 2464 4439 Quod
2484 4381 2666 4426 autem
2693 4372 2802 4425 ait:
2831 4368 2989 4438 Spem
3013 4385 3118 4423 non
3150 4369 3415 4438 habentes,
3442 4377 3492 4423 et
3523 4368 3636 4423 sine
3652 4366 3747 4420 Deo

2162 4466 2216 4520 in
2246 4464 2440 4518 munda
2475 4481 2493 4519 :
2526 4480 2632 4518 non
2666 4479 2772 4533 quo
2803 4464 2986 4533 plures
3011 4463 3175 4528 deus,
3205 4472 3502 4533 antequam
3529 4466 3580 4517 itt
3603 4460 3747 4518 Cbri-

2163 4569 2302 4612 stum
2331 4557 2659 4623 crederent,
2696 4556 2917 4626 Ephesii
2951 4572 3057 4610 non
3094 4556 3385 4611 habuerint
3414 4599 3426 4621 ,
3456 4563 3625 4628 atque
3659 4570 3746 4609 ve-

462 4638 725 4694 missionis
753 4638 861 4711 [ΑΙ.
888 4645 1360 4719 repromissionis],
1388 4663 1528 4716 spem
1557 4664 1659 4703 non
1691 4628 1960 4721 habentes,
2007 4664 2054 4707 et
2083 4628 2136 4689 Ῑ)
2161 4652 2333 4706 nerati
2367 4651 2508 4717 sint;
2543 4651 2638 4706 sed
2671 4665 2779 4719 quo
2810 4651 3253 4720 quiabsquelieo
3267 4665 3397 4705 vero
3423 4693 3432 4700 .
3454 4650 3518 4716 it,
3549 4648 3745 4704 nullum

460 4731 571 4784 sine
601 4728 711 4785 Deo
740 4732 795 4785 in
827 4735 1040 4789 ntundo.
1080 4737 1285 4793 Gentes
1337 4739 1600 4810 Ephesios
1653 4745 1706 4798 in
1743 4761 1909 4800 carne
1951 4761 2049 4800 Vu-

454 4838 610 4887 cans,
645 4825 886 4881 ostendit
912 4828 962 4880 itt
982 4829 1176 4897 spiritu
1203 4846 1324 4886 esse
1348 4850 1454 4888 non
1477 4847 1668 4905 gentes
1690 4857 1700 4891 :
1721 4837 1864 4893 sicut
1882 4855 2050 4894 econ-

460 4917 630 4970 trariu
654 4916 824 4971 Judaei
849 4919 899 4972 in
924 4921 1116 4989 spiritu
1144 4932 1338 4992 gentes
1356 4936 1573 4990 sunt,et
1605 4928 1655 4982 in
1683 4946 1847 4986 catne
1877 4931 2050 4988 Israc-

454 5009 588 5065 litre.
613 5011 1013 5077 Qttath-ifarium
1039 5015 1200 5084 igitur
1221 5015 1391 5073 διιόωὶ
1410 5019 1727 5078 dividuntur
1746 5032 1806 5078 et
1832 5037 2043 5095 gentes.

453 5103 559 5158 Alii
603 5116 728 5158 sunt
759 5104 812 5160 in
848 5122 1016 5162 Carne
1053 5108 1398 5180 circumcisi,
1430 5123 1485 5168 et
1520 5115 1570 5168 in
1610 5118 1803 5184 Spiritu
1829 5162 1842 5183 ,
1868 5121 2045 5190 qualis

451 5194 554 5249 fuit
595 5197 805 5268 Moyses
837 5210 891 5254 et
923 5205 1127 5269 Aaron,
1162 5205 1412 5271 Apostoli
1438 5216 1491 5261 et
1523 5207 1847 5277 Nalltattael,
1885 5215 2043 5281 cujus

447 5292 725 5345 occultum
771 5291 1109 5350 Judaismum
1160 5296 1423 5354 Dominus
1473 5299 1694 5358 intuens
1747 5305 1861 5360 ait:
1907 5307 2042 5367 Ecce

521 5483 547 5511 α
575 5472 631 5528 1η
663 5471 1084 5533 Commentariis
1115 5479 1168 5533 in
1201 5479 1354 5534 Isaize
1397 5498 1541 5546 xxvr,
1594 5485 1662 5540 15
1690 5505 1700 5539 :
1736 5485 1803 5540 Et
1845 5488 1911 5542 de
1940 5505 2030 5543 sa—

2159 4745 2321 4799 deum
2347 4744 2568 4800 habeat.
2605 4746 2669 4800 Et
2695 4744 3070 4815 signiﬁcanter
3098 4745 3340 4798 additum
3370 4753 3494 4811 est,
3518 4745 3632 4798 sine
3650 4742 3749 4797 Deo

2155 4837 2210 4890 in
2238 4837 2451 4890 mundo.
2473 4837 2971 4907 llabebantquippe
3010 4837 3200 4903 Deum,
3227 4852 3393 4906 quem
3413 4851 3515 4892 eos
3545 4837 3747 4892 habitu-

2156 4945 2248 4986 ros
2269 4931 2412 4985 Deus
2442 4944 2568 4986 ante
2597 4938 2946 5001 Cognoverat,
2979 4939 3034 4985 et
3057 4930 3201 5001 apud
3225 4931 3628 5001 praescientiam
3662 4929 3746 4984 Dei

2154 5039 2262 5078 nou
2286 5035 2441 5079 erant
2461 5027 2578 5080 sine
2604 5026 2736 5090 Deo,
2771 5025 2864 5080 sed
2899 5027 2952 5081 in
2983 5027 3184 5080 mundo
3205 5035 3363 5081 erant
3383 5027 3596 5096 absque
3618 5025 3742 5081 Deo.

2227 5120 2409 5187 (Vers.
2441 5120 2528 5184 15,
2551 5119 2662 5189 id.)
2688 5117 2844 5174 Nunc
2869 5129 3041 5174 autem
3066 5121 3120 5174 in
3155 5119 3360 5175 Christo
3387 5117 3526 5176 Iesu
3556 5137 3644 5174 vos
3663 5119 3746 5190 qui

2149 5214 2434 5287 aliquando
2474 5215 2627 5268 eratis
2657 5213 2827 5288 longe,
2877 5216 3004 5284 facti
3043 5216 3164 5270 estis
3206 5231 3368 5284 prope
3405 5217 3464 5268 in
3499 5215 3744 5286 sanguine

2152 5311 2342 5367 Christi
2367 5328 2384 5376 ;
2412 5312 2520 5382 ipse
2544 5322 2616 5365 est
2645 5312 2784 5365 enim
2810 5326 2921 5380 paa:
2951 5320 3150 5368 nostra.
3197 5311 3339 5367 Deus
3392 5311 3601 5382 ubique
3640 5317 3737 5371 est,

2144 5491 2281 5550 Vide
2308 5507 2432 5563 qute
2451 5491 2516 5546 ad
2542 5491 2659 5546 hzec
2682 5506 2782 5547 nos
2805 5493 2920 5548 loca
2948 5493 3382 5548 observavimus.

443 5546 638 5628 pientia
667 5546 906 5628 legimus,
921 5565 1038 5618 qua:
1049 5554 1205 5628 jtta'ta
1224 5551 1541 5628 Ilebraicum
1561 5556 1790 5628 loquitur
1812 5561 1865 5613 in
1896 5559 2032 5616 Pro-

442 5618 627 5699 qerbiis
660 5632 680 5671 :
714 5618 855 5699 Deus
897 5618 1140 5699 posse-dit
1171 5640 1256 5677 me
1281 5625 1499 5699 initium
1531 5618 1738 5682 Vitli'lllll
1771 5645 1990 5688 suarum
2014 5676 2028 5699 ,

447 5688 564 5743 licet
591 5690 829 5765 quaedam
846 5694 1161 5762 exentplaria
1186 5697 1317 5748 male
1339 5713 1432 5765 pro
1461 5701 1788 5765 possessione
1803 5688 2032 5760 habeant

448 5769 760 5814 creaturam.
789 5761 941 5817 Paria
976 5761 1059 5817 Itis
1091 5765 1257 5832 habet
1275 5761 1412 5822 et'tn
1439 5761 1813 5827 Commentar.
1847 5775 1901 5829 in
1929 5777 2029 5832 Mi-

449 5832 597 5886 chcae
623 5846 744 5901 cap.
769 5845 844 5899 tv,
867 5844 921 5889 et
941 5834 993 5890 itt
1014 5836 1173 5906 epist.
1205 5829 1326 5906 MO,
1357 5839 1425 5894 ad
1445 5839 1774 5911 Cyprianum
1802 5829 2024 5904 nutu—.76.

2211 5563 2238 5602 δ
2267 5563 2368 5620 Atii
2408 5564 2557 5636 libri,
2592 5573 2638 5617 et
2667 5565 2851 5633 quiest
2886 5565 3148 5634 proprius,
3182 5566 3502 5636 possidetur.

2214 5647 2235 5673 ο
2282 5637 2394 5688 Duo
2427 5635 2824 5690 Cistercienses
2853 5651 3012 5704 mss.,
3045 5644 3091 5690 et
3118 5635 3273 5691 eratis
3303 5637 3366 5692 ab
3397 5652 3496 5706 ea,
3532 5646 3664 5705 etc.,
3693 5635 3741 5692 id

2138 5715 2246 5770 est,
2279 5707 2521 5772 aberatis,
2551 5719 2658 5762 etc.

2133 5852 2170 5903 α
2207 5775 2235 5814 ἀ
2265 5776 2430 5903 Ιὶιιῗιιι
2457 5794 2614 5847 mss.,
2648 5778 3019 5835 sabbatisemus
3052 5796 3144 5836 nos
3183 5782 3236 5837 in
3266 5775 3482 5854 spiritu,
3513 5783 3740 5839 victimas

2172 5865 2349 5903 eseren
2379 5865 2451 5903 es.

2172 5865 2311 5906 εδεη
2320 5858 2430 5904 ηερε
2438 5889 2451 5902 .
