  <div class='ocr_page' id='page_1' title='image "/cluster/home/n/w/nwhite01/storage/ocr_20150623/26/hvd.32044015471402/242.png"; bbox 0 0 3962 6338; ppageno 0'>
   <div class='ocr_carea' id='block_1_1' title="bbox 231 303 3479 372">
    <p class='ocr_par' dir='ltr' id='par_1_1' title="bbox 231 303 3479 372">
     <span class='ocr_line' id='line_1_1' title="bbox 231 303 3479 372; baseline -0.002 -1"><span class='ocrx_word' id='word_1_1' title='bbox 231 312 316 372; x_wconf 71' lang='grc' dir='ltr'>Πὸ</span> <span class='ocrx_word' id='word_1_2' title='bbox 689 307 1344 368; x_wconf 69' lang='grc' dir='ltr'><strong>(ΞΟΜΜΕΝΤΑΒΙΟΠΗΜ</strong></span> <span class='ocrx_word' id='word_1_3' title='bbox 1383 307 1448 364; x_wconf 72' lang='grc' dir='ltr'>ιΝ</span> <span class='ocrx_word' id='word_1_4' title='bbox 1493 303 1882 364; x_wconf 70' lang='lat' dir='ltr'><strong>EPISTOLA&#39;M</strong></span> <span class='ocrx_word' id='word_1_5' title='bbox 1925 306 2014 363; x_wconf 79' lang='lat' dir='ltr'><strong>AD</strong></span> <span class='ocrx_word' id='word_1_6' title='bbox 2055 305 2394 364; x_wconf 80' lang='lat' dir='ltr'><strong>EPIIESIOS</strong></span> <span class='ocrx_word' id='word_1_7' title='bbox 2433 303 2565 363; x_wconf 81' lang='lat' dir='ltr'><strong>LIB.</strong></span> <span class='ocrx_word' id='word_1_8' title='bbox 2609 303 2649 361; x_wconf 93' lang='grc' dir='ltr'><strong>Ι.</strong></span> <span class='ocrx_word' id='word_1_9' title='bbox 2693 303 2848 363; x_wconf 85' lang='lat' dir='ltr'><strong>CAP.</strong></span> <span class='ocrx_word' id='word_1_10' title='bbox 2893 305 2959 366; x_wconf 90' lang='lat' dir='ltr'><strong>ll.</strong></span> <span class='ocrx_word' id='word_1_11' title='bbox 3371 307 3479 366; x_wconf 71' lang='grc'><strong>474</strong></span> 
     </span>
    </p>
   </div>
   <div class='ocr_carea' id='block_1_2' title="bbox 224 421 3486 500">
    <p class='ocr_par' dir='ltr' id='par_1_2' title="bbox 224 421 3486 500">
     <span class='ocr_line' id='line_1_2' title="bbox 224 421 3486 500; baseline -0.002 -12"><span class='ocrx_word' id='word_1_12' title='bbox 224 440 270 489; x_wconf 89' lang='lat' dir='ltr'><strong>et</strong></span> <span class='ocrx_word' id='word_1_13' title='bbox 293 438 426 486; x_wconf 88' lang='lat' dir='ltr'><strong>lotus</strong></span> <span class='ocrx_word' id='word_1_14' title='bbox 452 427 646 500; x_wconf 89' lang='lat' dir='ltr'><strong>ubique</strong></span> <span class='ocrx_word' id='word_1_15' title='bbox 668 435 773 492; x_wconf 85' lang='lat' dir='ltr'><strong>est,</strong></span> <span class='ocrx_word' id='word_1_16' title='bbox 806 443 837 484; x_wconf 91' lang='lat' dir='ltr'><strong>a</strong></span> <span class='ocrx_word' id='word_1_17' title='bbox 863 443 970 499; x_wconf 92' lang='lat' dir='ltr'><strong>quo</strong></span> <span class='ocrx_word' id='word_1_18' title='bbox 997 428 1119 500; x_wconf 87' lang='lat' dir='ltr'><strong>quis</strong></span> <span class='ocrx_word' id='word_1_19' title='bbox 1143 434 1322 498; x_wconf 92' lang='lat' dir='ltr'><strong>potest</strong></span> <span class='ocrx_word' id='word_1_20' title='bbox 1348 424 1619 496; x_wconf 87' lang='lat' dir='ltr'><strong>separari,</strong></span> <span class='ocrx_word' id='word_1_21' title='bbox 1652 439 1774 480; x_wconf 91' lang='lat' dir='ltr'><strong>cum</strong></span> <span class='ocrx_word' id='word_1_22' title='bbox 1803 431 1859 494; x_wconf 71' lang='grc' dir='ltr'>Α</span> <span class='ocrx_word' id='word_1_23' title='bbox 1882 431 1995 490; x_wconf 90' lang='lat' dir='ltr'><strong>tur,</strong></span> <span class='ocrx_word' id='word_1_24' title='bbox 2027 425 2081 478; x_wconf 89' lang='lat' dir='ltr'><strong>in</strong></span> <span class='ocrx_word' id='word_1_25' title='bbox 2126 424 2401 495; x_wconf 84' lang='lat' dir='ltr'><strong>semetipso</strong></span> <span class='ocrx_word' id='word_1_26' title='bbox 2429 439 2450 479; x_wconf 90' lang='lat'><strong><em>:</em></strong></span> <span class='ocrx_word' id='word_1_27' title='bbox 2485 432 2706 495; x_wconf 78' lang='lat' dir='ltr'><strong>propter</strong></span> <span class='ocrx_word' id='word_1_28' title='bbox 2734 422 2908 481; x_wconf 67' lang='lat' dir='ltr'><strong>Graeci</strong></span> <span class='ocrx_word' id='word_1_29' title='bbox 2948 422 3287 496; x_wconf 82' lang='lat' dir='ltr'><strong>pronominis</strong></span> <span class='ocrx_word' id='word_1_30' title='bbox 3311 421 3339 463; x_wconf 71' lang='grc' dir='ltr'><strong>ιι</strong></span> <span class='ocrx_word' id='word_1_31' title='bbox 3369 438 3486 480; x_wconf 89' lang='lat' dir='ltr'><strong>am-</strong></span> 
     </span>
    </p>
   </div>
   <div class='ocr_carea' id='block_1_3' title="bbox 221 518 1768 593">
    <p class='ocr_par' dir='ltr' id='par_1_3' title="bbox 221 518 1768 593">
     <span class='ocr_line' id='line_1_3' title="bbox 221 518 1768 593; baseline -0.006 -12"><span class='ocrx_word' id='word_1_32' title='bbox 221 524 270 581; x_wconf 90' lang='lat' dir='ltr'><strong>in</strong></span> <span class='ocrx_word' id='word_1_33' title='bbox 292 537 351 579; x_wconf 91' lang='lat' dir='ltr'><strong>eo</strong></span> <span class='ocrx_word' id='word_1_34' title='bbox 379 522 484 575; x_wconf 88' lang='lat' dir='ltr'><strong>sint</strong></span> <span class='ocrx_word' id='word_1_35' title='bbox 507 519 724 575; x_wconf 82' lang='lat' dir='ltr'><strong>omnia?</strong></span> <span class='ocrx_word' id='word_1_36' title='bbox 749 531 804 576; x_wconf 89' lang='lat' dir='ltr'><strong>et</strong></span> <span class='ocrx_word' id='word_1_37' title='bbox 829 520 946 591; x_wconf 88' lang='lat' dir='ltr'><strong>ipse</strong></span> <span class='ocrx_word' id='word_1_38' title='bbox 980 535 1079 592; x_wconf 90' lang='lat' dir='ltr'><strong>per</strong></span> <span class='ocrx_word' id='word_1_39' title='bbox 1116 519 1438 593; x_wconf 88' lang='lat' dir='ltr'><strong>prophetam</strong></span> <span class='ocrx_word' id='word_1_40' title='bbox 1470 518 1768 589; x_wconf 79' lang='lat' dir='ltr'><strong>loquatur:</strong></span> 
     </span>
    </p>
   </div>
   <div class='ocr_carea' id='block_1_4' title="bbox 221 609 1772 690">
    <p class='ocr_par' dir='ltr' id='par_1_4' title="bbox 221 609 1772 690">
     <span class='ocr_line' id='line_1_4' title="bbox 221 609 1772 690; baseline -0.004 -19"><span class='ocrx_word' id='word_1_41' title='bbox 221 616 319 690; x_wconf 81' lang='lat' dir='ltr'><strong>Ego</strong></span> <span class='ocrx_word' id='word_1_42' title='bbox 340 613 471 668; x_wconf 86' lang='lat' dir='ltr'><strong>Deus</strong></span> <span class='ocrx_word' id='word_1_43' title='bbox 492 613 942 685; x_wconf 73' lang='lat' dir='ltr'><strong>appropinquans,</strong></span> <span class='ocrx_word' id='word_1_44' title='bbox 975 623 1021 670; x_wconf 91' lang='lat' dir='ltr'><strong>et</strong></span> <span class='ocrx_word' id='word_1_45' title='bbox 1043 630 1143 669; x_wconf 90' lang='lat' dir='ltr'><strong>non</strong></span> <span class='ocrx_word' id='word_1_46' title='bbox 1173 613 1237 667; x_wconf 89' lang='lat' dir='ltr'><strong>de</strong></span> <span class='ocrx_word' id='word_1_47' title='bbox 1273 614 1422 684; x_wconf 83' lang='lat' dir='ltr'><strong>longe</strong></span> <span class='ocrx_word' id='word_1_48' title='bbox 1443 609 1576 686; x_wconf 82' lang='lat' dir='ltr'><strong>(Jer.</strong></span> <span class='ocrx_word' id='word_1_49' title='bbox 1617 625 1772 679; x_wconf 81' lang='lat' dir='ltr'><strong>xxut,</strong></span> 
     </span>
    </p>
   </div>
   <div class='ocr_carea' id='block_1_5' title="bbox 221 705 1772 782">
    <p class='ocr_par' dir='ltr' id='par_1_5' title="bbox 221 705 1772 782">
     <span class='ocr_line' id='line_1_5' title="bbox 221 705 1772 782; baseline -0.005 -17"><span class='ocrx_word' id='word_1_50' title='bbox 221 711 321 782; x_wconf 69' lang='grc'><strong>25).</strong></span> <span class='ocrx_word' id='word_1_51' title='bbox 354 710 413 764; x_wconf 84' lang='lat' dir='ltr'><strong>Et</strong></span> <span class='ocrx_word' id='word_1_52' title='bbox 442 707 727 763; x_wconf 85' lang='lat' dir='ltr'><strong>Psalmista</strong></span> <span class='ocrx_word' id='word_1_53' title='bbox 771 716 1003 764; x_wconf 79' lang='lat' dir='ltr'><strong>testatur</strong></span> <span class='ocrx_word' id='word_1_54' title='bbox 1033 727 1048 763; x_wconf 89' lang='lat'><strong>:</strong></span> <span class='ocrx_word' id='word_1_55' title='bbox 1084 707 1145 764; x_wconf 89' lang='lat' dir='ltr'><strong>Si</strong></span> <span class='ocrx_word' id='word_1_56' title='bbox 1175 709 1454 763; x_wconf 83' lang='lat' dir='ltr'><strong>ascendere</strong></span> <span class='ocrx_word' id='word_1_57' title='bbox 1482 707 1533 761; x_wconf 89' lang='lat' dir='ltr'><strong>in</strong></span> <span class='ocrx_word' id='word_1_58' title='bbox 1567 705 1772 769; x_wconf 77' lang='lat' dir='ltr'><strong>ctelum,</strong></span> 
     </span>
    </p>
   </div>
   <div class='ocr_carea' id='block_1_6' title="bbox 218 800 1776 873">
    <p class='ocr_par' dir='ltr' id='par_1_6' title="bbox 218 800 1776 873">
     <span class='ocr_line' id='line_1_6' title="bbox 218 800 1776 873; baseline -0.001 -15"><span class='ocrx_word' id='word_1_59' title='bbox 218 818 303 860; x_wconf 72' lang='lat' dir='ltr'><strong>nIn</strong></span> <span class='ocrx_word' id='word_1_60' title='bbox 353 804 460 859; x_wconf 88' lang='lat' dir='ltr'><strong>illic</strong></span> <span class='ocrx_word' id='word_1_61' title='bbox 532 819 584 857; x_wconf 88' lang='lat' dir='ltr'><strong>es</strong></span> <span class='ocrx_word' id='word_1_62' title='bbox 640 820 660 859; x_wconf 91' lang='lat'><strong><em>:</em></strong></span> <span class='ocrx_word' id='word_1_63' title='bbox 718 805 764 859; x_wconf 91' lang='lat' dir='ltr'><strong>si</strong></span> <span class='ocrx_word' id='word_1_64' title='bbox 827 803 1142 859; x_wconf 81' lang='lat' dir='ltr'><strong>descendere</strong></span> <span class='ocrx_word' id='word_1_65' title='bbox 1204 805 1258 857; x_wconf 88' lang='lat' dir='ltr'><strong>in</strong></span> <span class='ocrx_word' id='word_1_66' title='bbox 1299 804 1556 873; x_wconf 75' lang='lat' dir='ltr'><strong>infernum</strong></span> <span class='ocrx_word' id='word_1_67' title='bbox 1587 844 1602 868; x_wconf 94' lang='lat'><strong>,</strong></span> <span class='ocrx_word' id='word_1_68' title='bbox 1653 800 1776 856; x_wconf 83' lang='lat' dir='ltr'><strong>ades</strong></span> 
     </span>
    </p>
   </div>
   <div class='ocr_carea' id='block_1_7' title="bbox 217 896 1776 971">
    <p class='ocr_par' dir='ltr' id='par_1_7' title="bbox 217 896 1776 971">
     <span class='ocr_line' id='line_1_7' title="bbox 217 896 1776 971; baseline -0.001 -19"><span class='ocrx_word' id='word_1_69' title='bbox 217 897 317 971; x_wconf 85' lang='lat' dir='ltr'><strong>(Ps.</strong></span> <span class='ocrx_word' id='word_1_70' title='bbox 342 912 598 964; x_wconf 81' lang='lat' dir='ltr'><strong>cxxxvm,</strong></span> <span class='ocrx_word' id='word_1_71' title='bbox 623 896 702 968; x_wconf 90' lang='lat'><strong>8).</strong></span> <span class='ocrx_word' id='word_1_72' title='bbox 734 896 870 954; x_wconf 91' lang='lat' dir='ltr'><strong>Cum</strong></span> <span class='ocrx_word' id='word_1_73' title='bbox 909 898 1080 970; x_wconf 79' lang='lat' dir='ltr'><strong>igitur</strong></span> <span class='ocrx_word' id='word_1_74' title='bbox 1107 900 1160 954; x_wconf 93' lang='lat' dir='ltr'><strong>in</strong></span> <span class='ocrx_word' id='word_1_75' title='bbox 1188 912 1256 955; x_wconf 91' lang='lat' dir='ltr'><strong>eo</strong></span> <span class='ocrx_word' id='word_1_76' title='bbox 1287 897 1397 953; x_wconf 91' lang='lat' dir='ltr'><strong>sint</strong></span> <span class='ocrx_word' id='word_1_77' title='bbox 1417 898 1623 962; x_wconf 82' lang='lat' dir='ltr'><strong>omnia,</strong></span> <span class='ocrx_word' id='word_1_78' title='bbox 1647 911 1776 967; x_wconf 85' lang='lat' dir='ltr'><strong>pro-</strong></span> 
     </span>
    </p>
   </div>
   <div class='ocr_carea' id='block_1_8' title="bbox 213 988 1775 1063">
    <p class='ocr_par' dir='ltr' id='par_1_8' title="bbox 213 988 1775 1063">
     <span class='ocr_line' id='line_1_8' title="bbox 213 988 1775 1063; baseline -0.002 -16"><span class='ocrx_word' id='word_1_79' title='bbox 213 993 285 1047; x_wconf 89' lang='lat' dir='ltr'><strong>cul</strong></span> <span class='ocrx_word' id='word_1_80' title='bbox 316 1000 484 1046; x_wconf 90' lang='lat' dir='ltr'><strong>tamen</strong></span> <span class='ocrx_word' id='word_1_81' title='bbox 515 1005 636 1047; x_wconf 85' lang='lat' dir='ltr'><strong>esse</strong></span> <span class='ocrx_word' id='word_1_82' title='bbox 674 991 744 1046; x_wconf 91' lang='lat' dir='ltr'><strong>ab</strong></span> <span class='ocrx_word' id='word_1_83' title='bbox 775 992 958 1063; x_wconf 90' lang='lat' dir='ltr'><strong>impiis</strong></span> <span class='ocrx_word' id='word_1_84' title='bbox 987 990 1190 1047; x_wconf 88' lang='lat' dir='ltr'><strong>dicitur</strong></span> <span class='ocrx_word' id='word_1_85' title='bbox 1221 990 1373 1062; x_wconf 83' lang='lat' dir='ltr'><strong>juxta</strong></span> <span class='ocrx_word' id='word_1_86' title='bbox 1410 989 1540 1045; x_wconf 90' lang='lat' dir='ltr'><strong>illud</strong></span> <span class='ocrx_word' id='word_1_87' title='bbox 1573 1007 1586 1044; x_wconf 92' lang='lat'><strong>:</strong></span> <span class='ocrx_word' id='word_1_88' title='bbox 1620 988 1775 1060; x_wconf 87' lang='lat' dir='ltr'><strong>longe</strong></span> 
     </span>
    </p>
   </div>
   <div class='ocr_carea' id='block_1_9' title="bbox 213 1084 1775 1157">
    <p class='ocr_par' dir='ltr' id='par_1_9' title="bbox 213 1084 1775 1157">
     <span class='ocr_line' id='line_1_9' title="bbox 213 1084 1775 1157; baseline -0.002 -17"><span class='ocrx_word' id='word_1_89' title='bbox 213 1095 276 1140; x_wconf 77' lang='lat' dir='ltr'><strong>est</strong></span> <span class='ocrx_word' id='word_1_90' title='bbox 295 1084 535 1138; x_wconf 77' lang='lat' dir='ltr'><strong>Dominus</strong></span> <span class='ocrx_word' id='word_1_91' title='bbox 564 1085 629 1138; x_wconf 86' lang='lat' dir='ltr'><strong>ub</strong></span> <span class='ocrx_word' id='word_1_92' title='bbox 660 1085 837 1157; x_wconf 86' lang='lat' dir='ltr'><strong>impiis</strong></span> <span class='ocrx_word' id='word_1_93' title='bbox 884 1085 1070 1156; x_wconf 85' lang='lat' dir='ltr'><strong>(Prov.</strong></span> <span class='ocrx_word' id='word_1_94' title='bbox 1119 1101 1210 1156; x_wconf 81' lang='lat' dir='ltr'><strong>xv,</strong></span> <span class='ocrx_word' id='word_1_95' title='bbox 1259 1084 1375 1157; x_wconf 69' lang='lat'><strong>29).</strong></span> <span class='ocrx_word' id='word_1_96' title='bbox 1417 1085 1534 1140; x_wconf 85' lang='lat' dir='ltr'><strong>Iste</strong></span> <span class='ocrx_word' id='word_1_97' title='bbox 1585 1100 1614 1139; x_wconf 87' lang='lat' dir='ltr'><strong>a</strong></span> <span class='ocrx_word' id='word_1_98' title='bbox 1667 1098 1775 1156; x_wconf 88' lang='lat' dir='ltr'><strong>quo</strong></span> 
     </span>
    </p>
   </div>
   <div class='ocr_carea' id='block_1_10' title="bbox 211 1177 1774 1250">
    <p class='ocr_par' dir='ltr' id='par_1_10' title="bbox 211 1177 1774 1250">
     <span class='ocr_line' id='line_1_10' title="bbox 211 1177 1774 1250; baseline 0.001 -18"><span class='ocrx_word' id='word_1_99' title='bbox 211 1177 343 1246; x_wconf 86' lang='lat' dir='ltr'><strong>impii</strong></span> <span class='ocrx_word' id='word_1_100' title='bbox 367 1179 520 1248; x_wconf 89' lang='lat' dir='ltr'><strong>longe</strong></span> <span class='ocrx_word' id='word_1_101' title='bbox 548 1187 697 1244; x_wconf 87' lang='lat' dir='ltr'><strong>sunt,</strong></span> <span class='ocrx_word' id='word_1_102' title='bbox 738 1178 950 1234; x_wconf 90' lang='lat' dir='ltr'><strong>vicinus</strong></span> <span class='ocrx_word' id='word_1_103' title='bbox 987 1189 1070 1236; x_wconf 91' lang='lat' dir='ltr'><strong>est</strong></span> <span class='ocrx_word' id='word_1_104' title='bbox 1113 1181 1340 1235; x_wconf 87' lang='lat' dir='ltr'><strong>sanctis.</strong></span> <span class='ocrx_word' id='word_1_105' title='bbox 1374 1179 1620 1250; x_wconf 85' lang='lat' dir='ltr'><strong>Denique</strong></span> <span class='ocrx_word' id='word_1_106' title='bbox 1650 1193 1774 1234; x_wconf 88' lang='lat' dir='ltr'><strong>cum</strong></span> 
     </span>
    </p>
   </div>
   <div class='ocr_carea' id='block_1_11' title="bbox 210 1268 1774 1344">
    <p class='ocr_par' dir='ltr' id='par_1_11' title="bbox 210 1268 1774 1344">
     <span class='ocr_line' id='line_1_11' title="bbox 210 1268 1774 1344; baseline 0.001 -18"><span class='ocrx_word' id='word_1_107' title='bbox 210 1268 596 1340; x_wconf 86' lang='lat' dir='ltr'><strong>etabEphesiis</strong></span> <span class='ocrx_word' id='word_1_108' title='bbox 623 1279 774 1327; x_wconf 87' lang='lat' dir='ltr'><strong>esset</strong></span> <span class='ocrx_word' id='word_1_109' title='bbox 800 1272 1020 1343; x_wconf 87' lang='lat' dir='ltr'><strong>procul,</strong></span> <span class='ocrx_word' id='word_1_110' title='bbox 1053 1273 1107 1328; x_wconf 87' lang='lat' dir='ltr'><strong>in</strong></span> <span class='ocrx_word' id='word_1_111' title='bbox 1135 1273 1400 1344; x_wconf 81' lang='lat' dir='ltr'><strong>sanguine</strong></span> <span class='ocrx_word' id='word_1_112' title='bbox 1438 1273 1567 1329; x_wconf 83' lang='lat' dir='ltr'><strong>Jesu</strong></span> <span class='ocrx_word' id='word_1_113' title='bbox 1605 1287 1774 1342; x_wconf 85' lang='lat' dir='ltr'><strong>prope</strong></span> 
     </span>
    </p>
   </div>
   <div class='ocr_carea' id='block_1_12' title="bbox 208 1361 1774 1435">
    <p class='ocr_par' dir='ltr' id='par_1_12' title="bbox 208 1361 1774 1435">
     <span class='ocr_line' id='line_1_12' title="bbox 208 1361 1774 1435; baseline 0.002 -19"><span class='ocrx_word' id='word_1_114' title='bbox 208 1361 278 1416; x_wconf 87' lang='lat' dir='ltr'><strong>eis</strong></span> <span class='ocrx_word' id='word_1_115' title='bbox 301 1361 466 1417; x_wconf 82' lang='lat' dir='ltr'><strong>iactus</strong></span> <span class='ocrx_word' id='word_1_116' title='bbox 482 1370 588 1417; x_wconf 80' lang='lat' dir='ltr'><strong>est.</strong></span> <span class='ocrx_word' id='word_1_117' title='bbox 616 1362 681 1418; x_wconf 83' lang='lat' dir='ltr'><strong>Et</strong></span> <span class='ocrx_word' id='word_1_118' title='bbox 704 1363 1021 1434; x_wconf 85' lang='lat' dir='ltr'><strong>diligentius</strong></span> <span class='ocrx_word' id='word_1_119' title='bbox 1041 1364 1382 1430; x_wconf 90' lang='lat' dir='ltr'><strong>intuendum,</strong></span> <span class='ocrx_word' id='word_1_120' title='bbox 1407 1365 1548 1435; x_wconf 88' lang='lat' dir='ltr'><strong>quod</strong></span> <span class='ocrx_word' id='word_1_121' title='bbox 1566 1364 1774 1434; x_wconf 86' lang='lat' dir='ltr'><strong>absque</strong></span> 
     </span>
    </p>
   </div>
   <div class='ocr_carea' id='block_1_13' title="bbox 207 1453 1774 1528">
    <p class='ocr_par' dir='ltr' id='par_1_13' title="bbox 207 1453 1774 1528">
     <span class='ocr_line' id='line_1_13' title="bbox 207 1453 1774 1528; baseline 0.001 -19"><span class='ocrx_word' id='word_1_122' title='bbox 207 1469 381 1509; x_wconf 86' lang='lat' dir='ltr'><strong>cruore</strong></span> <span class='ocrx_word' id='word_1_123' title='bbox 409 1453 623 1510; x_wconf 81' lang='lat' dir='ltr'><strong>Domini</strong></span> <span class='ocrx_word' id='word_1_124' title='bbox 663 1454 820 1522; x_wconf 85' lang='lat' dir='ltr'><strong>Jesu,</strong></span> <span class='ocrx_word' id='word_1_125' title='bbox 855 1471 1014 1513; x_wconf 82' lang='lat' dir='ltr'><strong>neruo</strong></span> <span class='ocrx_word' id='word_1_126' title='bbox 1046 1457 1441 1528; x_wconf 90' lang='lat' dir='ltr'><strong>appropinquet</strong></span> <span class='ocrx_word' id='word_1_127' title='bbox 1477 1457 1617 1522; x_wconf 86' lang='lat' dir='ltr'><strong>Deo,</strong></span> <span class='ocrx_word' id='word_1_128' title='bbox 1647 1455 1774 1527; x_wconf 87' lang='lat' dir='ltr'><strong>quia</strong></span> 
     </span>
    </p>
   </div>
   <div class='ocr_carea' id='block_1_14' title="bbox 206 1549 1774 1624">
    <p class='ocr_par' dir='ltr' id='par_1_14' title="bbox 206 1549 1774 1624">
     <span class='ocr_line' id='line_1_14' title="bbox 206 1549 1774 1624; baseline 0.003 -22"><span class='ocrx_word' id='word_1_129' title='bbox 206 1549 306 1619; x_wconf 89' lang='lat' dir='ltr'><strong>ipse</strong></span> <span class='ocrx_word' id='word_1_130' title='bbox 331 1554 411 1602; x_wconf 88' lang='lat' dir='ltr'><strong>est</strong></span> <span class='ocrx_word' id='word_1_131' title='bbox 437 1563 537 1618; x_wconf 79' lang='lat' dir='ltr'><strong>pax</strong></span> <span class='ocrx_word' id='word_1_132' title='bbox 572 1559 792 1618; x_wconf 86' lang='lat' dir='ltr'><strong>nostra,</strong></span> <span class='ocrx_word' id='word_1_133' title='bbox 824 1551 1015 1608; x_wconf 89' lang='lat' dir='ltr'><strong>dicens</strong></span> <span class='ocrx_word' id='word_1_134' title='bbox 1049 1572 1062 1606; x_wconf 89' lang='lat'><strong>:</strong></span> <span class='ocrx_word' id='word_1_135' title='bbox 1095 1569 1274 1624; x_wconf 89' lang='lat' dir='ltr'><strong>pacem</strong></span> <span class='ocrx_word' id='word_1_136' title='bbox 1296 1569 1460 1606; x_wconf 83' lang='lat' dir='ltr'><strong>meum</strong></span> <span class='ocrx_word' id='word_1_137' title='bbox 1482 1553 1550 1606; x_wconf 90' lang='lat' dir='ltr'><strong>do</strong></span> <span class='ocrx_word' id='word_1_138' title='bbox 1581 1552 1724 1607; x_wconf 90' lang='lat' dir='ltr'><strong>vobis</strong></span> <span class='ocrx_word' id='word_1_139' title='bbox 1757 1569 1774 1606; x_wconf 90' lang='lat'><strong><em>:</em></strong></span> 
     </span>
    </p>
   </div>
   <div class='ocr_carea' id='block_1_15' title="bbox 205 1643 1774 1716">
    <p class='ocr_par' dir='ltr' id='par_1_15' title="bbox 205 1643 1774 1716">
     <span class='ocr_line' id='line_1_15' title="bbox 205 1643 1774 1716; baseline 0.004 -23"><span class='ocrx_word' id='word_1_140' title='bbox 205 1657 362 1712; x_wconf 79' lang='lat' dir='ltr'><strong>pacem</strong></span> <span class='ocrx_word' id='word_1_141' title='bbox 385 1658 546 1696; x_wconf 86' lang='lat' dir='ltr'><strong>meam</strong></span> <span class='ocrx_word' id='word_1_142' title='bbox 559 1643 801 1715; x_wconf 77' lang='lat' dir='ltr'><strong>relinquo</strong></span> <span class='ocrx_word' id='word_1_143' title='bbox 823 1645 964 1700; x_wconf 80' lang='lat' dir='ltr'><strong>vobis</strong></span> <span class='ocrx_word' id='word_1_144' title='bbox 988 1645 1172 1716; x_wconf 80' lang='lat' dir='ltr'><strong>(Joan,</strong></span> <span class='ocrx_word' id='word_1_145' title='bbox 1197 1660 1314 1714; x_wconf 74' lang='grc' dir='ltr'><strong>ιιν,</strong></span> <span class='ocrx_word' id='word_1_146' title='bbox 1342 1645 1458 1716; x_wconf 75' lang='lat'><strong>27).</strong></span> <span class='ocrx_word' id='word_1_147' title='bbox 1489 1645 1774 1714; x_wconf 85' lang='lat' dir='ltr'><strong>Quomodo</strong></span> 
     </span>
    </p>
   </div>
   <div class='ocr_carea' id='block_1_16' title="bbox 205 1735 1777 1809">
    <p class='ocr_par' dir='ltr' id='par_1_16' title="bbox 205 1735 1777 1809">
     <span class='ocr_line' id='line_1_16' title="bbox 205 1735 1777 1809; baseline 0.002 -19"><span class='ocrx_word' id='word_1_148' title='bbox 205 1735 328 1790; x_wconf 88' lang='lat' dir='ltr'><strong>enim</strong></span> <span class='ocrx_word' id='word_1_149' title='bbox 353 1735 617 1806; x_wconf 88' lang='lat' dir='ltr'><strong>sapientia</strong></span> <span class='ocrx_word' id='word_1_150' title='bbox 650 1738 929 1809; x_wconf 90' lang='lat' dir='ltr'><strong>sapientes</strong></span> <span class='ocrx_word' id='word_1_151' title='bbox 955 1737 1121 1806; x_wconf 88' lang='lat' dir='ltr'><strong>facit,</strong></span> <span class='ocrx_word' id='word_1_152' title='bbox 1153 1747 1208 1794; x_wconf 95' lang='lat' dir='ltr'><strong>et</strong></span> <span class='ocrx_word' id='word_1_153' title='bbox 1243 1740 1453 1809; x_wconf 88' lang='lat' dir='ltr'><strong>justitia</strong></span> <span class='ocrx_word' id='word_1_154' title='bbox 1477 1739 1686 1809; x_wconf 87' lang='lat' dir='ltr'><strong>justos,</strong></span> <span class='ocrx_word' id='word_1_155' title='bbox 1720 1746 1777 1792; x_wconf 91' lang='lat' dir='ltr'><strong>et</strong></span> 
     </span>
    </p>
   </div>
   <div class='ocr_carea' id='block_1_17' title="bbox 1880 519 3477 595">
    <p class='ocr_par' dir='ltr' id='par_1_17' title="bbox 1880 519 3477 595">
     <span class='ocr_line' id='line_1_17' title="bbox 1880 519 3477 595; baseline 0 -21"><span class='ocrx_word' id='word_1_156' title='bbox 1880 519 2194 590; x_wconf 88' lang='lat' dir='ltr'><strong>bignitatem</strong></span> <span class='ocrx_word' id='word_1_157' title='bbox 2225 537 2239 578; x_wconf 93' lang='lat'>:</span> <span class='ocrx_word' id='word_1_158' title='bbox 2271 525 2321 576; x_wconf 74' lang='grc' dir='ltr'><strong>ἓν</strong></span> <span class='ocrx_word' id='word_1_159' title='bbox 2349 521 2488 595; x_wconf 77' lang='grc' dir='ltr'><strong>αὐτῷ</strong></span> <span class='ocrx_word' id='word_1_160' title='bbox 2514 519 2686 587; x_wconf 91' lang='lat' dir='ltr'><strong>enim,</strong></span> <span class='ocrx_word' id='word_1_161' title='bbox 2719 527 2775 576; x_wconf 86' lang='lat' dir='ltr'><strong>et</strong></span> <span class='ocrx_word' id='word_1_162' title='bbox 2815 521 2870 574; x_wconf 85' lang='lat' dir='ltr'><strong>in</strong></span> <span class='ocrx_word' id='word_1_163' title='bbox 2897 520 3191 593; x_wconf 86' lang='lat' dir='ltr'><strong>semetipso,</strong></span> <span class='ocrx_word' id='word_1_164' title='bbox 3225 529 3273 575; x_wconf 88' lang='lat' dir='ltr'><strong>et</strong></span> <span class='ocrx_word' id='word_1_165' title='bbox 3317 520 3372 574; x_wconf 88' lang='lat' dir='ltr'><strong>in</strong></span> <span class='ocrx_word' id='word_1_166' title='bbox 3394 535 3477 587; x_wconf 90' lang='lat' dir='ltr'><strong>ea,</strong></span> 
     </span>
    </p>
   </div>
   <div class='ocr_carea' id='block_1_18' title="bbox 1878 609 3484 684">
    <p class='ocr_par' dir='ltr' id='par_1_18' title="bbox 1878 609 3484 684">
     <span class='ocr_line' id='line_1_18' title="bbox 1878 609 3484 684; baseline 0.001 -18"><span class='ocrx_word' id='word_1_167' title='bbox 1878 609 1934 667; x_wconf 87' lang='lat' dir='ltr'><strong>id</strong></span> <span class='ocrx_word' id='word_1_168' title='bbox 1958 621 2061 678; x_wconf 87' lang='lat' dir='ltr'><strong>est,</strong></span> <span class='ocrx_word' id='word_1_169' title='bbox 2093 612 2503 684; x_wconf 88' lang='lat' dir='ltr'><strong>cruceintelligi</strong></span> <span class='ocrx_word' id='word_1_170' title='bbox 2537 620 2735 683; x_wconf 89' lang='lat' dir='ltr'><strong>potest,</strong></span> <span class='ocrx_word' id='word_1_171' title='bbox 2763 611 2888 682; x_wconf 83' lang='lat' dir='ltr'><strong>quia</strong></span> <span class='ocrx_word' id='word_1_172' title='bbox 2915 629 3070 682; x_wconf 81' lang='lat' dir='ltr'><strong>crux,</strong></span> <span class='ocrx_word' id='word_1_173' title='bbox 3104 613 3153 668; x_wconf 91' lang='lat' dir='ltr'><strong>id</strong></span> <span class='ocrx_word' id='word_1_174' title='bbox 3184 623 3291 680; x_wconf 87' lang='lat' dir='ltr'><strong>est,</strong></span> <span class='ocrx_word' id='word_1_175' title='bbox 3319 634 3484 672; x_wconf 77' lang='grc' dir='ltr'><strong>σταυ-</strong></span> 
     </span>
    </p>
   </div>
   <div class='ocr_carea' id='block_1_19' title="bbox 1877 705 3486 778">
    <p class='ocr_par' dir='ltr' id='par_1_19' title="bbox 1877 705 3486 778">
     <span class='ocr_line' id='line_1_19' title="bbox 1877 705 3486 778; baseline 0 -18"><span class='ocrx_word' id='word_1_176' title='bbox 1877 706 1990 778; x_wconf 55' lang='lat' dir='ltr'><strong>pse,</strong></span> <span class='ocrx_word' id='word_1_177' title='bbox 2027 705 2181 776; x_wconf 71' lang='lat' dir='ltr'><strong>justa</strong></span> <span class='ocrx_word' id='word_1_178' title='bbox 2219 705 2443 762; x_wconf 68' lang='lat' dir='ltr'><strong>Graecos</strong></span> <span class='ocrx_word' id='word_1_179' title='bbox 2482 706 2697 776; x_wconf 83' lang='lat' dir='ltr'><strong>generis</strong></span> <span class='ocrx_word' id='word_1_180' title='bbox 2740 706 3027 762; x_wconf 88' lang='lat' dir='ltr'><strong>masculini</strong></span> <span class='ocrx_word' id='word_1_181' title='bbox 3060 715 3165 762; x_wconf 90' lang='lat' dir='ltr'><strong>est.</strong></span> <span class='ocrx_word' id='word_1_182' title='bbox 3197 705 3311 763; x_wconf 81' lang='lat' dir='ltr'><strong>Lex</strong></span> <span class='ocrx_word' id='word_1_183' title='bbox 3349 723 3486 778; x_wconf 87' lang='lat' dir='ltr'><strong>quo-</strong></span> 
     </span>
    </p>
   </div>
   <div class='ocr_carea' id='block_1_20' title="bbox 1877 800 3482 873">
    <p class='ocr_par' dir='ltr' id='par_1_20' title="bbox 1877 800 3482 873">
     <span class='ocr_line' id='line_1_20' title="bbox 1877 800 3482 873; baseline 0.001 -19"><span class='ocrx_word' id='word_1_184' title='bbox 1877 815 1984 870; x_wconf 93' lang='lat' dir='ltr'><strong>que</strong></span> <span class='ocrx_word' id='word_1_185' title='bbox 2014 800 2392 856; x_wconf 85' lang='lat' dir='ltr'><strong>mandatorum</strong></span> <span class='ocrx_word' id='word_1_186' title='bbox 2418 803 2681 858; x_wconf 84' lang='lat' dir='ltr'><strong>subversa</strong></span> <span class='ocrx_word' id='word_1_187' title='bbox 2711 810 2798 857; x_wconf 89' lang='lat' dir='ltr'><strong>est</strong></span> <span class='ocrx_word' id='word_1_188' title='bbox 2825 801 2880 857; x_wconf 94' lang='lat' dir='ltr'><strong>in</strong></span> <span class='ocrx_word' id='word_1_189' title='bbox 2907 801 3256 872; x_wconf 74' lang='lat' dir='ltr'><strong>dogmatibus</strong></span> <span class='ocrx_word' id='word_1_190' title='bbox 3284 821 3297 856; x_wconf 89' lang='lat'><strong>:</strong></span> <span class='ocrx_word' id='word_1_191' title='bbox 3329 811 3482 873; x_wconf 85' lang='lat' dir='ltr'><strong>post-</strong></span> 
     </span>
    </p>
   </div>
   <div class='ocr_carea' id='block_1_21' title="bbox 1877 895 3481 966">
    <p class='ocr_par' dir='ltr' id='par_1_21' title="bbox 1877 895 3481 966">
     <span class='ocr_line' id='line_1_21' title="bbox 1877 895 3481 966; baseline 0.002 -18"><span class='ocrx_word' id='word_1_192' title='bbox 1877 909 2039 966; x_wconf 88' lang='lat' dir='ltr'><strong>quam</strong></span> <span class='ocrx_word' id='word_1_193' title='bbox 2081 895 2448 959; x_wconf 89' lang='lat' dir='ltr'><strong>circumcisio,</strong></span> <span class='ocrx_word' id='word_1_194' title='bbox 2482 905 2538 952; x_wconf 89' lang='lat' dir='ltr'><strong>et</strong></span> <span class='ocrx_word' id='word_1_195' title='bbox 2574 895 2962 965; x_wconf 86' lang='lat' dir='ltr'><strong>sabbatismus,</strong></span> <span class='ocrx_word' id='word_1_196' title='bbox 2995 896 3085 965; x_wconf 90' lang='lat' dir='ltr'><strong>qui</strong></span> <span class='ocrx_word' id='word_1_197' title='bbox 3134 895 3357 951; x_wconf 88' lang='lat' dir='ltr'><strong>relictus</strong></span> <span class='ocrx_word' id='word_1_198' title='bbox 3393 905 3481 953; x_wconf 86' lang='lat' dir='ltr'><strong>est</strong></span> 
     </span>
    </p>
   </div>
   <div class='ocr_carea' id='block_1_22' title="bbox 1879 989 3482 1061">
    <p class='ocr_par' dir='ltr' id='par_1_22' title="bbox 1879 989 3482 1061">
     <span class='ocr_line' id='line_1_22' title="bbox 1879 989 3482 1061; baseline 0.001 -18"><span class='ocrx_word' id='word_1_199' title='bbox 1879 990 2079 1060; x_wconf 87' lang='lat' dir='ltr'><strong>popqu</strong></span> <span class='ocrx_word' id='word_1_200' title='bbox 2120 989 2239 1056; x_wconf 90' lang='lat' dir='ltr'><strong>Dei,</strong></span> <span class='ocrx_word' id='word_1_201' title='bbox 2264 999 2318 1044; x_wconf 89' lang='lat' dir='ltr'><strong>et</strong></span> <span class='ocrx_word' id='word_1_202' title='bbox 2343 989 2576 1056; x_wconf 85' lang='lat' dir='ltr'><strong>Pascha,</strong></span> <span class='ocrx_word' id='word_1_203' title='bbox 2612 999 2673 1046; x_wconf 88' lang='lat' dir='ltr'><strong>et</strong></span> <span class='ocrx_word' id='word_1_204' title='bbox 2715 990 3065 1056; x_wconf 86' lang='lat' dir='ltr'><strong>Pentecoste,</strong></span> <span class='ocrx_word' id='word_1_205' title='bbox 3097 997 3153 1044; x_wconf 91' lang='lat' dir='ltr'><strong>et</strong></span> <span class='ocrx_word' id='word_1_206' title='bbox 3178 1005 3285 1046; x_wconf 92' lang='lat' dir='ltr'><strong>non</strong></span> <span class='ocrx_word' id='word_1_207' title='bbox 3315 1005 3482 1061; x_wconf 87' lang='lat' dir='ltr'><strong>appa-</strong></span> 
     </span>
    </p>
   </div>
   <div class='ocr_carea' id='block_1_23' title="bbox 1877 1081 3480 1154">
    <p class='ocr_par' dir='ltr' id='par_1_23' title="bbox 1877 1081 3480 1154">
     <span class='ocr_line' id='line_1_23' title="bbox 1877 1081 3480 1154; baseline 0.001 -17"><span class='ocrx_word' id='word_1_208' title='bbox 1877 1097 2002 1137; x_wconf 89' lang='lat' dir='ltr'><strong>rere</strong></span> <span class='ocrx_word' id='word_1_209' title='bbox 2043 1081 2204 1154; x_wconf 74' lang='lat'><strong>582</strong></span> <span class='ocrx_word' id='word_1_210' title='bbox 2253 1083 2304 1136; x_wconf 90' lang='lat' dir='ltr'><strong>in</strong></span> <span class='ocrx_word' id='word_1_211' title='bbox 2363 1090 2658 1152; x_wconf 90' lang='lat' dir='ltr'><strong>conspectu</strong></span> <span class='ocrx_word' id='word_1_212' title='bbox 2696 1081 2794 1138; x_wconf 89' lang='lat' dir='ltr'><strong>Dei</strong></span> <span class='ocrx_word' id='word_1_213' title='bbox 2835 1096 3097 1149; x_wconf 88' lang='lat' dir='ltr'><strong>vacuum,</strong></span> <span class='ocrx_word' id='word_1_214' title='bbox 3141 1090 3270 1137; x_wconf 91' lang='lat' dir='ltr'><strong>sunt</strong></span> <span class='ocrx_word' id='word_1_215' title='bbox 3318 1081 3480 1138; x_wconf 86' lang='lat' dir='ltr'><strong>altius</strong></span> 
     </span>
    </p>
   </div>
   <div class='ocr_carea' id='block_1_24' title="bbox 1878 1175 3479 1247">
    <p class='ocr_par' dir='ltr' id='par_1_24' title="bbox 1878 1175 3479 1247">
     <span class='ocr_line' id='line_1_24' title="bbox 1878 1175 3479 1247; baseline 0.001 -17"><span class='ocrx_word' id='word_1_216' title='bbox 1878 1175 2151 1231; x_wconf 88' lang='lat' dir='ltr'><strong>intellecta</strong></span> <span class='ocrx_word' id='word_1_217' title='bbox 2182 1190 2343 1247; x_wconf 91' lang='lat' dir='ltr'><strong>quam</strong></span> <span class='ocrx_word' id='word_1_218' title='bbox 2374 1183 2657 1243; x_wconf 88' lang='lat' dir='ltr'><strong>resonant,</strong></span> <span class='ocrx_word' id='word_1_219' title='bbox 2684 1186 2738 1230; x_wconf 91' lang='lat' dir='ltr'><strong>et</strong></span> <span class='ocrx_word' id='word_1_220' title='bbox 2766 1175 2835 1231; x_wconf 90' lang='lat' dir='ltr'><strong>ab</strong></span> <span class='ocrx_word' id='word_1_221' title='bbox 2860 1175 3151 1232; x_wconf 88' lang='lat' dir='ltr'><strong>occidente</strong></span> <span class='ocrx_word' id='word_1_222' title='bbox 3181 1175 3359 1234; x_wconf 90' lang='lat' dir='ltr'><strong>littera</strong></span> <span class='ocrx_word' id='word_1_223' title='bbox 3387 1192 3479 1232; x_wconf 91' lang='lat' dir='ltr'><strong>re-</strong></span> 
     </span>
    </p>
   </div>
   <div class='ocr_carea' id='block_1_25' title="bbox 1877 1267 3478 1342">
    <p class='ocr_par' dir='ltr' id='par_1_25' title="bbox 1877 1267 3478 1342">
     <span class='ocr_line' id='line_1_25' title="bbox 1877 1267 3478 1342; baseline 0.001 -17"><span class='ocrx_word' id='word_1_224' title='bbox 1877 1269 2160 1338; x_wconf 87' lang='lat' dir='ltr'><strong>cedentes,</strong></span> <span class='ocrx_word' id='word_1_225' title='bbox 2183 1269 2453 1340; x_wconf 73' lang='lat' dir='ltr'><strong>cmpimus</strong></span> <span class='ocrx_word' id='word_1_226' title='bbox 2469 1267 2832 1325; x_wconf 73' lang='lat' dir='ltr'><strong>vivificantem</strong></span> <span class='ocrx_word' id='word_1_227' title='bbox 2847 1270 3095 1341; x_wconf 87' lang='lat' dir='ltr'><strong>spiritum</strong></span> <span class='ocrx_word' id='word_1_228' title='bbox 3121 1271 3296 1342; x_wconf 88' lang='lat' dir='ltr'><strong>sequi.</strong></span> <span class='ocrx_word' id='word_1_229' title='bbox 3320 1269 3478 1338; x_wconf 87' lang='lat' dir='ltr'><strong>Quod</strong></span> 
     </span>
    </p>
   </div>
   <div class='ocr_carea' id='block_1_26' title="bbox 1874 1363 3478 1437">
    <p class='ocr_par' dir='ltr' id='par_1_26' title="bbox 1874 1363 3478 1437">
     <span class='ocr_line' id='line_1_26' title="bbox 1874 1363 3478 1437; baseline -0.001 -17"><span class='ocrx_word' id='word_1_230' title='bbox 1874 1374 2054 1421; x_wconf 87' lang='lat' dir='ltr'><strong>autem</strong></span> <span class='ocrx_word' id='word_1_231' title='bbox 2078 1366 2151 1420; x_wconf 88' lang='lat' dir='ltr'><strong>ait</strong></span> <span class='ocrx_word' id='word_1_232' title='bbox 2168 1383 2183 1420; x_wconf 87' lang='lat'><strong>:</strong></span> <span class='ocrx_word' id='word_1_233' title='bbox 2204 1364 2430 1420; x_wconf 80' lang='lat' dir='ltr'><strong>Veniens</strong></span> <span class='ocrx_word' id='word_1_234' title='bbox 2445 1364 2812 1436; x_wconf 76' lang='lat' dir='ltr'><strong>evangelisavit</strong></span> <span class='ocrx_word' id='word_1_235' title='bbox 2835 1381 3013 1432; x_wconf 88' lang='lat' dir='ltr'><strong>pacem</strong></span> <span class='ocrx_word' id='word_1_236' title='bbox 3030 1364 3171 1419; x_wconf 90' lang='lat' dir='ltr'><strong>vobis</strong></span> <span class='ocrx_word' id='word_1_237' title='bbox 3187 1365 3277 1437; x_wconf 90' lang='lat' dir='ltr'><strong>qui</strong></span> <span class='ocrx_word' id='word_1_238' title='bbox 3299 1363 3478 1437; x_wconf 87' lang='lat' dir='ltr'><strong>longe,</strong></span> 
     </span>
    </p>
   </div>
   <div class='ocr_carea' id='block_1_27' title="bbox 1877 1457 3473 1531">
    <p class='ocr_par' dir='ltr' id='par_1_27' title="bbox 1877 1457 3473 1531">
     <span class='ocr_line' id='line_1_27' title="bbox 1877 1457 3473 1531; baseline -0.001 -17"><span class='ocrx_word' id='word_1_239' title='bbox 1877 1462 1981 1517; x_wconf 90' lang='lat' dir='ltr'><strong>hoc</strong></span> <span class='ocrx_word' id='word_1_240' title='bbox 2005 1469 2108 1530; x_wconf 88' lang='lat' dir='ltr'><strong>est,</strong></span> <span class='ocrx_word' id='word_1_241' title='bbox 2143 1459 2418 1531; x_wconf 82' lang='lat' dir='ltr'><strong>gentibus,</strong></span> <span class='ocrx_word' id='word_1_242' title='bbox 2447 1468 2495 1514; x_wconf 89' lang='lat' dir='ltr'><strong>et</strong></span> <span class='ocrx_word' id='word_1_243' title='bbox 2540 1457 2831 1526; x_wconf 84' lang='lat' dir='ltr'><strong>pacem-his</strong></span> <span class='ocrx_word' id='word_1_244' title='bbox 2856 1459 2943 1530; x_wconf 88' lang='lat' dir='ltr'><strong>qui</strong></span> <span class='ocrx_word' id='word_1_245' title='bbox 2987 1474 3179 1531; x_wconf 87' lang='lat' dir='ltr'><strong>prope,</strong></span> <span class='ocrx_word' id='word_1_246' title='bbox 3209 1458 3315 1514; x_wconf 86' lang='lat' dir='ltr'><strong>hoc</strong></span> <span class='ocrx_word' id='word_1_247' title='bbox 3356 1465 3473 1524; x_wconf 86' lang='lat' dir='ltr'><strong>est,</strong></span> 
     </span>
    </p>
   </div>
   <div class='ocr_carea' id='block_1_28' title="bbox 1877 1548 3480 1624">
    <p class='ocr_par' dir='ltr' id='par_1_28' title="bbox 1877 1548 3480 1624">
     <span class='ocr_line' id='line_1_28' title="bbox 1877 1548 3480 1624; baseline -0.002 -15"><span class='ocrx_word' id='word_1_248' title='bbox 1877 1552 2099 1617; x_wconf 66' lang='lat' dir='ltr'><strong>Iudicis,</strong></span> <span class='ocrx_word' id='word_1_249' title='bbox 2134 1552 2352 1608; x_wconf 91' lang='lat' dir='ltr'><strong>videtur</strong></span> <span class='ocrx_word' id='word_1_250' title='bbox 2394 1551 2525 1607; x_wconf 91' lang='lat' dir='ltr'><strong>mihi</strong></span> <span class='ocrx_word' id='word_1_251' title='bbox 2566 1552 2635 1608; x_wconf 90' lang='lat' dir='ltr'><strong>de</strong></span> <span class='ocrx_word' id='word_1_252' title='bbox 2691 1551 2826 1607; x_wconf 90' lang='lat' dir='ltr'><strong>lsaia</strong></span> <span class='ocrx_word' id='word_1_253' title='bbox 2874 1551 2994 1606; x_wconf 88' lang='lat' dir='ltr'><strong>aliis</strong></span> <span class='ocrx_word' id='word_1_254' title='bbox 3027 1549 3134 1624; x_wconf 80' lang='lat' dir='ltr'><strong>[AL</strong></span> <span class='ocrx_word' id='word_1_255' title='bbox 3165 1549 3273 1623; x_wconf 88' lang='lat' dir='ltr'><strong>bis]</strong></span> <span class='ocrx_word' id='word_1_256' title='bbox 3300 1548 3480 1606; x_wconf 86' lang='lat' dir='ltr'><strong>verbis</strong></span> 
     </span>
    </p>
   </div>
   <div class='ocr_carea' id='block_1_29' title="bbox 1879 1643 3476 1718">
    <p class='ocr_par' dir='ltr' id='par_1_29' title="bbox 1879 1643 3476 1718">
     <span class='ocr_line' id='line_1_29' title="bbox 1879 1643 3476 1718; baseline -0.003 -15"><span class='ocrx_word' id='word_1_257' title='bbox 1879 1648 2254 1704; x_wconf 91' lang='lat' dir='ltr'><strong>testimonium</strong></span> <span class='ocrx_word' id='word_1_258' title='bbox 2289 1647 2601 1718; x_wconf 88' lang='lat' dir='ltr'><strong>protulisse,</strong></span> <span class='ocrx_word' id='word_1_259' title='bbox 2632 1657 2689 1703; x_wconf 91' lang='lat' dir='ltr'><strong>et</strong></span> <span class='ocrx_word' id='word_1_260' title='bbox 2719 1645 3013 1716; x_wconf 67' lang='lat' dir='ltr'><strong>Scriptura:</strong></span> <span class='ocrx_word' id='word_1_261' title='bbox 3044 1645 3311 1700; x_wconf 87' lang='lat' dir='ltr'><strong>sententia</strong></span> <span class='ocrx_word' id='word_1_262' title='bbox 3338 1643 3476 1699; x_wconf 89' lang='lat' dir='ltr'><strong>abu-</strong></span> 
     </span>
    </p>
   </div>
   <div class='ocr_carea' id='block_1_30' title="bbox 1877 1735 3480 1811">
    <p class='ocr_par' dir='ltr' id='par_1_30' title="bbox 1877 1735 3480 1811">
     <span class='ocr_line' id='line_1_30' title="bbox 1877 1735 3480 1811; baseline -0.002 -17"><span class='ocrx_word' id='word_1_263' title='bbox 1877 1756 1994 1795; x_wconf 89' lang='lat' dir='ltr'><strong>sum</strong></span> <span class='ocrx_word' id='word_1_264' title='bbox 2025 1739 2181 1811; x_wconf 91' lang='lat' dir='ltr'><strong>quasi</strong></span> <span class='ocrx_word' id='word_1_265' title='bbox 2203 1755 2321 1796; x_wconf 90' lang='lat' dir='ltr'><strong>sua.</strong></span> <span class='ocrx_word' id='word_1_266' title='bbox 2349 1739 2625 1810; x_wconf 83' lang='lat' dir='ltr'><strong>Scriptum</strong></span> <span class='ocrx_word' id='word_1_267' title='bbox 2655 1749 2738 1795; x_wconf 92' lang='lat' dir='ltr'><strong>est</strong></span> <span class='ocrx_word' id='word_1_268' title='bbox 2764 1739 2970 1809; x_wconf 89' lang='lat' dir='ltr'><strong>quippe</strong></span> <span class='ocrx_word' id='word_1_269' title='bbox 2995 1739 3048 1793; x_wconf 93' lang='lat' dir='ltr'><strong>iu</strong></span> <span class='ocrx_word' id='word_1_270' title='bbox 3081 1752 3150 1793; x_wconf 91' lang='lat' dir='ltr'><strong>eo</strong></span> <span class='ocrx_word' id='word_1_271' title='bbox 3176 1755 3190 1794; x_wconf 88' lang='lat'><strong>:</strong></span> <span class='ocrx_word' id='word_1_272' title='bbox 3227 1735 3351 1792; x_wconf 83' lang='lat' dir='ltr'><strong>Vias</strong></span> <span class='ocrx_word' id='word_1_273' title='bbox 3367 1739 3480 1809; x_wconf 87' lang='lat' dir='ltr'><strong>ejus</strong></span> 
     </span>
    </p>
   </div>
   <div class='ocr_carea' id='block_1_31' title="bbox 204 1829 3482 1902">
    <p class='ocr_par' dir='ltr' id='par_1_31' title="bbox 204 1829 3482 1902">
     <span class='ocr_line' id='line_1_31' title="bbox 204 1829 3482 1902; baseline 0 -17"><span class='ocrx_word' id='word_1_274' title='bbox 204 1829 541 1886; x_wconf 85' lang='lat' dir='ltr'><strong>sanctiﬁcatio</strong></span> <span class='ocrx_word' id='word_1_275' title='bbox 563 1841 808 1897; x_wconf 85' lang='lat' dir='ltr'><strong>sanctos,</strong></span> <span class='ocrx_word' id='word_1_276' title='bbox 829 1841 885 1888; x_wconf 90' lang='lat' dir='ltr'><strong>et</strong></span> <span class='ocrx_word' id='word_1_277' title='bbox 907 1834 1014 1888; x_wconf 89' lang='lat' dir='ltr'><strong>vita</strong></span> <span class='ocrx_word' id='word_1_278' title='bbox 1030 1833 1275 1890; x_wconf 80' lang='lat' dir='ltr'><strong>viventes</strong></span> <span class='ocrx_word' id='word_1_279' title='bbox 1301 1851 1314 1888; x_wconf 90' lang='lat'><strong>:</strong></span> <span class='ocrx_word' id='word_1_280' title='bbox 1339 1832 1420 1889; x_wconf 85' lang='lat' dir='ltr'><strong>sic</strong></span> <span class='ocrx_word' id='word_1_281' title='bbox 1443 1843 1498 1887; x_wconf 84' lang='lat' dir='ltr'><strong>et</strong></span> <span class='ocrx_word' id='word_1_282' title='bbox 1527 1832 1641 1901; x_wconf 86' lang='lat' dir='ltr'><strong>ipse</strong></span> <span class='ocrx_word' id='word_1_283' title='bbox 1668 1847 1769 1901; x_wconf 82' lang='lat' dir='ltr'><strong>pax</strong></span> <span class='ocrx_word' id='word_1_284' title='bbox 1804 1829 1852 1889; x_wconf 91' lang='lat' dir='ltr'><strong>B</strong></span> <span class='ocrx_word' id='word_1_285' title='bbox 1879 1836 2004 1901; x_wconf 84' lang='lat' dir='ltr'><strong>vidi,</strong></span> <span class='ocrx_word' id='word_1_286' title='bbox 2038 1848 2084 1890; x_wconf 87' lang='lat' dir='ltr'><strong>et</strong></span> <span class='ocrx_word' id='word_1_287' title='bbox 2108 1837 2287 1892; x_wconf 87' lang='lat' dir='ltr'><strong>sanavi</strong></span> <span class='ocrx_word' id='word_1_288' title='bbox 2318 1852 2456 1902; x_wconf 88' lang='lat' dir='ltr'><strong>eum,</strong></span> <span class='ocrx_word' id='word_1_289' title='bbox 2487 1845 2534 1890; x_wconf 91' lang='lat' dir='ltr'><strong>et</strong></span> <span class='ocrx_word' id='word_1_290' title='bbox 2563 1833 2861 1890; x_wconf 86' lang='lat' dir='ltr'><strong>consolatus</strong></span> <span class='ocrx_word' id='word_1_291' title='bbox 2886 1850 3004 1889; x_wconf 89' lang='lat' dir='ltr'><strong>sum</strong></span> <span class='ocrx_word' id='word_1_292' title='bbox 3026 1850 3164 1900; x_wconf 90' lang='lat' dir='ltr'><strong>eum,</strong></span> <span class='ocrx_word' id='word_1_293' title='bbox 3197 1842 3245 1886; x_wconf 84' lang='lat' dir='ltr'><strong>et</strong></span> <span class='ocrx_word' id='word_1_294' title='bbox 3286 1831 3411 1886; x_wconf 88' lang='lat' dir='ltr'><strong>dedi</strong></span> <span class='ocrx_word' id='word_1_295' title='bbox 3435 1833 3482 1886; x_wconf 84' lang='lat' dir='ltr'><strong>ei</strong></span> 
     </span>
    </p>
   </div>
   <div class='ocr_carea' id='block_1_32' title="bbox 204 1925 1774 2004">
    <p class='ocr_par' dir='ltr' id='par_1_32' title="bbox 204 1925 1774 2004">
     <span class='ocr_line' id='line_1_32' title="bbox 204 1925 1774 2004; baseline 0.001 -24"><span class='ocrx_word' id='word_1_296' title='bbox 204 1939 288 1980; x_wconf 85' lang='lat' dir='ltr'><strong>nos</strong></span> <span class='ocrx_word' id='word_1_297' title='bbox 307 1925 567 1981; x_wconf 81' lang='lat' dir='ltr'><strong>facitesse</strong></span> <span class='ocrx_word' id='word_1_298' title='bbox 589 1937 834 1998; x_wconf 86' lang='lat' dir='ltr'><strong>pacatos,</strong></span> <span class='ocrx_word' id='word_1_299' title='bbox 861 1937 918 1982; x_wconf 95' lang='lat' dir='ltr'><strong>ut</strong></span> <span class='ocrx_word' id='word_1_300' title='bbox 937 1928 1187 1984; x_wconf 89' lang='lat' dir='ltr'><strong>dicamus</strong></span> <span class='ocrx_word' id='word_1_301' title='bbox 1218 1947 1230 1981; x_wconf 75' lang='grc' dir='ltr'><strong>ε</strong></span> <span class='ocrx_word' id='word_1_302' title='bbox 1261 1930 1420 2004; x_wconf 75' lang='lat'><strong>581</strong></span> <span class='ocrx_word' id='word_1_303' title='bbox 1435 1945 1555 1982; x_wconf 90' lang='lat' dir='ltr'><strong>cum</strong></span> <span class='ocrx_word' id='word_1_304' title='bbox 1582 1927 1666 1982; x_wconf 88' lang='lat' dir='ltr'><strong>his</strong></span> <span class='ocrx_word' id='word_1_305' title='bbox 1687 1928 1774 1997; x_wconf 89' lang='lat' dir='ltr'><strong>qni</strong></span> 
     </span>
    </p>
   </div>
   <div class='ocr_carea' id='block_1_33' title="bbox 203 2017 1783 2093">
    <p class='ocr_par' dir='ltr' id='par_1_33' title="bbox 203 2017 1783 2093">
     <span class='ocr_line' id='line_1_33' title="bbox 203 2017 1783 2093; baseline 0.003 -23"><span class='ocrx_word' id='word_1_306' title='bbox 203 2017 396 2071; x_wconf 78' lang='lat' dir='ltr'><strong>oderunt</strong></span> <span class='ocrx_word' id='word_1_307' title='bbox 410 2034 610 2089; x_wconf 86' lang='lat' dir='ltr'><strong>pacem,</strong></span> <span class='ocrx_word' id='word_1_308' title='bbox 634 2035 778 2075; x_wconf 88' lang='lat' dir='ltr'><strong>eram</strong></span> <span class='ocrx_word' id='word_1_309' title='bbox 792 2021 1043 2091; x_wconf 77' lang='lat' dir='ltr'><strong>paciﬁcus</strong></span> <span class='ocrx_word' id='word_1_310' title='bbox 1061 2021 1233 2092; x_wconf 85' lang='lat' dir='ltr'><strong>(Psal.</strong></span> <span class='ocrx_word' id='word_1_311' title='bbox 1255 2035 1402 2088; x_wconf 73' lang='lat' dir='ltr'><strong>cxrx,</strong></span> <span class='ocrx_word' id='word_1_312' title='bbox 1423 2019 1498 2093; x_wconf 91' lang='lat'><strong>7).</strong></span> <span class='ocrx_word' id='word_1_313' title='bbox 1515 2021 1570 2075; x_wconf 90' lang='lat' dir='ltr'><strong>Si</strong></span> <span class='ocrx_word' id='word_1_314' title='bbox 1592 2029 1783 2081; x_wconf 20' lang='lat' dir='ltr'><strong>autem,</strong></span> 
     </span>
    </p>
   </div>
   <div class='ocr_carea' id='block_1_34' title="bbox 201 2105 1774 2184">
    <p class='ocr_par' dir='ltr' id='par_1_34' title="bbox 201 2105 1774 2184">
     <span class='ocr_line' id='line_1_34' title="bbox 201 2105 1774 2184; baseline 0.003 -21"><span class='ocrx_word' id='word_1_315' title='bbox 201 2105 425 2164; x_wconf 88' lang='lat' dir='ltr'><strong>Christus</strong></span> <span class='ocrx_word' id='word_1_316' title='bbox 464 2109 809 2167; x_wconf 86' lang='lat' dir='ltr'><strong>credentium</strong></span> <span class='ocrx_word' id='word_1_317' title='bbox 843 2128 945 2184; x_wconf 82' lang='lat' dir='ltr'><strong>pax</strong></span> <span class='ocrx_word' id='word_1_318' title='bbox 973 2123 1059 2169; x_wconf 88' lang='lat' dir='ltr'><strong>est</strong></span> <span class='ocrx_word' id='word_1_319' title='bbox 1087 2154 1102 2180; x_wconf 92' lang='lat'><strong>,</strong></span> <span class='ocrx_word' id='word_1_320' title='bbox 1132 2113 1465 2184; x_wconf 85' lang='lat' dir='ltr'><strong>quicumque</strong></span> <span class='ocrx_word' id='word_1_321' title='bbox 1496 2113 1614 2168; x_wconf 88' lang='lat' dir='ltr'><strong>sine</strong></span> <span class='ocrx_word' id='word_1_322' title='bbox 1643 2126 1774 2184; x_wconf 87' lang='lat' dir='ltr'><strong>pace</strong></span> 
     </span>
    </p>
   </div>
   <div class='ocr_carea' id='block_1_35' title="bbox 203 2206 1375 2274">
    <p class='ocr_par' dir='ltr' id='par_1_35' title="bbox 203 2206 1375 2274">
     <span class='ocr_line' id='line_1_35' title="bbox 203 2206 1375 2274; baseline 0.001 -14"><span class='ocrx_word' id='word_1_323' title='bbox 203 2215 302 2271; x_wconf 85' lang='lat' dir='ltr'><strong>est,</strong></span> <span class='ocrx_word' id='word_1_324' title='bbox 329 2215 732 2274; x_wconf 88' lang='lat' dir='ltr'><strong>consequenter</strong></span> <span class='ocrx_word' id='word_1_325' title='bbox 754 2222 862 2262; x_wconf 92' lang='lat' dir='ltr'><strong>non</strong></span> <span class='ocrx_word' id='word_1_326' title='bbox 885 2207 1050 2262; x_wconf 85' lang='lat' dir='ltr'><strong>habet</strong></span> <span class='ocrx_word' id='word_1_327' title='bbox 1073 2206 1375 2262; x_wconf 88' lang='lat' dir='ltr'><strong>Christum.</strong></span> 
     </span>
    </p>
   </div>
   <div class='ocr_carea' id='block_1_36' title="bbox 261 2295 1774 2371">
    <p class='ocr_par' dir='ltr' id='par_1_36' title="bbox 261 2295 1774 2371">
     <span class='ocr_line' id='line_1_36' title="bbox 261 2295 1774 2371; baseline 0.003 -21"><span class='ocrx_word' id='word_1_328' title='bbox 261 2295 432 2368; x_wconf 71' lang='grc' dir='ltr'><strong>(νει-ε.</strong></span> <span class='ocrx_word' id='word_1_329' title='bbox 464 2297 534 2353; x_wconf 81' lang='grc'><strong>15</strong></span> <span class='ocrx_word' id='word_1_330' title='bbox 561 2297 748 2371; x_wconf 85' lang='lat' dir='ltr'><strong>seqq.)</strong></span> <span class='ocrx_word' id='word_1_331' title='bbox 785 2299 886 2366; x_wconf 85' lang='lat' dir='ltr'><strong>Qui</strong></span> <span class='ocrx_word' id='word_1_332' title='bbox 921 2300 1046 2371; x_wconf 78' lang='lat' dir='ltr'><strong>fecit</strong></span> <span class='ocrx_word' id='word_1_333' title='bbox 1090 2310 1312 2369; x_wconf 89' lang='lat' dir='ltr'><strong>utraque</strong></span> <span class='ocrx_word' id='word_1_334' title='bbox 1357 2315 1536 2366; x_wconf 89' lang='lat' dir='ltr'><strong>unum,</strong></span> <span class='ocrx_word' id='word_1_335' title='bbox 1566 2307 1614 2353; x_wconf 89' lang='lat' dir='ltr'><strong>et</strong></span> <span class='ocrx_word' id='word_1_336' title='bbox 1663 2314 1774 2354; x_wconf 84' lang='lat' dir='ltr'><strong>rne-</strong></span> 
     </span>
    </p>
   </div>
   <div class='ocr_carea' id='block_1_37' title="bbox 204 2389 1778 2459">
    <p class='ocr_par' dir='ltr' id='par_1_37' title="bbox 204 2389 1778 2459">
     <span class='ocr_line' id='line_1_37' title="bbox 204 2389 1778 2459; baseline 0.004 -18"><span class='ocrx_word' id='word_1_337' title='bbox 204 2389 328 2443; x_wconf 82' lang='lat' dir='ltr'><strong>tlium</strong></span> <span class='ocrx_word' id='word_1_338' title='bbox 357 2390 606 2459; x_wconf 81' lang='lat' dir='ltr'><strong>parietem</strong></span> <span class='ocrx_word' id='word_1_339' title='bbox 631 2392 877 2447; x_wconf 75' lang='lat' dir='ltr'><strong>maceria:</strong></span> <span class='ocrx_word' id='word_1_340' title='bbox 920 2393 1122 2448; x_wconf 85' lang='lat' dir='ltr'><strong>solvens</strong></span> <span class='ocrx_word' id='word_1_341' title='bbox 1167 2393 1492 2448; x_wconf 87' lang='lat' dir='ltr'><strong>inimicitiam</strong></span> <span class='ocrx_word' id='word_1_342' title='bbox 1536 2393 1590 2447; x_wconf 89' lang='lat' dir='ltr'><strong>in</strong></span> <span class='ocrx_word' id='word_1_343' title='bbox 1621 2409 1778 2447; x_wconf 89' lang='lat' dir='ltr'><strong>carne</strong></span> 
     </span>
    </p>
   </div>
   <div class='ocr_carea' id='block_1_38' title="bbox 201 2481 1776 2560">
    <p class='ocr_par' dir='ltr' id='par_1_38' title="bbox 201 2481 1776 2560">
     <span class='ocr_line' id='line_1_38' title="bbox 201 2481 1776 2560; baseline 0.003 -25"><span class='ocrx_word' id='word_1_344' title='bbox 201 2497 300 2546; x_wconf 82' lang='lat' dir='ltr'><strong>sua,</strong></span> <span class='ocrx_word' id='word_1_345' title='bbox 332 2481 491 2554; x_wconf 81' lang='lat' dir='ltr'><strong>legem</strong></span> <span class='ocrx_word' id='word_1_346' title='bbox 521 2485 899 2539; x_wconf 83' lang='lat' dir='ltr'><strong>mandatorum</strong></span> <span class='ocrx_word' id='word_1_347' title='bbox 927 2486 981 2540; x_wconf 84' lang='lat' dir='ltr'><strong>in</strong></span> <span class='ocrx_word' id='word_1_348' title='bbox 1024 2486 1354 2560; x_wconf 82' lang='lat' dir='ltr'><strong>dogmatibus</strong></span> <span class='ocrx_word' id='word_1_349' title='bbox 1383 2502 1644 2540; x_wconf 86' lang='lat' dir='ltr'><strong>evacuans</strong></span> <span class='ocrx_word' id='word_1_350' title='bbox 1675 2504 1692 2540; x_wconf 89' lang='lat'><strong><em>:</em></strong></span> <span class='ocrx_word' id='word_1_351' title='bbox 1721 2496 1776 2540; x_wconf 90' lang='lat' dir='ltr'><strong>ut</strong></span> 
     </span>
    </p>
   </div>
   <div class='ocr_carea' id='block_1_39' title="bbox 205 2575 1778 2652">
    <p class='ocr_par' dir='ltr' id='par_1_39' title="bbox 205 2575 1778 2652">
     <span class='ocr_line' id='line_1_39' title="bbox 205 2575 1778 2652; baseline 0.003 -22"><span class='ocrx_word' id='word_1_352' title='bbox 205 2575 295 2630; x_wconf 80' lang='lat' dir='ltr'><strong>duo</strong></span> <span class='ocrx_word' id='word_1_353' title='bbox 317 2579 556 2634; x_wconf 87' lang='lat' dir='ltr'><strong>conderet</strong></span> <span class='ocrx_word' id='word_1_354' title='bbox 583 2581 637 2634; x_wconf 87' lang='lat' dir='ltr'><strong>in</strong></span> <span class='ocrx_word' id='word_1_355' title='bbox 678 2580 851 2652; x_wconf 84' lang='lat' dir='ltr'><strong>seipse</strong></span> <span class='ocrx_word' id='word_1_356' title='bbox 887 2581 940 2635; x_wconf 88' lang='lat' dir='ltr'><strong>in</strong></span> <span class='ocrx_word' id='word_1_357' title='bbox 966 2597 1128 2634; x_wconf 89' lang='lat' dir='ltr'><strong>unum</strong></span> <span class='ocrx_word' id='word_1_358' title='bbox 1169 2596 1352 2634; x_wconf 88' lang='lat' dir='ltr'><strong>novum</strong></span> <span class='ocrx_word' id='word_1_359' title='bbox 1379 2581 1663 2645; x_wconf 86' lang='lat' dir='ltr'><strong>hominem,</strong></span> <span class='ocrx_word' id='word_1_360' title='bbox 1694 2584 1778 2651; x_wconf 79' lang='lat' dir='ltr'><strong>fa-</strong></span> 
     </span>
    </p>
   </div>
   <div class='ocr_carea' id='block_1_40' title="bbox 200 2669 1778 2745">
    <p class='ocr_par' dir='ltr' id='par_1_40' title="bbox 200 2669 1778 2745">
     <span class='ocr_line' id='line_1_40' title="bbox 200 2669 1778 2745; baseline 0.004 -23"><span class='ocrx_word' id='word_1_361' title='bbox 200 2669 324 2724; x_wconf 82' lang='lat' dir='ltr'><strong>ciens</strong></span> <span class='ocrx_word' id='word_1_362' title='bbox 349 2686 554 2742; x_wconf 89' lang='lat' dir='ltr'><strong>pacem,</strong></span> <span class='ocrx_word' id='word_1_363' title='bbox 589 2682 646 2727; x_wconf 89' lang='lat' dir='ltr'><strong>ut</strong></span> <span class='ocrx_word' id='word_1_364' title='bbox 674 2673 1036 2729; x_wconf 84' lang='lat' dir='ltr'><strong>reconciliaret</strong></span> <span class='ocrx_word' id='word_1_365' title='bbox 1065 2682 1343 2741; x_wconf 89' lang='lat' dir='ltr'><strong>utrumque</strong></span> <span class='ocrx_word' id='word_1_366' title='bbox 1371 2675 1425 2727; x_wconf 89' lang='lat' dir='ltr'><strong>in</strong></span> <span class='ocrx_word' id='word_1_367' title='bbox 1456 2691 1563 2728; x_wconf 90' lang='lat' dir='ltr'><strong>uno</strong></span> <span class='ocrx_word' id='word_1_368' title='bbox 1593 2689 1778 2745; x_wconf 87' lang='lat' dir='ltr'><strong>corpo-</strong></span> 
     </span>
    </p>
   </div>
   <div class='ocr_carea' id='block_1_41' title="bbox 199 2766 1775 2838">
    <p class='ocr_par' dir='ltr' id='par_1_41' title="bbox 199 2766 1775 2838">
     <span class='ocr_line' id='line_1_41' title="bbox 199 2766 1775 2838; baseline 0 -18"><span class='ocrx_word' id='word_1_369' title='bbox 199 2782 246 2822; x_wconf 87' lang='lat' dir='ltr'><strong>re</strong></span> <span class='ocrx_word' id='word_1_370' title='bbox 280 2766 400 2832; x_wconf 89' lang='lat' dir='ltr'><strong>Deo,</strong></span> <span class='ocrx_word' id='word_1_371' title='bbox 433 2784 530 2838; x_wconf 85' lang='lat' dir='ltr'><strong>per</strong></span> <span class='ocrx_word' id='word_1_372' title='bbox 557 2782 766 2821; x_wconf 85' lang='lat' dir='ltr'><strong>crucem</strong></span> <span class='ocrx_word' id='word_1_373' title='bbox 793 2767 1112 2836; x_wconf 82' lang='lat' dir='ltr'><strong>interficiens</strong></span> <span class='ocrx_word' id='word_1_374' title='bbox 1139 2768 1465 2822; x_wconf 85' lang='lat' dir='ltr'><strong>inimicitiam</strong></span> <span class='ocrx_word' id='word_1_375' title='bbox 1503 2769 1558 2821; x_wconf 89' lang='lat' dir='ltr'><strong>in</strong></span> <span class='ocrx_word' id='word_1_376' title='bbox 1585 2783 1678 2836; x_wconf 90' lang='lat' dir='ltr'><strong>ea,</strong></span> <span class='ocrx_word' id='word_1_377' title='bbox 1725 2776 1775 2820; x_wconf 89' lang='lat' dir='ltr'><strong>et</strong></span> 
     </span>
    </p>
   </div>
   <div class='ocr_carea' id='block_1_42' title="bbox 199 2858 1774 2930">
    <p class='ocr_par' dir='ltr' id='par_1_42' title="bbox 199 2858 1774 2930">
     <span class='ocr_line' id='line_1_42' title="bbox 199 2858 1774 2930; baseline 0.001 -19"><span class='ocrx_word' id='word_1_378' title='bbox 199 2861 379 2915; x_wconf 74' lang='lat' dir='ltr'><strong>veniens</strong></span> <span class='ocrx_word' id='word_1_379' title='bbox 404 2860 777 2929; x_wconf 72' lang='lat' dir='ltr'><strong>evangelisavit</strong></span> <span class='ocrx_word' id='word_1_380' title='bbox 810 2875 992 2930; x_wconf 87' lang='lat' dir='ltr'><strong>pacem</strong></span> <span class='ocrx_word' id='word_1_381' title='bbox 1033 2858 1174 2914; x_wconf 83' lang='lat' dir='ltr'><strong>vobis</strong></span> <span class='ocrx_word' id='word_1_382' title='bbox 1203 2860 1292 2930; x_wconf 87' lang='lat' dir='ltr'><strong>qui</strong></span> <span class='ocrx_word' id='word_1_383' title='bbox 1322 2860 1473 2929; x_wconf 86' lang='lat' dir='ltr'><strong>longe</strong></span> <span class='ocrx_word' id='word_1_384' title='bbox 1511 2860 1692 2930; x_wconf 84' lang='lat' dir='ltr'><strong>eratis,</strong></span> <span class='ocrx_word' id='word_1_385' title='bbox 1727 2868 1774 2912; x_wconf 90' lang='lat' dir='ltr'><strong>et</strong></span> 
     </span>
    </p>
   </div>
   <div class='ocr_carea' id='block_1_43' title="bbox 199 2953 1778 3027">
    <p class='ocr_par' dir='ltr' id='par_1_43' title="bbox 199 2953 1778 3027">
     <span class='ocr_line' id='line_1_43' title="bbox 199 2953 1778 3027; baseline 0.001 -20"><span class='ocrx_word' id='word_1_386' title='bbox 199 2968 355 3021; x_wconf 84' lang='lat' dir='ltr'><strong>pacem</strong></span> <span class='ocrx_word' id='word_1_387' title='bbox 383 2953 459 3009; x_wconf 88' lang='lat' dir='ltr'><strong>his</strong></span> <span class='ocrx_word' id='word_1_388' title='bbox 479 2954 574 3026; x_wconf 89' lang='lat' dir='ltr'><strong>qui</strong></span> <span class='ocrx_word' id='word_1_389' title='bbox 605 2971 802 3026; x_wconf 85' lang='lat' dir='ltr'><strong>prope:</strong></span> <span class='ocrx_word' id='word_1_390' title='bbox 828 2957 1075 3026; x_wconf 88' lang='lat' dir='ltr'><strong>quoniam</strong></span> <span class='ocrx_word' id='word_1_391' title='bbox 1115 2972 1204 3027; x_wconf 89' lang='lat' dir='ltr'><strong>per</strong></span> <span class='ocrx_word' id='word_1_392' title='bbox 1229 2956 1393 3027; x_wconf 85' lang='lat' dir='ltr'><strong>ipsum</strong></span> <span class='ocrx_word' id='word_1_393' title='bbox 1419 2953 1668 3010; x_wconf 81' lang='lat' dir='ltr'><strong>habemus</strong></span> <span class='ocrx_word' id='word_1_394' title='bbox 1690 2971 1778 3008; x_wconf 86' lang='lat' dir='ltr'><strong>ac-</strong></span> 
     </span>
    </p>
   </div>
   <div class='ocr_carea' id='block_1_44' title="bbox 199 3046 1776 3118">
    <p class='ocr_par' dir='ltr' id='par_1_44' title="bbox 199 3046 1776 3118">
     <span class='ocr_line' id='line_1_44' title="bbox 199 3046 1776 3118; baseline 0.001 -18"><span class='ocrx_word' id='word_1_395' title='bbox 199 3061 377 3101; x_wconf 82' lang='lat' dir='ltr'><strong>cessum</strong></span> <span class='ocrx_word' id='word_1_396' title='bbox 405 3057 623 3118; x_wconf 86' lang='lat' dir='ltr'><strong>uterque</strong></span> <span class='ocrx_word' id='word_1_397' title='bbox 668 3047 725 3101; x_wconf 88' lang='lat' dir='ltr'><strong>in</strong></span> <span class='ocrx_word' id='word_1_398' title='bbox 772 3063 876 3102; x_wconf 90' lang='lat' dir='ltr'><strong>uno</strong></span> <span class='ocrx_word' id='word_1_399' title='bbox 916 3047 1107 3116; x_wconf 85' lang='lat' dir='ltr'><strong>spiritu</strong></span> <span class='ocrx_word' id='word_1_400' title='bbox 1149 3049 1218 3102; x_wconf 83' lang='lat' dir='ltr'><strong>ad</strong></span> <span class='ocrx_word' id='word_1_401' title='bbox 1273 3046 1506 3102; x_wconf 86' lang='lat' dir='ltr'><strong>Patrem.</strong></span> <span class='ocrx_word' id='word_1_402' title='bbox 1538 3047 1645 3104; x_wconf 85' lang='lat' dir='ltr'><strong>iste</strong></span> <span class='ocrx_word' id='word_1_403' title='bbox 1693 3056 1776 3103; x_wconf 87' lang='lat' dir='ltr'><strong>est</strong></span> 
     </span>
    </p>
   </div>
   <div class='ocr_carea' id='block_1_45' title="bbox 200 3139 1778 3211">
    <p class='ocr_par' dir='ltr' id='par_1_45' title="bbox 200 3139 1778 3211">
     <span class='ocr_line' id='line_1_45' title="bbox 200 3139 1778 3211; baseline -0.001 -17"><span class='ocrx_word' id='word_1_404' title='bbox 200 3139 387 3196; x_wconf 85' lang='lat' dir='ltr'><strong>medius</strong></span> <span class='ocrx_word' id='word_1_405' title='bbox 422 3141 608 3210; x_wconf 86' lang='lat' dir='ltr'><strong>paries</strong></span> <span class='ocrx_word' id='word_1_406' title='bbox 638 3150 693 3195; x_wconf 87' lang='lat' dir='ltr'><strong>et</strong></span> <span class='ocrx_word' id='word_1_407' title='bbox 721 3139 980 3209; x_wconf 91' lang='lat' dir='ltr'><strong>maceria,</strong></span> <span class='ocrx_word' id='word_1_408' title='bbox 1011 3155 1130 3211; x_wconf 70' lang='lat' dir='ltr'><strong>qua:</strong></span> <span class='ocrx_word' id='word_1_409' title='bbox 1163 3150 1452 3211; x_wconf 92' lang='lat' dir='ltr'><strong>utrumque</strong></span> <span class='ocrx_word' id='word_1_410' title='bbox 1503 3155 1530 3193; x_wconf 94' lang='lat' dir='ltr'><strong>a</strong></span> <span class='ocrx_word' id='word_1_411' title='bbox 1570 3155 1630 3196; x_wconf 88' lang='lat' dir='ltr'><strong>se</strong></span> <span class='ocrx_word' id='word_1_412' title='bbox 1680 3155 1778 3210; x_wconf 85' lang='lat' dir='ltr'><strong>po-</strong></span> 
     </span>
    </p>
   </div>
   <div class='ocr_carea' id='block_1_46' title="bbox 1877 1923 3482 1998">
    <p class='ocr_par' dir='ltr' id='par_1_46' title="bbox 1877 1923 3482 1998">
     <span class='ocr_line' id='line_1_46' title="bbox 1877 1923 3482 1998; baseline -0.003 -17"><span class='ocrx_word' id='word_1_413' title='bbox 1877 1928 2283 1981; x_wconf 87' lang='lat' dir='ltr'><strong>consolationem</strong></span> <span class='ocrx_word' id='word_1_414' title='bbox 2314 1943 2484 1982; x_wconf 86' lang='lat' dir='ltr'><strong>veram</strong></span> <span class='ocrx_word' id='word_1_415' title='bbox 2503 1943 2520 1980; x_wconf 89' lang='lat'><strong><em>:</em></strong></span> <span class='ocrx_word' id='word_1_416' title='bbox 2536 1943 2714 1997; x_wconf 90' lang='lat' dir='ltr'><strong>pacem</strong></span> <span class='ocrx_word' id='word_1_417' title='bbox 2737 1943 2894 1998; x_wconf 82' lang='lat' dir='ltr'><strong>super</strong></span> <span class='ocrx_word' id='word_1_418' title='bbox 2913 1942 3091 1998; x_wconf 87' lang='lat' dir='ltr'><strong>pacem</strong></span> <span class='ocrx_word' id='word_1_419' title='bbox 3114 1924 3196 1980; x_wconf 91' lang='lat' dir='ltr'><strong>his</strong></span> <span class='ocrx_word' id='word_1_420' title='bbox 3218 1923 3310 1996; x_wconf 88' lang='lat' dir='ltr'><strong>qui</strong></span> <span class='ocrx_word' id='word_1_421' title='bbox 3330 1923 3482 1994; x_wconf 84' lang='lat' dir='ltr'><strong>longe</strong></span> 
     </span>
    </p>
   </div>
   <div class='ocr_carea' id='block_1_47' title="bbox 1877 2015 3482 2092">
    <p class='ocr_par' dir='ltr' id='par_1_47' title="bbox 1877 2015 3482 2092">
     <span class='ocr_line' id='line_1_47' title="bbox 1877 2015 3482 2092; baseline -0.004 -17"><span class='ocrx_word' id='word_1_422' title='bbox 1877 2031 2046 2085; x_wconf 89' lang='lat' dir='ltr'><strong>erant,</strong></span> <span class='ocrx_word' id='word_1_423' title='bbox 2080 2033 2127 2074; x_wconf 86' lang='lat' dir='ltr'><strong>et</strong></span> <span class='ocrx_word' id='word_1_424' title='bbox 2153 2021 2244 2092; x_wconf 88' lang='lat' dir='ltr'><strong>qui</strong></span> <span class='ocrx_word' id='word_1_425' title='bbox 2285 2037 2447 2091; x_wconf 83' lang='lat' dir='ltr'><strong>prope</strong></span> <span class='ocrx_word' id='word_1_426' title='bbox 2477 2018 2633 2092; x_wconf 86' lang='lat' dir='ltr'><strong>(lsai.</strong></span> <span class='ocrx_word' id='word_1_427' title='bbox 2664 2035 2793 2085; x_wconf 82' lang='lat' dir='ltr'><strong>Lvu,</strong></span> <span class='ocrx_word' id='word_1_428' title='bbox 2829 2018 2946 2091; x_wconf 80' lang='lat' dir='ltr'><strong>l8).</strong></span> <span class='ocrx_word' id='word_1_429' title='bbox 2971 2029 2994 2058; x_wconf 81' lang='grc' dir='ltr'><strong>ο</strong></span> <span class='ocrx_word' id='word_1_430' title='bbox 3021 2019 3084 2073; x_wconf 83' lang='lat' dir='ltr'><strong>Et</strong></span> <span class='ocrx_word' id='word_1_431' title='bbox 3114 2017 3231 2072; x_wconf 69' lang='lat' dir='ltr'><strong>haec</strong></span> <span class='ocrx_word' id='word_1_432' title='bbox 3259 2015 3482 2087; x_wconf 91' lang='lat' dir='ltr'><strong>quidem</strong></span> 
     </span>
    </p>
   </div>
   <div class='ocr_carea' id='block_1_48' title="bbox 1871 2105 3480 2184">
    <p class='ocr_par' dir='ltr' id='par_1_48' title="bbox 1871 2105 3480 2184">
     <span class='ocr_line' id='line_1_48' title="bbox 1871 2105 3480 2184; baseline -0.002 -16"><span class='ocrx_word' id='word_1_433' title='bbox 1871 2113 2027 2184; x_wconf 79' lang='lat' dir='ltr'><strong>juxta</strong></span> <span class='ocrx_word' id='word_1_434' title='bbox 2072 2112 2359 2180; x_wconf 77' lang='lat' dir='ltr'><strong>Vulgatam</strong></span> <span class='ocrx_word' id='word_1_435' title='bbox 2404 2112 2919 2183; x_wconf 88' lang='lat' dir='ltr'><strong>interpretationem</strong></span> <span class='ocrx_word' id='word_1_436' title='bbox 2957 2111 3104 2166; x_wconf 90' lang='lat' dir='ltr'><strong>dicta</strong></span> <span class='ocrx_word' id='word_1_437' title='bbox 3138 2109 3271 2165; x_wconf 91' lang='lat' dir='ltr'><strong>sint.</strong></span> <span class='ocrx_word' id='word_1_438' title='bbox 3304 2105 3480 2164; x_wconf 61' lang='lat' dir='ltr'><strong>Caete-</strong></span> 
     </span>
    </p>
   </div>
   <div class='ocr_carea' id='block_1_49' title="bbox 1879 2191 3479 2276">
    <p class='ocr_par' dir='ltr' id='par_1_49' title="bbox 1879 2191 3479 2276">
     <span class='ocr_line' id='line_1_49' title="bbox 1879 2191 3479 2276; baseline -0.004 -14"><span class='ocrx_word' id='word_1_439' title='bbox 1879 2223 1994 2263; x_wconf 91' lang='lat' dir='ltr'><strong>rum</strong></span> <span class='ocrx_word' id='word_1_440' title='bbox 2019 2206 2109 2276; x_wconf 89' lang='lat' dir='ltr'><strong>qui</strong></span> <span class='ocrx_word' id='word_1_441' title='bbox 2131 2206 2266 2261; x_wconf 91' lang='lat' dir='ltr'><strong>illud</strong></span> <span class='ocrx_word' id='word_1_442' title='bbox 2292 2206 2536 2276; x_wconf 78' lang='lat' dir='ltr'><strong>Apostoli</strong></span> <span class='ocrx_word' id='word_1_443' title='bbox 2567 2205 2716 2273; x_wconf 74' lang='lat' dir='ltr'><strong>legit,</strong></span> <span class='ocrx_word' id='word_1_444' title='bbox 2744 2203 2812 2260; x_wconf 90' lang='lat' dir='ltr'><strong>de</strong></span> <span class='ocrx_word' id='word_1_445' title='bbox 2835 2203 3055 2259; x_wconf 88' lang='lat' dir='ltr'><strong>Christo</strong></span> <span class='ocrx_word' id='word_1_446' title='bbox 3078 2191 3438 2258; x_wconf 74' lang='lat' dir='ltr'><strong>inemorautis</strong></span> <span class='ocrx_word' id='word_1_447' title='bbox 3465 2218 3479 2255; x_wconf 87' lang='lat'><strong>:</strong></span> 
     </span>
    </p>
   </div>
   <div class='ocr_carea' id='block_1_50' title="bbox 1882 2295 3480 2374">
    <p class='ocr_par' dir='ltr' id='par_1_50' title="bbox 1882 2295 3480 2374">
     <span class='ocr_line' id='line_1_50' title="bbox 1882 2295 3480 2374; baseline -0.004 -17"><span class='ocrx_word' id='word_1_448' title='bbox 1882 2301 2070 2358; x_wconf 85' lang='lat' dir='ltr'><strong>Pacem</strong></span> <span class='ocrx_word' id='word_1_449' title='bbox 2097 2302 2294 2371; x_wconf 73' lang='lat' dir='ltr'><strong>faciens</strong></span> <span class='ocrx_word' id='word_1_450' title='bbox 2335 2317 2426 2371; x_wconf 90' lang='lat' dir='ltr'><strong>per</strong></span> <span class='ocrx_word' id='word_1_451' title='bbox 2455 2299 2764 2374; x_wconf 86' lang='lat' dir='ltr'><strong>sanguinem</strong></span> <span class='ocrx_word' id='word_1_452' title='bbox 2800 2299 2969 2353; x_wconf 90' lang='lat' dir='ltr'><strong>crucis</strong></span> <span class='ocrx_word' id='word_1_453' title='bbox 3008 2312 3138 2365; x_wconf 75' lang='lat' dir='ltr'><strong>ante,</strong></span> <span class='ocrx_word' id='word_1_454' title='bbox 3170 2297 3249 2351; x_wconf 89' lang='lat' dir='ltr'><strong>his</strong></span> <span class='ocrx_word' id='word_1_455' title='bbox 3284 2311 3401 2366; x_wconf 74' lang='lat' dir='ltr'><strong>qua:</strong></span> <span class='ocrx_word' id='word_1_456' title='bbox 3426 2295 3480 2351; x_wconf 85' lang='lat' dir='ltr'><strong>in</strong></span> 
     </span>
    </p>
   </div>
   <div class='ocr_carea' id='block_1_51' title="bbox 1879 2388 3481 2463">
    <p class='ocr_par' dir='ltr' id='par_1_51' title="bbox 1879 2388 3481 2463">
     <span class='ocr_line' id='line_1_51' title="bbox 1879 2388 3481 2463; baseline -0.004 -13"><span class='ocrx_word' id='word_1_457' title='bbox 1879 2406 2014 2452; x_wconf 87' lang='lat' dir='ltr'><strong>terra</strong></span> <span class='ocrx_word' id='word_1_458' title='bbox 2044 2406 2212 2459; x_wconf 83' lang='lat' dir='ltr'><strong>erant,</strong></span> <span class='ocrx_word' id='word_1_459' title='bbox 2244 2405 2292 2450; x_wconf 88' lang='lat' dir='ltr'><strong>et</strong></span> <span class='ocrx_word' id='word_1_460' title='bbox 2323 2395 2406 2449; x_wconf 89' lang='lat' dir='ltr'><strong>his</strong></span> <span class='ocrx_word' id='word_1_461' title='bbox 2428 2410 2544 2463; x_wconf 76' lang='lat' dir='ltr'><strong>qua:</strong></span> <span class='ocrx_word' id='word_1_462' title='bbox 2573 2394 2626 2448; x_wconf 88' lang='lat' dir='ltr'><strong>in</strong></span> <span class='ocrx_word' id='word_1_463' title='bbox 2651 2391 2820 2458; x_wconf 73' lang='lat' dir='ltr'><strong>uelis,</strong></span> <span class='ocrx_word' id='word_1_464' title='bbox 2845 2401 2901 2449; x_wconf 91' lang='lat' dir='ltr'><strong>et</strong></span> <span class='ocrx_word' id='word_1_465' title='bbox 2927 2401 3126 2448; x_wconf 66' lang='lat' dir='ltr'><strong>caetera</strong></span> <span class='ocrx_word' id='word_1_466' title='bbox 3153 2405 3276 2462; x_wconf 74' lang='lat' dir='ltr'><strong>qua:</strong></span> <span class='ocrx_word' id='word_1_467' title='bbox 3300 2388 3354 2444; x_wconf 88' lang='lat' dir='ltr'><strong>in</strong></span> <span class='ocrx_word' id='word_1_468' title='bbox 3383 2402 3481 2444; x_wconf 87' lang='lat' dir='ltr'><strong>eo-</strong></span> 
     </span>
    </p>
   </div>
   <div class='ocr_carea' id='block_1_52' title="bbox 1877 2481 3479 2560">
    <p class='ocr_par' dir='ltr' id='par_1_52' title="bbox 1877 2481 3479 2560">
     <span class='ocr_line' id='line_1_52' title="bbox 1877 2481 3479 2560; baseline -0.007 -12"><span class='ocrx_word' id='word_1_469' title='bbox 1877 2493 1998 2548; x_wconf 88' lang='lat' dir='ltr'><strong>dem</strong></span> <span class='ocrx_word' id='word_1_470' title='bbox 2033 2490 2286 2547; x_wconf 84' lang='lat' dir='ltr'><strong>tlicuntur</strong></span> <span class='ocrx_word' id='word_1_471' title='bbox 2318 2490 2460 2557; x_wconf 91' lang='lat' dir='ltr'><strong>loco,</strong></span> <span class='ocrx_word' id='word_1_472' title='bbox 2492 2505 2599 2544; x_wconf 90' lang='lat' dir='ltr'><strong>non</strong></span> <span class='ocrx_word' id='word_1_473' title='bbox 2628 2487 2840 2560; x_wconf 89' lang='lat' dir='ltr'><strong>putabit</strong></span> <span class='ocrx_word' id='word_1_474' title='bbox 2872 2500 2996 2554; x_wconf 90' lang='lat' dir='ltr'><strong>nos,</strong></span> <span class='ocrx_word' id='word_1_475' title='bbox 3018 2485 3108 2556; x_wconf 91' lang='lat' dir='ltr'><strong>qui</strong></span> <span class='ocrx_word' id='word_1_476' title='bbox 3133 2484 3289 2554; x_wconf 80' lang='lat' dir='ltr'><strong>juxta</strong></span> <span class='ocrx_word' id='word_1_477' title='bbox 3317 2481 3479 2553; x_wconf 88' lang='lat' dir='ltr'><strong>spiri-</strong></span> 
     </span>
    </p>
   </div>
   <div class='ocr_carea' id='block_1_53' title="bbox 1879 2574 3481 2650">
    <p class='ocr_par' dir='ltr' id='par_1_53' title="bbox 1879 2574 3481 2650">
     <span class='ocr_line' id='line_1_53' title="bbox 1879 2574 3481 2650; baseline -0.006 -10"><span class='ocrx_word' id='word_1_478' title='bbox 1879 2593 1991 2640; x_wconf 90' lang='lat' dir='ltr'><strong>tum</strong></span> <span class='ocrx_word' id='word_1_479' title='bbox 2043 2584 2202 2639; x_wconf 90' lang='lat' dir='ltr'><strong>lsrael</strong></span> <span class='ocrx_word' id='word_1_480' title='bbox 2256 2598 2516 2639; x_wconf 86' lang='lat' dir='ltr'><strong>vocamur</strong></span> <span class='ocrx_word' id='word_1_481' title='bbox 2565 2580 2735 2637; x_wconf 89' lang='lat' dir='ltr'><strong>fuisse</strong></span> <span class='ocrx_word' id='word_1_482' title='bbox 2779 2580 2980 2650; x_wconf 91' lang='lat' dir='ltr'><strong>longe:</strong></span> <span class='ocrx_word' id='word_1_483' title='bbox 3012 2587 3070 2635; x_wconf 92' lang='lat' dir='ltr'><strong>et</strong></span> <span class='ocrx_word' id='word_1_484' title='bbox 3111 2577 3355 2641; x_wconf 69' lang='lat' dir='ltr'><strong>Judaeos,</strong></span> <span class='ocrx_word' id='word_1_485' title='bbox 3385 2574 3481 2646; x_wconf 92' lang='lat' dir='ltr'><strong>qui</strong></span> 
     </span>
    </p>
   </div>
   <div class='ocr_carea' id='block_1_54' title="bbox 1879 2669 3481 2746">
    <p class='ocr_par' dir='ltr' id='par_1_54' title="bbox 1879 2669 3481 2746">
     <span class='ocr_line' id='line_1_54' title="bbox 1879 2669 3481 2746; baseline -0.007 -11"><span class='ocrx_word' id='word_1_486' title='bbox 1879 2678 2264 2736; x_wconf 87' lang='lat' dir='ltr'><strong>tantummodo</strong></span> <span class='ocrx_word' id='word_1_487' title='bbox 2314 2676 2483 2734; x_wconf 88' lang='lat' dir='ltr'><strong>Israel</strong></span> <span class='ocrx_word' id='word_1_488' title='bbox 2529 2684 2914 2746; x_wconf 90' lang='lat' dir='ltr'><strong>nuncupentur</strong></span> <span class='ocrx_word' id='word_1_489' title='bbox 2960 2672 3014 2728; x_wconf 94' lang='lat' dir='ltr'><strong>in</strong></span> <span class='ocrx_word' id='word_1_490' title='bbox 3063 2685 3260 2737; x_wconf 87' lang='lat' dir='ltr'><strong>carne,</strong></span> <span class='ocrx_word' id='word_1_491' title='bbox 3308 2669 3481 2724; x_wconf 78' lang='lat' dir='ltr'><strong>fuisse</strong></span> 
     </span>
    </p>
   </div>
   <div class='ocr_carea' id='block_1_55' title="bbox 1877 2762 3480 2845">
    <p class='ocr_par' dir='ltr' id='par_1_55' title="bbox 1877 2762 3480 2845">
     <span class='ocr_line' id='line_1_55' title="bbox 1877 2762 3480 2845; baseline -0.007 -17"><span class='ocrx_word' id='word_1_492' title='bbox 1877 2788 2067 2845; x_wconf 85' lang='lat' dir='ltr'><strong>prope.</strong></span> <span class='ocrx_word' id='word_1_493' title='bbox 2106 2774 2171 2829; x_wconf 87' lang='lat' dir='ltr'><strong>Et</strong></span> <span class='ocrx_word' id='word_1_494' title='bbox 2197 2773 2338 2828; x_wconf 90' lang='lat' dir='ltr'><strong>hanc</strong></span> <span class='ocrx_word' id='word_1_495' title='bbox 2361 2781 2531 2828; x_wconf 88' lang='lat' dir='ltr'><strong>totam</strong></span> <span class='ocrx_word' id='word_1_496' title='bbox 2566 2768 2988 2839; x_wconf 88' lang='lat' dir='ltr'><strong>intelligentiam</strong></span> <span class='ocrx_word' id='word_1_497' title='bbox 3020 2765 3088 2820; x_wconf 88' lang='lat' dir='ltr'><strong>ad</strong></span> <span class='ocrx_word' id='word_1_498' title='bbox 3117 2765 3345 2836; x_wconf 86' lang='lat' dir='ltr'><strong>angelos</strong></span> <span class='ocrx_word' id='word_1_499' title='bbox 3369 2762 3480 2818; x_wconf 91' lang='lat' dir='ltr'><strong>vir-</strong></span> 
     </span>
    </p>
   </div>
   <div class='ocr_carea' id='block_1_56' title="bbox 1880 2857 3476 2938">
    <p class='ocr_par' dir='ltr' id='par_1_56' title="bbox 1880 2857 3476 2938">
     <span class='ocr_line' id='line_1_56' title="bbox 1880 2857 3476 2938; baseline -0.006 -16"><span class='ocrx_word' id='word_1_500' title='bbox 1880 2877 2128 2938; x_wconf 86' lang='lat' dir='ltr'><strong>lulesque</strong></span> <span class='ocrx_word' id='word_1_501' title='bbox 2157 2867 2432 2933; x_wconf 61' lang='lat' dir='ltr'><strong>caelestes,</strong></span> <span class='ocrx_word' id='word_1_502' title='bbox 2461 2875 2515 2922; x_wconf 92' lang='lat' dir='ltr'><strong>et</strong></span> <span class='ocrx_word' id='word_1_503' title='bbox 2555 2863 2621 2920; x_wconf 90' lang='lat' dir='ltr'><strong>ad</strong></span> <span class='ocrx_word' id='word_1_504' title='bbox 2670 2865 2879 2918; x_wconf 88' lang='lat' dir='ltr'><strong>animas</strong></span> <span class='ocrx_word' id='word_1_505' title='bbox 2913 2859 3240 2932; x_wconf 87' lang='lat' dir='ltr'><strong>temperabit</strong></span> <span class='ocrx_word' id='word_1_506' title='bbox 3283 2857 3476 2913; x_wconf 90' lang='lat' dir='ltr'><strong>huma-</strong></span> 
     </span>
    </p>
   </div>
   <div class='ocr_carea' id='block_1_57' title="bbox 1878 2955 3478 3032">
    <p class='ocr_par' dir='ltr' id='par_1_57' title="bbox 1878 2955 3478 3032">
     <span class='ocr_line' id='line_1_57' title="bbox 1878 2955 3478 3032; baseline -0.008 -14"><span class='ocrx_word' id='word_1_507' title='bbox 1878 2977 1978 3018; x_wconf 89' lang='lat' dir='ltr'><strong>nas</strong></span> <span class='ocrx_word' id='word_1_508' title='bbox 2007 2977 2021 3016; x_wconf 92' lang='lat'><strong>:</strong></span> <span class='ocrx_word' id='word_1_509' title='bbox 2047 2961 2193 3032; x_wconf 90' lang='lat' dir='ltr'><strong>quod</strong></span> <span class='ocrx_word' id='word_1_510' title='bbox 2223 2959 2474 3016; x_wconf 79' lang='lat' dir='ltr'><strong>Christus</strong></span> <span class='ocrx_word' id='word_1_511' title='bbox 2507 2959 2560 3014; x_wconf 92' lang='lat' dir='ltr'><strong>in</strong></span> <span class='ocrx_word' id='word_1_512' title='bbox 2594 2972 2695 3014; x_wconf 90' lang='lat' dir='ltr'><strong>suo</strong></span> <span class='ocrx_word' id='word_1_513' title='bbox 2731 2955 2999 3027; x_wconf 90' lang='lat' dir='ltr'><strong>sanguine</strong></span> <span class='ocrx_word' id='word_1_514' title='bbox 3039 2963 3257 3009; x_wconf 89' lang='lat' dir='ltr'><strong>terrena</strong></span> <span class='ocrx_word' id='word_1_515' title='bbox 3285 2960 3340 3008; x_wconf 89' lang='lat' dir='ltr'><strong>et</strong></span> <span class='ocrx_word' id='word_1_516' title='bbox 3367 2964 3478 3006; x_wconf 76' lang='lat' dir='ltr'><strong>cm-</strong></span> 
     </span>
    </p>
   </div>
   <div class='ocr_carea' id='block_1_58' title="bbox 1876 3045 3480 3124">
    <p class='ocr_par' dir='ltr' id='par_1_58' title="bbox 1876 3045 3480 3124">
     <span class='ocr_line' id='line_1_58' title="bbox 1876 3045 3480 3124; baseline -0.007 -15"><span class='ocrx_word' id='word_1_517' title='bbox 1876 3052 2036 3110; x_wconf 89' lang='lat' dir='ltr'><strong>lestia</strong></span> <span class='ocrx_word' id='word_1_518' title='bbox 2062 3053 2352 3124; x_wconf 91' lang='lat' dir='ltr'><strong>copularit,</strong></span> <span class='ocrx_word' id='word_1_519' title='bbox 2387 3067 2507 3124; x_wconf 68' lang='lat' dir='ltr'><strong>quae</strong></span> <span class='ocrx_word' id='word_1_520' title='bbox 2539 3051 2685 3106; x_wconf 91' lang='lat' dir='ltr'><strong>inter</strong></span> <span class='ocrx_word' id='word_1_521' title='bbox 2726 3065 2787 3106; x_wconf 91' lang='lat' dir='ltr'><strong>se</strong></span> <span class='ocrx_word' id='word_1_522' title='bbox 2813 3056 2974 3104; x_wconf 88' lang='lat' dir='ltr'><strong>antea</strong></span> <span class='ocrx_word' id='word_1_523' title='bbox 3005 3045 3347 3102; x_wconf 85' lang='lat' dir='ltr'><strong>dissidebant</strong></span> <span class='ocrx_word' id='word_1_524' title='bbox 3378 3060 3392 3097; x_wconf 89' lang='lat'><strong>:</strong></span> <span class='ocrx_word' id='word_1_525' title='bbox 3421 3049 3480 3098; x_wconf 86' lang='lat' dir='ltr'><strong>et</strong></span> 
     </span>
    </p>
   </div>
   <div class='ocr_carea' id='block_1_59' title="bbox 1880 3141 3473 3217">
    <p class='ocr_par' dir='ltr' id='par_1_59' title="bbox 1880 3141 3473 3217">
     <span class='ocr_line' id='line_1_59' title="bbox 1880 3141 3473 3217; baseline -0.009 -16"><span class='ocrx_word' id='word_1_526' title='bbox 1880 3146 2054 3201; x_wconf 90' lang='lat' dir='ltr'><strong>bonus</strong></span> <span class='ocrx_word' id='word_1_527' title='bbox 2083 3155 2268 3217; x_wconf 88' lang='lat' dir='ltr'><strong>pastor</strong></span> <span class='ocrx_word' id='word_1_528' title='bbox 2300 3142 2604 3199; x_wconf 81' lang='lat' dir='ltr'><strong>morbidum</strong></span> <span class='ocrx_word' id='word_1_529' title='bbox 2635 3141 2702 3196; x_wconf 89' lang='lat' dir='ltr'><strong>ad</strong></span> <span class='ocrx_word' id='word_1_530' title='bbox 2737 3148 2952 3197; x_wconf 84' lang='lat' dir='ltr'><strong>montes</strong></span> <span class='ocrx_word' id='word_1_531' title='bbox 2978 3147 3267 3195; x_wconf 88' lang='lat' dir='ltr'><strong>revectans</strong></span> <span class='ocrx_word' id='word_1_532' title='bbox 3291 3149 3473 3200; x_wconf 91' lang='lat' dir='ltr'><strong>ovem,</strong></span> 
     </span>
    </p>
   </div>
   <div class='ocr_carea' id='block_1_60' title="bbox 198 3227 3476 3306">
    <p class='ocr_par' dir='ltr' id='par_1_60' title="bbox 198 3227 3476 3306">
     <span class='ocr_line' id='line_1_60' title="bbox 198 3227 3476 3306; baseline -0.001 -19"><span class='ocrx_word' id='word_1_533' title='bbox 198 3232 359 3302; x_wconf 86' lang='lat' dir='ltr'><strong>pulum</strong></span> <span class='ocrx_word' id='word_1_534' title='bbox 385 3233 687 3290; x_wconf 80' lang='lat' dir='ltr'><strong>dividebat.</strong></span> <span class='ocrx_word' id='word_1_535' title='bbox 718 3232 794 3288; x_wconf 92' lang='lat' dir='ltr'><strong>De</strong></span> <span class='ocrx_word' id='word_1_536' title='bbox 816 3248 928 3303; x_wconf 82' lang='lat' dir='ltr'><strong>quo</strong></span> <span class='ocrx_word' id='word_1_537' title='bbox 949 3235 1081 3290; x_wconf 89' lang='lat' dir='ltr'><strong>etin</strong></span> <span class='ocrx_word' id='word_1_538' title='bbox 1102 3233 1301 3290; x_wconf 86' lang='lat' dir='ltr'><strong>Genesi</strong></span> <span class='ocrx_word' id='word_1_539' title='bbox 1337 3238 1391 3288; x_wconf 90' lang='lat' dir='ltr'><strong>in</strong></span> <span class='ocrx_word' id='word_1_540' title='bbox 1428 3244 1588 3304; x_wconf 89' lang='lat' dir='ltr'><strong>partu</strong></span> <span class='ocrx_word' id='word_1_541' title='bbox 1611 3234 1774 3304; x_wconf 80' lang='lat' dir='ltr'><strong>gcmi-</strong></span> <span class='ocrx_word' id='word_1_542' title='bbox 1801 3231 1848 3296; x_wconf 89' lang='lat' dir='ltr'><strong>C</strong></span> <span class='ocrx_word' id='word_1_543' title='bbox 1879 3240 2070 3306; x_wconf 84' lang='lat' dir='ltr'><strong>fecerit</strong></span> <span class='ocrx_word' id='word_1_544' title='bbox 2098 3255 2219 3295; x_wconf 88' lang='lat' dir='ltr'><strong>esse</strong></span> <span class='ocrx_word' id='word_1_545' title='bbox 2245 3253 2367 3295; x_wconf 89' lang='lat' dir='ltr'><strong>cum</strong></span> <span class='ocrx_word' id='word_1_546' title='bbox 2397 3237 2645 3302; x_wconf 58' lang='lat' dir='ltr'><strong>caeteris;</strong></span> <span class='ocrx_word' id='word_1_547' title='bbox 2677 3234 3108 3304; x_wconf 87' lang='lat' dir='ltr'><strong>drachmamque</strong></span> <span class='ocrx_word' id='word_1_548' title='bbox 3141 3245 3262 3300; x_wconf 65' lang='lat' dir='ltr'><strong>qua:</strong></span> <span class='ocrx_word' id='word_1_549' title='bbox 3294 3227 3476 3300; x_wconf 87' lang='lat' dir='ltr'><strong>perie-</strong></span> 
     </span>
    </p>
   </div>
   <div class='ocr_carea' id='block_1_61' title="bbox 197 3327 1772 3400">
    <p class='ocr_par' dir='ltr' id='par_1_61' title="bbox 197 3327 1772 3400">
     <span class='ocr_line' id='line_1_61' title="bbox 197 3327 1772 3400; baseline -0.001 -18"><span class='ocrx_word' id='word_1_550' title='bbox 197 3342 390 3395; x_wconf 89' lang='lat' dir='ltr'><strong>norum,</strong></span> <span class='ocrx_word' id='word_1_551' title='bbox 419 3327 694 3384; x_wconf 75' lang='lat' dir='ltr'><strong>obstetrix</strong></span> <span class='ocrx_word' id='word_1_552' title='bbox 726 3327 968 3398; x_wconf 86' lang='lat' dir='ltr'><strong>loquitur</strong></span> <span class='ocrx_word' id='word_1_553' title='bbox 995 3346 1007 3382; x_wconf 88' lang='lat'><strong>:</strong></span> <span class='ocrx_word' id='word_1_554' title='bbox 1031 3327 1226 3396; x_wconf 88' lang='lat' dir='ltr'><strong>thuid</strong></span> <span class='ocrx_word' id='word_1_555' title='bbox 1255 3336 1463 3400; x_wconf 85' lang='lat' dir='ltr'><strong>propter</strong></span> <span class='ocrx_word' id='word_1_556' title='bbox 1490 3338 1537 3382; x_wconf 89' lang='lat' dir='ltr'><strong>te</strong></span> <span class='ocrx_word' id='word_1_557' title='bbox 1561 3327 1772 3400; x_wconf 84' lang='lat' dir='ltr'><strong>dirupta</strong></span> 
     </span>
    </p>
   </div>
   <div class='ocr_carea' id='block_1_62' title="bbox 196 3419 1772 3496">
    <p class='ocr_par' dir='ltr' id='par_1_62' title="bbox 196 3419 1772 3496">
     <span class='ocr_line' id='line_1_62' title="bbox 196 3419 1772 3496; baseline 0.001 -22"><span class='ocrx_word' id='word_1_558' title='bbox 196 3429 259 3474; x_wconf 84' lang='lat' dir='ltr'><strong>est</strong></span> <span class='ocrx_word' id='word_1_559' title='bbox 278 3423 405 3491; x_wconf 77' lang='lat' dir='ltr'><strong>scpis</strong></span> <span class='ocrx_word' id='word_1_560' title='bbox 435 3419 600 3496; x_wconf 85' lang='lat' dir='ltr'><strong>(Gen.</strong></span> <span class='ocrx_word' id='word_1_561' title='bbox 630 3436 862 3484; x_wconf 75' lang='lat' dir='ltr'><strong>xxxviii,</strong></span> <span class='ocrx_word' id='word_1_562' title='bbox 889 3420 1030 3492; x_wconf 66' lang='lat'><strong>‘29)?</strong></span> <span class='ocrx_word' id='word_1_563' title='bbox 1073 3421 1368 3492; x_wconf 80' lang='lat' dir='ltr'><strong>Postquam</strong></span> <span class='ocrx_word' id='word_1_564' title='bbox 1399 3435 1528 3491; x_wconf 86' lang='lat' dir='ltr'><strong>ergo</strong></span> <span class='ocrx_word' id='word_1_565' title='bbox 1558 3420 1772 3490; x_wconf 87' lang='lat' dir='ltr'><strong>sapien-</strong></span> 
     </span>
    </p>
   </div>
   <div class='ocr_carea' id='block_1_63' title="bbox 196 3512 1770 3588">
    <p class='ocr_par' dir='ltr' id='par_1_63' title="bbox 196 3512 1770 3588">
     <span class='ocr_line' id='line_1_63' title="bbox 196 3512 1770 3588; baseline 0.001 -22"><span class='ocrx_word' id='word_1_566' title='bbox 196 3512 306 3569; x_wconf 81' lang='lat' dir='ltr'><strong>tiam</strong></span> <span class='ocrx_word' id='word_1_567' title='bbox 329 3516 512 3570; x_wconf 84' lang='lat' dir='ltr'><strong>carnis</strong></span> <span class='ocrx_word' id='word_1_568' title='bbox 540 3529 663 3586; x_wconf 66' lang='lat' dir='ltr'><strong>qua:</strong></span> <span class='ocrx_word' id='word_1_569' title='bbox 693 3524 782 3570; x_wconf 90' lang='lat' dir='ltr'><strong>est</strong></span> <span class='ocrx_word' id='word_1_570' title='bbox 814 3515 1038 3569; x_wconf 85' lang='lat' dir='ltr'><strong>inimica</strong></span> <span class='ocrx_word' id='word_1_571' title='bbox 1067 3514 1180 3570; x_wconf 91' lang='lat' dir='ltr'><strong>Deo</strong></span> <span class='ocrx_word' id='word_1_572' title='bbox 1204 3513 1380 3588; x_wconf 87' lang='lat' dir='ltr'><strong>(Rom.</strong></span> <span class='ocrx_word' id='word_1_573' title='bbox 1426 3512 1568 3584; x_wconf 91' lang='lat' dir='ltr'><strong>vm),</strong></span> <span class='ocrx_word' id='word_1_574' title='bbox 1593 3513 1644 3567; x_wconf 94' lang='lat' dir='ltr'><strong>in</strong></span> <span class='ocrx_word' id='word_1_575' title='bbox 1670 3527 1770 3568; x_wconf 90' lang='lat' dir='ltr'><strong>sua</strong></span> 
     </span>
    </p>
   </div>
   <div class='ocr_carea' id='block_1_64' title="bbox 194 3607 1771 3680">
    <p class='ocr_par' dir='ltr' id='par_1_64' title="bbox 194 3607 1771 3680">
     <span class='ocr_line' id='line_1_64' title="bbox 194 3607 1771 3680; baseline -0.001 -15"><span class='ocrx_word' id='word_1_576' title='bbox 194 3607 421 3666; x_wconf 83' lang='lat' dir='ltr'><strong>Salvator</strong></span> <span class='ocrx_word' id='word_1_577' title='bbox 441 3624 614 3666; x_wconf 87' lang='lat' dir='ltr'><strong>carne</strong></span> <span class='ocrx_word' id='word_1_578' title='bbox 641 3609 937 3677; x_wconf 82' lang='lat' dir='ltr'><strong>destruxit,</strong></span> <span class='ocrx_word' id='word_1_579' title='bbox 968 3618 1023 3664; x_wconf 91' lang='lat' dir='ltr'><strong>et</strong></span> <span class='ocrx_word' id='word_1_580' title='bbox 1055 3618 1328 3680; x_wconf 65' lang='lat' dir='ltr'><strong>praecepta</strong></span> <span class='ocrx_word' id='word_1_581' title='bbox 1351 3607 1771 3677; x_wconf 81' lang='lat' dir='ltr'><strong>Legalia,evan—</strong></span> 
     </span>
    </p>
   </div>
   <div class='ocr_carea' id='block_1_65' title="bbox 193 3700 1769 3775">
    <p class='ocr_par' dir='ltr' id='par_1_65' title="bbox 193 3700 1769 3775">
     <span class='ocr_line' id='line_1_65' title="bbox 193 3700 1769 3775; baseline 0 -17"><span class='ocrx_word' id='word_1_582' title='bbox 193 3703 356 3773; x_wconf 84' lang='lat' dir='ltr'><strong>gelicis</strong></span> <span class='ocrx_word' id='word_1_583' title='bbox 385 3702 741 3775; x_wconf 88' lang='lat' dir='ltr'><strong>dogmatibus</strong></span> <span class='ocrx_word' id='word_1_584' title='bbox 786 3703 1163 3766; x_wconf 83' lang='lat' dir='ltr'><strong>commutavit,</strong></span> <span class='ocrx_word' id='word_1_585' title='bbox 1197 3711 1251 3756; x_wconf 93' lang='lat' dir='ltr'><strong>ut</strong></span> <span class='ocrx_word' id='word_1_586' title='bbox 1290 3700 1358 3756; x_wconf 89' lang='lat' dir='ltr'><strong>de</strong></span> <span class='ocrx_word' id='word_1_587' title='bbox 1387 3701 1578 3757; x_wconf 61' lang='lat' dir='ltr'><strong>Judazo</strong></span> <span class='ocrx_word' id='word_1_588' title='bbox 1606 3711 1769 3772; x_wconf 85' lang='lat' dir='ltr'><strong>atque</strong></span> 
     </span>
    </p>
   </div>
   <div class='ocr_carea' id='block_1_66' title="bbox 193 3795 1767 3868">
    <p class='ocr_par' dir='ltr' id='par_1_66' title="bbox 193 3795 1767 3868">
     <span class='ocr_line' id='line_1_66' title="bbox 193 3795 1767 3868; baseline 0 -17"><span class='ocrx_word' id='word_1_589' title='bbox 193 3797 354 3866; x_wconf 83' lang='lat' dir='ltr'><strong>gentili</strong></span> <span class='ocrx_word' id='word_1_590' title='bbox 384 3812 552 3852; x_wconf 90' lang='lat' dir='ltr'><strong>unum</strong></span> <span class='ocrx_word' id='word_1_591' title='bbox 583 3795 846 3867; x_wconf 83' lang='lat' dir='ltr'><strong>pupulum</strong></span> <span class='ocrx_word' id='word_1_592' title='bbox 878 3797 1081 3852; x_wconf 84' lang='lat' dir='ltr'><strong>faceret</strong></span> <span class='ocrx_word' id='word_1_593' title='bbox 1113 3796 1500 3862; x_wconf 86' lang='lat' dir='ltr'><strong>Christianum,</strong></span> <span class='ocrx_word' id='word_1_594' title='bbox 1532 3811 1767 3868; x_wconf 84' lang='lat' dir='ltr'><strong>evange-</strong></span> 
     </span>
    </p>
   </div>
   <div class='ocr_carea' id='block_1_67' title="bbox 193 3889 1768 3962">
    <p class='ocr_par' dir='ltr' id='par_1_67' title="bbox 193 3889 1768 3962">
     <span class='ocr_line' id='line_1_67' title="bbox 193 3889 1768 3962; baseline 0 -18"><span class='ocrx_word' id='word_1_595' title='bbox 193 3889 340 3948; x_wconf 79' lang='lat' dir='ltr'><strong>lizans</strong></span> <span class='ocrx_word' id='word_1_596' title='bbox 368 3892 534 3947; x_wconf 88' lang='lat' dir='ltr'><strong>nobis</strong></span> <span class='ocrx_word' id='word_1_597' title='bbox 559 3890 652 3962; x_wconf 93' lang='lat' dir='ltr'><strong>qui</strong></span> <span class='ocrx_word' id='word_1_598' title='bbox 698 3890 856 3960; x_wconf 81' lang='lat' dir='ltr'><strong>longe</strong></span> <span class='ocrx_word' id='word_1_599' title='bbox 899 3905 1137 3956; x_wconf 88' lang='lat' dir='ltr'><strong>eramus,</strong></span> <span class='ocrx_word' id='word_1_600' title='bbox 1170 3898 1225 3944; x_wconf 88' lang='lat' dir='ltr'><strong>et</strong></span> <span class='ocrx_word' id='word_1_601' title='bbox 1261 3889 1508 3961; x_wconf 90' lang='lat' dir='ltr'><strong>reliquiis</strong></span> <span class='ocrx_word' id='word_1_602' title='bbox 1551 3890 1768 3946; x_wconf 76' lang='lat' dir='ltr'><strong>Judzeo-</strong></span> 
     </span>
    </p>
   </div>
   <div class='ocr_carea' id='block_1_68' title="bbox 192 3982 1764 4054">
    <p class='ocr_par' dir='ltr' id='par_1_68' title="bbox 192 3982 1764 4054">
     <span class='ocr_line' id='line_1_68' title="bbox 192 3982 1764 4054; baseline 0.001 -18"><span class='ocrx_word' id='word_1_603' title='bbox 192 3996 317 4048; x_wconf 87' lang='lat' dir='ltr'><strong>rum,</strong></span> <span class='ocrx_word' id='word_1_604' title='bbox 341 3984 430 4054; x_wconf 91' lang='lat' dir='ltr'><strong>qui</strong></span> <span class='ocrx_word' id='word_1_605' title='bbox 461 3984 532 4039; x_wconf 90' lang='lat' dir='ltr'><strong>de</strong></span> <span class='ocrx_word' id='word_1_606' title='bbox 557 3982 726 4038; x_wconf 87' lang='lat' dir='ltr'><strong>lsrael</strong></span> <span class='ocrx_word' id='word_1_607' title='bbox 752 3999 846 4053; x_wconf 87' lang='lat' dir='ltr'><strong>per</strong></span> <span class='ocrx_word' id='word_1_608' title='bbox 871 3982 1149 4054; x_wconf 84' lang='lat' dir='ltr'><strong>apostolos</strong></span> <span class='ocrx_word' id='word_1_609' title='bbox 1179 3982 1548 4049; x_wconf 79' lang='lat' dir='ltr'><strong>crediderunt,</strong></span> <span class='ocrx_word' id='word_1_610' title='bbox 1577 3998 1764 4052; x_wconf 89' lang='lat' dir='ltr'><strong>pacem</strong></span> 
     </span>
    </p>
   </div>
   <div class='ocr_carea' id='block_1_69' title="bbox 189 4075 1764 4146">
    <p class='ocr_par' dir='ltr' id='par_1_69' title="bbox 189 4075 1764 4146">
     <span class='ocr_line' id='line_1_69' title="bbox 189 4075 1764 4146; baseline 0.002 -19"><span class='ocrx_word' id='word_1_611' title='bbox 189 4083 330 4144; x_wconf 85' lang='lat' dir='ltr'><strong>atque</strong></span> <span class='ocrx_word' id='word_1_612' title='bbox 355 4075 715 4132; x_wconf 89' lang='lat' dir='ltr'><strong>concordiam</strong></span> <span class='ocrx_word' id='word_1_613' title='bbox 753 4095 765 4130; x_wconf 90' lang='lat'><strong>:</strong></span> <span class='ocrx_word' id='word_1_614' title='bbox 800 4084 932 4132; x_wconf 90' lang='lat' dir='ltr'><strong>tunc</strong></span> <span class='ocrx_word' id='word_1_615' title='bbox 983 4075 1317 4131; x_wconf 88' lang='lat' dir='ltr'><strong>accessimus</strong></span> <span class='ocrx_word' id='word_1_616' title='bbox 1351 4091 1444 4144; x_wconf 83' lang='lat' dir='ltr'><strong>per</strong></span> <span class='ocrx_word' id='word_1_617' title='bbox 1476 4075 1650 4146; x_wconf 90' lang='lat' dir='ltr'><strong>ipsum</strong></span> <span class='ocrx_word' id='word_1_618' title='bbox 1698 4075 1764 4130; x_wconf 90' lang='lat' dir='ltr'><strong>ad</strong></span> 
     </span>
    </p>
   </div>
   <div class='ocr_carea' id='block_1_70' title="bbox 189 4164 1762 4240">
    <p class='ocr_par' dir='ltr' id='par_1_70' title="bbox 189 4164 1762 4240">
     <span class='ocr_line' id='line_1_70' title="bbox 189 4164 1762 4240; baseline 0.004 -21"><span class='ocrx_word' id='word_1_619' title='bbox 189 4164 356 4234; x_wconf 86' lang='lat' dir='ltr'><strong>Deum,</strong></span> <span class='ocrx_word' id='word_1_620' title='bbox 374 4178 428 4224; x_wconf 92' lang='lat' dir='ltr'><strong>et</strong></span> <span class='ocrx_word' id='word_1_621' title='bbox 457 4185 629 4224; x_wconf 91' lang='lat' dir='ltr'><strong>unum</strong></span> <span class='ocrx_word' id='word_1_622' title='bbox 659 4169 710 4224; x_wconf 94' lang='lat' dir='ltr'><strong>in</strong></span> <span class='ocrx_word' id='word_1_623' title='bbox 742 4170 941 4240; x_wconf 91' lang='lat' dir='ltr'><strong>spiritu</strong></span> <span class='ocrx_word' id='word_1_624' title='bbox 971 4169 1185 4225; x_wconf 81' lang='lat' dir='ltr'><strong>Patrem</strong></span> <span class='ocrx_word' id='word_1_625' title='bbox 1215 4184 1312 4224; x_wconf 92' lang='lat' dir='ltr'><strong>nos</strong></span> <span class='ocrx_word' id='word_1_626' title='bbox 1337 4169 1540 4226; x_wconf 82' lang='lat' dir='ltr'><strong>habere</strong></span> <span class='ocrx_word' id='word_1_627' title='bbox 1563 4185 1762 4240; x_wconf 89' lang='lat' dir='ltr'><strong>cogno-</strong></span> 
     </span>
    </p>
   </div>
   <div class='ocr_carea' id='block_1_71' title="bbox 187 4258 1762 4334">
    <p class='ocr_par' dir='ltr' id='par_1_71' title="bbox 187 4258 1762 4334">
     <span class='ocr_line' id='line_1_71' title="bbox 187 4258 1762 4334; baseline 0.002 -22"><span class='ocrx_word' id='word_1_628' title='bbox 187 4258 381 4316; x_wconf 86' lang='lat' dir='ltr'><strong>vimus:</strong></span> <span class='ocrx_word' id='word_1_629' title='bbox 412 4262 863 4334; x_wconf 88' lang='lat' dir='ltr'><strong>completumque</strong></span> <span class='ocrx_word' id='word_1_630' title='bbox 907 4272 993 4318; x_wconf 77' lang='lat' dir='ltr'><strong>est</strong></span> <span class='ocrx_word' id='word_1_631' title='bbox 1036 4261 1169 4317; x_wconf 90' lang='lat' dir='ltr'><strong>illud</strong></span> <span class='ocrx_word' id='word_1_632' title='bbox 1199 4263 1344 4334; x_wconf 88' lang='lat' dir='ltr'><strong>quod</strong></span> <span class='ocrx_word' id='word_1_633' title='bbox 1379 4264 1429 4316; x_wconf 91' lang='lat' dir='ltr'><strong>in</strong></span> <span class='ocrx_word' id='word_1_634' title='bbox 1467 4263 1762 4334; x_wconf 74' lang='lat' dir='ltr'><strong>Evangelia</strong></span> 
     </span>
    </p>
   </div>
   <div class='ocr_carea' id='block_1_72' title="bbox 187 4351 1762 4428">
    <p class='ocr_par' dir='ltr' id='par_1_72' title="bbox 187 4351 1762 4428">
     <span class='ocr_line' id='line_1_72' title="bbox 187 4351 1762 4428; baseline 0.004 -21"><span class='ocrx_word' id='word_1_635' title='bbox 187 4351 430 4412; x_wconf 83' lang='lat' dir='ltr'><strong>Dominus</strong></span> <span class='ocrx_word' id='word_1_636' title='bbox 466 4357 813 4428; x_wconf 89' lang='lat' dir='ltr'><strong>loquebatur,</strong></span> <span class='ocrx_word' id='word_1_637' title='bbox 849 4357 1040 4413; x_wconf 86' lang='lat' dir='ltr'><strong>dicens</strong></span> <span class='ocrx_word' id='word_1_638' title='bbox 1072 4375 1085 4412; x_wconf 93' lang='lat'>:</span> <span class='ocrx_word' id='word_1_639' title='bbox 1112 4356 1181 4412; x_wconf 83' lang='lat' dir='ltr'><strong>Et</strong></span> <span class='ocrx_word' id='word_1_640' title='bbox 1206 4359 1292 4428; x_wconf 80' lang='lat' dir='ltr'><strong>ﬁet</strong></span> <span class='ocrx_word' id='word_1_641' title='bbox 1322 4375 1455 4414; x_wconf 79' lang='lat' dir='ltr'><strong>unus</strong></span> <span class='ocrx_word' id='word_1_642' title='bbox 1499 4367 1676 4426; x_wconf 84' lang='lat' dir='ltr'><strong>pastor</strong></span> <span class='ocrx_word' id='word_1_643' title='bbox 1715 4369 1762 4413; x_wconf 88' lang='lat' dir='ltr'><strong>et</strong></span> 
     </span>
    </p>
   </div>
   <div class='ocr_carea' id='block_1_73' title="bbox 187 4449 1761 4524">
    <p class='ocr_par' dir='ltr' id='par_1_73' title="bbox 187 4449 1761 4524">
     <span class='ocr_line' id='line_1_73' title="bbox 187 4449 1761 4524; baseline 0.006 -25"><span class='ocrx_word' id='word_1_644' title='bbox 187 4463 302 4502; x_wconf 87' lang='lat' dir='ltr'><strong>unus</strong></span> <span class='ocrx_word' id='word_1_645' title='bbox 338 4467 468 4524; x_wconf 73' lang='lat' dir='ltr'><strong>grex</strong></span> <span class='ocrx_word' id='word_1_646' title='bbox 507 4449 712 4519; x_wconf 82' lang='lat' dir='ltr'><strong>(Joan.</strong></span> <span class='ocrx_word' id='word_1_647' title='bbox 738 4467 794 4519; x_wconf 72' lang='grc' dir='ltr'><strong>ι,</strong></span> <span class='ocrx_word' id='word_1_648' title='bbox 825 4449 937 4523; x_wconf 77' lang='lat' dir='ltr'><strong>l6);</strong></span> <span class='ocrx_word' id='word_1_649' title='bbox 970 4462 1025 4506; x_wconf 89' lang='lat' dir='ltr'><strong>et</strong></span> <span class='ocrx_word' id='word_1_650' title='bbox 1065 4452 1261 4506; x_wconf 87' lang='lat' dir='ltr'><strong>iterum</strong></span> <span class='ocrx_word' id='word_1_651' title='bbox 1297 4471 1310 4508; x_wconf 89' lang='lat'><strong>:</strong></span> <span class='ocrx_word' id='word_1_652' title='bbox 1341 4452 1406 4507; x_wconf 86' lang='lat' dir='ltr'><strong>Et</strong></span> <span class='ocrx_word' id='word_1_653' title='bbox 1459 4451 1594 4508; x_wconf 86' lang='lat' dir='ltr'><strong>alias</strong></span> <span class='ocrx_word' id='word_1_654' title='bbox 1647 4471 1761 4508; x_wconf 80' lang='lat' dir='ltr'><strong>oves</strong></span> 
     </span>
    </p>
   </div>
   <div class='ocr_carea' id='block_1_74' title="bbox 185 4537 1757 4616">
    <p class='ocr_par' dir='ltr' id='par_1_74' title="bbox 185 4537 1757 4616">
     <span class='ocr_line' id='line_1_74' title="bbox 185 4537 1757 4616; baseline 0.006 -26"><span class='ocrx_word' id='word_1_655' title='bbox 185 4537 325 4596; x_wconf 80' lang='lat' dir='ltr'><strong>habeo</strong></span> <span class='ocrx_word' id='word_1_656' title='bbox 352 4560 472 4614; x_wconf 66' lang='lat' dir='ltr'><strong>qua:</strong></span> <span class='ocrx_word' id='word_1_657' title='bbox 499 4559 608 4599; x_wconf 88' lang='lat' dir='ltr'><strong>non</strong></span> <span class='ocrx_word' id='word_1_658' title='bbox 639 4553 760 4599; x_wconf 84' lang='lat' dir='ltr'><strong>sunt</strong></span> <span class='ocrx_word' id='word_1_659' title='bbox 795 4544 859 4598; x_wconf 85' lang='lat' dir='ltr'><strong>de</strong></span> <span class='ocrx_word' id='word_1_660' title='bbox 897 4545 1023 4600; x_wconf 86' lang='lat' dir='ltr'><strong>ovili</strong></span> <span class='ocrx_word' id='word_1_661' title='bbox 1050 4546 1172 4611; x_wconf 90' lang='lat' dir='ltr'><strong>isto,</strong></span> <span class='ocrx_word' id='word_1_662' title='bbox 1203 4560 1302 4600; x_wconf 89' lang='lat' dir='ltr'><strong>nos</strong></span> <span class='ocrx_word' id='word_1_663' title='bbox 1342 4546 1653 4616; x_wconf 84' lang='lat' dir='ltr'><strong>significans</strong></span> <span class='ocrx_word' id='word_1_664' title='bbox 1685 4561 1757 4601; x_wconf 79' lang='lat' dir='ltr'><strong>ex</strong></span> 
     </span>
    </p>
   </div>
   <div class='ocr_carea' id='block_1_75' title="bbox 183 4629 1836 4710">
    <p class='ocr_par' dir='ltr' id='par_1_75' title="bbox 183 4629 1836 4710">
     <span class='ocr_line' id='line_1_75' title="bbox 183 4629 1836 4710; baseline 0.002 -24"><span class='ocrx_word' id='word_1_665' title='bbox 183 4636 408 4700; x_wconf 80' lang='lat' dir='ltr'><strong>gentibus</strong></span> <span class='ocrx_word' id='word_1_666' title='bbox 454 4636 900 4708; x_wconf 87' lang='lat' dir='ltr'><strong>congregandos.</strong></span> <span class='ocrx_word' id='word_1_667' title='bbox 950 4637 1238 4693; x_wconf 90' lang='lat' dir='ltr'><strong>lnimicitia</strong></span> <span class='ocrx_word' id='word_1_668' title='bbox 1287 4647 1468 4693; x_wconf 87' lang='lat' dir='ltr'><strong>autem</strong></span> <span class='ocrx_word' id='word_1_669' title='bbox 1531 4653 1655 4710; x_wconf 80' lang='lat' dir='ltr'><strong>quae</strong></span> <span class='ocrx_word' id='word_1_670' title='bbox 1703 4637 1755 4695; x_wconf 92' lang='lat' dir='ltr'><strong>in</strong></span> <span class='ocrx_word' id='word_1_671' title='bbox 1791 4629 1836 4689; x_wconf 92' lang='lat' dir='ltr'><strong>D</strong></span> 
     </span>
    </p>
   </div>
   <div class='ocr_carea' id='block_1_76' title="bbox 184 4723 1754 4800">
    <p class='ocr_par' dir='ltr' id='par_1_76' title="bbox 184 4723 1754 4800">
     <span class='ocr_line' id='line_1_76' title="bbox 184 4723 1754 4800; baseline 0.004 -21"><span class='ocrx_word' id='word_1_672' title='bbox 184 4723 463 4785; x_wconf 82' lang='lat' dir='ltr'><strong>Salvatoris</strong></span> <span class='ocrx_word' id='word_1_673' title='bbox 511 4745 679 4786; x_wconf 86' lang='lat' dir='ltr'><strong>carne</strong></span> <span class='ocrx_word' id='word_1_674' title='bbox 727 4729 1004 4786; x_wconf 88' lang='lat' dir='ltr'><strong>destructa</strong></span> <span class='ocrx_word' id='word_1_675' title='bbox 1052 4741 1158 4797; x_wconf 88' lang='lat' dir='ltr'><strong>est,</strong></span> <span class='ocrx_word' id='word_1_676' title='bbox 1191 4731 1356 4786; x_wconf 88' lang='lat' dir='ltr'><strong>etiam</strong></span> <span class='ocrx_word' id='word_1_677' title='bbox 1389 4747 1488 4800; x_wconf 86' lang='lat' dir='ltr'><strong>per</strong></span> <span class='ocrx_word' id='word_1_678' title='bbox 1537 4747 1754 4787; x_wconf 89' lang='lat' dir='ltr'><strong>crucem</strong></span> 
     </span>
    </p>
   </div>
   <div class='ocr_carea' id='block_1_77' title="bbox 183 4822 1756 4893">
    <p class='ocr_par' dir='ltr' id='par_1_77' title="bbox 183 4822 1756 4893">
     <span class='ocr_line' id='line_1_77' title="bbox 183 4822 1756 4893; baseline 0.003 -20"><span class='ocrx_word' id='word_1_679' title='bbox 183 4831 253 4874; x_wconf 85' lang='lat' dir='ltr'><strong>est</strong></span> <span class='ocrx_word' id='word_1_680' title='bbox 281 4822 586 4879; x_wconf 79' lang='lat' dir='ltr'><strong>interiecta.</strong></span> <span class='ocrx_word' id='word_1_681' title='bbox 621 4822 900 4893; x_wconf 80' lang='lat' dir='ltr'><strong>Scriptum</strong></span> <span class='ocrx_word' id='word_1_682' title='bbox 945 4835 1030 4880; x_wconf 90' lang='lat' dir='ltr'><strong>est</strong></span> <span class='ocrx_word' id='word_1_683' title='bbox 1074 4824 1222 4880; x_wconf 88' lang='lat' dir='ltr'><strong>enim</strong></span> <span class='ocrx_word' id='word_1_684' title='bbox 1267 4844 1280 4880; x_wconf 89' lang='lat'><strong>:</strong></span> <span class='ocrx_word' id='word_1_685' title='bbox 1309 4836 1362 4879; x_wconf 91' lang='lat' dir='ltr'><strong>ut</strong></span> <span class='ocrx_word' id='word_1_686' title='bbox 1397 4825 1756 4880; x_wconf 76' lang='lat' dir='ltr'><strong>reconciliaret</strong></span> 
     </span>
    </p>
   </div>
   <div class='ocr_carea' id='block_1_78' title="bbox 183 4915 1761 4988">
    <p class='ocr_par' dir='ltr' id='par_1_78' title="bbox 183 4915 1761 4988">
     <span class='ocr_line' id='line_1_78' title="bbox 183 4915 1761 4988; baseline 0.006 -23"><span class='ocrx_word' id='word_1_687' title='bbox 183 4925 431 4985; x_wconf 78' lang='lat' dir='ltr'><strong>utrumque</strong></span> <span class='ocrx_word' id='word_1_688' title='bbox 461 4919 515 4972; x_wconf 87' lang='lat' dir='ltr'><strong>in</strong></span> <span class='ocrx_word' id='word_1_689' title='bbox 536 4933 648 4972; x_wconf 87' lang='lat' dir='ltr'><strong>uno</strong></span> <span class='ocrx_word' id='word_1_690' title='bbox 688 4933 902 4986; x_wconf 88' lang='lat' dir='ltr'><strong>corpore</strong></span> <span class='ocrx_word' id='word_1_691' title='bbox 931 4915 1063 4981; x_wconf 85' lang='lat' dir='ltr'><strong>Deo,</strong></span> <span class='ocrx_word' id='word_1_692' title='bbox 1089 4935 1180 4985; x_wconf 86' lang='lat' dir='ltr'><strong>per</strong></span> <span class='ocrx_word' id='word_1_693' title='bbox 1205 4935 1410 4972; x_wconf 89' lang='lat' dir='ltr'><strong>crucem</strong></span> <span class='ocrx_word' id='word_1_694' title='bbox 1438 4919 1761 4988; x_wconf 79' lang='lat' dir='ltr'><strong>interﬁciens</strong></span> 
     </span>
    </p>
   </div>
   <div class='ocr_carea' id='block_1_79' title="bbox 181 5007 1755 5070">
    <p class='ocr_par' dir='ltr' id='par_1_79' title="bbox 181 5007 1755 5070">
     <span class='ocr_line' id='line_1_79' title="bbox 181 5007 1755 5070; baseline 0.006 -10"><span class='ocrx_word' id='word_1_695' title='bbox 181 5007 488 5066; x_wconf 82' lang='lat' dir='ltr'><strong>inimicitiam</strong></span> <span class='ocrx_word' id='word_1_696' title='bbox 525 5013 579 5067; x_wconf 89' lang='lat' dir='ltr'><strong>in</strong></span> <span class='ocrx_word' id='word_1_697' title='bbox 613 5027 696 5065; x_wconf 89' lang='lat' dir='ltr'><strong>ea.</strong></span> <span class='ocrx_word' id='word_1_698' title='bbox 723 5010 841 5067; x_wconf 84' lang='lat' dir='ltr'><strong>Non</strong></span> <span class='ocrx_word' id='word_1_699' title='bbox 873 5020 930 5066; x_wconf 91' lang='lat' dir='ltr'><strong>ut</strong></span> <span class='ocrx_word' id='word_1_700' title='bbox 957 5013 1008 5066; x_wconf 94' lang='lat' dir='ltr'><strong>in</strong></span> <span class='ocrx_word' id='word_1_701' title='bbox 1040 5011 1250 5067; x_wconf 88' lang='lat' dir='ltr'><strong>Latinis</strong></span> <span class='ocrx_word' id='word_1_702' title='bbox 1275 5012 1556 5068; x_wconf 88' lang='lat' dir='ltr'><strong>codicibus</strong></span> <span class='ocrx_word' id='word_1_703' title='bbox 1587 5013 1755 5070; x_wconf 89' lang='lat' dir='ltr'><strong>habe-</strong></span> 
     </span>
    </p>
   </div>
   <div class='ocr_carea' id='block_1_80' title="bbox 243 5128 1753 5196">
    <p class='ocr_par' dir='ltr' id='par_1_80' title="bbox 243 5128 1753 5196">
     <span class='ocr_line' id='line_1_80' title="bbox 243 5128 1753 5196; baseline 0.003 -14"><span class='ocrx_word' id='word_1_704' title='bbox 243 5137 267 5165; x_wconf 79' lang='grc' dir='ltr'><strong>ιι</strong></span> <span class='ocrx_word' id='word_1_705' title='bbox 304 5128 534 5185; x_wconf 86' lang='lat' dir='ltr'><strong>Rursum</strong></span> <span class='ocrx_word' id='word_1_706' title='bbox 562 5129 961 5185; x_wconf 89' lang='lat' dir='ltr'><strong>Cistercienses</strong></span> <span class='ocrx_word' id='word_1_707' title='bbox 976 5145 1140 5196; x_wconf 87' lang='lat' dir='ltr'><strong>mss.,</strong></span> <span class='ocrx_word' id='word_1_708' title='bbox 1167 5129 1230 5185; x_wconf 89' lang='lat' dir='ltr'><strong>Si</strong></span> <span class='ocrx_word' id='word_1_709' title='bbox 1257 5129 1536 5184; x_wconf 88' lang='lat' dir='ltr'><strong>ascendero</strong></span> <span class='ocrx_word' id='word_1_710' title='bbox 1559 5131 1613 5185; x_wconf 87' lang='lat' dir='ltr'><strong>in</strong></span> <span class='ocrx_word' id='word_1_711' title='bbox 1652 5149 1753 5187; x_wconf 73' lang='lat' dir='ltr'><strong>ca:-</strong></span> 
     </span>
    </p>
   </div>
   <div class='ocr_carea' id='block_1_81' title="bbox 183 5199 1514 5272">
    <p class='ocr_par' dir='ltr' id='par_1_81' title="bbox 183 5199 1514 5272">
     <span class='ocr_line' id='line_1_81' title="bbox 183 5199 1514 5272; baseline 0.005 -20"><span class='ocrx_word' id='word_1_712' title='bbox 183 5199 296 5272; x_wconf 83' lang='lat' dir='ltr'><strong>lum,</strong></span> <span class='ocrx_word' id='word_1_713' title='bbox 323 5219 382 5255; x_wconf 88' lang='lat' dir='ltr'><strong>ac</strong></span> <span class='ocrx_word' id='word_1_714' title='bbox 409 5203 454 5256; x_wconf 89' lang='lat' dir='ltr'><strong>si</strong></span> <span class='ocrx_word' id='word_1_715' title='bbox 481 5199 802 5256; x_wconf 84' lang='lat' dir='ltr'><strong>descendere</strong></span> <span class='ocrx_word' id='word_1_716' title='bbox 829 5201 884 5255; x_wconf 87' lang='lat' dir='ltr'><strong>in</strong></span> <span class='ocrx_word' id='word_1_717' title='bbox 906 5202 1188 5272; x_wconf 83' lang='lat' dir='ltr'><strong>infernum,</strong></span> <span class='ocrx_word' id='word_1_718' title='bbox 1215 5213 1271 5256; x_wconf 87' lang='lat' dir='ltr'><strong>tu</strong></span> <span class='ocrx_word' id='word_1_719' title='bbox 1303 5200 1414 5255; x_wconf 90' lang='lat' dir='ltr'><strong>illic</strong></span> <span class='ocrx_word' id='word_1_720' title='bbox 1438 5218 1514 5258; x_wconf 86' lang='lat' dir='ltr'><strong>es.</strong></span> 
     </span>
    </p>
   </div>
   <div class='ocr_carea' id='block_1_82' title="bbox 244 5269 1754 5348">
    <p class='ocr_par' dir='ltr' id='par_1_82' title="bbox 244 5269 1754 5348">
     <span class='ocr_line' id='line_1_82' title="bbox 244 5269 1754 5348; baseline 0.003 -21"><span class='ocrx_word' id='word_1_721' title='bbox 244 5269 509 5348; x_wconf 58' lang='lat' dir='ltr'><strong>PSt-ilicet</strong></span> <span class='ocrx_word' id='word_1_722' title='bbox 550 5273 596 5328; x_wconf 84' lang='lat' dir='ltr'><strong>si</strong></span> <span class='ocrx_word' id='word_1_723' title='bbox 639 5273 811 5340; x_wconf 87' lang='lat' dir='ltr'><strong>ipsam</strong></span> <span class='ocrx_word' id='word_1_724' title='bbox 1031 5287 1220 5348; x_wconf 88' lang='lat' dir='ltr'><strong>vocem</strong></span> <span class='ocrx_word' id='word_1_725' title='bbox 1261 5274 1496 5348; x_wconf 82' lang='lat' dir='ltr'><strong>aspires,</strong></span> <span class='ocrx_word' id='word_1_726' title='bbox 1529 5274 1754 5348; x_wconf 60' lang='lat' dir='ltr'><strong>perinde</strong></span> 
     </span>
    </p>
   </div>
   <div class='ocr_carea' id='block_1_83' title="bbox 183 5342 1757 5419">
    <p class='ocr_par' dir='ltr' id='par_1_83' title="bbox 183 5342 1757 5419">
     <span class='ocr_line' id='line_1_83' title="bbox 183 5342 1757 5419; baseline 0.004 -25"><span class='ocrx_word' id='word_1_727' title='bbox 183 5342 449 5419; x_wconf 82' lang='lat' dir='ltr'><strong>eritatque</strong></span> <span class='ocrx_word' id='word_1_728' title='bbox 474 5346 704 5419; x_wconf 67' lang='grc' dir='ltr'><strong>έμᾳντῷ,</strong></span> <span class='ocrx_word' id='word_1_729' title='bbox 727 5342 1157 5419; x_wconf 78' lang='grc' dir='ltr'><strong>σεαυτῷ,’ἒαυτῷ,</strong></span> <span class='ocrx_word' id='word_1_730' title='bbox 1173 5346 1233 5419; x_wconf 76' lang='lat' dir='ltr'><strong>in</strong></span> <span class='ocrx_word' id='word_1_731' title='bbox 1252 5342 1548 5419; x_wconf 54' lang='lat' dir='ltr'><strong>semetipso}</strong></span> <span class='ocrx_word' id='word_1_732' title='bbox 1577 5346 1757 5402; x_wconf 83' lang='lat' dir='ltr'><strong>Econ-</strong></span> 
     </span>
    </p>
   </div>
   <div class='ocr_carea' id='block_1_84' title="bbox 183 5416 1752 5485">
    <p class='ocr_par' dir='ltr' id='par_1_84' title="bbox 183 5416 1752 5485">
     <span class='ocr_line' id='line_1_84' title="bbox 183 5416 1752 5485; baseline 0.005 -20"><span class='ocrx_word' id='word_1_733' title='bbox 183 5417 350 5485; x_wconf 84' lang='lat' dir='ltr'><strong>trario,</strong></span> <span class='ocrx_word' id='word_1_734' title='bbox 383 5416 523 5482; x_wconf 82' lang='lat' dir='ltr'><strong>quod</strong></span> <span class='ocrx_word' id='word_1_735' title='bbox 559 5416 921 5485; x_wconf 82' lang='lat' dir='ltr'><strong>Hieronymus</strong></span> <span class='ocrx_word' id='word_1_736' title='bbox 945 5416 1164 5482; x_wconf 83' lang='lat' dir='ltr'><strong>mavult,</strong></span> <span class='ocrx_word' id='word_1_737' title='bbox 1191 5416 1236 5470; x_wconf 91' lang='lat' dir='ltr'><strong>si</strong></span> <span class='ocrx_word' id='word_1_738' title='bbox 1263 5431 1384 5470; x_wconf 91' lang='lat' dir='ltr'><strong>cum</strong></span> <span class='ocrx_word' id='word_1_739' title='bbox 1418 5418 1522 5471; x_wconf 89' lang='lat' dir='ltr'><strong>leni</strong></span> <span class='ocrx_word' id='word_1_740' title='bbox 1557 5419 1752 5482; x_wconf 77' lang='lat' dir='ltr'><strong>Spiriltl</strong></span> 
     </span>
    </p>
   </div>
   <div class='ocr_carea' id='block_1_85' title="bbox 182 5484 1754 5566">
    <p class='ocr_par' dir='ltr' id='par_1_85' title="bbox 182 5484 1754 5566">
     <span class='ocr_line' id='line_1_85' title="bbox 182 5484 1754 5566; baseline 0.001 -30"><span class='ocrx_word' id='word_1_741' title='bbox 182 5484 556 5566; x_wconf 56' lang='lat' dir='ltr'><strong>scribasaﬁtéi,</strong></span> <span class='ocrx_word' id='word_1_742' title='bbox 593 5484 813 5566; x_wconf 57' lang='lat' dir='ltr'><strong>releras</strong></span> <span class='ocrx_word' id='word_1_743' title='bbox 828 5487 894 5542; x_wconf 81' lang='lat' dir='ltr'><strong>ad</strong></span> <span class='ocrx_word' id='word_1_744' title='bbox 937 5498 1149 5566; x_wconf 67' lang='lat' dir='ltr'><strong>eratpr</strong></span> <span class='ocrx_word' id='word_1_745' title='bbox 1189 5503 1404 5553; x_wconf 88' lang='lat' dir='ltr'><strong>vocem,</strong></span> <span class='ocrx_word' id='word_1_746' title='bbox 1432 5489 1754 5566; x_wconf 70' lang='lat' dir='ltr'><strong>sonaliitqne</strong></span> 
     </span>
    </p>
   </div>
   <div class='ocr_carea' id='block_1_86' title="bbox 181 5555 1754 5631">
    <p class='ocr_par' dir='ltr' id='par_1_86' title="bbox 181 5555 1754 5631">
     <span class='ocr_line' id='line_1_86' title="bbox 181 5555 1754 5631; baseline 0.005 -24"><span class='ocrx_word' id='word_1_747' title='bbox 181 5555 227 5609; x_wconf 89' lang='lat' dir='ltr'><strong>in</strong></span> <span class='ocrx_word' id='word_1_748' title='bbox 245 5574 318 5631; x_wconf 79' lang='lat' dir='ltr'><strong>ea,</strong></span> <span class='ocrx_word' id='word_1_749' title='bbox 350 5559 400 5613; x_wconf 89' lang='lat' dir='ltr'><strong>id</strong></span> <span class='ocrx_word' id='word_1_750' title='bbox 431 5555 535 5622; x_wconf 71' lang='lat' dir='ltr'><strong>est&#39;,</strong></span> <span class='ocrx_word' id='word_1_751' title='bbox 566 5575 741 5614; x_wconf 87' lang='lat' dir='ltr'><strong>cruce.</strong></span> <span class='ocrx_word' id='word_1_752' title='bbox 771 5557 961 5616; x_wconf 87' lang='lat' dir='ltr'><strong>Totam</strong></span> <span class='ocrx_word' id='word_1_753' title='bbox 994 5555 1175 5631; x_wconf 72' lang='lat' dir='ltr'><strong>itaque</strong></span> <span class='ocrx_word' id='word_1_754' title='bbox 1217 5561 1551 5629; x_wconf 85' lang='lat' dir='ltr'><strong>pronominis</strong></span> <span class='ocrx_word' id='word_1_755' title='bbox 1579 5555 1754 5615; x_wconf 89' lang='lat' dir='ltr'><strong>ambi-</strong></span> 
     </span>
    </p>
   </div>
   <div class='ocr_carea' id='block_1_87' title="bbox 181 5630 1752 5702">
    <p class='ocr_par' dir='ltr' id='par_1_87' title="bbox 181 5630 1752 5702">
     <span class='ocr_line' id='line_1_87' title="bbox 181 5630 1752 5702; baseline 0.006 -23"><span class='ocrx_word' id='word_1_756' title='bbox 181 5630 418 5702; x_wconf 77' lang='lat' dir='ltr'><strong>guitatem</strong></span> <span class='ocrx_word' id='word_1_757' title='bbox 459 5633 719 5702; x_wconf 78' lang='lat' dir='ltr'><strong>neglectae</strong></span> <span class='ocrx_word' id='word_1_758' title='bbox 759 5630 1236 5700; x_wconf 81' lang='lat' dir='ltr'><strong>graminaticOrum</strong></span> <span class='ocrx_word' id='word_1_759' title='bbox 1278 5635 1480 5702; x_wconf 82' lang='lat' dir='ltr'><strong>regulae</strong></span> <span class='ocrx_word' id='word_1_760' title='bbox 1525 5647 1752 5700; x_wconf 80' lang='lat' dir='ltr'><strong>pepere-</strong></span> 
     </span>
    </p>
   </div>
   <div class='ocr_carea' id='block_1_88' title="bbox 182 5699 1742 5762">
    <p class='ocr_par' dir='ltr' id='par_1_88' title="bbox 182 5699 1742 5762">
     <span class='ocr_line' id='line_1_88' title="bbox 182 5699 1742 5762; baseline 0.006 -10"><span class='ocrx_word' id='word_1_761' title='bbox 182 5713 311 5753; x_wconf 84' lang='lat' dir='ltr'><strong>runt.</strong></span> <span class='ocrx_word' id='word_1_762' title='bbox 353 5699 560 5758; x_wconf 64' lang='lat' dir='ltr'><strong>Caetera</strong></span> <span class='ocrx_word' id='word_1_763' title='bbox 618 5699 1059 5762; x_wconf 85' lang='lat' dir='ltr'><strong>llieronvmianae</strong></span> <span class='ocrx_word' id='word_1_764' title='bbox 1121 5699 1404 5760; x_wconf 69' lang='lat' dir='ltr'><strong>sententiae</strong></span> <span class='ocrx_word' id='word_1_765' title='bbox 1475 5699 1742 5762; x_wconf 76' lang='lat' dir='ltr'><strong>calculum</strong></span> 
     </span>
    </p>
   </div>
   <div class='ocr_carea' id='block_1_89' title="bbox 182 5718 1743 5848">
    <p class='ocr_par' dir='ltr' id='par_1_89' title="bbox 182 5718 1743 5848">
     <span class='ocr_line' id='line_1_89' title="bbox 183 5718 1742 5762; baseline 0.006 -10"><span class='ocrx_word' id='word_1_766' title='bbox 183 5718 311 5753; x_wconf 85' lang='lat' dir='ltr'><strong>l&#39;llnl.</strong></span> <span class='ocrx_word' id='word_1_767' title='bbox 353 5718 560 5758; x_wconf 68' lang='lat' dir='ltr'><strong>uetera</strong></span> <span class='ocrx_word' id='word_1_768' title='bbox 620 5718 816 5757; x_wconf 74' lang='lat' dir='ltr'><strong>Illel&#39;Oll</strong></span> <span class='ocrx_word' id='word_1_769' title='bbox 864 5719 1059 5759; x_wconf 74' lang='lat' dir='ltr'><strong>unana:</strong></span> <span class='ocrx_word' id='word_1_770' title='bbox 1121 5718 1404 5760; x_wconf 71' lang='grc' dir='ltr'><strong>881118111Ιὶιέ</strong></span> <span class='ocrx_word' id='word_1_771' title='bbox 1475 5718 1742 5762; x_wconf 68' lang='grc'><strong>(331(’11111111</strong></span> 
     </span>
     <span class='ocr_line' id='line_1_90' title="bbox 182 5718 1743 5848; baseline 0.004 -24"><span class='ocrx_word' id='word_1_772' title='bbox 182 5771 369 5828; x_wconf 85' lang='lat' dir='ltr'><strong>addunt</strong></span> <span class='ocrx_word' id='word_1_773' title='bbox 397 5772 573 5848; x_wconf 61' lang='lat' dir='ltr'><strong>Graeci</strong></span> <span class='ocrx_word' id='word_1_774' title='bbox 599 5772 789 5848; x_wconf 75' lang='lat' dir='ltr'><strong>Patres</strong></span> <span class='ocrx_word' id='word_1_775' title='bbox 818 5718 960 5848; x_wconf 63' lang='lat' dir='ltr'><strong>haud</strong></span> <span class='ocrx_word' id='word_1_776' title='bbox 989 5776 1144 5846; x_wconf 90' lang='lat' dir='ltr'><strong>pauci</strong></span> <span class='ocrx_word' id='word_1_777' title='bbox 1172 5793 1186 5832; x_wconf 91' lang='lat'><strong>:</strong></span> <span class='ocrx_word' id='word_1_778' title='bbox 1222 5777 1291 5832; x_wconf 91' lang='lat' dir='ltr'><strong>de</strong></span> <span class='ocrx_word' id='word_1_779' title='bbox 1317 5778 1536 5832; x_wconf 90' lang='lat' dir='ltr'><strong>nomine</strong></span> <span class='ocrx_word' id='word_1_780' title='bbox 1564 5775 1743 5848; x_wconf 57' lang='grc' dir='ltr'><strong>ωιτν.</strong></span> 
     </span>
    </p>
   </div>
   <div class='ocr_carea' id='block_1_90' title="bbox 182 5844 1740 5922">
    <p class='ocr_par' dir='ltr' id='par_1_90' title="bbox 182 5844 1740 5922">
     <span class='ocr_line' id='line_1_91' title="bbox 182 5844 1740 5922; baseline 0.007 -25"><span class='ocrx_word' id='word_1_781' title='bbox 182 5854 456 5917; x_wconf 81' lang='lat' dir='ltr'><strong>sostomus,</strong></span> <span class='ocrx_word' id='word_1_782' title='bbox 478 5844 868 5918; x_wconf 82' lang='lat' dir='ltr'><strong>Theodoritus,</strong></span> <span class='ocrx_word' id='word_1_783' title='bbox 895 5844 1358 5921; x_wconf 80' lang='lat' dir='ltr'><strong>&#39;l‘héophylactus,</strong></span> <span class='ocrx_word' id='word_1_784' title='bbox 1393 5849 1619 5922; x_wconf 84' lang='lat' dir='ltr'><strong>aliique,</strong></span> <span class='ocrx_word' id='word_1_785' title='bbox 1651 5844 1740 5907; x_wconf 84' lang='lat' dir='ltr'><strong>ubi</strong></span> 
     </span>
    </p>
   </div>
   <div class='ocr_carea' id='block_1_91' title="bbox 1874 3321 3475 3406">
    <p class='ocr_par' dir='ltr' id='par_1_91' title="bbox 1874 3321 3475 3406">
     <span class='ocr_line' id='line_1_92' title="bbox 1874 3321 3475 3406; baseline -0.007 -14"><span class='ocrx_word' id='word_1_786' title='bbox 1874 3345 1981 3403; x_wconf 89' lang='lat' dir='ltr'><strong>rat,</strong></span> <span class='ocrx_word' id='word_1_787' title='bbox 2013 3334 2293 3391; x_wconf 89' lang='lat' dir='ltr'><strong>drachmis</strong></span> <span class='ocrx_word' id='word_1_788' title='bbox 2331 3350 2454 3406; x_wconf 76' lang='lat' dir='ltr'><strong>quae</strong></span> <span class='ocrx_word' id='word_1_789' title='bbox 2487 3332 2652 3387; x_wconf 76' lang='lat' dir='ltr'><strong>salva:</strong></span> <span class='ocrx_word' id='word_1_790' title='bbox 2682 3330 2902 3385; x_wconf 82' lang='lat' dir='ltr'><strong>fuerant</strong></span> <span class='ocrx_word' id='word_1_791' title='bbox 2931 3325 3277 3399; x_wconf 85' lang='lat' dir='ltr'><strong>copulaverit</strong></span> <span class='ocrx_word' id='word_1_792' title='bbox 3314 3321 3475 3398; x_wconf 85' lang='lat' dir='ltr'><strong>(Luc.</strong></span> 
     </span>
    </p>
   </div>
   <div class='ocr_carea' id='block_1_92' title="bbox 1875 3417 3476 3499">
    <p class='ocr_par' dir='ltr' id='par_1_92' title="bbox 1875 3417 3476 3499">
     <span class='ocr_line' id='line_1_93' title="bbox 1875 3417 3476 3499; baseline -0.009 -16"><span class='ocrx_word' id='word_1_793' title='bbox 1875 3428 1991 3499; x_wconf 83' lang='lat' dir='ltr'><strong>xv),</strong></span> <span class='ocrx_word' id='word_1_794' title='bbox 2021 3435 2077 3482; x_wconf 91' lang='lat' dir='ltr'><strong>et</strong></span> <span class='ocrx_word' id='word_1_795' title='bbox 2099 3426 2352 3482; x_wconf 89' lang='lat' dir='ltr'><strong>mandata</strong></span> <span class='ocrx_word' id='word_1_796' title='bbox 2399 3425 2593 3496; x_wconf 89' lang='lat' dir='ltr'><strong>legalia</strong></span> <span class='ocrx_word' id='word_1_797' title='bbox 2634 3423 2702 3478; x_wconf 89' lang='lat' dir='ltr'><strong>ad</strong></span> <span class='ocrx_word' id='word_1_798' title='bbox 2745 3422 2832 3478; x_wconf 89' lang='lat' dir='ltr'><strong>illa</strong></span> <span class='ocrx_word' id='word_1_799' title='bbox 2878 3419 3174 3478; x_wconf 81' lang='lat' dir='ltr'><strong>retraxerit</strong></span> <span class='ocrx_word' id='word_1_800' title='bbox 3195 3417 3476 3484; x_wconf 77' lang='lat' dir='ltr'><strong>dogmata,</strong></span> 
     </span>
    </p>
   </div>
   <div class='ocr_carea' id='block_1_93' title="bbox 1872 3509 3477 3593">
    <p class='ocr_par' dir='ltr' id='par_1_93' title="bbox 1872 3509 3477 3593">
     <span class='ocr_line' id='line_1_94' title="bbox 1872 3509 3477 3593; baseline -0.008 -17"><span class='ocrx_word' id='word_1_801' title='bbox 1872 3521 1938 3576; x_wconf 91' lang='lat' dir='ltr'><strong>ad</strong></span> <span class='ocrx_word' id='word_1_802' title='bbox 1963 3537 2192 3592; x_wconf 90' lang='lat' dir='ltr'><strong>quorum</strong></span> <span class='ocrx_word' id='word_1_803' title='bbox 2219 3529 2403 3593; x_wconf 87' lang='lat' dir='ltr'><strong>typum</strong></span> <span class='ocrx_word' id='word_1_804' title='bbox 2431 3527 2486 3574; x_wconf 89' lang='lat' dir='ltr'><strong>et</strong></span> <span class='ocrx_word' id='word_1_805' title='bbox 2517 3518 2807 3588; x_wconf 86' lang='lat' dir='ltr'><strong>imaginem</strong></span> <span class='ocrx_word' id='word_1_806' title='bbox 2824 3514 3037 3587; x_wconf 79' lang='lat' dir='ltr'><strong>Moyses</strong></span> <span class='ocrx_word' id='word_1_807' title='bbox 3061 3527 3182 3584; x_wconf 61' lang='lat' dir='ltr'><strong>quae</strong></span> <span class='ocrx_word' id='word_1_808' title='bbox 3211 3517 3398 3566; x_wconf 87' lang='lat' dir='ltr'><strong>essent</strong></span> <span class='ocrx_word' id='word_1_809' title='bbox 3422 3509 3477 3564; x_wconf 90' lang='lat' dir='ltr'><strong>in</strong></span> 
     </span>
    </p>
   </div>
   <div class='ocr_carea' id='block_1_94' title="bbox 1873 3601 3477 3680">
    <p class='ocr_par' dir='ltr' id='par_1_94' title="bbox 1873 3601 3477 3680">
     <span class='ocr_line' id='line_1_95' title="bbox 1873 3601 3477 3680; baseline -0.009 -10"><span class='ocrx_word' id='word_1_810' title='bbox 1873 3613 2231 3670; x_wconf 88' lang='lat' dir='ltr'><strong>tabernaculo</strong></span> <span class='ocrx_word' id='word_1_811' title='bbox 2260 3611 2594 3676; x_wconf 89' lang='lat' dir='ltr'><strong>fabricanda,</strong></span> <span class='ocrx_word' id='word_1_812' title='bbox 2627 3605 3127 3680; x_wconf 80' lang='lat' dir='ltr'><strong>couspexit(E:rod.</strong></span> <span class='ocrx_word' id='word_1_813' title='bbox 3163 3601 3477 3674; x_wconf 80' lang='lat' dir='ltr'><strong>xx).Atque</strong></span> 
     </span>
    </p>
   </div>
   <div class='ocr_carea' id='block_1_95' title="bbox 1872 3695 3474 3775">
    <p class='ocr_par' dir='ltr' id='par_1_95' title="bbox 1872 3695 3474 3775">
     <span class='ocr_line' id='line_1_96' title="bbox 1872 3695 3474 3775; baseline -0.009 -11"><span class='ocrx_word' id='word_1_814' title='bbox 1872 3709 1944 3764; x_wconf 88' lang='lat' dir='ltr'><strong>ita</strong></span> <span class='ocrx_word' id='word_1_815' title='bbox 1975 3707 2116 3775; x_wconf 76' lang='lat' dir='ltr'><strong>fieri,</strong></span> <span class='ocrx_word' id='word_1_816' title='bbox 2147 3715 2206 3762; x_wconf 90' lang='lat' dir='ltr'><strong>ut</strong></span> <span class='ocrx_word' id='word_1_817' title='bbox 2250 3722 2383 3762; x_wconf 84' lang='lat' dir='ltr'><strong>crux</strong></span> <span class='ocrx_word' id='word_1_818' title='bbox 2415 3705 2633 3761; x_wconf 89' lang='lat' dir='ltr'><strong>Domini</strong></span> <span class='ocrx_word' id='word_1_819' title='bbox 2691 3720 2799 3758; x_wconf 91' lang='lat' dir='ltr'><strong>non</strong></span> <span class='ocrx_word' id='word_1_820' title='bbox 2845 3703 3024 3757; x_wconf 89' lang='lat' dir='ltr'><strong>solum</strong></span> <span class='ocrx_word' id='word_1_821' title='bbox 3074 3710 3258 3764; x_wconf 58' lang='lat' dir='ltr'><strong>terra,</strong></span> <span class='ocrx_word' id='word_1_822' title='bbox 3289 3695 3386 3751; x_wconf 89' lang='lat' dir='ltr'><strong>sed</strong></span> <span class='ocrx_word' id='word_1_823' title='bbox 3417 3704 3474 3750; x_wconf 88' lang='lat' dir='ltr'><strong>et</strong></span> 
     </span>
    </p>
   </div>
   <div class='ocr_carea' id='block_1_96' title="bbox 1870 3789 3474 3872">
    <p class='ocr_par' dir='ltr' id='par_1_96' title="bbox 1870 3789 3474 3872">
     <span class='ocr_line' id='line_1_97' title="bbox 1870 3789 3474 3872; baseline -0.01 -15"><span class='ocrx_word' id='word_1_824' title='bbox 1870 3797 1897 3838; x_wconf 68' lang='grc' dir='ltr'><em>ά</em></span> <span class='ocrx_word' id='word_1_825' title='bbox 1930 3802 2072 3857; x_wconf 62' lang='lat' dir='ltr'><strong>caelo</strong></span> <span class='ocrx_word' id='word_1_826' title='bbox 2102 3799 2404 3872; x_wconf 90' lang='lat' dir='ltr'><strong>profuerit;</strong></span> <span class='ocrx_word' id='word_1_827' title='bbox 2433 3813 2540 3853; x_wconf 92' lang='lat' dir='ltr'><strong>non</strong></span> <span class='ocrx_word' id='word_1_828' title='bbox 2585 3797 2762 3851; x_wconf 87' lang='lat' dir='ltr'><strong>solum</strong></span> <span class='ocrx_word' id='word_1_829' title='bbox 2795 3793 3128 3860; x_wconf 84' lang='lat' dir='ltr'><strong>hominibus,</strong></span> <span class='ocrx_word' id='word_1_830' title='bbox 3162 3789 3258 3846; x_wconf 89' lang='lat' dir='ltr'><strong>sed</strong></span> <span class='ocrx_word' id='word_1_831' title='bbox 3288 3797 3344 3844; x_wconf 90' lang='lat' dir='ltr'><strong>et</strong></span> <span class='ocrx_word' id='word_1_832' title='bbox 3379 3803 3474 3842; x_wconf 90' lang='lat' dir='ltr'><strong>an-</strong></span> 
     </span>
    </p>
   </div>
   <div class='ocr_carea' id='block_1_97' title="bbox 1868 3889 3474 3964">
    <p class='ocr_par' dir='ltr' id='par_1_97' title="bbox 1868 3889 3474 3964">
     <span class='ocr_line' id='line_1_98' title="bbox 1868 3889 3474 3964; baseline -0.006 -18"><span class='ocrx_word' id='word_1_833' title='bbox 1868 3894 2038 3964; x_wconf 80' lang='lat' dir='ltr'><strong>gelis;</strong></span> <span class='ocrx_word' id='word_1_834' title='bbox 2069 3905 2122 3948; x_wconf 90' lang='lat' dir='ltr'><strong>et</strong></span> <span class='ocrx_word' id='word_1_835' title='bbox 2149 3893 2329 3948; x_wconf 92' lang='lat' dir='ltr'><strong>omnis</strong></span> <span class='ocrx_word' id='word_1_836' title='bbox 2351 3903 2602 3948; x_wconf 87' lang='lat' dir='ltr'><strong>creatura</strong></span> <span class='ocrx_word' id='word_1_837' title='bbox 2632 3890 2844 3946; x_wconf 90' lang='lat' dir='ltr'><strong>Domini</strong></span> <span class='ocrx_word' id='word_1_838' title='bbox 2883 3889 2966 3943; x_wconf 88' lang='lat' dir='ltr'><strong>sui</strong></span> <span class='ocrx_word' id='word_1_839' title='bbox 3019 3901 3214 3944; x_wconf 89' lang='lat' dir='ltr'><strong>cruore</strong></span> <span class='ocrx_word' id='word_1_840' title='bbox 3244 3891 3474 3954; x_wconf 88' lang='lat' dir='ltr'><strong>purgata</strong></span> 
     </span>
    </p>
   </div>
   <div class='ocr_carea' id='block_1_98' title="bbox 1868 3977 3469 4057">
    <p class='ocr_par' dir='ltr' id='par_1_98' title="bbox 1868 3977 3469 4057">
     <span class='ocr_line' id='line_1_99' title="bbox 1868 3977 3469 4057; baseline -0.011 -12"><span class='ocrx_word' id='word_1_841' title='bbox 1868 3989 1959 4045; x_wconf 87' lang='lat' dir='ltr'><strong>sit.</strong></span> <span class='ocrx_word' id='word_1_842' title='bbox 1986 3988 2142 4057; x_wconf 88' lang='lat' dir='ltr'><strong>Quod</strong></span> <span class='ocrx_word' id='word_1_843' title='bbox 2173 4001 2361 4044; x_wconf 87' lang='lat' dir='ltr'><strong>autem</strong></span> <span class='ocrx_word' id='word_1_844' title='bbox 2394 3989 2473 4041; x_wconf 86' lang='lat' dir='ltr'><strong>ait</strong></span> <span class='ocrx_word' id='word_1_845' title='bbox 2503 4005 2515 4041; x_wconf 85' lang='lat'><strong>:</strong></span> <span class='ocrx_word' id='word_1_846' title='bbox 2547 3986 2613 4042; x_wconf 90' lang='lat' dir='ltr'><strong>Ut</strong></span> <span class='ocrx_word' id='word_1_847' title='bbox 2639 3987 2741 4040; x_wconf 87' lang='lat' dir='ltr'><strong>duo</strong></span> <span class='ocrx_word' id='word_1_848' title='bbox 2767 3985 3005 4038; x_wconf 83' lang='lat' dir='ltr'><strong>conderet</strong></span> <span class='ocrx_word' id='word_1_849' title='bbox 3035 3981 3086 4034; x_wconf 90' lang='lat' dir='ltr'><strong>in</strong></span> <span class='ocrx_word' id='word_1_850' title='bbox 3119 3977 3387 4048; x_wconf 89' lang='lat' dir='ltr'><strong>semetipso</strong></span> <span class='ocrx_word' id='word_1_851' title='bbox 3414 3977 3469 4028; x_wconf 92' lang='lat' dir='ltr'><strong>in</strong></span> 
     </span>
    </p>
   </div>
   <div class='ocr_carea' id='block_1_99' title="bbox 1868 4069 3471 4149">
    <p class='ocr_par' dir='ltr' id='par_1_99' title="bbox 1868 4069 3471 4149">
     <span class='ocr_line' id='line_1_100' title="bbox 1868 4069 3471 4149; baseline -0.01 -13"><span class='ocrx_word' id='word_1_852' title='bbox 1868 4098 2026 4136; x_wconf 85' lang='lat' dir='ltr'><strong>unum</strong></span> <span class='ocrx_word' id='word_1_853' title='bbox 2060 4097 2247 4136; x_wconf 85' lang='lat' dir='ltr'><strong>novum</strong></span> <span class='ocrx_word' id='word_1_854' title='bbox 2282 4080 2563 4146; x_wconf 87' lang='lat' dir='ltr'><strong>hominem,</strong></span> <span class='ocrx_word' id='word_1_855' title='bbox 2588 4087 2644 4132; x_wconf 91' lang='lat' dir='ltr'><strong>et</strong></span> <span class='ocrx_word' id='word_1_856' title='bbox 2673 4076 2817 4149; x_wconf 87' lang='lat' dir='ltr'><strong>quod</strong></span> <span class='ocrx_word' id='word_1_857' title='bbox 2849 4073 3020 4143; x_wconf 90' lang='lat' dir='ltr'><strong>magis</strong></span> <span class='ocrx_word' id='word_1_858' title='bbox 3061 4069 3279 4126; x_wconf 87' lang='lat' dir='ltr'><strong>videtur</strong></span> <span class='ocrx_word' id='word_1_859' title='bbox 3309 4082 3471 4139; x_wconf 77' lang='lat' dir='ltr'><strong>supe-</strong></span> 
     </span>
    </p>
   </div>
   <div class='ocr_carea' id='block_1_100' title="bbox 1870 4162 3468 4243">
    <p class='ocr_par' dir='ltr' id='par_1_100' title="bbox 1870 4162 3468 4243">
     <span class='ocr_line' id='line_1_101' title="bbox 1870 4162 3468 4243; baseline -0.008 -14"><span class='ocrx_word' id='word_1_860' title='bbox 1870 4175 1996 4230; x_wconf 90' lang='lat' dir='ltr'><strong>riori</strong></span> <span class='ocrx_word' id='word_1_861' title='bbox 2025 4174 2094 4229; x_wconf 86' lang='lat' dir='ltr'><strong>de</strong></span> <span class='ocrx_word' id='word_1_862' title='bbox 2128 4172 2332 4228; x_wconf 64' lang='grc' dir='ltr'><strong>,Ιυόέιεὶε</strong></span> <span class='ocrx_word' id='word_1_863' title='bbox 2366 4181 2531 4243; x_wconf 87' lang='lat' dir='ltr'><strong>atque</strong></span> <span class='ocrx_word' id='word_1_864' title='bbox 2569 4170 2867 4243; x_wconf 87' lang='lat' dir='ltr'><strong>gentilibus</strong></span> <span class='ocrx_word' id='word_1_865' title='bbox 2904 4167 3090 4223; x_wconf 88' lang='lat' dir='ltr'><strong>sensui</strong></span> <span class='ocrx_word' id='word_1_866' title='bbox 3120 4162 3420 4220; x_wconf 88' lang='lat' dir='ltr'><strong>convenire</strong></span> <span class='ocrx_word' id='word_1_867' title='bbox 3453 4178 3468 4216; x_wconf 87' lang='lat'><strong>:</strong></span> 
     </span>
    </p>
   </div>
   <div class='ocr_carea' id='block_1_101' title="bbox 1867 4259 3467 4338">
    <p class='ocr_par' dir='ltr' id='par_1_101' title="bbox 1867 4259 3467 4338">
     <span class='ocr_line' id='line_1_102' title="bbox 1867 4259 3467 4338; baseline -0.011 -10"><span class='ocrx_word' id='word_1_868' title='bbox 1867 4273 1947 4328; x_wconf 89' lang='lat' dir='ltr'><strong>sic</strong></span> <span class='ocrx_word' id='word_1_869' title='bbox 1975 4287 2087 4326; x_wconf 71' lang='lat' dir='ltr'><strong>sua:</strong></span> <span class='ocrx_word' id='word_1_870' title='bbox 2133 4270 2511 4338; x_wconf 76' lang='lat' dir='ltr'><strong>intelligentiae</strong></span> <span class='ocrx_word' id='word_1_871' title='bbox 2561 4266 2874 4338; x_wconf 81' lang='lat' dir='ltr'><strong>coaptabat,</strong></span> <span class='ocrx_word' id='word_1_872' title='bbox 2911 4273 2966 4317; x_wconf 90' lang='lat' dir='ltr'><strong>ut</strong></span> <span class='ocrx_word' id='word_1_873' title='bbox 3011 4262 3157 4318; x_wconf 84' lang='lat' dir='ltr'><strong>dicat</strong></span> <span class='ocrx_word' id='word_1_874' title='bbox 3187 4259 3467 4315; x_wconf 87' lang='lat' dir='ltr'><strong>hominem</strong></span> 
     </span>
    </p>
   </div>
   <div class='ocr_carea' id='block_1_102' title="bbox 1862 4354 3473 4436">
    <p class='ocr_par' dir='ltr' id='par_1_102' title="bbox 1862 4354 3473 4436">
     <span class='ocr_line' id='line_1_103' title="bbox 1862 4354 3473 4436; baseline -0.006 -20"><span class='ocrx_word' id='word_1_875' title='bbox 1862 4364 2014 4436; x_wconf 79' lang='lat' dir='ltr'><strong>juxta</strong></span> <span class='ocrx_word' id='word_1_876' title='bbox 2064 4365 2353 4434; x_wconf 91' lang='lat' dir='ltr'><strong>imaginem</strong></span> <span class='ocrx_word' id='word_1_877' title='bbox 2397 4373 2450 4418; x_wconf 92' lang='lat' dir='ltr'><strong>et</strong></span> <span class='ocrx_word' id='word_1_878' title='bbox 2487 4359 2905 4416; x_wconf 86' lang='lat' dir='ltr'><strong>similitudinem</strong></span> <span class='ocrx_word' id='word_1_879' title='bbox 2933 4357 3027 4412; x_wconf 88' lang='lat' dir='ltr'><strong>Dei</strong></span> <span class='ocrx_word' id='word_1_880' title='bbox 3065 4354 3289 4420; x_wconf 85' lang='lat' dir='ltr'><strong>factum,</strong></span> <span class='ocrx_word' id='word_1_881' title='bbox 3320 4366 3473 4408; x_wconf 89' lang='lat' dir='ltr'><strong>eam-</strong></span> 
     </span>
    </p>
   </div>
   <div class='ocr_carea' id='block_1_103' title="bbox 1864 4454 3466 4527">
    <p class='ocr_par' dir='ltr' id='par_1_103' title="bbox 1864 4454 3466 4527">
     <span class='ocr_line' id='line_1_104' title="bbox 1864 4454 3466 4527; baseline -0.011 -12"><span class='ocrx_word' id='word_1_882' title='bbox 1864 4459 1985 4515; x_wconf 89' lang='lat' dir='ltr'><strong>dem</strong></span> <span class='ocrx_word' id='word_1_883' title='bbox 2003 4468 2122 4527; x_wconf 88' lang='lat' dir='ltr'><strong>post</strong></span> <span class='ocrx_word' id='word_1_884' title='bbox 2148 4455 2646 4512; x_wconf 87' lang='lat' dir='ltr'><strong>reconciliationem</strong></span> <span class='ocrx_word' id='word_1_885' title='bbox 2671 4454 2898 4508; x_wconf 86' lang='lat' dir='ltr'><strong>formam</strong></span> <span class='ocrx_word' id='word_1_886' title='bbox 2925 4457 3466 4519; x_wconf 87' lang='lat' dir='ltr'><strong>recepturum,quam</strong></span> 
     </span>
    </p>
   </div>
   <div class='ocr_carea' id='block_1_104' title="bbox 1865 4539 3468 4619">
    <p class='ocr_par' dir='ltr' id='par_1_104' title="bbox 1865 4539 3468 4619">
     <span class='ocr_line' id='line_1_105' title="bbox 1865 4539 3468 4619; baseline -0.01 -12"><span class='ocrx_word' id='word_1_887' title='bbox 1865 4560 1921 4607; x_wconf 88' lang='lat' dir='ltr'><strong>et</strong></span> <span class='ocrx_word' id='word_1_888' title='bbox 1966 4565 2110 4606; x_wconf 91' lang='lat' dir='ltr'><strong>nunc</strong></span> <span class='ocrx_word' id='word_1_889' title='bbox 2162 4550 2338 4619; x_wconf 87' lang='lat' dir='ltr'><strong>angeli</strong></span> <span class='ocrx_word' id='word_1_890' title='bbox 2381 4547 2602 4613; x_wconf 90' lang='lat' dir='ltr'><strong>habent,</strong></span> <span class='ocrx_word' id='word_1_891' title='bbox 2633 4555 2688 4602; x_wconf 88' lang='lat' dir='ltr'><strong>et</strong></span> <span class='ocrx_word' id='word_1_892' title='bbox 2735 4546 2850 4615; x_wconf 89' lang='lat' dir='ltr'><strong>ipse</strong></span> <span class='ocrx_word' id='word_1_893' title='bbox 2899 4541 3226 4611; x_wconf 88' lang='lat' dir='ltr'><strong>perdiderit.</strong></span> <span class='ocrx_word' id='word_1_894' title='bbox 3258 4539 3468 4594; x_wconf 83' lang='lat' dir='ltr'><strong>Novum</strong></span> 
     </span>
    </p>
   </div>
   <div class='ocr_carea' id='block_1_105' title="bbox 1863 4633 3468 4713">
    <p class='ocr_par' dir='ltr' id='par_1_105' title="bbox 1863 4633 3468 4713">
     <span class='ocr_line' id='line_1_106' title="bbox 1863 4633 3468 4713; baseline -0.009 -13"><span class='ocrx_word' id='word_1_895' title='bbox 1863 4656 2044 4700; x_wconf 88' lang='lat' dir='ltr'><strong>autem</strong></span> <span class='ocrx_word' id='word_1_896' title='bbox 2075 4644 2352 4698; x_wconf 88' lang='lat' dir='ltr'><strong>hominem</strong></span> <span class='ocrx_word' id='word_1_897' title='bbox 2379 4657 2500 4697; x_wconf 89' lang='lat' dir='ltr'><strong>esse</strong></span> <span class='ocrx_word' id='word_1_898' title='bbox 2527 4640 2679 4708; x_wconf 88' lang='lat' dir='ltr'><strong>dicit,</strong></span> <span class='ocrx_word' id='word_1_899' title='bbox 2715 4637 2879 4713; x_wconf 78' lang='lat'><strong>583</strong></span> <span class='ocrx_word' id='word_1_900' title='bbox 2903 4638 2992 4712; x_wconf 89' lang='lat' dir='ltr'><strong>qui</strong></span> <span class='ocrx_word' id='word_1_901' title='bbox 3022 4633 3268 4707; x_wconf 90' lang='lat' dir='ltr'><strong>quotidie</strong></span> <span class='ocrx_word' id='word_1_902' title='bbox 3298 4647 3468 4687; x_wconf 82' lang='lat' dir='ltr'><strong>reno-</strong></span> 
     </span>
    </p>
   </div>
   <div class='ocr_carea' id='block_1_106' title="bbox 1865 4725 3470 4802">
    <p class='ocr_par' dir='ltr' id='par_1_106' title="bbox 1865 4725 3470 4802">
     <span class='ocr_line' id='line_1_107' title="bbox 1865 4725 3470 4802; baseline -0.008 -9"><span class='ocrx_word' id='word_1_903' title='bbox 1865 4747 2046 4802; x_wconf 73' lang='lat' dir='ltr'><strong>vatur,</strong></span> <span class='ocrx_word' id='word_1_904' title='bbox 2077 4746 2128 4792; x_wconf 89' lang='lat' dir='ltr'><strong>et</strong></span> <span class='ocrx_word' id='word_1_905' title='bbox 2175 4736 2517 4792; x_wconf 87' lang='lat' dir='ltr'><strong>habitaturus</strong></span> <span class='ocrx_word' id='word_1_906' title='bbox 2558 4746 2642 4789; x_wconf 90' lang='lat' dir='ltr'><strong>est</strong></span> <span class='ocrx_word' id='word_1_907' title='bbox 2693 4733 2746 4786; x_wconf 87' lang='lat' dir='ltr'><strong>iu</strong></span> <span class='ocrx_word' id='word_1_908' title='bbox 2793 4746 2935 4786; x_wconf 80' lang='lat' dir='ltr'><strong>novo</strong></span> <span class='ocrx_word' id='word_1_909' title='bbox 2972 4727 3199 4797; x_wconf 88' lang='lat' dir='ltr'><strong>mundo,</strong></span> <span class='ocrx_word' id='word_1_910' title='bbox 3247 4725 3470 4798; x_wconf 88' lang='lat' dir='ltr'><strong>quando</strong></span> 
     </span>
    </p>
   </div>
   <div class='ocr_carea' id='block_1_107' title="bbox 1861 4821 3464 4896">
    <p class='ocr_par' dir='ltr' id='par_1_107' title="bbox 1861 4821 3464 4896">
     <span class='ocr_line' id='line_1_108' title="bbox 1861 4821 3464 4896; baseline -0.007 -9"><span class='ocrx_word' id='word_1_911' title='bbox 1861 4831 1967 4887; x_wconf 87' lang='lat' dir='ltr'><strong>erit</strong></span> <span class='ocrx_word' id='word_1_912' title='bbox 1995 4831 2192 4886; x_wconf 73' lang='lat' dir='ltr'><strong>ctelnm</strong></span> <span class='ocrx_word' id='word_1_913' title='bbox 2215 4844 2413 4884; x_wconf 81' lang='lat' dir='ltr'><strong>novum</strong></span> <span class='ocrx_word' id='word_1_914' title='bbox 2444 4837 2500 4884; x_wconf 90' lang='lat' dir='ltr'><strong>et</strong></span> <span class='ocrx_word' id='word_1_915' title='bbox 2521 4837 2665 4884; x_wconf 87' lang='lat' dir='ltr'><strong>terra</strong></span> <span class='ocrx_word' id='word_1_916' title='bbox 2699 4842 2835 4881; x_wconf 85' lang='lat' dir='ltr'><strong>nova</strong></span> <span class='ocrx_word' id='word_1_917' title='bbox 2863 4824 3026 4896; x_wconf 82' lang='lat' dir='ltr'><strong>(lsai.</strong></span> <span class='ocrx_word' id='word_1_918' title='bbox 3059 4825 3214 4891; x_wconf 72' lang='grc' dir='ltr'><strong>ων),</strong></span> <span class='ocrx_word' id='word_1_919' title='bbox 3244 4830 3300 4877; x_wconf 92' lang='lat' dir='ltr'><strong>et</strong></span> <span class='ocrx_word' id='word_1_920' title='bbox 3324 4821 3464 4876; x_wconf 90' lang='lat' dir='ltr'><strong>hibi-</strong></span> 
     </span>
    </p>
   </div>
   <div class='ocr_carea' id='block_1_108' title="bbox 1865 4915 3463 4991">
    <p class='ocr_par' dir='ltr' id='par_1_108' title="bbox 1865 4915 3463 4991">
     <span class='ocr_line' id='line_1_109' title="bbox 1865 4915 3463 4991; baseline -0.008 -9"><span class='ocrx_word' id='word_1_921' title='bbox 1865 4935 2020 4982; x_wconf 90' lang='lat' dir='ltr'><strong>turus</strong></span> <span class='ocrx_word' id='word_1_922' title='bbox 2035 4937 2119 4983; x_wconf 85' lang='lat' dir='ltr'><strong>est</strong></span> <span class='ocrx_word' id='word_1_923' title='bbox 2141 4925 2366 4980; x_wconf 87' lang='lat' dir='ltr'><strong>calicem</strong></span> <span class='ocrx_word' id='word_1_924' title='bbox 2385 4923 2513 4979; x_wconf 87' lang='lat' dir='ltr'><strong>Jesu</strong></span> <span class='ocrx_word' id='word_1_925' title='bbox 2542 4939 2740 4979; x_wconf 78' lang='lat' dir='ltr'><strong>novum</strong></span> <span class='ocrx_word' id='word_1_926' title='bbox 2767 4923 2819 4976; x_wconf 92' lang='lat' dir='ltr'><strong>in</strong></span> <span class='ocrx_word' id='word_1_927' title='bbox 2843 4935 3012 4991; x_wconf 77' lang='lat' dir='ltr'><strong>regno</strong></span> <span class='ocrx_word' id='word_1_928' title='bbox 3039 4921 3129 4974; x_wconf 91' lang='lat' dir='ltr'><strong>Dei</strong></span> <span class='ocrx_word' id='word_1_929' title='bbox 3151 4915 3463 4991; x_wconf 64' lang='lat' dir='ltr'><strong>(Mannv),</strong></span> 
     </span>
    </p>
   </div>
   <div class='ocr_carea' id='block_1_109' title="bbox 1864 5009 3466 5082">
    <p class='ocr_par' dir='ltr' id='par_1_109' title="bbox 1864 5009 3466 5082">
     <span class='ocr_line' id='line_1_110' title="bbox 1864 5009 3466 5082; baseline -0.007 -9"><span class='ocrx_word' id='word_1_930' title='bbox 1864 5029 1918 5073; x_wconf 81' lang='lat' dir='ltr'><strong>et</strong></span> <span class='ocrx_word' id='word_1_931' title='bbox 1961 5029 2282 5075; x_wconf 88' lang='lat' dir='ltr'><strong>cantaturus</strong></span> <span class='ocrx_word' id='word_1_932' title='bbox 2335 5020 2609 5073; x_wconf 84' lang='lat' dir='ltr'><strong>canticum</strong></span> <span class='ocrx_word' id='word_1_933' title='bbox 2659 5032 2860 5072; x_wconf 90' lang='lat' dir='ltr'><strong>novum</strong></span> <span class='ocrx_word' id='word_1_934' title='bbox 2896 5013 3070 5082; x_wconf 84' lang='lat' dir='ltr'><strong>(Psal.</strong></span> <span class='ocrx_word' id='word_1_935' title='bbox 3121 5027 3307 5079; x_wconf 60' lang='grc' dir='ltr'><strong>χχχιι,</strong></span> <span class='ocrx_word' id='word_1_936' title='bbox 3336 5009 3370 5064; x_wconf 79' lang='grc'><strong>5</strong></span> <span class='ocrx_word' id='word_1_937' title='bbox 3418 5018 3466 5062; x_wconf 81' lang='lat' dir='ltr'><strong>et</strong></span> 
     </span>
    </p>
   </div>
   <div class='ocr_carea' id='block_1_110' title="bbox 1860 5123 3456 5206">
    <p class='ocr_par' dir='ltr' id='par_1_110' title="bbox 1860 5123 3456 5206">
     <span class='ocr_line' id='line_1_111' title="bbox 1860 5123 3456 5206; baseline -0.01 -15"><span class='ocrx_word' id='word_1_938' title='bbox 1860 5150 2118 5206; x_wconf 90' lang='lat' dir='ltr'><strong>perquam</strong></span> <span class='ocrx_word' id='word_1_939' title='bbox 2143 5133 2384 5206; x_wconf 87' lang='lat' dir='ltr'><strong>similem</strong></span> <span class='ocrx_word' id='word_1_940' title='bbox 2415 5133 2594 5187; x_wconf 85' lang='lat' dir='ltr'><strong>locum</strong></span> <span class='ocrx_word' id='word_1_941' title='bbox 2630 5139 2714 5186; x_wconf 93' lang='lat' dir='ltr'><strong>est</strong></span> <span class='ocrx_word' id='word_1_942' title='bbox 2743 5130 2910 5206; x_wconf 53' lang='lat' dir='ltr'><strong>Epist:</strong></span> <span class='ocrx_word' id='word_1_943' title='bbox 2937 5126 3002 5181; x_wconf 88' lang='lat' dir='ltr'><strong>ad</strong></span> <span class='ocrx_word' id='word_1_944' title='bbox 3031 5124 3244 5206; x_wconf 73' lang='lat' dir='ltr'><strong>Coloss.</strong></span> <span class='ocrx_word' id='word_1_945' title='bbox 3278 5138 3336 5186; x_wconf 85' lang='lat' dir='ltr'><strong>tt,</strong></span> <span class='ocrx_word' id='word_1_946' title='bbox 3370 5123 3456 5206; x_wconf 61' lang='lat' dir='ltr'><strong>lii,</strong></span> 
     </span>
    </p>
   </div>
   <div class='ocr_carea' id='block_1_111' title="bbox 1857 5198 3460 5276">
    <p class='ocr_par' dir='ltr' id='par_1_111' title="bbox 1857 5198 3460 5276">
     <span class='ocr_line' id='line_1_112' title="bbox 1857 5198 3460 5276; baseline -0.01 -13"><span class='ocrx_word' id='word_1_947' title='bbox 1857 5198 2156 5275; x_wconf 64' lang='lat' dir='ltr'><strong>extilanant</strong></span> <span class='ocrx_word' id='word_1_948' title='bbox 2182 5207 2246 5259; x_wconf 87' lang='lat' dir='ltr'><strong>ad</strong></span> <span class='ocrx_word' id='word_1_949' title='bbox 2278 5205 2459 5261; x_wconf 77' lang='lat' dir='ltr'><strong>verba.</strong></span> <span class='ocrx_word' id='word_1_950' title='bbox 2485 5205 2660 5276; x_wconf 86' lang='lat' dir='ltr'><strong>palum</strong></span> <span class='ocrx_word' id='word_1_951' title='bbox 2686 5201 3021 5276; x_wconf 78' lang='lat' dir='ltr'><strong>triumphans</strong></span> <span class='ocrx_word' id='word_1_952' title='bbox 3046 5198 3163 5251; x_wconf 84' lang='lat' dir='ltr'><strong>illos</strong></span> <span class='ocrx_word' id='word_1_953' title='bbox 3187 5198 3238 5248; x_wconf 89' lang='lat' dir='ltr'><strong>in</strong></span> <span class='ocrx_word' id='word_1_954' title='bbox 3270 5203 3460 5249; x_wconf 85' lang='lat' dir='ltr'><strong>semet-</strong></span> 
     </span>
    </p>
   </div>
   <div class='ocr_carea' id='block_1_112' title="bbox 1857 5270 3463 5348">
    <p class='ocr_par' dir='ltr' id='par_1_112' title="bbox 1857 5270 3463 5348">
     <span class='ocr_line' id='line_1_113' title="bbox 1857 5270 3463 5348; baseline -0.011 -15"><span class='ocrx_word' id='word_1_955' title='bbox 1857 5270 1996 5348; x_wconf 80' lang='lat' dir='ltr'><strong>ipso,</strong></span> <span class='ocrx_word' id='word_1_956' title='bbox 2032 5293 2128 5344; x_wconf 79' lang='lat' dir='ltr'><strong>pro</strong></span> <span class='ocrx_word' id='word_1_957' title='bbox 2167 5293 2274 5348; x_wconf 90' lang='lat' dir='ltr'><strong>quo</strong></span> <span class='ocrx_word' id='word_1_958' title='bbox 2305 5279 2356 5332; x_wconf 75' lang='grc' dir='ltr'><strong>ὲν</strong></span> <span class='ocrx_word' id='word_1_959' title='bbox 2383 5270 2540 5348; x_wconf 74' lang='grc' dir='ltr'><strong>ξυλῷ,</strong></span> <span class='ocrx_word' id='word_1_960' title='bbox 2576 5282 2627 5328; x_wconf 90' lang='lat' dir='ltr'><strong>in</strong></span> <span class='ocrx_word' id='word_1_961' title='bbox 2676 5275 2840 5348; x_wconf 81' lang='lat' dir='ltr'><strong>ligno,</strong></span> <span class='ocrx_word' id='word_1_962' title='bbox 2868 5270 2918 5324; x_wconf 89' lang='lat' dir='ltr'><strong>id</strong></span> <span class='ocrx_word' id='word_1_963' title='bbox 2957 5281 3283 5348; x_wconf 76' lang='lat' dir='ltr'><strong>t-st,_cruce,</strong></span> <span class='ocrx_word' id='word_1_964' title='bbox 3318 5280 3463 5348; x_wconf 72' lang='lat' dir='ltr'><strong>pra:-</strong></span> 
     </span>
    </p>
   </div>
   <div class='ocr_carea' id='block_1_113' title="bbox 1859 5341 3458 5413">
    <p class='ocr_par' dir='ltr' id='par_1_113' title="bbox 1859 5341 3458 5413">
     <span class='ocr_line' id='line_1_114' title="bbox 1859 5341 3458 5413; baseline -0.008 -8"><span class='ocrx_word' id='word_1_965' title='bbox 1859 5341 2040 5405; x_wconf 80' lang='lat' dir='ltr'><strong>l&#39;erunt</strong></span> <span class='ocrx_word' id='word_1_966' title='bbox 2066 5341 2352 5412; x_wconf 65' lang='lat' dir='ltr'><strong>Origenes,</strong></span> <span class='ocrx_word' id='word_1_967' title='bbox 2382 5341 2953 5413; x_wconf 47' lang='lat' dir='ltr'><strong>Primasiusfaliiquc,</strong></span> <span class='ocrx_word' id='word_1_968' title='bbox 2979 5341 3174 5412; x_wconf 90' lang='lat' dir='ltr'><strong>quibus</strong></span> <span class='ocrx_word' id='word_1_969' title='bbox 3206 5341 3458 5409; x_wconf 86' lang='lat' dir='ltr'><strong>opposita</strong></span> 
     </span>
    </p>
   </div>
   <div class='ocr_carea' id='block_1_114' title="bbox 1858 5419 3130 5492">
    <p class='ocr_par' dir='ltr' id='par_1_114' title="bbox 1858 5419 3130 5492">
     <span class='ocr_line' id='line_1_115' title="bbox 1858 5419 3130 5492; baseline -0.001 -17"><span class='ocrx_word' id='word_1_970' title='bbox 1858 5423 2030 5490; x_wconf 61' lang='lat' dir='ltr'><strong>magis</strong></span> <span class='ocrx_word' id='word_1_971' title='bbox 2062 5423 2321 5490; x_wconf 86' lang='lat' dir='ltr'><strong>probatur</strong></span> <span class='ocrx_word' id='word_1_972' title='bbox 2350 5419 2645 5492; x_wconf 84' lang='lat' dir='ltr'><strong>sententia.</strong></span> <span class='ocrx_word' id='word_1_973' title='bbox 2710 5487 2725 5492; x_wconf 85' lang='lat'>_</span> <span class='ocrx_word' id='word_1_974' title='bbox 2790 5486 2801 5492; x_wconf 90' lang='lat'><em>_</em></span> <span class='ocrx_word' id='word_1_975' title='bbox 3118 5481 3130 5492; x_wconf 42' lang='grc' dir='ltr'><strong><em>ο</em></strong></span> 
     </span>
    </p>
   </div>
   <div class='ocr_carea' id='block_1_115' title="bbox 1933 5481 3456 5554">
    <p class='ocr_par' dir='ltr' id='par_1_115' title="bbox 1933 5481 3456 5554">
     <span class='ocr_line' id='line_1_116' title="bbox 1933 5481 3456 5554; baseline -0.009 -5"><span class='ocrx_word' id='word_1_976' title='bbox 1933 5481 2210 5549; x_wconf 45' lang='lat' dir='ltr'><strong>c“omnem</strong></span> <span class='ocrx_word' id='word_1_977' title='bbox 2241 5494 2351 5546; x_wconf 83' lang='lat' dir='ltr'><strong>fere</strong></span> <span class='ocrx_word' id='word_1_978' title='bbox 2382 5490 2680 5544; x_wconf 78' lang='lat' dir='ltr'><strong>subnexam</strong></span> <span class='ocrx_word' id='word_1_979' title='bbox 2710 5486 2936 5554; x_wconf 82' lang='lat' dir='ltr'><strong>hujusce</strong></span> <span class='ocrx_word' id='word_1_980' title='bbox 2985 5481 3238 5538; x_wconf 82' lang='lat' dir='ltr'><strong>versiculi</strong></span> <span class='ocrx_word' id='word_1_981' title='bbox 3281 5495 3456 5554; x_wconf 55' lang='lat' dir='ltr'><strong>expo-</strong></span> 
     </span>
    </p>
   </div>
   <div class='ocr_carea' id='block_1_116' title="bbox 1856 5552 3455 5624">
    <p class='ocr_par' dir='ltr' id='par_1_116' title="bbox 1856 5552 3455 5624">
     <span class='ocr_line' id='line_1_117' title="bbox 1856 5552 3455 5624; baseline -0.006 -6"><span class='ocrx_word' id='word_1_982' title='bbox 1856 5563 2109 5620; x_wconf 87' lang='lat' dir='ltr'><strong>sitionem</strong></span> <span class='ocrx_word' id='word_1_983' title='bbox 2154 5564 2418 5618; x_wconf 88' lang='lat' dir='ltr'><strong>invidiose</strong></span> <span class='ocrx_word' id='word_1_984' title='bbox 2462 5561 2700 5616; x_wconf 88' lang='lat' dir='ltr'><strong>traducit</strong></span> <span class='ocrx_word' id='word_1_985' title='bbox 2748 5552 2996 5620; x_wconf 65' lang='lat' dir='ltr'><strong>liulinus,</strong></span> <span class='ocrx_word' id='word_1_986' title='bbox 3041 5567 3203 5624; x_wconf 87' lang='lat' dir='ltr'><strong>quem</strong></span> <span class='ocrx_word' id='word_1_987' title='bbox 3251 5552 3455 5609; x_wconf 89' lang='lat' dir='ltr'><strong>videsis</strong></span> 
     </span>
    </p>
   </div>
   <div class='ocr_carea' id='block_1_117' title="bbox 1852 5635 2405 5701">
    <p class='ocr_par' dir='ltr' id='par_1_117' title="bbox 1852 5635 2405 5701">
     <span class='ocr_line' id='line_1_118' title="bbox 1852 5635 2405 5701; baseline -0.002 -9"><span class='ocrx_word' id='word_1_988' title='bbox 1852 5635 1948 5692; x_wconf 89' lang='lat' dir='ltr'><strong>lib.</strong></span> <span class='ocrx_word' id='word_1_989' title='bbox 1979 5653 2016 5701; x_wconf 88' lang='grc' dir='ltr'><strong>ι,</strong></span> <span class='ocrx_word' id='word_1_990' title='bbox 2049 5652 2196 5690; x_wconf 90' lang='lat' dir='ltr'><strong>num.</strong></span> <span class='ocrx_word' id='word_1_991' title='bbox 2231 5636 2326 5691; x_wconf 79' lang='lat'><strong>58.</strong></span> <span class='ocrx_word' id='word_1_992' title='bbox 2399 5655 2405 5660; x_wconf 93' lang='grc'><strong>·</strong></span> 
     </span>
    </p>
   </div>
   <div class='ocr_carea' id='block_1_118' title="bbox 1925 5697 3454 5780">
    <p class='ocr_par' dir='ltr' id='par_1_118' title="bbox 1925 5697 3454 5780">
     <span class='ocr_line' id='line_1_119' title="bbox 1925 5697 3454 5780; baseline -0.007 -15"><span class='ocrx_word' id='word_1_993' title='bbox 1925 5705 1950 5744; x_wconf 72' lang='grc'><strong>(³</strong></span> <span class='ocrx_word' id='word_1_994' title='bbox 1979 5697 2183 5765; x_wconf 76' lang='lat' dir='ltr'><strong>Recole</strong></span> <span class='ocrx_word' id='word_1_995' title='bbox 2210 5723 2331 5780; x_wconf 75' lang='lat' dir='ltr'><strong>qure</strong></span> <span class='ocrx_word' id='word_1_996' title='bbox 2363 5705 2521 5780; x_wconf 83' lang='lat' dir='ltr'><strong>paulo</strong></span> <span class='ocrx_word' id='word_1_997' title='bbox 2543 5701 2796 5774; x_wconf 84' lang='lat' dir='ltr'><strong>superius</strong></span> <span class='ocrx_word' id='word_1_998' title='bbox 2831 5713 2954 5771; x_wconf 91' lang='lat' dir='ltr'><strong>cap.</strong></span> <span class='ocrx_word' id='word_1_999' title='bbox 2981 5715 3017 5767; x_wconf 86' lang='grc' dir='ltr'><strong>ι,</strong></span> <span class='ocrx_word' id='word_1_1000' title='bbox 3053 5712 3202 5754; x_wconf 89' lang='lat' dir='ltr'><strong>vers.</strong></span> <span class='ocrx_word' id='word_1_1001' title='bbox 3231 5699 3323 5766; x_wconf 72' lang='lat'><strong>35,</strong></span> <span class='ocrx_word' id='word_1_1002' title='bbox 3351 5697 3454 5755; x_wconf 89' lang='lat' dir='ltr'><strong>hac</strong></span> 
     </span>
    </p>
   </div>
   <div class='ocr_carea' id='block_1_119' title="bbox 1853 5775 2601 5853">
    <p class='ocr_par' dir='ltr' id='par_1_119' title="bbox 1853 5775 2601 5853">
     <span class='ocr_line' id='line_1_120' title="bbox 1853 5775 2601 5853; baseline -0.011 -17"><span class='ocrx_word' id='word_1_1003' title='bbox 1853 5795 2020 5853; x_wconf 89' lang='lat' dir='ltr'><strong>super</strong></span> <span class='ocrx_word' id='word_1_1004' title='bbox 2047 5775 2317 5838; x_wconf 78' lang='lat' dir='ltr'><strong>sententia</strong></span> <span class='ocrx_word' id='word_1_1005' title='bbox 2347 5775 2601 5834; x_wconf 83' lang='lat' dir='ltr'><strong>diximus.</strong></span> 
     </span>
    </p>
   </div>
   <div class='ocr_carea' id='block_1_120' title="bbox 3934 4199 3943 5083">
    <p class='ocr_par' dir='ltr' id='par_1_120' title="bbox 3934 4509 3940 4710">
     <span class='ocr_line' id='line_1_121' title="bbox 3934 4509 3940 4710; baseline 0 0"><span class='ocrx_word' id='word_1_1006' title='bbox 3934 4509 3940 4710; x_wconf 64' lang='lat' dir='ltr'><strong>i</strong></span> 
     </span>
    </p>
   </div>
  </div>
