3962 6338
480 273 590 330 475

1723 291 1763 348 8
1829 291 2102 352 EUSEBII
2143 296 2528 357 HIEMNYMI
3640 320 3733 377 476

475 394 665 467 xcvn),
696 405 752 453 et
780 398 984 455 veteris
1011 411 1067 457 et
1111 404 1243 458 novi
1273 403 1612 463 'l‘estatnenti
1662 408 1902 467 lectione
1928 424 2057 483 gau-
2091 416 2145 478 Α
2170 422 2229 471 et
2275 419 2509 485 accolae,
2538 418 2636 476 sed
2685 420 2832 478 cives
2879 433 3195 483 sanctorum
3244 438 3302 484 et
3338 429 3612 489 domestici
3650 436 3730 494 Dei

475 486 646 544 debit.
680 490 816 547 lllud
838 508 1055 566 quoque
1097 498 1242 568 quod
1282 499 1408 554 alibi
1443 502 1703 558 scribitur
1737 523 1750 559 :
1778 502 1913 561 Ecce
1933 508 2071 579 facio

474 597 606 638 nova
649 602 767 655 qua:
794 604 933 642 nunc
965 594 1192 645 orientur
1222 591 1377 664 (lsai.
1411 610 1559 663 sntit,
1593 596 1703 668 l9),
1734 599 1816 654 sic
1846 603 2067 669 sentiet,

472 684 532 728 ut
559 675 891 747 principium
924 682 1288 742 innovationis
1314 685 1369 741 in
1400 690 1656 758 prtesenti
1704 693 1910 748 saeulo
1952 695 2070 751 fieri

471 767 772 824 existimet.
825 773 1098 830 Caeterum
1156 777 1453 847 perfectam
1525 796 2072 859 consummatamque

474 862 796 928 novitatem,
824 868 1055 924 necdum
1085 870 1141 925 in
1187 871 1294 929 ista
1316 885 1472 945 putet
1501 878 1702 934 smculo
1731 895 1892 951 posse
1922 896 2071 939 com-

474 956 637 1027 pleri.
668 958 731 1014 Et
768 962 1040 1030 quomodo
1071 980 1219 1022 nunc
1264 982 1358 1036 per
1396 972 1679 1040 speculum
1726 974 1977 1031 videmus
2014 975 2069 1031 in

472 1049 783 1122 muigmate,
816 1063 945 1111 tunc
973 1066 1160 1114 autem
1187 1059 1323 1116 facie
1349 1063 1414 1117 ad
1444 1062 1640 1121 facietu
1672 1066 1718 1139 (l
1743 1064 1863 1124 Cor.
1899 1071 2020 1141 xm)
2053 1087 2069 1127 :

470 1141 551 1198 sic
572 1150 624 1198 et
657 1144 1111 1206 instaurationem
1146 1154 1277 1210 novi
1305 1153 1545 1212 hominis
1577 1166 1705 1215 tunc
1749 1161 1907 1228 plene
1947 1178 2069 1232 perv

471 1232 729 1307 fecteqno
783 1241 1203 1314 complendum,
1260 1262 1383 1303 eum
1431 1251 1679 1306 caelestia
1739 1264 2070 1328 terrenaque

471 1325 678 1387 fuerint
705 1334 987 1405 copulata,
1019 1347 1078 1393 et
1111 1340 1164 1394 in
1191 1356 1298 1397 uno
1324 1344 1547 1413 spiritu,
1574 1355 1630 1402 et
1661 1361 1826 1403 sensu
1850 1325 2072 1407 cadam-

469 1440 577 1496 que
620 1430 933 1495 sententia,
990 1435 1386 1492 accesserimus
1447 1439 1515 1494 ad
1573 1440 1816 1498 Patrem.
1870 1443 2072 1501 Nescio

469 1518 601 1589 quid
636 1521 745 1578 tale
776 1533 831 1578 et
861 1523 912 1579 in
938 1525 1043 1582 alia
1085 1527 1326 1599 Epistula
1356 1531 1425 1603 (si
1457 1534 1578 1603 quis
1610 1544 1790 1591 tamen
1825 1553 1946 1594 eam
1987 1556 2073 1595 re-

471 1613 627 1684 cipit)
661 1616 1026 1685 prudentibus
1047 1622 1354 1696 quibusque
1387 1626 1687 1686 lectoribus
1715 1630 1917 1688 Paulus
1943 1634 2070 1692 sub-

473 1706 710 1774 indicat,
748 1710 939 1769 dicens
976 1730 990 1768 :
1021 1715 1098 1770 Hi
1154 1734 1328 1774 carnes
1375 1722 1721 1778 testimonium
1761 1727 2071 1797 accipientes

2174 510 2603 577 supertedilicati
2628 523 2753 569 sunt
2787 515 3144 574 fundamento
3169 523 3532 590 apostolorum
3558 536 3607 581 et
3628 543 3734 598 pro-

2171 600 2477 671 phetarum,
2507 604 2624 675 ipso
2645 622 2859 663 summo
2880 611 3124 681 augulari
3156 613 3337 683 lapide
3362 614 3574 673 Christo
3591 620 3731 677 Jesu:

2173 690 2228 747 in
2280 709 2388 765 quo
2437 698 2617 753 omnis
2673 698 2966 758 aedificatio
3010 707 3421 776 compaginata,
3466 712 3650 767 crescit
3689 713 3736 770 in

2176 787 2439 857 templum
2487 801 2733 848 sanctum
2783 794 2837 848 in
2900 795 3169 853 Domino:
3216 801 3402 870 inquo
3448 810 3502 857 et
3546 803 3736 874 Ephesii

2173 879 2586 937 coaedificantur
2610 883 2663 939 in
2707 885 3117 944 tabernaculum
3154 891 3246 946 Dei
3282 892 3336 947 in
3381 893 3591 963 spiritu,
3620 911 3741 954 unus

2173 983 2258 1028 est
2282 976 2443 1043 Deus,
2475 978 2635 1033 unius
2660 979 3040 1039 mdificationis
3072 992 3126 1039 et
3153 985 3369 1054 templi,
3402 988 3541 1056 quod
3573 1003 3742 1060 super-

2172 1066 2498 1124 a-dificatum
2543 1081 2627 1126 est
2671 1071 3028 1129 fundamento
3057 1077 3431 1145 apostolorum
3460 1080 3742 1151 etpropbe-

2174 1167 2374 1214 tarum.
2418 1160 2573 1230 Quod
2616 1164 2661 1218 si
2713 1166 2969 1222 universa
3015 1167 3307 1225 aediﬁcatio
3355 1172 3739 1243 compaginata,

2172 1254 2378 1307 crescit
2409 1251 2465 1308 in
2501 1256 2761 1326 templum
2785 1271 3034 1314 sanetum
3067 1261 3123 1316 in
3155 1260 3411 1329 Domino,
3442 1266 3582 1320 omni
3610 1265 3745 1322 labo-

2173 1360 2235 1402 re
2280 1347 2561 1403 nitendum
2610 1359 2718 1419 est,
2754 1360 2810 1406 ut
2859 1352 3056 1410 ﬁamus
3104 1353 3187 1410 illi
3221 1355 3543 1426 iapides,de
3573 1358 3747 1428 quibus

2173 1440 2438 1509 scriptum
2463 1452 2549 1497 est
2581 1460 2595 1498 :
2626 1441 2857 1516 Lapides
2886 1448 3053 1501 sancti
3079 1448 3358 1503 volvuntur
3394 1465 3549 1515 super
3577 1460 3747 1507 terram

2176 1529 2359 1603 (Zaclt.
2401 1548 2477 1601 rx,
2530 1536 2638 1607 l6).
2690 1537 2760 1593 Et
2801 1554 2926 1594 cum
2974 1540 3241 1597 fuerimus
3290 1542 3405 1598 vivi
3439 1543 3657 1614 lapides,
3689 1562 3748 1602 ex

2174 1623 2326 1678 omni
2372 1636 2522 1695 parte
2553 1628 2747 1695 dolati,
2794 1631 2959 1687 laeves
2987 1630 3094 1705 [ΑΙ.
3129 1633 3328 1707 leves],
3361 1635 3516 1704 politi
3557 1637 3747 1693 nullam

2177 1717 2443 1776 habentes
2485 1724 2882 1791 scabredinem,
2919 1727 3255 1783 aediﬁcentur
3299 1728 3357 1783 in
3409 1731 3680 1801 templum,
3702 1741 3749 1787 et

470 1799 615 1869 ﬁdei,
658 1819 763 1858 non
814 1804 1102 1864 retulerunt
1150 1812 1566 1887 ρνοῃιὶεεὶοηεῃι,
1621 1816 1726 1873 Deo
1779 1835 1875 1890 pro
1925 1823 2072 1878 ηορεε
2101 1814 2148 1874 Β
2175 1816 2367 1871 liamtts
2401 1815 2769 1872 habitaculum
2789 1818 2927 1875 ΠΕΟ.
2949 1819 3336 1892 Cundalurque
3368 1822 3423 1877 ill
3460 1823 3615 1879 DODiS
3641 1839 3749 1879 arca

472 1893 657 1949 melius
681 1896 807 1964 quid
837 1899 1131 1965 providente
1164 1918 1183 1957 :
1208 1912 1264 1957 ut
1299 1921 1402 1961 non
1433 1907 1625 1977 absque
1653 1910 1803 1967 nobis
1828 1924 2071 1968 consum-

472 1997 740 2043 marentur
768 1988 959 2059 (Hebr.
1007 2009 1087 2071 xt,
1112 1995 1206 2065 59,
1234 1996 1349 2069 40).
1394 1999 1689 2071 Propterea
1724 2013 1779 2059 et
1819 2006 2069 2063 universa

471 2087 721 2135 creatura
753 2070 1109 2154 congemiseit
1138 2090 1443 2162 nobiscum,
1472 2097 1565 2163 qui
1618 2097 1673 2151 in
1716 2098 2068 2156 tabernaculo

471 2170 577 2227 isto
605 2172 1038 2246 ingemiscimus,
1067 2191 1123 2238 et
1160 2184 1442 2253 condolet,
1465 2189 1556 2259 qui
1586 2204 1617 2245 a
1650 2193 1849 2249 timore
1886 2193 1981 2249 Dei
2011 2194 2067 2251 in

470 2273 633 2320 utero
661 2273 1017 2338 concepimus
1055 2285 1109 2330 et
1147 2275 1415 2345 dolemus.
1445 2291 1499 2337 et
1543 2284 1921 2352 praestolamur
1954 2287 2064 2360 [Αι.

472 2364 847 2440 praestolatur]
877 2371 1269 2431 revelationem
1301 2378 1539 2435 filiorum
1570 2381 1662 2437 Dei
1696 2399 1711 2437 :
1740 2393 1796 2439 ut
1814 2383 1884 2441 de
1914 2387 2069 2441 vani-

472 2465 584 2513 tate
611 2460 919 2533 servitutis,
950 2467 1040 2523 cui
1078 2483 1223 2525 nunc
1258 2471 1504 2540 subjecta
1544 2485 1649 2539 est,
1697 2476 1985 2549 liberetur,
2013 2487 2070 2535 et

471 2547 566 2605 fiat
596 2566 737 2609 unus
780 2565 966 2626 pastor
1014 2569 1072 2616 et
1116 2576 1257 2618 unus
1305 2575 1559 2636 grex:ct
1608 2568 1798 2626 Oratio
1849 2547 2067 2630 Domini

467 2647 814 2718 compleatur
833 2650 1099 2710 dicentis:
1125 2654 1251 2713 Fiat
1264 2658 1498 2716 voluntas
1520 2671 1611 2718 tua
1636 2664 1772 2720 sicut
1790 2666 1852 2721 in
1871 2668 1999 2722 calo
2019 2677 2068 2724 et

470 2737 525 2793 in
550 2748 688 2795 terra
707 2741 892 2814 (Matt.
919 2761 994 2816 γι,
1024 2747 1142 2820 10).

542 2832 724 2904 (Vers.
768 2835 836 2892 i9
857 2841 1039 2910 seqq.)
1067 2839 1210 2916 Ergo
1241 2848 1359 2918 jam
1407 2863 1511 2901 non
1559 2848 1681 2904 estis
1723 2852 1983 2923 peregrini
2019 2862 2069 2909 et

470 2928 663 2985 accolte
690 2946 712 2986 :
733 2932 827 2986 sed
852 2935 984 2988 cisss
1018 2948 1334 3007 sanctorum,
1359 2950 1407 2994 et
1432 2942 1702 2998 domestici
1728 2943 1849 3013 Dei,
1883 2963 2069 3016 super-

468 3022 714 3092 tedilicati
737 3043 895 3096 super
910 3031 1309 3100 futidamentum
1328 3037 1684 3107 apostolorum
1707 3047 1755 3093 et
1786 3040 2064 3112 propheta-

471 3132 608 3185 rum,
633 3120 747 3192 ipso
765 3137 967 3177 summa
997 3127 1241 3195 angulari
1262 3126 1439 3197 lapide
1462 3127 1669 3186 Christo
1693 3132 1843 3188 lerat.
1870 3132 1939 3189 In
1963 3152 2069 3208 quo

2173 1908 2482 1964 testamenti
2510 1920 2698 1966 custos
2729 1911 2888 1982 Legis
2924 1913 3161 1982 Domini,
3186 1922 3241 1970 et
3269 1914 3753 1985 Cherubitu,scien-

2171 2003 2257 2058 tite
2282 2002 2588 2069 multitudo,
2614 2014 2671 2059 et
2709 2005 2970 2063 interiora
2999 2009 3238 2077 pectoris
3268 2011 3448 2067 nostri
3491 2010 3543 2064 in
3569 2025 3751 2066 norunt

2172 2098 2493 2153 vocabulum
2543 2110 2825 2157 transeant
2871 2119 2884 2156 :
2946 2101 3302 2175 dicamurque
3348 2120 3509 2160 unum
3544 2105 3750 2177 (1‘31),

2171 2191 2314 2261 quod
2347 2206 2446 2247 nos
2477 2192 2771 2262 oraculum,
2795 2196 2911 2251 sive
2937 2211 3245 2269 responsum
3272 2212 3563 2267 possumus
3585 2198 3753 2267 appel-

2171 2286 2306 2356 lare,
2321 2296 2378 2343 et
2396 2296 2458 2343 ut
2474 2290 2873 2346 coutentiosius
2895 2292 3119 2347 verbum
3139 2295 3561 2363 exprimamuse
3583 2295 3752 2367 verbo,

2168 2380 2499 2458 λαλητήρων,
2531 2382 2583 2437 id
2614 2394 2698 2438 est
2721 2423 2735 2449 ,
2765 2383 3078 2439 locutoriuin
3111 2387 3295 2444 dicere
3327 2406 3340 2443 :
3375 2397 3438 2443 ut
3466 2404 3589 2444 eum
3618 2388 3751 2458 Apo-

2171 2474 2313 2529 stolo
2344 2489 2695 2545 erumpamus
2730 2477 2784 2532 in
2816 2493 3004 2533 vocem
3032 2495 3045 2533 :
3078 2478 3159 2533 An
3188 2481 3597 2552 experimentum
3624 2496 3753 2551 quie-

2170 2567 2285 2621 ritis
2315 2570 2425 2641 ejus
2448 2569 2538 2639 qui
2564 2570 2617 2623 in
2659 2586 2738 2624 me
2763 2568 2996 2639 loquitur
3024 2570 3266 2626 Christus
3299 2572 3342 2644 (I
3370 2571 3499 2629 Cor.
3533 2588 3643 2637 χιιι,
3671 2571 3753 2644 5)?

2171 2658 2356 2714 Potest
2381 2670 2561 2715 autem
2595 2662 2776 2718 omnis
2807 2662 3097 2718 :ediiicatio
3133 2679 3304 2734 super
3346 2663 3746 2722 fundamentum

2169 2752 2540 2821 apostolorum
2571 2753 3067 2826 prophetarumque
3089 2768 3433 2827 constructa,
3455 2774 3564 2814 non
3594 2758 3753 2814 solum
3818 2832 3829 2839 _

2172 2859 2293 2912 nos,
2316 2844 2412 2901 sed
2458 2856 2520 2901 et
2565 2846 2819 2903 ccelestes
2849 2857 2875 2885 α
2906 2849 3219 2920 significare
3265 2850 3517 2919 virtutes,
3550 2860 3605 2907 ut
3647 2850 3755 2906 uni‘

2172 2936 2310 2991 versi
2342 2938 2546 3006 pariter
2574 2940 2707 2993 liant
2758 2939 3125 2996 habitaculum
3168 2942 3263 2998 Dei
3318 2942 3370 2997 in
3417 2944 3609 3012 spiritu
3640 2959 3652 2999 :
3683 2941 3757 2997 in-

2170 3045 2470 3100 Congruum
2500 3032 2699 3103 quippe
2725 3047 2849 3089 esse
2878 3033 3052 3099 aiunt,
3082 3050 3148 3089 ex
3188 3034 3511 3093 hominibus
3533 3035 3753 3091 aediﬁca-

2173 3125 2375 3180 tionem
2428 3138 2769 3195 compactam
2826 3139 2989 3198 atque
3036 3128 3364 3185 concordem
3424 3145 3670 3186 crescere
3709 3129 3757 3184 in

472 3214 640 3269 omnis
662 3215 943 3285 ardiﬁcalio
970 3223 1335 3292 compaginala
1353 3269 1366 3293 ,
1394 3228 1573 3280 crescit
1600 3230 1654 3281 in
1678 3228 1923 3299 templum
1946 3247 2068 3299 san-

2176 3218 2437 3287 tentplutn
2467 3192 2713 3274 san-ctum
2747 3219 2802 3274 in
2840 3221 3091 3287 Detnino,
3123 3220 3352 3293 fierique
3398 3221 3757 3278 habitaculum

472 3314 612 3359 ctam
638 3307 692 3360 in
718 3308 960 3365 Domino.
990 3310 1057 3366 1η
1073 3330 1175 3383 quo
1190 3325 1236 3370 et
1252 3332 1339 3370 ros
1357 3319 1756 3390 catediﬁeamini
1782 3322 1839 3376 in
1865 3323 2071 3378 habita.

474 3396 651 3451 culum
681 3398 795 3467 Dei,
823 3403 878 3455 in
906 3404 1116 3472 spiritu.
1155 3406 1236 3462 Ad
1287 3410 1340 3464 id
1390 3412 1536 3481 quod
1586 3430 1750 3484 supra
1802 3415 2017 3471 dixerat
2051 3436 2065 3473 :

471 3494 730 3564 peregrini
761 3504 1185 3555 testatnentorrmt
1221 3513 1268 3557 et
1309 3508 1756 3575 repromissionis,
1796 3525 1944 3566 nunc
1980 3525 2071 3567 re-

474 3587 739 3654 spondet:
759 3603 883 3660 ergo
901 3593 1019 3663 jam
1045 3610 1145 3649 non
1176 3597 1300 3652 estis
1326 3601 1585 3673 peregrini
1611 3611 1656 3654 et
1672 3602 1886 3659 accola.
1911 3604 1980 3659 Et
1998 3605 2067 3660 ad

473 3676 609 3734 illud
639 3681 778 3752 quod
799 3687 1157 3755 praemiserat,
1173 3689 1390 3747 alienati
1405 3709 1439 3746 a
1458 3696 1846 3752 conversatione
1873 3694 2067 3764 Israel,

474 3770 640 3827 modo
663 3773 844 3828 redit:
875 3773 1016 3832 Estis
1051 3779 1186 3835 cives
1220 3795 1537 3855 sanctorum,
1571 3794 1622 3841 et
1651 3786 1921 3844 domestici
1947 3786 2068 3846 Dei.

475 3863 575 3920 ilic
606 3864 763 3921 lucus
789 3868 1053 3926 adversus
1080 3888 1177 3928 eos
1204 3877 1285 3930 vel
1316 3878 1553 3934 maxime
1581 3878 1733 3948 facit,
1760 3882 1853 3952 qui
1885 3884 2063 3940 diver-

470 3970 562 4013 sas
611 3967 829 4015 naturas
881 3962 1127 4019 nituntur
1173 3966 1540 4027 introducere.
1581 3972 1872 4041 Quomodo
1923 3980 2068 4034 enim

472 4050 743 4120 peregrini
788 4051 916 4108 facti
962 4068 1089 4110 sunt
1133 4057 1282 4113 cives
1323 4074 1673 4129 sanctorum,
1700 4074 1757 4121 et
1792 4070 2072 4138 quomodo

474 4140 760 4198 domestici
785 4143 878 4200 Dei
901 4144 1300 4225 inermum
1315 4154 1590 4223 quondam
1606 4157 1769 4214 alieni
1781 4172 1812 4214 a
1833 4176 2066 4219 conver-

473 4234 687 4293 satione
713 4235 900 4306 Israel,
924 4241 968 4295 si
1001 4258 1110 4298 non
1142 4256 1320 4313 potest
1342 4248 1424 4304 vel
1456 4253 1512 4305 in
1538 4250 1758 4320 melius,
1781 4254 1868 4310 vel
1894 4256 1948 4311 in
1976 4272 2069 4323 pe-

468 4326 561 4397 jus
587 4339 778 4384 natura
808 4335 1042 4391 ululari?
1071 4336 1224 4404 Quod
1253 4353 1437 4397 autem
1464 4346 1712 4416 sequitur
1745 4364 1758 4401 :
1791 4346 2072 4420 :Ediﬁeati

472 4434 632 4489 super
655 4421 1053 4491 fundamentum
1078 4430 1436 4502 apostolorum
1462 4445 1510 4491 et
1536 4436 1932 4509 prophetarum,
1958 4459 2073 4498 ma-

472 4512 557 4580 gis
597 4513 769 4581 priori
812 4530 975 4588 quam
1022 4523 1276 4578 secunda!
1307 4525 1740 4598 interpretationi
1789 4536 2069 4600 convenit,

2174 3309 2268 3364 Dei
2301 3310 2353 3365 in
2404 3311 2637 3381 spiritu;
2670 3313 2896 3381 angelos
2952 3326 3131 3371 autem
3180 3323 3238 3370 et
3289 3315 3484 3371 beatas
3531 3329 3758 3386 quasque

2173 3403 2422 3469 virtutes,
2452 3419 2573 3474 qua:
2613 3406 2665 3458 iu
2698 3405 3017 3461 etelestibus
3048 3405 3161 3463 Deo
3194 3408 3359 3479 585
3403 3409 3669 3473 serviunt,
3695 3407 3757 3462 ab

2174 3496 2274 3550 hac
2315 3495 2577 3551 felicitate
2625 3498 2837 3553 alienas
2888 3501 3216 3555 existimari.
3273 3501 3537 3556 Summus
3589 3512 3757 3556 autem

2173 3588 2448 3658 angularis
2496 3589 2655 3660 lapis,
2697 3593 2787 3661 qui
2841 3593 3097 3661 populum
3155 3606 3451 3665 utrumque
3501 3596 3763 3650 contineat

2174 3682 2311 3750 (sive
2334 3682 2485 3751 juxta
2513 3683 2808 3738 secundant
2842 3686 3353 3755 interpretationem
3377 3689 3623 3744 cmleSIia
3644 3686 3760 3758 jun-

2170 3782 2264 3846 gat
2288 3783 2448 3846 atque
2478 3778 2715 3847 terrena)
2743 3777 2996 3834 Christus
3031 3787 3117 3833 est
3145 3778 3415 3835 Dominus
3445 3789 3653 3848 noster,
3682 3780 3755 3832 la-

2173 3868 2256 3939 pis
2303 3870 2568 3941 praecisus
2606 3872 2675 3926 de
2721 3883 2905 3928 monte
2956 3874 3073 3927 sine
3121 3874 3400 3942 manibus,
3438 3876 3508 3931 de
3563 3893 3666 3947 quo
3710 3883 3760 3931 et

2173 3962 2457 4018 Psalmista
2489 3974 2741 4034 tesratur,
2769 3966 2961 4021 dicens
2986 3984 2999 4020 :
3022 3964 3275 4038 Lapidem
3292 3984 3446 4038 quem
3467 3965 3759 4034 reprobatis-

2171 4067 2291 4112 runt
2320 4059 2662 4129 testiﬁcantes,
2693 4059 2777 4113 hic
2804 4060 2973 4132 [actus
2994 4071 3067 4116 est
3096 4062 3150 4116 in
3181 4072 3336 4134 caput
3361 4064 3571 4135 anguli.
3604 4064 3648 4118 Α
3670 4061 3762 4117 ου.

2174 4149 2313 4204 mino
2355 4150 2551 4219 [actum
2595 4163 2670 4207 est
2719 4153 2861 4206 istud
2893 4151 3013 4225 (Ps.
3043 4169 3205 4220 cxvn,
3256 4155 3377 4225 22).
3430 4154 3763 4226 Beprobatus

2172 4243 2370 4313 quippe
2410 4256 2491 4298 est
2532 4259 2562 4297 a
2596 4242 2908 4311 Pharisreis,
2936 4248 3028 4316 qui
3063 4246 3390 4302 videbantur
3419 4247 3592 4321 586
3619 4247 3763 4318 Legis

2173 4331 2379 4389 habere
2401 4335 2672 4402 notitiam,
2691 4335 2892 4407 Deique
2916 4337 3175 4407 templum
3201 4337 3473 4409 legalibus
3506 4341 3765 4395 acditicare

2176 4426 2445 4483 mandatis
2473 4446 2485 4481 :
2512 4439 2567 4484 et
2610 4440 2925 4500 assumptus
2966 4448 2997 4485 a
3036 4432 3149 4486 Deo
3192 4432 3245 4487 in
3285 4434 3610 4502 angnlarem
3638 4433 3766 4504 lapi-

2176 4521 2324 4588 dem,
2355 4529 2414 4576 ut
2448 4519 2588 4576 duos
2628 4520 2869 4593 parietes
2914 4522 3030 4593 ipse
3077 4524 3288 4579 medius
3334 4525 3654 4580 contineret
3679 4541 3692 4579 :
3720 4533 3768 4578 et

473 4601 528 4658 in
558 4619 664 4673 qua
692 4585 945 4677 superius
975 4585 1474 4692 dixeramus,‘ante
1521 4585 2071 4692 passionemntlhvpi'eii
2100 4585 2153 4647 Β
2181 4631 2275 4686 per
2301 4585 2452 4671 illum
2484 4627 2716 4686 uterque
2749 4617 2979 4687 populus
3007 4618 3075 4672 ad
3125 4618 3294 4674 Deum
3327 4620 3565 4676 liabrret
3592 4633 3767 4675 acces-

476 4694 711 4753 vicinnm
743 4700 935 4769 Israel,
963 4690 1249 4765 et'Gentes
1277 4712 1444 4769 luisse
1469 4690 1540 4769 de
1579 4714 1760 4787 longe.
1788 4719 1900 4775 lloc
1923 4721 2071 4777 testi-

2175 4724 2320 4765 sutn.
2352 4707 2463 4764 Iste
2503 4710 2776 4779 angularis
2808 4709 2963 4780 lapis,
2996 4725 3102 4766 non
3139 4711 3504 4767 credentibus
3534 4713 3667 4781 lapis
3690 4708 3765 4764 of-

475 4787 661 4843 monio
686 4800 741 4846 et
762 4800 950 4849 contra
978 4797 1307 4859 Marcionem
1335 4815 1676 4880 canorosque
1720 4818 1936 4869 veteres
1958 4811 2074 4869 ba:-

2179 4805 2441 4861 fensionis
2482 4814 2587 4868 est,
2633 4815 2689 4860 et
2742 4816 2892 4874 petra
2942 4806 3188 4862 scandali
3217 4828 3229 4862 :
3257 4822 3423 4878 super
3476 4822 3640 4878 quem
3682 4804 3766 4876 qui

474 4880 706 4949 retices,
738 4886 830 4954 qui
864 4886 1031 4944 alium
1063 4889 1245 4963 Legis,
1270 4895 1436 4952 alium
1470 4899 1751 4973 Evangelii
1776 4906 2071 4974 praedicant

2177 4900 2461 4969 ceciderit,
2493 4900 2871 4970 quassabitur;
2906 4915 3073 4971 super
3110 4917 3272 4972 quem
3315 4917 3447 4958 vero
3490 4902 3610 4975 ipse
3648 4915 3762 4956 cor-

474 4972 671 5041 Deum,
703 4977 780 5033 uti
807 4993 1117 5051 possumus.
1147 4985 1205 5042 Si
1232 4987 1379 5044 enim
1411 4972 1752 5065 nequaquam
1778 4972 2076 5072 peregrini

2182 4996 2368 5062 ruerit,
2394 4991 2730 5050 comminuet
2750 5008 2874 5049 eunt
2900 4990 3058 5063 (Luc.
3090 4991 3207 5065 xx).

551 5122 578 5152 ι
605 5114 722 5172 Duo
739 5116 1143 5181 Cistereienses
1172 5140 1330 5196 mss.,
1358 5129 1581 5187 ealestes
1604 5136 1943 5207 magniﬁcare
1961 5140 2193 5197 virtutes.

486 5260 3762 5299 Μ

1406 5403 1878 5516 LIBER
1955 5407 2855 5519 SECUNDUS.

1958 5611 2371 5629 ﬂ

555 5725 868 5785 Secundum
899 5730 1238 5789 orationibus
1265 5733 1485 5800 vestris,
1521 5749 1554 5790 o
1592 5733 1758 5792 Paula
1784 5744 1840 5793 et
1872 5735 2066 5796 Eusto-

485 5820 696 5895 chium,
721 5822 792 5881 ad
815 5822 1080 5898 Ephesios
1094 5827 1652 5903 aggredimuriibrum
1668 5848 1679 5888 :
1696 5847 1837 5892 nova
1853 5848 2071 5910 quoque

2174 5740 2402 5797 Romam
2432 5743 2755 5799 munuscula
2788 5743 3183 5800 transmissuri.
3216 5741 3336 5800 Non
3358 5744 3510 5816 quod
3545 5743 3663 5802 inec
3703 5741 3775 5800 di-

2176 5843 2375 5912 gnetur
2399 5836 2587 5912 legere
2623 5835 2915 5900 doctorum
2938 5845 3185 5908 senatus,
3225 5844 3285 5899 et
3308 5836 3661 5900 bibliothecis
3686 5852 3773 5898 vc-
