3962 6338
201 302 285 356 477

639 294 1293 353 COMMENTARIURUM
1333 296 1398 353 ΙΝ
1442 295 1834 355 EI'ISTOLAH
1872 299 1967 355 AD
2008 298 2342 359 EPHESIOS
2380 301 2512 357 LIB.
2553 303 2617 360 ll.
2659 303 2817 360 CAP.
2861 305 2943 361 Ill.

3335 304 3444 363 478

200 423 341 470 terum
363 406 666 464 ascribere:
699 405 796 463 sed
824 406 967 477 quod
997 416 1180 463 sancta
1211 406 1462 463 Marcella
1504 406 1739 478 idipsum
1765 410 1819 472 Α
1847 407 2165 480 praedicatio
2190 411 2557 483 compleatur.
2597 414 2750 471 Licet
2775 416 2998 487 quidam
3028 415 3195 474 alium
3215 430 3443 476 sensum

198 502 290 563 ﬁeri
313 512 400 573 per
427 494 695 570 Epistolas
718 497 950 570 ﬂagitet.
977 496 1146 571 Cujus
1167 514 1268 572 ego
1296 500 1742 573 quotiescumque

194 595 474 659 studiorum,
542 592 769 665 ingenii,
824 592 1050 661 laboris,
1104 594 1392 663 recordor,
1446 595 1607 651 toties
1655 610 1743 654 me

194 690 359 748 damno
384 686 613 755 inertim,
646 687 740 759 qui
780 685 838 743 in
864 688 1183 745 monasterii
1222 685 1516 745 solitudine
1537 688 1743 746 consti-

192 790 331 854 tutus,
358 790 407 838 et
445 778 578 837 illud
618 792 864 852 prsesepe
904 791 1096 838 contra
1137 781 1360 850 videns,
1406 783 1459 838 in
1511 799 1619 856 quo
1649 800 1743 840 va-

190 877 385 950 gientem
398 872 681 945 parvulum
702 871 887 931 festini
904 873 1206 933 adoravere
1220 884 1469 948 pastores
1485 875 1638 950 (Luc.
1658 874 1740 951 ιι),

190 968 231 1027 id
247 968 402 1025 facere
424 982 529 1023 non
554 981 795 1038 possum.
820 966 963 1039 quod
992 968 1188 1025 mulier
1210 968 1410 1026 nobilis
1440 971 1583 1026 inter
1603 977 1744 1027 stre-

192 1068 377 1132 pentem
407 1056 685 1129 familiam,
738 1067 796 1114 et
846 1059 1283 1128 [recurationem
1337 1058 1532 1116 domus
1561 1059 1744 1131 explet

191 1152 347 1225 operis
376 1148 675 1207 succisivls.
720 1150 834 1220 Qua
865 1160 1090 1224 propter
1115 1159 1171 1206 et
1194 1151 1341 1208 illam
1374 1161 1426 1208 et
1451 1167 1572 1218 vos,
1605 1160 1659 1208 et
1695 1152 1744 1210 si

190 1246 289 1318 quis
314 1244 441 1302 forte
464 1244 659 1303 lecturi
690 1252 838 1313 sunt,
860 1246 912 1300 in
936 1260 1225 1301 commune
1242 1262 1458 1318 precor,
1484 1256 1541 1303 ut
1561 1246 1745 1304 sciatis

189 1351 259 1397 me
281 1355 376 1396 non
409 1338 704 1411 cogitatum
737 1337 830 1394 diu
870 1338 1227 1413 limatumque
1254 1339 1502 1410 proferre
1529 1356 1744 1397 sermo-

191 1447 292 1489 nem
319 1447 333 1487 :
370 1430 460 1488 sed
492 1429 559 1487 ad
585 1430 879 1489 revelanda
922 1432 1179 1505 mysteria
1212 1431 1637 1504 Seripturarum,
1663 1430 1742 1489 uti

188 1523 345 1583 verbis
371 1539 504 1595 pene
532 1523 602 1581 de
626 1524 810 1593 trivio,
850 1534 905 1580 et
929 1524 1199 1583 interdum
1232 1541 1330 1598 per
1349 1526 1597 1598 singulos
1626 1526 1743 1583 dies

193 1635 336 1693 usque
377 1618 439 1676 ad
489 1634 777 1676 numerum
826 1620 975 1677 mille
1024 1636 1278 1677 versuum
1330 1622 1635 1693 pervenire,
1688 1631 1745 1679 ut

184 1724 333 1785 erepta
361 1714 408 1769 in
436 1711 763 1785 Apustolum
794 1712 1124 1786 explanatio,
1171 1713 1344 1785 ipsius
1382 1713 1553 1781 Pauli,
1585 1713 1744 1786 cujus

1848 500 1901 555 in
1937 502 2040 557 hoc
2062 500 2090 541 δ
2116 502 2490 573 introducaut,
2519 505 2664 579 quod
2693 506 2893 565 Paulus
2914 506 3357 580 praedestinatus,
3388 518 3449 569 et

1844 592 2215 653 sanetilicatus
2235 613 2305 654 ex
2330 609 2487 656 utero
2510 600 2700 657 matris
2729 618 2865 672 sum,
2898 601 2965 659 ad
2997 600 3442 675 praedicationem

1844 689 2084 760 gentium
2115 700 2407 763 antequam
2436 702 2779 761 nasceretur,
2812 702 2998 765 postea
3026 692 3241 753 vincula
3261 695 3445 754 carnis

1845 780 2135 853 acceperit.
2182 781 2320 839 Puto
2349 791 2529 839 autem
2575 784 2718 856 quod
2757 793 2815 843 et
2845 786 3037 843 vitiosa
3082 786 3136 843 in
3178 789 3284 845 hoc
3312 784 3438 845 loco

1846 872 2080 929 elocutio
2106 874 2196 930 sit.
2221 874 2325 932 Pro
2350 891 2417 932 eo
2447 876 2595 931 enim
2622 876 2768 950 quod
2795 874 2985 936 debuit
3019 878 3206 937 dicere
3240 897 3251 935 :
3283 878 3448 954 hujus

1847 965 1924 1020 rei
1957 966 2151 1037 gratia,
2180 983 2280 1039 ego
2311 967 2510 1025 Paulus
2543 970 2759 1027 vinctus
2779 968 2910 1028 Jesu
2938 969 3140 1028 Christi
3165 988 3265 1045 pro
3288 971 3447 1031 vobis

1844 1059 2119 1131 gentibus,
2149 1062 2377 1147 (εοεαε)γί
2408 1063 2754 1136 mysterium,
2794 1064 2937 1121 sicut
2967 1076 3021 1121 et
3055 1066 3362 1139 pra-scripsi
3390 1066 3445 1124 in

1845 1155 2082 1223 modico,
2138 1168 2296 1228 prout
2345 1156 2575 1230 putealis
2626 1155 2876 1230 legentes
2925 1158 3256 1233 intelligere,
3308 1159 3386 1216 ait
3427 1175 3444 1218 :

1846 1246 2006 1317 hujus
2037 1247 2121 1304 rei
2153 1248 2328 1322 gratia
2364 1265 2466 1322 ego
2491 1248 2691 1307 Paulus
2720 1250 2939 1308 vinctus
2967 1254 3267 1310 secundum
3290 1268 3446 1309 reve-

1847 1340 2131 1410 lationem,
2164 1342 2441 1414 cognitum
2473 1342 2672 1398 factum
2712 1353 2798 1400 est
2836 1343 2970 1400 mihi
3016 1346 3357 1418 mysterium,
3390 1353 3450 1404 et

1847 1431 2075 1506 reliqua.
2114 1435 2172 1491 Si
2204 1451 2332 1491 vero
2363 1434 2485 1507 quis
2516 1444 2695 1507 potest
2735 1438 2900 1493 etiam
2925 1435 3083 1507 juxta
3105 1437 3374 1498 sermonis
3392 1446 3454 1496 et

1846 1528 2047 1601 eloquii
2074 1538 2391 1586 contextum
2429 1528 2665 1597 docere,
2706 1528 3028 1602 Apostolnm
3060 1532 3228 1588 fuisse
3269 1531 3452 1603 perfe-

1846 1630 2085 1688 ctum,et
2103 1624 2155 1678 in
2177 1623 2311 1679 artis
2331 1622 2701 1695 grammaticae
2724 1623 2850 1680 vitia
2877 1639 2983 1679 non
3007 1622 3323 1692 incurrisse,
3355 1625 3448 1682 ille

1850 1712 2026 1784 potius
2050 1714 2443 1771 auscultandus
2467 1724 2569 1771 est.
2606 1714 2715 1772 Nos
2741 1716 3197 1790 qu0tiescumque
3227 1728 3250 1757 θ
3284 1717 3451 1775 solm-

185 1805 1407 1879 Epistolasconamurexponere,orationibusc
1429 1808 1741 1880 nnpleatnr.
1777 1817 1826 1880 Β
1850 1806 2069 1876 cismos,
2098 1816 2191 1863 aut
2224 1808 2328 1863 tale
2369 1807 2497 1879 quid
2535 1807 2944 1878 annotavimus,
2977 1826 3084 1867 non
3126 1810 3449 1881 Apostolum

237 1990 377 2066 (Cap.
418 1988 504 2047 lli.
530 2021 605 2036 -
635 1988 796 2049 Vers.
825 1991 849 2047 1
894 1990 1077 2065 seqq.)
1108 1989 1284 2065 Hujus
1326 1993 1399 2048 rei
1429 1994 1622 2067 gratia,
1650 2011 1747 2069 ego

182 2081 352 2139 Paulus
386 2084 587 2139 uinctus
631 2080 760 2139 Iesu
808 2081 1004 2139 Christi
1044 2100 1138 2157 pro
1186 2084 1325 2139 vobis
1364 2085 1599 2159 gentibus
1642 2101 1665 2142 :
1702 2070 1749 2140 δέ

182 2190 323 2233 tamen
357 2176 579 2234 audistis
625 2178 1062 2250 dispensationem
1100 2181 1286 2252 gratiae
1331 2179 1448 2249 Dei,
1479 2197 1594 2252 qua:
1622 2180 1748 2238 data

181 2284 239 2330 nt
273 2272 385 2328 mihi
429 2275 483 2329 in
527 2272 688 2330 vobis.
745 2272 1007 2342 Quoniam
1053 2273 1339 2331 secundum
1380 2275 1749 2333 reuelationem

181 2368 406 2441 cognitum
430 2366 630 2439 factum
662 2376 740 2423 est
778 2365 905 2423 mihi
932 2370 1255 2441 mysterium,
1290 2370 1426 2424 sicut
1450 2368 1750 2442 prtescripsi

179 2460 222 2513 iu
245 2460 465 2529 modico;
513 2470 671 2532 prout
701 2461 914 2531 potestis
959 2461 1184 2534 legentes
1212 2462 1502 2534 intelligere
1540 2480 1747 2520 sensum

179 2571 320 2611 meum
338 2557 390 2612 in
411 2556 657 2630 mysterio
675 2554 891 2613 Christi.
912 2557 1181 2627 Quantum
1202 2557 1269 2613 ad
1297 2560 1744 2630 consequentiam

179 2651 415 2706 sermonis
446 2658 771 2724 textumque
816 2651 1020 2723 el0quii
1072 2653 1330 2724 pertinet,
1383 2651 1451 2707 ad
1502 2653 1555 2709 id
1599 2650 1745 2725 quod

179 2743 437 2813 pmmisit:
489 2742 669 2818 Hujus
697 2746 775 2800 rei
811 2746 1003 2818 gratia,
1051 2763 1146 2818 ego
1174 2742 1375 2801 Paulus
1400 2748 1598 2802 vinctus
1620 2744 1746 2803 Iesu

181 2833 341 2893 Christi
355 2854 446 2910 pro
468 2838 615 2895 vobis
635 2837 892 2914 gentibus,
911 2839 1324 2911 diligentissime
1343 2840 1743 2912 perquirentes,

179 2928 289 2985 nihil
314 2930 450 3002 quod
480 2931 534 2988 ei
562 2931 891 2998 reddiderit,
924 2934 1198 3004 potuimus
1240 2934 1510 2991 invenire.
1562 2934 1747 3007 Neque

179 3024 302 3079 enim
328 3024 486 3096 dixit,
531 3023 693 3097 hujus
727 3025 806 3081 rei
836 3026 1011 3098 gratia
1036 3041 1136 3097 ego
1164 3024 1366 3082 Paulus
1398 3026 1501 3083 hoc
1534 3028 1614 3081 vel
1646 3028 1748 3085 hoc

179 3116 283 3187 ieci,
311 3116 390 3174 vel
420 3116 560 3174 illud
590 3130 645 3174 et
678 3115 813 3173 illud
841 3118 1034 3174 docui:
1067 3117 1160 3173 sed
1195 3134 1459 3191 suspensa
1494 3129 1747 3175 manente

1850 1903 2151 1970 pulsamus,
2186 1908 2245 1955 ut
2275 1900 2515 1957 malivoli
2546 1902 2935 1967 criminantur,
2968 1901 3064 1960 scd
3097 1902 3269 1975 magis
3302 1904 3453 1975 Apo-

1848 1991 1975 2048 stoli
2004 2002 2305 2049 assertores
2337 2008 2553 2063 sumus,
2593 1992 2737 2065 quod
2786 1995 3050 2052 Hebraeus
3079 2012 3149 2051 ex
3180 1993 3449 2065 Hebraeis,

1847 2086 2057 2156 absque
2084 2085 2342 2145 rhetorici
2375 2088 2555 2146 nitore
2582 2089 2875 2158 sermonis,
2902 2103 2957 2147 et
2980 2091 3273 2148 verborum
3295 2107 3451 2148 com-

1846 2180 2145 2251 positione,
2176 2189 2231 2236 et
2267 2180 2473 2253 eloquii
2515 2194 2831 2253 venustate,
2862 2202 3161 2260 numquam
3191 2186 3259 2243 ad
3289 2184 3453 2247 ﬁdem

1847 2273 2048 2331 Christi
2095 2283 2265 2331 totum
2315 2275 2579 2333 mundum
2630 2279 2986 2336 transduccre
3037 2279 3315 2345 valuisset,
3344 2278 3452 2338 nisi

1848 2366 2277 2439 evangelizasset
2321 2384 2445 2425 eum
2480 2386 2586 2425 non
2628 2368 2681 2425 in
2732 2371 3001 2442 sapientia
3029 2371 3211 2441 verbi,
3260 2371 3359 2430 sed
3393 2374 3448 2431 in

1849 2460 2049 2516 virtute
2077 2458 2197 2516 Dei.
2231 2458 2367 2515 Nam
2392 2469 2447 2516 et
2476 2461 2590 2531 ipse
2638 2460 2705 2517 ad
2745 2459 3067 2518 Corinthios
3097 2466 3173 2518 ait
3201 2479 3216 2518 :
3259 2461 3329 2519 Et
3357 2480 3453 2537 ego

1849 2568 1966 2607 cum
2005 2554 2250 2610 uenissent
2282 2553 2352 2609 ad
2398 2571 2507 2621 vos,
2545 2554 2757 2625 fratres,
2798 2556 2914 2609 veni
2943 2573 3045 2611 non
3075 2557 3128 2612 in
3167 2558 3450 2619 eminentia

1846 2651 1984 2706 uerbi
2010 2660 2101 2705 aut
2124 2650 2391 2724 sapientia:
2416 2648 2581 2724 588
2606 2651 2925 2706 annuntians
2945 2651 3084 2706 vobis
3101 2651 3451 2708 testimonium

1851 2745 1947 2800 Dei
1972 2742 2014 2818 (Ι
2044 2744 2166 2801 Cor.
2198 2762 2259 2814 Ii,
2314 2745 2388 2817 l).
2420 2744 2734 2801 Et'rursum
2775 2761 2787 2799 :
2822 2742 2890 2800 Et
2928 2745 3134 2801 uerbum
3174 2763 3366 2818 meum,
3398 2755 3450 2804 et

1849 2839 2154 2910 pra‘dicatio
2186 2856 2318 2909 mea,
2351 2856 2453 2893 non
2485 2839 2536 2893 in
2561 2839 2814 2895 suasoriis
2842 2840 3115 2914 sapientia
3144 2840 3330 2908 verbis,
3359 2839 3450 2897 sed

1849 2933 1902 2989 in
1933 2936 2219 2991 ostensione
2243 2933 2458 3005 spiritus
2487 2942 2533 2989 et
2562 2934 2787 3002 virtutis,
2821 2943 2876 2989 ut
2904 2933 3035 3005 ﬁdes
3060 2945 3226 2989 vestra
3256 2950 3361 2990 non
3384 2933 3451 2991 sit

1848 3029 1900 3083 iu
1915 3028 2169 3099 sapientia
2193 3026 2484 3090 hominum,
2504 3028 2593 3082 sed
2611 3027 2665 3082 in
2693 3028 2877 3083 virtute
2900 3026 2999 3082 D.i
3019 3024 3214 3101 (lbid.,
3239 3028 3271 3085 4
3291 3041 3338 3084 et
3365 3026 3449 3099 5).

1854 3121 1959 3176 iste
2003 3122 2167 3193 igitur
2195 3121 2285 3193 qui
2331 3120 2679 3179 soloecismos
2711 3121 2763 3177 in
2812 3122 2992 3179 verbis
3018 3121 3166 3189 facit,
3212 3121 3305 3194 qui
3339 3138 3452 3181 non

178 3214 434 3279 sententia,
464 3220 849 3283 transgressus
888 3211 955 3266 ad
982 3209 1087 3266 alia
1117 3218 1220 3267 est.
1265 3209 1376 3267 Nisi
1415 3209 1558 3268 forte
1599 3212 1748 3284 iguo-
1776 3212 1825 3277 C
1857 3226 2035 3285 potest
2061 3214 2402 3289 hyperbaton
2436 3214 2689 3284 reddere,
2736 3216 3179 3288 sententiamque
3225 3215 3448 3274 conclu-

179 3314 367 3362 scentes
386 3305 459 3373 ei,
494 3305 644 3378 quod
677 3314 732 3361 et
761 3305 877 3376 ipse
906 3302 1191 3361 conlcssus
1221 3315 1303 3361 est
1334 3305 1521 3360 dicens
1551 3323 1562 3358 :
1596 3302 1663 3358 Et
1704 3305 1751 3360 si

180 3398 414 3471 imperitus
442 3415 708 3467 sermone,
740 3414 842 3453 non
872 3406 1042 3452 tamen
1086 3396 1301 3452 scientia
1342 3396 1386 3467 (1
1415 3395 1539 3452 Cor.
1567 3413 1643 3464 XI,
1668 3397 1747 3468 6),

180 3505 402 3549 sensuum
429 3492 609 3565 magis
637 3494 691 3548 in
714 3508 783 3548 eo
801 3506 1112 3564 quaeramus
1141 3486 1411 3558 ordinem,
1443 3506 1602 3564 quam
1631 3505 1753 3547 ver-

180 3583 365 3642 borum.
391 3586 498 3656 Qui
542 3586 623 3642 sic
654 3584 812 3642 reddi
858 3595 1037 3657 potest
1071 3603 1084 3640 :
1118 3584 1277 3656 hujus
1317 3586 1394 3640 rei
1425 3586 1622 3656 gratia,
1650 3594 1753 3655 ego

180 3676 355 3738 Paulus
380 3679 607 3737 vinctus
631 3676 839 3735 Christi
860 3676 1016 3745 Iesu,
1039 3687 1093 3734 et
1116 3676 1334 3733 vinctus
1360 3691 1460 3747 pro
1482 3676 1635 3731 vobis
1661 3672 1753 3747 qui

181 3774 292 3829 estis
336 3790 399 3830 ex
450 3773 741 3848 gentibus,
796 3773 1026 3845 cognovi
1089 3772 1434 3846 mysterium,
1490 3779 1547 3826 ut
1595 3769 1752 3828 vobis

178 3883 361 3940 quoque
386 3866 525 3927 illud
551 3868 867 3925 traderem:
894 3869 1035 3925 sicut
1063 3868 1115 3923 in
1154 3865 1259 3924 hac
1286 3866 1475 3923 eadem
1507 3864 1750 3939 Epistula

177 3970 284 4017 ante
317 3962 595 4035 paululum
645 3960 806 4036 587
839 3976 958 4018 sum
1009 3964 1243 4018 locutus.
1295 3960 1518 4017 Debctis
1564 3969 1748 4017 autem

177 4054 337 4113 audire
359 4056 830 4131 diapensationem
849 4054 1038 4128 gratia:
1065 4053 1185 4120 Dei,
1206 4069 1326 4127 quin
1349 4054 1473 4109 data
1505 4063 1589 4110 est
1615 4052 1750 4110 mihi

176 4149 222 4205 iu
243 4151 385 4210 vobis
414 4152 511 4225 qui
539 4151 674 4208 estis
695 4166 763 4208 ex
786 4148 1063 4222 gentibus,
1097 4164 1199 4223 pro
1232 4148 1429 4222 quibus
1455 4159 1510 4205 et
1536 4148 1752 4207 vinctus

174 4258 275 4301 sum
297 4243 426 4303 Iesu
454 4244 685 4304 Christi.
713 4244 977 4303 Vinctum
1000 4253 1182 4301 autem
1212 4245 1344 4302 Jesu
1374 4243 1577 4301 Christi
1612 4244 1750 4301 Pau-

175 4338 269 4396 lum
302 4357 421 4399 esse
453 4356 557 4415 pro
579 4340 857 4415 gentibus,
891 4348 1070 4412 potest
1109 4348 1166 4396 et
1195 4339 1262 4395 de
1293 4339 1556 4413 martyrio
1590 4337 1751 4395 intel-

172 4433 284 4508 ligi:
310 4436 453 4510 quod
484 4432 675 4493 Ronne
706 4436 760 4491 iu
787 4433 1003 4492 vincula
1033 4432 1338 4506 coniectus,
1373 4435 1514 4490 hanc
1533 4432 1751 4506 Episto-

175 4527 265 4586 lam
289 4532 501 4588 miserit
527 4546 596 4589 eo
638 4540 889 4602 tempore
911 4545 1020 4602 quo
1047 4528 1113 4584 ad
1145 4528 1545 4596 Philemonem,
1587 4536 1644 4584 et
1681 4526 1750 4586 ad

1856 3309 2009 3380 dere,
2053 3309 2314 3366 audacter
2357 3310 2460 3366 sibi
2503 3310 2738 3367 vindicat
2770 3312 3119 3383 sapientiam,
3155 3321 3209 3365 et
3259 3310 3390 3368 dicit
3433 3328 3447 3368 :

1858 3404 2117 3472 Quoniam
2161 3406 2442 3461 secundum
2488 3404 2851 3462 reuelationem
2891 3407 3154 3478 cognitum
3200 3415 3277 3461 est
3324 3404 3455 3460 mihi

1852 3498 2169 3572 mysterium,
2209 3499 2339 3555 sicut
2385 3500 2677 3573 prwscripsi
2706 3499 2756 3555 in
2788 3500 3012 3555 modico.
3048 3499 3189 3556 Vere
3217 3499 3361 3555 enim
3407 3497 3453 3555 si

1851 3593 1974 3664 quis
2004 3592 2286 3665 superiora
2315 3591 2474 3664 hujus
2506 3591 2751 3664 epistolae
2794 3592 3216 3663 contempletur,
3248 3590 3458 3649 videbit

1852 3687 1905 3745 ei
1939 3689 2179 3746 revelata
2210 3688 2493 3763 mysteria,
2521 3704 2752 3759 quorum
2780 3698 2987 3759 partem
3008 3686 3308 3759 quamdam
3337 3702 3455 3744 mo-

1851 3778 2029 3837 dicam
2053 3794 2156 3838 suo
2183 3796 2435 3838 sermone
2453 3781 2816 3853 perstrinxit:
2843 3796 2948 3836 non
2972 3788 3081 3836 tam
3106 3790 3277 3836 totum
3307 3777 3452 3850 quod

1854 3886 2081 3932 noverat
2118 3874 2427 3947 proferens,
2458 3891 2619 3947 quam
2649 3874 2946 3931 ostendens
2982 3890 3048 3929 ex
3076 3872 3293 3928 modico
3322 3868 3454 3943 quid

1855 3978 2079 4026 taceret.
2122 3968 2294 4025 Prout
2329 3969 2579 4040 potestis,
2616 3967 2814 4040 inquit,
2847 3967 3092 4037 legentes
3145 3963 3457 4035 intelligere

1852 4078 2072 4120 sensum
2103 4079 2308 4131 meum,
2342 4063 2457 4118 sive
2488 4062 2812 4133 sapientiam
2847 4061 2897 4115 iu
2931 4057 3195 4132 mysterio
3224 4054 3455 4113 Christi.

1855 4157 1970 4214 Hoc
1996 4167 2077 4214 est
2125 4155 2258 4212 illud
2287 4154 2434 4230 quod
2475 4155 2531 4211 in
2571 4153 2894 4226 praefatione
2933 4150 3212 4209 diximus:
3244 4150 3451 4207 nullam

1854 4250 2230 4323 Epistolarum
2266 4249 2417 4306 Pauli
2452 4259 2600 4303 tanta
2642 4247 2849 4305 habere
2880 4246 3165 4321 mysteria,
3217 4254 3327 4302 tam
3372 4260 3461 4301 rc-

1852 4344 2091 4403 conditis
2142 4344 2395 4401 sensibus
2451 4341 2796 4409 involutam,
2853 4355 2988 4413 quos
3047 4352 3103 4397 et
3159 4337 3460 4412 Apostolus

1855 4454 2020 4496 nosse
2067 4453 2130 4496 se
2158 4437 2447 4511 gloriatur,
2489 4446 2542 4494 et
2575 4436 2733 4493 nobis
2775 4435 3043 4492 indicatos
3088 4432 3327 4490 breviter
3367 4446 3461 4489 os-

1856 4530 2050 4601 tendit,
2085 4543 2142 4588 ut
2161 4529 2429 4588 attentius
2456 4545 2576 4601 qua:
2604 4537 2734 4586 sunt
2758 4527 2982 4603 scripta,
3008 4525 3342 4599 relegamus.

172 4622 532 4693 Colossenses,
565 4632 620 4681 et
645 4623 716 4680 ad
742 4622 1121 4695 Philippenses
1142 4620 1196 4677 in
1230 4623 1337 4678 alio
1369 4622 1491 4679 loco
1519 4620 1752 4693 scriptas
1776 4615 1834 4683 Ι)
1932 4624 2115 4699 (Vers.
2148 4624 2183 4684 5
2210 4623 2394 4697 seqq.)
2420 4620 2489 4679 Et
2521 4622 2632 4698 [AL
2674 4618 2835 4696 quod]
2880 4618 3003 4676 aliis
3040 4616 3460 4695 generationibus

173 4732 277 4776 esse
317 4723 767 4779 monstravimus.
818 4717 915 4776 Vel
972 4728 1123 4775 certe
1171 4726 1197 4755 ⁸
1229 4716 1350 4789 quia
1400 4717 1453 4773 in
1503 4716 1751 4788 pluribus

171 4809 287 4870 locis
314 4814 515 4872 lectum
545 4826 655 4884 est,
688 4812 965 4871 vinculum
997 4813 1194 4870 animm
1233 4829 1433 4886 corpus
1467 4813 1572 4869 hoc
1614 4812 1746 4883 dici,

172 4922 263 4979 quo
287 4912 441 4982 quasi
471 4911 661 4968 clausa
694 4917 944 4967 teneatur
975 4909 1028 4965 in
1052 4924 1273 4966 carcere
1308 4928 1320 4964 :
1357 4908 1585 4968 dicimus
1624 4924 1752 4980 pro-

172 5012 337 5073 pterea
360 5004 591 5063 Paulum
610 5007 863 5077 corporis
884 5001 1117 5060 nexibus
1138 5003 1410 5071 coerceri,
1436 4998 1751 5060 necreverti

172 5105 218 5151 et
253 5113 373 5156 esse
398 5115 529 5157 cum
555 5097 802 5166 Christo,
835 5104 889 5154 ut
915 5093 1157 5169 perfecta
1189 5095 1243 5153 in
1281 5105 1471 5168 gentes
1498 5110 1596 5167 per
1625 5110 1750 5151 eum

230 5289 256 5320 ι
300 5282 469 5356 Quasi
508 5281 855 5356 Origeniana:
883 5277 1189 5356 sententiae
1213 5284 1421 5356 _teneat
1465 5275 1752 5356 inaniieste

169 5347 391 5412 reumB.
423 5347 741 5423 Ductorem,
787 5348 1172 5423 Ruﬁnusdhoc
1213 5350 1334 5406 loco
1361 5349 1610 5423 exsultat
1653 5347 1749 5423 lib.

170 5425 220 5490 l,
254 5442 402 5483 num.
433 5424 529 5484 40.
565 5419 768 5482 Verum
795 5423 940 5493 quod
982 5421 1063 5478 illi
1104 5423 1327 5493 reponit
1353 5420 1414 5477 S.
1458 5420 1619 5476 Pater
1651 5419 1746 5493 lib.

168 5511 185 5551 ι
216 5498 519 5570 Δρυιοαίο,
550 5506 733 5570 ωιιιιῃ
772 5491 947 5554 eludit
971 5491 1275 5570 adversarii
1315 5492 1610 5570 impetum,
1637 5491 1749 5570 ubi

168 5563 309 5640 suam
335 5563 536 5640 cuique
583 5568 766 5626 reddit
793 5568 1002 5623 auctori
1031 5565 1342 5640 doctrinam
1379 5563 1407 5618 :7
1426 5563 1494 5620 Et
1541 5566 1597 5640 in
1625 5563 1743 5640 hoc,

169 5638 351 5712 inquit,
391 5633 463 5697 ιη’
505 5656 668 5711 supra
719 5640 973 5712 triplicem
1006 5635 1620 5712 rerpositioncmpo‘sui.
1681 5633 1747 5691 lit

168 5706 345 5780 prii-a4
364 5713 495 5786 quid
519 5706 653 5768 mihi
675 5706 974 5786 υξάέηηιτε
997 5711 1051 5786 in
1071 5709 1318 5786 armis.
1343 5707 1472 5780 φιίά
1498 5706 1749 5786 0'59???“

168 5779 444 5840 assereret:
496 5786 548 5840 in
600 5784 772 5851 tertia,
813 5782 937 5852 quid
986 5779 1563 5852 Apollinariuscontru
1584 5779 1747 5852 illius

168 5856 346 5913 radens
358 5857 575 5931 degunt,
593 5850 835 5917 sentiret.
855 5853 991 5930 Lege
1013 5850 1222 5913 Grecae
1243 5850 1674 5923 Commentarios,
1697 5862 1745 5907 et

1855 4735 1960 4775 non
1997 4718 2100 4791 fuit
2127 4727 2306 4774 notum
2329 4715 2459 4789 ﬁliis
2509 4716 2800 4784 hominum,
2832 4715 2964 4770 sicut
3013 4730 3151 4769 nunc
3179 4712 3459 4769 revelatum

1855 4825 1931 4873 est
1973 4816 2163 4872 sanctis
2192 4815 2304 4887 ejus
2341 4811 2596 4888 apostolis
2626 4821 2675 4868 et
2711 4810 2976 4884 prophetis
3006 4812 3061 4866 in
3097 4808 3324 4882 Spiritu,
3348 4823 3458 4862 esse

1856 4916 2033 4982 gentes
2070 4905 2384 4973 cohaeredes,
2412 4913 2461 4963 et
2493 4904 2888 4977 concorporales
2914 4947 2929 4972 ,
2984 4912 3032 4959 et
3067 4900 3461 4973 comparticipes

1859 5002 2216 5075 promissionis
2262 5002 2316 5056 in
2343 4998 2550 5057 Christo
2581 5015 2672 5072 per
2714 4997 3074 5073 Evangelium,
3107 5000 3262 5070 cujus
3287 4995 3461 5066 factus

1857 5112 1973 5154 sum
2010 5096 2246 5152 minister
2271 5097 2558 5152 secundum
2587 5094 2785 5150 donum
2812 5094 2997 5168 gratias
3038 5088 3159 5162 Dei,
3189 5105 3305 5162 quis
3337 5088 3462 5142 data

1857 5277 1960 5332 nisi
1980 5276 2054 5331 ita
2083 5276 2339 5348 repereris
2364 5276 2553 5331 crimen
2578 5274 2800 5346 fatebor.

1928 5346 1954 5387 ι’
1992 5348 2176 5425 Penes
2196 5344 2474 5425 Ruﬁnum,
2505 5345 2818 5425 in_’10(_.‘!(_)60
2849 5342 3167 5425 introducas.

1931 5430 1954 5460 ε
1982 5418 2329 5478 Conferenda
2375 5412 2610 5490 epistola
2653 5417 2780 5490 i207
2802 5412 3222 5490 ad‘lledibiam,
3254 5417 3454 5490 quaest.

1854 5491 1947 5558 Η.
1981 5502 2184 5563 etquae
2212 5482 2569 5563 subsequitur
2604 5491 2672 5546 ad
2696 5487 2990 5563 AAlgasiam
3030 5482 3457 5563 quaist.hlo,_‘et

1855 5553 2022 5633 paulo
2050 5553 2300 5633 superius
2338 5553 2726 5633 Commentarji
2752 5553 2819 5615 ad
2850 5553 3071 5614 Galatas
3112 5571 3192 5633 _tv,
3334 5553 3456 5633 βεξ-

1854 5623 2247 5710 forendus'huc
2270 5648 2496 5710 quoque
2532 5642 2621 5710 est
2662 5630 3085 5710 Cltrysostomus
3112 5623 3302 5710 lLomil.
3334 5626 3369 5680 ‘5
3399 5623 3454 5680 in

1853 5704 1875 5763 l
1924 5705 1993 5762 ad
2048 5706 2214 5773 Corn;
2268 5697 2641 5762 Ttieiidoritus
2689 5697 3078 5759 de'curaudis
3130 5697 3453 5757 Gneeorum

1855 5778 2144 5837 aliectibus
2168 5792 2337 5836 serm.
2356 5776 2413 5848 8,
2441 5787 2548 5835 etc.
