  <div class='ocr_page' id='page_1' title='image "/cluster/home/n/w/nwhite01/storage/ocr_20150623/26/hvd.32044015471402/245.png"; bbox 0 0 3962 6338; ppageno 0'>
   <div class='ocr_carea' id='block_1_1' title="bbox 421 333 528 393">
    <p class='ocr_par' dir='ltr' id='par_1_1' title="bbox 421 333 528 393">
     <span class='ocr_line' id='line_1_1' title="bbox 421 333 528 393; baseline 0.009 -2"><span class='ocrx_word' id='word_1_1' title='bbox 421 333 528 393; x_wconf 67' lang='grc'><strong>179</strong></span> 
     </span>
    </p>
   </div>
   <div class='ocr_carea' id='block_1_2' title="bbox 1682 327 2477 390">
    <p class='ocr_par' dir='ltr' id='par_1_2' title="bbox 1682 327 2477 390">
     <span class='ocr_line' id='line_1_2' title="bbox 1682 327 2477 390; baseline -0.004 -1"><span class='ocrx_word' id='word_1_2' title='bbox 1682 332 1742 389; x_wconf 91' lang='lat' dir='ltr'><strong>S.</strong></span> <span class='ocrx_word' id='word_1_3' title='bbox 1785 329 2055 390; x_wconf 81' lang='lat' dir='ltr'><strong>EUSEBII</strong></span> <span class='ocrx_word' id='word_1_4' title='bbox 2091 327 2477 390; x_wconf 78' lang='lat' dir='ltr'><strong>HIERONYMI</strong></span> 
     </span>
    </p>
   </div>
   <div class='ocr_carea' id='block_1_3' title="bbox 3611 327 3720 386">
    <p class='ocr_par' dir='ltr' id='par_1_3' title="bbox 3611 327 3720 386">
     <span class='ocr_line' id='line_1_3' title="bbox 3611 327 3720 386; baseline 0 0"><span class='ocrx_word' id='word_1_5' title='bbox 3611 327 3720 386; x_wconf 66' lang='lat'><strong>480</strong></span> 
     </span>
    </p>
   </div>
   <div class='ocr_carea' id='block_1_4' title="bbox 418 443 3721 523">
    <p class='ocr_par' dir='ltr' id='par_1_4' title="bbox 418 443 3721 523">
     <span class='ocr_line' id='line_1_4' title="bbox 418 443 3721 523; baseline 0 -17"><span class='ocrx_word' id='word_1_6' title='bbox 418 457 496 506; x_wconf 85' lang='lat' dir='ltr'><strong>est</strong></span> <span class='ocrx_word' id='word_1_7' title='bbox 543 448 672 504; x_wconf 75' lang='lat' dir='ltr'><strong>mihi</strong></span> <span class='ocrx_word' id='word_1_8' title='bbox 703 458 864 523; x_wconf 75' lang='lat' dir='ltr'><strong>juxta</strong></span> <span class='ocrx_word' id='word_1_9' title='bbox 905 445 1255 521; x_wconf 75' lang='lat' dir='ltr'><strong>Operationem</strong></span> <span class='ocrx_word' id='word_1_10' title='bbox 1293 445 1498 501; x_wconf 83' lang='lat' dir='ltr'><strong>uirtutis</strong></span> <span class='ocrx_word' id='word_1_11' title='bbox 1537 447 1672 518; x_wconf 84' lang='lat' dir='ltr'><strong>ejus.</strong></span> <span class='ocrx_word' id='word_1_12' title='bbox 1705 444 2024 519; x_wconf 81' lang='lat' dir='ltr'><strong>Mysterium</strong></span> <span class='ocrx_word' id='word_1_13' title='bbox 2052 443 2104 507; x_wconf 82' lang='grc' dir='ltr'>Λ</span> <span class='ocrx_word' id='word_1_14' title='bbox 2130 460 2186 512; x_wconf 90' lang='lat' dir='ltr'><strong>x,</strong></span> <span class='ocrx_word' id='word_1_15' title='bbox 2213 445 2330 519; x_wconf 75' lang='grc'><strong>24).</strong></span> <span class='ocrx_word' id='word_1_16' title='bbox 2365 446 2492 503; x_wconf 64' lang='lat' dir='ltr'><strong>Haec</strong></span> <span class='ocrx_word' id='word_1_17' title='bbox 2516 447 2705 520; x_wconf 88' lang='lat' dir='ltr'><strong>utique</strong></span> <span class='ocrx_word' id='word_1_18' title='bbox 2745 446 2933 504; x_wconf 89' lang='lat' dir='ltr'><strong>videre</strong></span> <span class='ocrx_word' id='word_1_19' title='bbox 2955 456 3005 504; x_wconf 90' lang='lat' dir='ltr'><strong>et</strong></span> <span class='ocrx_word' id='word_1_20' title='bbox 3030 447 3224 505; x_wconf 89' lang='lat' dir='ltr'><strong>audire</strong></span> <span class='ocrx_word' id='word_1_21' title='bbox 3252 447 3568 521; x_wconf 86' lang='lat' dir='ltr'><strong>cupiebant,</strong></span> <span class='ocrx_word' id='word_1_22' title='bbox 3601 463 3721 518; x_wconf 71' lang='lat' dir='ltr'><strong>qua:</strong></span> 
     </span>
    </p>
   </div>
   <div class='ocr_carea' id='block_1_5' title="bbox 423 541 2021 617">
    <p class='ocr_par' dir='ltr' id='par_1_5' title="bbox 423 541 2021 617">
     <span class='ocr_line' id='line_1_5' title="bbox 423 541 2021 617; baseline -0.003 -16"><span class='ocrx_word' id='word_1_23' title='bbox 423 544 632 602; x_wconf 93' lang='lat' dir='ltr'><strong>Christi</strong></span> <span class='ocrx_word' id='word_1_24' title='bbox 683 543 832 617; x_wconf 90' lang='lat' dir='ltr'><strong>quod</strong></span> <span class='ocrx_word' id='word_1_25' title='bbox 876 557 943 599; x_wconf 91' lang='lat' dir='ltr'><strong>ex</strong></span> <span class='ocrx_word' id='word_1_26' title='bbox 992 553 1150 614; x_wconf 90' lang='lat' dir='ltr'><strong>parte</strong></span> <span class='ocrx_word' id='word_1_27' title='bbox 1190 556 1358 614; x_wconf 85' lang='lat' dir='ltr'><strong>supra</strong></span> <span class='ocrx_word' id='word_1_28' title='bbox 1387 541 1684 613; x_wconf 79' lang='lat' dir='ltr'><strong>Apostolus</strong></span> <span class='ocrx_word' id='word_1_29' title='bbox 1730 549 2021 598; x_wconf 72' lang='lat' dir='ltr'><strong>exsecutus</strong></span> 
     </span>
    </p>
   </div>
   <div class='ocr_carea' id='block_1_6' title="bbox 426 637 2019 714">
    <p class='ocr_par' dir='ltr' id='par_1_6' title="bbox 426 637 2019 714">
     <span class='ocr_line' id='line_1_6' title="bbox 426 637 2019 714; baseline -0.004 -16"><span class='ocrx_word' id='word_1_30' title='bbox 426 649 534 709; x_wconf 90' lang='lat' dir='ltr'><strong>est,</strong></span> <span class='ocrx_word' id='word_1_31' title='bbox 584 639 862 714; x_wconf 91' lang='lat' dir='ltr'><strong>quomodo</strong></span> <span class='ocrx_word' id='word_1_32' title='bbox 893 637 1015 695; x_wconf 91' lang='lat' dir='ltr'><strong>aliis</strong></span> <span class='ocrx_word' id='word_1_33' title='bbox 1055 637 1500 710; x_wconf 74' lang='lat' dir='ltr'><strong>generationibus</strong></span> <span class='ocrx_word' id='word_1_34' title='bbox 1547 639 1708 693; x_wconf 88' lang='lat' dir='ltr'><strong>fuerit</strong></span> <span class='ocrx_word' id='word_1_35' title='bbox 1753 639 2019 708; x_wconf 75' lang='lat' dir='ltr'><strong>ignotum,</strong></span> 
     </span>
    </p>
   </div>
   <div class='ocr_carea' id='block_1_7' title="bbox 426 729 2018 809">
    <p class='ocr_par' dir='ltr' id='par_1_7' title="bbox 426 729 2018 809">
     <span class='ocr_line' id='line_1_7' title="bbox 426 729 2018 809; baseline -0.004 -19"><span class='ocrx_word' id='word_1_36' title='bbox 426 733 645 809; x_wconf 83' lang='lat' dir='ltr'><strong>plenius</strong></span> <span class='ocrx_word' id='word_1_37' title='bbox 673 730 1082 789; x_wconf 89' lang='lat' dir='ltr'><strong>retractandum</strong></span> <span class='ocrx_word' id='word_1_38' title='bbox 1125 730 1342 788; x_wconf 88' lang='lat' dir='ltr'><strong>videtur</strong></span> <span class='ocrx_word' id='word_1_39' title='bbox 1379 748 1395 785; x_wconf 90' lang='lat'><strong>:</strong></span> <span class='ocrx_word' id='word_1_40' title='bbox 1429 737 1681 786; x_wconf 89' lang='lat' dir='ltr'><strong>utrumne</strong></span> <span class='ocrx_word' id='word_1_41' title='bbox 1722 729 2018 798; x_wconf 83' lang='lat' dir='ltr'><strong>Abraham,</strong></span> 
     </span>
    </p>
   </div>
   <div class='ocr_carea' id='block_1_8' title="bbox 423 823 2022 896">
    <p class='ocr_par' dir='ltr' id='par_1_8' title="bbox 423 823 2022 896">
     <span class='ocr_line' id='line_1_8' title="bbox 423 823 2022 896; baseline -0.002 -13"><span class='ocrx_word' id='word_1_42' title='bbox 423 825 593 883; x_wconf 82' lang='lat' dir='ltr'><strong>Jacob</strong></span> <span class='ocrx_word' id='word_1_43' title='bbox 613 836 665 880; x_wconf 92' lang='lat' dir='ltr'><strong>et</strong></span> <span class='ocrx_word' id='word_1_44' title='bbox 684 824 917 896; x_wconf 76' lang='lat' dir='ltr'><strong>Moyses,</strong></span> <span class='ocrx_word' id='word_1_45' title='bbox 936 823 1120 892; x_wconf 90' lang='lat' dir='ltr'><strong>Isaias,</strong></span> <span class='ocrx_word' id='word_1_46' title='bbox 1138 832 1192 879; x_wconf 89' lang='lat' dir='ltr'><strong>et</strong></span> <span class='ocrx_word' id='word_1_47' title='bbox 1212 824 1395 879; x_wconf 80' lang='lat' dir='ltr'><strong>caeteri</strong></span> <span class='ocrx_word' id='word_1_48' title='bbox 1420 823 1696 894; x_wconf 82' lang='lat' dir='ltr'><strong>pr0phet:e</strong></span> <span class='ocrx_word' id='word_1_49' title='bbox 1715 823 1844 880; x_wconf 93' lang='lat' dir='ltr'><strong>illud</strong></span> <span class='ocrx_word' id='word_1_50' title='bbox 1869 823 2022 894; x_wconf 85' lang='lat' dir='ltr'><strong>igno-</strong></span> 
     </span>
    </p>
   </div>
   <div class='ocr_carea' id='block_1_9' title="bbox 427 915 2022 988">
    <p class='ocr_par' dir='ltr' id='par_1_9' title="bbox 427 915 2022 988">
     <span class='ocr_line' id='line_1_9' title="bbox 427 915 2022 988; baseline -0.001 -14"><span class='ocrx_word' id='word_1_51' title='bbox 427 917 692 984; x_wconf 84' lang='lat' dir='ltr'><strong>raverint,</strong></span> <span class='ocrx_word' id='word_1_52' title='bbox 725 931 795 972; x_wconf 88' lang='lat' dir='ltr'><strong>an</strong></span> <span class='ocrx_word' id='word_1_53' title='bbox 830 915 976 971; x_wconf 82' lang='lat' dir='ltr'><strong>non?</strong></span> <span class='ocrx_word' id='word_1_54' title='bbox 1005 917 1049 971; x_wconf 79' lang='grc' dir='ltr'><strong>Α</strong></span> <span class='ocrx_word' id='word_1_55' title='bbox 1078 915 1274 988; x_wconf 82' lang='lat' dir='ltr'><strong>quibus</strong></span> <span class='ocrx_word' id='word_1_56' title='bbox 1301 930 1426 973; x_wconf 84' lang='lat' dir='ltr'><strong>esse</strong></span> <span class='ocrx_word' id='word_1_57' title='bbox 1465 915 1780 987; x_wconf 60' lang='lat' dir='ltr'><strong>pradictum</strong></span> <span class='ocrx_word' id='word_1_58' title='bbox 1822 917 2022 972; x_wconf 78' lang='lat' dir='ltr'><strong>adven-</strong></span> 
     </span>
    </p>
   </div>
   <div class='ocr_carea' id='block_1_10' title="bbox 424 1008 2020 1082">
    <p class='ocr_par' dir='ltr' id='par_1_10' title="bbox 424 1008 2020 1082">
     <span class='ocr_line' id='line_1_10' title="bbox 424 1008 2020 1082; baseline -0.001 -15"><span class='ocrx_word' id='word_1_59' title='bbox 424 1021 539 1068; x_wconf 91' lang='lat' dir='ltr'><strong>tum</strong></span> <span class='ocrx_word' id='word_1_60' title='bbox 565 1008 767 1066; x_wconf 89' lang='lat' dir='ltr'><strong>Christi</strong></span> <span class='ocrx_word' id='word_1_61' title='bbox 798 1020 853 1066; x_wconf 91' lang='lat' dir='ltr'><strong>et</strong></span> <span class='ocrx_word' id='word_1_62' title='bbox 885 1010 1229 1065; x_wconf 86' lang='lat' dir='ltr'><strong>vocationem</strong></span> <span class='ocrx_word' id='word_1_63' title='bbox 1258 1008 1541 1082; x_wconf 81' lang='lat' dir='ltr'><strong>Gentium,</strong></span> <span class='ocrx_word' id='word_1_64' title='bbox 1563 1009 1845 1081; x_wconf 83' lang='lat' dir='ltr'><strong>Scriptura</strong></span> <span class='ocrx_word' id='word_1_65' title='bbox 1871 1024 2020 1065; x_wconf 84' lang='lat' dir='ltr'><strong>com-</strong></span> 
     </span>
    </p>
   </div>
   <div class='ocr_carea' id='block_1_11' title="bbox 429 1102 2020 1175">
    <p class='ocr_par' dir='ltr' id='par_1_11' title="bbox 429 1102 2020 1175">
     <span class='ocr_line' id='line_1_11' title="bbox 429 1102 2020 1175; baseline -0.001 -16"><span class='ocrx_word' id='word_1_66' title='bbox 429 1110 715 1159; x_wconf 86' lang='lat' dir='ltr'><strong>memorat.</strong></span> <span class='ocrx_word' id='word_1_67' title='bbox 750 1102 1022 1158; x_wconf 85' lang='lat' dir='ltr'><strong>Abraham</strong></span> <span class='ocrx_word' id='word_1_68' title='bbox 1052 1103 1252 1174; x_wconf 85' lang='lat' dir='ltr'><strong>quippe</strong></span> <span class='ocrx_word' id='word_1_69' title='bbox 1283 1102 1416 1158; x_wconf 84' lang='lat' dir='ltr'><strong>vidit</strong></span> <span class='ocrx_word' id='word_1_70' title='bbox 1443 1102 1586 1159; x_wconf 89' lang='lat' dir='ltr'><strong>diem</strong></span> <span class='ocrx_word' id='word_1_71' title='bbox 1629 1102 1770 1175; x_wconf 86' lang='lat' dir='ltr'><strong>ejus,</strong></span> <span class='ocrx_word' id='word_1_72' title='bbox 1817 1112 1873 1160; x_wconf 91' lang='lat' dir='ltr'><strong>et</strong></span> <span class='ocrx_word' id='word_1_73' title='bbox 1923 1105 2020 1158; x_wconf 69' lang='lat' dir='ltr'><strong>lae-</strong></span> 
     </span>
    </p>
   </div>
   <div class='ocr_carea' id='block_1_12' title="bbox 427 1193 2024 1269">
    <p class='ocr_par' dir='ltr' id='par_1_12' title="bbox 427 1193 2024 1269">
     <span class='ocr_line' id='line_1_12' title="bbox 427 1193 2024 1269; baseline -0.001 -18"><span class='ocrx_word' id='word_1_74' title='bbox 427 1203 570 1252; x_wconf 90' lang='lat' dir='ltr'><strong>tatus</strong></span> <span class='ocrx_word' id='word_1_75' title='bbox 601 1203 686 1251; x_wconf 89' lang='lat' dir='ltr'><strong>est</strong></span> <span class='ocrx_word' id='word_1_76' title='bbox 718 1193 896 1269; x_wconf 80' lang='lat' dir='ltr'><strong>(Joan.</strong></span> <span class='ocrx_word' id='word_1_77' title='bbox 923 1212 1036 1262; x_wconf 84' lang='lat' dir='ltr'><strong>VIII,</strong></span> <span class='ocrx_word' id='word_1_78' title='bbox 1074 1195 1187 1264; x_wconf 85' lang='grc'><strong>56),</strong></span> <span class='ocrx_word' id='word_1_79' title='bbox 1219 1205 1274 1252; x_wconf 91' lang='lat' dir='ltr'><strong>et</strong></span> <span class='ocrx_word' id='word_1_80' title='bbox 1297 1194 1494 1251; x_wconf 89' lang='lat' dir='ltr'><strong>dicitur</strong></span> <span class='ocrx_word' id='word_1_81' title='bbox 1517 1196 1566 1250; x_wconf 91' lang='lat' dir='ltr'><strong>ei</strong></span> <span class='ocrx_word' id='word_1_82' title='bbox 1593 1212 1608 1250; x_wconf 93' lang='lat'><strong>:</strong></span> <span class='ocrx_word' id='word_1_83' title='bbox 1641 1193 2024 1250; x_wconf 85' lang='lat' dir='ltr'><strong>Benedicentur</strong></span> 
     </span>
    </p>
   </div>
   <div class='ocr_carea' id='block_1_13' title="bbox 425 1285 2024 1362">
    <p class='ocr_par' dir='ltr' id='par_1_13' title="bbox 425 1285 2024 1362">
     <span class='ocr_line' id='line_1_13' title="bbox 425 1285 2024 1362; baseline 0.001 -19"><span class='ocrx_word' id='word_1_84' title='bbox 425 1289 480 1343; x_wconf 89' lang='lat' dir='ltr'><strong>in</strong></span> <span class='ocrx_word' id='word_1_85' title='bbox 529 1288 725 1343; x_wconf 78' lang='lat' dir='ltr'><strong>semine</strong></span> <span class='ocrx_word' id='word_1_86' title='bbox 771 1300 859 1344; x_wconf 89' lang='lat' dir='ltr'><strong>tuo</strong></span> <span class='ocrx_word' id='word_1_87' title='bbox 911 1305 1083 1342; x_wconf 88' lang='lat' dir='ltr'><strong>omnes</strong></span> <span class='ocrx_word' id='word_1_88' title='bbox 1139 1298 1315 1362; x_wconf 83' lang='lat' dir='ltr'><strong>gentes</strong></span> <span class='ocrx_word' id='word_1_89' title='bbox 1375 1285 1532 1360; x_wconf 86' lang='lat' dir='ltr'><strong>(Gen.</strong></span> <span class='ocrx_word' id='word_1_90' title='bbox 1590 1302 1736 1354; x_wconf 89' lang='grc' dir='ltr'>χχιι,</span> <span class='ocrx_word' id='word_1_91' title='bbox 1790 1288 1902 1358; x_wconf 87' lang='grc'><strong>18).</strong></span> <span class='ocrx_word' id='word_1_92' title='bbox 1957 1288 2024 1344; x_wconf 85' lang='lat' dir='ltr'><strong>Et</strong></span> 
     </span>
    </p>
   </div>
   <div class='ocr_carea' id='block_1_14' title="bbox 426 1379 2020 1452">
    <p class='ocr_par' dir='ltr' id='par_1_14' title="bbox 426 1379 2020 1452">
     <span class='ocr_line' id='line_1_14' title="bbox 426 1379 2020 1452; baseline -0.001 -15"><span class='ocrx_word' id='word_1_93' title='bbox 426 1379 598 1437; x_wconf 80' lang='lat' dir='ltr'><strong>Jacob</strong></span> <span class='ocrx_word' id='word_1_94' title='bbox 649 1380 716 1435; x_wconf 90' lang='lat' dir='ltr'><strong>de</strong></span> <span class='ocrx_word' id='word_1_95' title='bbox 746 1395 814 1436; x_wconf 88' lang='lat' dir='ltr'><strong>eo</strong></span> <span class='ocrx_word' id='word_1_96' title='bbox 852 1382 944 1452; x_wconf 87' lang='lat' dir='ltr'><strong>qui</strong></span> <span class='ocrx_word' id='word_1_97' title='bbox 989 1380 1249 1437; x_wconf 88' lang='lat' dir='ltr'><strong>oriundus</strong></span> <span class='ocrx_word' id='word_1_98' title='bbox 1297 1391 1444 1436; x_wconf 88' lang='lat' dir='ltr'><strong>esset</strong></span> <span class='ocrx_word' id='word_1_99' title='bbox 1499 1395 1562 1436; x_wconf 84' lang='lat' dir='ltr'><strong>ex</strong></span> <span class='ocrx_word' id='word_1_100' title='bbox 1613 1380 1750 1436; x_wconf 85' lang='lat' dir='ltr'><strong>Juda</strong></span> <span class='ocrx_word' id='word_1_101' title='bbox 1783 1380 2020 1451; x_wconf 84' lang='lat' dir='ltr'><strong>prophe-</strong></span> 
     </span>
    </p>
   </div>
   <div class='ocr_carea' id='block_1_15' title="bbox 428 1475 2021 1548">
    <p class='ocr_par' dir='ltr' id='par_1_15' title="bbox 428 1475 2021 1548">
     <span class='ocr_line' id='line_1_15' title="bbox 428 1475 2021 1548; baseline 0 -18"><span class='ocrx_word' id='word_1_102' title='bbox 428 1477 536 1532; x_wconf 91' lang='lat' dir='ltr'><strong>tice</strong></span> <span class='ocrx_word' id='word_1_103' title='bbox 592 1476 838 1546; x_wconf 86' lang='lat' dir='ltr'><strong>loquitur</strong></span> <span class='ocrx_word' id='word_1_104' title='bbox 892 1493 906 1532; x_wconf 94' lang='lat'><strong>:</strong></span> <span class='ocrx_word' id='word_1_105' title='bbox 972 1475 1041 1530; x_wconf 82' lang='lat' dir='ltr'><strong>Et</strong></span> <span class='ocrx_word' id='word_1_106' title='bbox 1091 1476 1202 1548; x_wconf 87' lang='lat' dir='ltr'><strong>ipse</strong></span> <span class='ocrx_word' id='word_1_107' title='bbox 1249 1476 1348 1530; x_wconf 89' lang='lat' dir='ltr'><strong>erit</strong></span> <span class='ocrx_word' id='word_1_108' title='bbox 1408 1477 1720 1547; x_wconf 73' lang='lat' dir='ltr'><strong>exspectatio</strong></span> <span class='ocrx_word' id='word_1_109' title='bbox 1793 1477 2021 1548; x_wconf 87' lang='lat' dir='ltr'><strong>gentium</strong></span> 
     </span>
    </p>
   </div>
   <div class='ocr_carea' id='block_1_16' title="bbox 427 1568 2020 1645">
    <p class='ocr_par' dir='ltr' id='par_1_16' title="bbox 427 1568 2020 1645">
     <span class='ocr_line' id='line_1_16' title="bbox 427 1568 2020 1645; baseline -0.001 -21"><span class='ocrx_word' id='word_1_110' title='bbox 427 1569 595 1645; x_wconf 83' lang='lat' dir='ltr'><strong>(Ibid.</strong></span> <span class='ocrx_word' id='word_1_111' title='bbox 632 1568 928 1640; x_wconf 79' lang='lat' dir='ltr'><strong>xux,IO).</strong></span> <span class='ocrx_word' id='word_1_112' title='bbox 963 1570 1178 1642; x_wconf 84' lang='lat' dir='ltr'><strong>Moyses</strong></span> <span class='ocrx_word' id='word_1_113' title='bbox 1243 1585 1461 1640; x_wconf 89' lang='lat' dir='ltr'><strong>quoque</strong></span> <span class='ocrx_word' id='word_1_114' title='bbox 1515 1568 1753 1640; x_wconf 82' lang='lat' dir='ltr'><strong>majores</strong></span> <span class='ocrx_word' id='word_1_115' title='bbox 1806 1569 2020 1624; x_wconf 82' lang='lat' dir='ltr'><strong>divitias</strong></span> 
     </span>
    </p>
   </div>
   <div class='ocr_carea' id='block_1_17' title="bbox 432 1662 2016 1739">
    <p class='ocr_par' dir='ltr' id='par_1_17' title="bbox 432 1662 2016 1739">
     <span class='ocr_line' id='line_1_17' title="bbox 432 1662 2016 1739; baseline -0.003 -15"><span class='ocrx_word' id='word_1_116' title='bbox 432 1665 656 1739; x_wconf 65' lang='lat' dir='ltr'><strong>[Egypti</strong></span> <span class='ocrx_word' id='word_1_117' title='bbox 719 1665 1030 1731; x_wconf 89' lang='lat' dir='ltr'><strong>thesauris,</strong></span> <span class='ocrx_word' id='word_1_118' title='bbox 1103 1665 1455 1736; x_wconf 82' lang='lat' dir='ltr'><strong>Opprobrium</strong></span> <span class='ocrx_word' id='word_1_119' title='bbox 1523 1662 1727 1720; x_wconf 86' lang='lat' dir='ltr'><strong>Christi</strong></span> <span class='ocrx_word' id='word_1_120' title='bbox 1784 1664 2016 1720; x_wconf 90' lang='lat' dir='ltr'><strong>arbitra-</strong></span> 
     </span>
    </p>
   </div>
   <div class='ocr_carea' id='block_1_18' title="bbox 432 1756 2021 1832">
    <p class='ocr_par' dir='ltr' id='par_1_18' title="bbox 432 1756 2021 1832">
     <span class='ocr_line' id='line_1_18' title="bbox 432 1756 2021 1832; baseline -0.002 -18"><span class='ocrx_word' id='word_1_121' title='bbox 432 1767 519 1814; x_wconf 88' lang='lat' dir='ltr'><strong>tus</strong></span> <span class='ocrx_word' id='word_1_122' title='bbox 566 1769 671 1814; x_wconf 89' lang='lat' dir='ltr'><strong>est.</strong></span> <span class='ocrx_word' id='word_1_123' title='bbox 707 1758 870 1832; x_wconf 77' lang='lat'><strong>589</strong></span> <span class='ocrx_word' id='word_1_124' title='bbox 926 1757 989 1812; x_wconf 84' lang='lat' dir='ltr'><strong>Et</strong></span> <span class='ocrx_word' id='word_1_125' title='bbox 1045 1756 1257 1813; x_wconf 85' lang='lat' dir='ltr'><strong>Isaias:</strong></span> <span class='ocrx_word' id='word_1_126' title='bbox 1308 1756 1465 1822; x_wconf 78' lang='lat' dir='ltr'><strong>Ecce,</strong></span> <span class='ocrx_word' id='word_1_127' title='bbox 1521 1757 1734 1829; x_wconf 89' lang='lat' dir='ltr'><strong>inquit,</strong></span> <span class='ocrx_word' id='word_1_128' title='bbox 1767 1757 1911 1829; x_wconf 85' lang='lat' dir='ltr'><strong>virgo</strong></span> <span class='ocrx_word' id='word_1_129' title='bbox 1967 1759 2021 1812; x_wconf 79' lang='lat' dir='ltr'><strong>in</strong></span> 
     </span>
    </p>
   </div>
   <div class='ocr_carea' id='block_1_19' title="bbox 2127 537 3721 611">
    <p class='ocr_par' dir='ltr' id='par_1_19' title="bbox 2127 537 3721 611">
     <span class='ocr_line' id='line_1_19' title="bbox 2127 537 3721 611; baseline 0.003 -18"><span class='ocrx_word' id='word_1_130' title='bbox 2127 537 2304 594; x_wconf 85' lang='lat' dir='ltr'><strong>futura</strong></span> <span class='ocrx_word' id='word_1_131' title='bbox 2357 550 2751 611; x_wconf 77' lang='lat' dir='ltr'><strong>cognoverant.</strong></span> <span class='ocrx_word' id='word_1_132' title='bbox 2803 541 2958 609; x_wconf 85' lang='lat' dir='ltr'><strong>Quod</strong></span> <span class='ocrx_word' id='word_1_133' title='bbox 3005 542 3051 596; x_wconf 90' lang='lat' dir='ltr'><strong>si</strong></span> <span class='ocrx_word' id='word_1_134' title='bbox 3090 541 3410 598; x_wconf 88' lang='lat' dir='ltr'><strong>nesciebant</strong></span> <span class='ocrx_word' id='word_1_135' title='bbox 3461 553 3721 610; x_wconf 80' lang='lat' dir='ltr'><strong>ventura,</strong></span> 
     </span>
    </p>
   </div>
   <div class='ocr_carea' id='block_1_20' title="bbox 2129 632 3727 706">
    <p class='ocr_par' dir='ltr' id='par_1_20' title="bbox 2129 632 3727 706">
     <span class='ocr_line' id='line_1_20' title="bbox 2129 632 3727 706; baseline -0.001 -19"><span class='ocrx_word' id='word_1_136' title='bbox 2129 632 2409 702; x_wconf 89' lang='lat' dir='ltr'><strong>quomodo</strong></span> <span class='ocrx_word' id='word_1_137' title='bbox 2439 632 2764 690; x_wconf 88' lang='lat' dir='ltr'><strong>desiderare</strong></span> <span class='ocrx_word' id='word_1_138' title='bbox 2793 643 3065 705; x_wconf 86' lang='lat' dir='ltr'><strong>poterant,</strong></span> <span class='ocrx_word' id='word_1_139' title='bbox 3098 650 3218 705; x_wconf 81' lang='lat' dir='ltr'><strong>qua:</strong></span> <span class='ocrx_word' id='word_1_140' title='bbox 3244 636 3463 705; x_wconf 87' lang='lat' dir='ltr'><strong>penitus</strong></span> <span class='ocrx_word' id='word_1_141' title='bbox 3509 635 3727 706; x_wconf 84' lang='lat' dir='ltr'><strong>ignora-</strong></span> 
     </span>
    </p>
   </div>
   <div class='ocr_carea' id='block_1_21' title="bbox 2126 723 3727 799">
    <p class='ocr_par' dir='ltr' id='par_1_21' title="bbox 2126 723 3727 799">
     <span class='ocr_line' id='line_1_21' title="bbox 2126 723 3727 799; baseline 0.001 -20"><span class='ocrx_word' id='word_1_142' title='bbox 2126 723 2296 779; x_wconf 87' lang='lat' dir='ltr'><strong>bant?</strong></span> <span class='ocrx_word' id='word_1_143' title='bbox 2325 724 2578 796; x_wconf 79' lang='lat' dir='ltr'><strong>Legimus</strong></span> <span class='ocrx_word' id='word_1_144' title='bbox 2601 725 2654 782; x_wconf 93' lang='lat' dir='ltr'><strong>in</strong></span> <span class='ocrx_word' id='word_1_145' title='bbox 2685 725 3000 797; x_wconf 80' lang='lat' dir='ltr'><strong>Regnorum</strong></span> <span class='ocrx_word' id='word_1_146' title='bbox 3033 725 3209 795; x_wconf 89' lang='lat' dir='ltr'><strong>libris,</strong></span> <span class='ocrx_word' id='word_1_147' title='bbox 3245 727 3531 782; x_wconf 90' lang='lat' dir='ltr'><strong>Dominum</strong></span> <span class='ocrx_word' id='word_1_148' title='bbox 3561 726 3727 799; x_wconf 80' lang='lat' dir='ltr'><strong>59o</strong></span> 
     </span>
    </p>
   </div>
   <div class='ocr_carea' id='block_1_22' title="bbox 2126 815 3723 891">
    <p class='ocr_par' dir='ltr' id='par_1_22' title="bbox 2126 815 3723 891">
     <span class='ocr_line' id='line_1_22' title="bbox 2126 815 3723 891; baseline 0 -19"><span class='ocrx_word' id='word_1_149' title='bbox 2126 815 2404 872; x_wconf 88' lang='lat' dir='ltr'><strong>Salomoni</strong></span> <span class='ocrx_word' id='word_1_150' title='bbox 2459 818 2510 872; x_wconf 92' lang='lat' dir='ltr'><strong>in</strong></span> <span class='ocrx_word' id='word_1_151' title='bbox 2544 817 2759 872; x_wconf 88' lang='lat' dir='ltr'><strong>somnio</strong></span> <span class='ocrx_word' id='word_1_152' title='bbox 2813 819 3163 888; x_wconf 87' lang='lat' dir='ltr'><strong>pollicentem</strong></span> <span class='ocrx_word' id='word_1_153' title='bbox 3196 831 3360 891; x_wconf 88' lang='lat' dir='ltr'><strong>atque</strong></span> <span class='ocrx_word' id='word_1_154' title='bbox 3400 819 3678 876; x_wconf 86' lang='lat' dir='ltr'><strong>dicentem</strong></span> <span class='ocrx_word' id='word_1_155' title='bbox 3709 836 3723 872; x_wconf 92' lang='lat'><strong>:</strong></span> 
     </span>
    </p>
   </div>
   <div class='ocr_carea' id='block_1_23' title="bbox 2126 907 3730 986">
    <p class='ocr_par' dir='ltr' id='par_1_23' title="bbox 2126 907 3730 986">
     <span class='ocr_line' id='line_1_23' title="bbox 2126 907 3730 986; baseline 0.002 -22"><span class='ocrx_word' id='word_1_156' title='bbox 2126 907 2238 964; x_wconf 89' lang='lat' dir='ltr'><strong>Pro</strong></span> <span class='ocrx_word' id='word_1_157' title='bbox 2263 927 2322 965; x_wconf 87' lang='lat' dir='ltr'><strong>eo</strong></span> <span class='ocrx_word' id='word_1_158' title='bbox 2346 910 2487 979; x_wconf 90' lang='lat' dir='ltr'><strong>quod</strong></span> <span class='ocrx_word' id='word_1_159' title='bbox 2513 911 2708 984; x_wconf 84' lang='lat' dir='ltr'><strong>petiisti</strong></span> <span class='ocrx_word' id='word_1_160' title='bbox 2734 928 2766 965; x_wconf 90' lang='lat' dir='ltr'><strong>a</strong></span> <span class='ocrx_word' id='word_1_161' title='bbox 2794 928 2873 966; x_wconf 90' lang='lat' dir='ltr'><strong>me</strong></span> <span class='ocrx_word' id='word_1_162' title='bbox 2899 912 3110 967; x_wconf 76' lang='lat' dir='ltr'><strong>verbum</strong></span> <span class='ocrx_word' id='word_1_163' title='bbox 3139 914 3366 980; x_wconf 88' lang='lat' dir='ltr'><strong>istud,et</strong></span> <span class='ocrx_word' id='word_1_164' title='bbox 3396 930 3500 968; x_wconf 86' lang='lat' dir='ltr'><strong>non</strong></span> <span class='ocrx_word' id='word_1_165' title='bbox 3529 913 3730 986; x_wconf 76' lang='lat' dir='ltr'><strong>petiisti</strong></span> 
     </span>
    </p>
   </div>
   <div class='ocr_carea' id='block_1_24' title="bbox 2126 1003 3730 1076">
    <p class='ocr_par' dir='ltr' id='par_1_24' title="bbox 2126 1003 3730 1076">
     <span class='ocr_line' id='line_1_24' title="bbox 2126 1003 3730 1076; baseline 0.006 -21"><span class='ocrx_word' id='word_1_166' title='bbox 2126 1003 2217 1056; x_wconf 84' lang='lat' dir='ltr'><strong>tibi</strong></span> <span class='ocrx_word' id='word_1_167' title='bbox 2243 1004 2352 1058; x_wconf 91' lang='lat' dir='ltr'><strong>dies</strong></span> <span class='ocrx_word' id='word_1_168' title='bbox 2380 1006 2591 1072; x_wconf 85' lang='lat' dir='ltr'><strong>multos,</strong></span> <span class='ocrx_word' id='word_1_169' title='bbox 2625 1022 2718 1059; x_wconf 86' lang='lat' dir='ltr'><strong>nec</strong></span> <span class='ocrx_word' id='word_1_170' title='bbox 2771 1004 3050 1076; x_wconf 79' lang='lat' dir='ltr'><strong>postulasti</strong></span> <span class='ocrx_word' id='word_1_171' title='bbox 3099 1007 3324 1070; x_wconf 77' lang='lat' dir='ltr'><strong>divitias,</strong></span> <span class='ocrx_word' id='word_1_172' title='bbox 3373 1024 3466 1063; x_wconf 86' lang='lat' dir='ltr'><strong>nec</strong></span> <span class='ocrx_word' id='word_1_173' title='bbox 3519 1008 3730 1064; x_wconf 85' lang='lat' dir='ltr'><strong>animas</strong></span> 
     </span>
    </p>
   </div>
   <div class='ocr_carea' id='block_1_25' title="bbox 2125 1094 3728 1170">
    <p class='ocr_par' dir='ltr' id='par_1_25' title="bbox 2125 1094 3728 1170">
     <span class='ocr_line' id='line_1_25' title="bbox 2125 1094 3728 1170; baseline 0.002 -22"><span class='ocrx_word' id='word_1_174' title='bbox 2125 1094 2456 1150; x_wconf 83' lang='lat' dir='ltr'><strong>inimicorum</strong></span> <span class='ocrx_word' id='word_1_175' title='bbox 2490 1106 2697 1150; x_wconf 87' lang='lat' dir='ltr'><strong>tuorum</strong></span> <span class='ocrx_word' id='word_1_176' title='bbox 2716 1138 2731 1164; x_wconf 93' lang='lat'><strong>,</strong></span> <span class='ocrx_word' id='word_1_177' title='bbox 2763 1097 2856 1151; x_wconf 89' lang='lat' dir='ltr'><strong>sed</strong></span> <span class='ocrx_word' id='word_1_178' title='bbox 2877 1098 3050 1167; x_wconf 85' lang='lat' dir='ltr'><strong>petisti</strong></span> <span class='ocrx_word' id='word_1_179' title='bbox 3080 1107 3136 1153; x_wconf 91' lang='lat' dir='ltr'><strong>ut</strong></span> <span class='ocrx_word' id='word_1_180' title='bbox 3176 1098 3514 1170; x_wconf 87' lang='lat' dir='ltr'><strong>intelligeres,</strong></span> <span class='ocrx_word' id='word_1_181' title='bbox 3542 1108 3593 1153; x_wconf 89' lang='lat' dir='ltr'><strong>et</strong></span> <span class='ocrx_word' id='word_1_182' title='bbox 3625 1114 3728 1151; x_wconf 89' lang='lat' dir='ltr'><strong>au-</strong></span> 
     </span>
    </p>
   </div>
   <div class='ocr_carea' id='block_1_26' title="bbox 2126 1188 3732 1261">
    <p class='ocr_par' dir='ltr' id='par_1_26' title="bbox 2126 1188 3732 1261">
     <span class='ocr_line' id='line_1_26' title="bbox 2126 1188 3732 1261; baseline 0.004 -20"><span class='ocrx_word' id='word_1_183' title='bbox 2126 1188 2262 1242; x_wconf 80' lang='lat' dir='ltr'><strong>dires</strong></span> <span class='ocrx_word' id='word_1_184' title='bbox 2279 1189 2544 1259; x_wconf 87' lang='lat' dir='ltr'><strong>judicium</strong></span> <span class='ocrx_word' id='word_1_185' title='bbox 2571 1205 2589 1244; x_wconf 90' lang='lat'><strong>:</strong></span> <span class='ocrx_word' id='word_1_186' title='bbox 2618 1206 2734 1244; x_wconf 89' lang='lat' dir='ltr'><strong>ecce</strong></span> <span class='ocrx_word' id='word_1_187' title='bbox 2763 1189 2861 1261; x_wconf 75' lang='lat' dir='ltr'><strong>feci</strong></span> <span class='ocrx_word' id='word_1_188' title='bbox 2881 1197 2912 1226; x_wconf 65' lang='grc' dir='ltr'><strong>ιι</strong></span> <span class='ocrx_word' id='word_1_189' title='bbox 2940 1190 3150 1245; x_wconf 79' lang='lat' dir='ltr'><strong>verbum</strong></span> <span class='ocrx_word' id='word_1_190' title='bbox 3182 1200 3347 1258; x_wconf 88' lang='lat' dir='ltr'><strong>tuum,</strong></span> <span class='ocrx_word' id='word_1_191' title='bbox 3385 1201 3436 1246; x_wconf 90' lang='lat' dir='ltr'><strong>et</strong></span> <span class='ocrx_word' id='word_1_192' title='bbox 3481 1191 3604 1246; x_wconf 83' lang='lat' dir='ltr'><strong>dedi</strong></span> <span class='ocrx_word' id='word_1_193' title='bbox 3635 1191 3732 1247; x_wconf 72' lang='lat' dir='ltr'><strong>tibi</strong></span> 
     </span>
    </p>
   </div>
   <div class='ocr_carea' id='block_1_27' title="bbox 2123 1281 3734 1357">
    <p class='ocr_par' dir='ltr' id='par_1_27' title="bbox 2123 1281 3734 1357">
     <span class='ocr_line' id='line_1_27' title="bbox 2123 1281 3734 1357; baseline 0.005 -24"><span class='ocrx_word' id='word_1_194' title='bbox 2123 1295 2215 1334; x_wconf 88' lang='lat' dir='ltr'><strong>cor</strong></span> <span class='ocrx_word' id='word_1_195' title='bbox 2243 1281 2473 1352; x_wconf 85' lang='lat' dir='ltr'><strong>prudens</strong></span> <span class='ocrx_word' id='word_1_196' title='bbox 2494 1290 2540 1334; x_wconf 90' lang='lat' dir='ltr'><strong>et</strong></span> <span class='ocrx_word' id='word_1_197' title='bbox 2569 1282 2780 1353; x_wconf 84' lang='lat' dir='ltr'><strong>sapiens</strong></span> <span class='ocrx_word' id='word_1_198' title='bbox 2804 1282 2937 1337; x_wconf 89' lang='lat' dir='ltr'><strong>sicut</strong></span> <span class='ocrx_word' id='word_1_199' title='bbox 2967 1293 3022 1336; x_wconf 91' lang='lat' dir='ltr'><strong>tu</strong></span> <span class='ocrx_word' id='word_1_200' title='bbox 3052 1282 3183 1357; x_wconf 85' lang='grc' dir='ltr'><strong>[ΑΙ.</strong></span> <span class='ocrx_word' id='word_1_201' title='bbox 3219 1282 3318 1356; x_wconf 83' lang='lat' dir='ltr'><strong>tui]</strong></span> <span class='ocrx_word' id='word_1_202' title='bbox 3355 1300 3457 1338; x_wconf 89' lang='lat' dir='ltr'><strong>non</strong></span> <span class='ocrx_word' id='word_1_203' title='bbox 3480 1285 3580 1357; x_wconf 82' lang='lat' dir='ltr'><strong>fuit</strong></span> <span class='ocrx_word' id='word_1_204' title='bbox 3606 1293 3734 1341; x_wconf 80' lang='lat' dir='ltr'><strong>ante</strong></span> 
     </span>
    </p>
   </div>
   <div class='ocr_carea' id='block_1_28' title="bbox 2127 1376 3729 1450">
    <p class='ocr_par' dir='ltr' id='par_1_28' title="bbox 2127 1376 3729 1450">
     <span class='ocr_line' id='line_1_28' title="bbox 2127 1376 3729 1450; baseline 0.004 -23"><span class='ocrx_word' id='word_1_205' title='bbox 2127 1383 2197 1442; x_wconf 89' lang='lat' dir='ltr'><strong>te,</strong></span> <span class='ocrx_word' id='word_1_206' title='bbox 2230 1384 2280 1427; x_wconf 89' lang='lat' dir='ltr'><strong>et</strong></span> <span class='ocrx_word' id='word_1_207' title='bbox 2320 1383 2433 1442; x_wconf 87' lang='lat' dir='ltr'><strong>post</strong></span> <span class='ocrx_word' id='word_1_208' title='bbox 2466 1389 2512 1429; x_wconf 90' lang='lat' dir='ltr'><strong>te</strong></span> <span class='ocrx_word' id='word_1_209' title='bbox 2553 1391 2655 1429; x_wconf 86' lang='lat' dir='ltr'><strong>non</strong></span> <span class='ocrx_word' id='word_1_210' title='bbox 2682 1385 2858 1450; x_wconf 83' lang='lat' dir='ltr'><strong>surget</strong></span> <span class='ocrx_word' id='word_1_211' title='bbox 2907 1377 3088 1432; x_wconf 85' lang='lat' dir='ltr'><strong>similis</strong></span> <span class='ocrx_word' id='word_1_212' title='bbox 3119 1377 3208 1432; x_wconf 87' lang='lat' dir='ltr'><strong>tibi</strong></span> <span class='ocrx_word' id='word_1_213' title='bbox 3241 1376 3326 1450; x_wconf 88' lang='lat' dir='ltr'><strong>(ll</strong></span> <span class='ocrx_word' id='word_1_214' title='bbox 3355 1377 3484 1449; x_wconf 86' lang='lat' dir='ltr'><strong>Reg.</strong></span> <span class='ocrx_word' id='word_1_215' title='bbox 3516 1393 3599 1444; x_wconf 84' lang='grc' dir='ltr'>ιιι,</span> <span class='ocrx_word' id='word_1_216' title='bbox 3634 1379 3729 1447; x_wconf 86' lang='grc'><strong>11,</strong></span> 
     </span>
    </p>
   </div>
   <div class='ocr_carea' id='block_1_29' title="bbox 2129 1465 3732 1540">
    <p class='ocr_par' dir='ltr' id='par_1_29' title="bbox 2129 1465 3732 1540">
     <span class='ocr_line' id='line_1_29' title="bbox 2129 1465 3732 1540; baseline 0.003 -19"><span class='ocrx_word' id='word_1_217' title='bbox 2129 1465 2240 1536; x_wconf 78' lang='grc'><strong>12).</strong></span> <span class='ocrx_word' id='word_1_218' title='bbox 2288 1465 2356 1521; x_wconf 88' lang='lat' dir='ltr'><strong>Et</strong></span> <span class='ocrx_word' id='word_1_219' title='bbox 2408 1467 2682 1537; x_wconf 90' lang='lat' dir='ltr'><strong>quomodo</strong></span> <span class='ocrx_word' id='word_1_220' title='bbox 2735 1470 2956 1540; x_wconf 91' lang='lat' dir='ltr'><strong>quidam</strong></span> <span class='ocrx_word' id='word_1_221' title='bbox 2987 1478 3182 1539; x_wconf 91' lang='lat' dir='ltr'><strong>putant</strong></span> <span class='ocrx_word' id='word_1_222' title='bbox 3226 1470 3490 1540; x_wconf 89' lang='lat' dir='ltr'><strong>apostolis</strong></span> <span class='ocrx_word' id='word_1_223' title='bbox 3517 1469 3732 1526; x_wconf 85' lang='lat' dir='ltr'><strong>Christi</strong></span> 
     </span>
    </p>
   </div>
   <div class='ocr_carea' id='block_1_30' title="bbox 2126 1560 3734 1636">
    <p class='ocr_par' dir='ltr' id='par_1_30' title="bbox 2126 1560 3734 1636">
     <span class='ocr_line' id='line_1_30' title="bbox 2126 1560 3734 1636; baseline 0.004 -22"><span class='ocrx_word' id='word_1_224' title='bbox 2126 1560 2428 1616; x_wconf 89' lang='lat' dir='ltr'><strong>revelatum</strong></span> <span class='ocrx_word' id='word_1_225' title='bbox 2487 1576 2614 1617; x_wconf 89' lang='lat' dir='ltr'><strong>esse</strong></span> <span class='ocrx_word' id='word_1_226' title='bbox 2668 1564 3010 1634; x_wconf 83' lang='lat' dir='ltr'><strong>mysterium,</strong></span> <span class='ocrx_word' id='word_1_227' title='bbox 3060 1563 3202 1634; x_wconf 90' lang='lat' dir='ltr'><strong>quod</strong></span> <span class='ocrx_word' id='word_1_228' title='bbox 3256 1565 3498 1636; x_wconf 89' lang='lat' dir='ltr'><strong>ignotum</strong></span> <span class='ocrx_word' id='word_1_229' title='bbox 3555 1563 3734 1620; x_wconf 85' lang='lat' dir='ltr'><strong>fuerit</strong></span> 
     </span>
    </p>
   </div>
   <div class='ocr_carea' id='block_1_31' title="bbox 2128 1654 3730 1734">
    <p class='ocr_par' dir='ltr' id='par_1_31' title="bbox 2128 1654 3730 1734">
     <span class='ocr_line' id='line_1_31' title="bbox 2128 1654 3730 1734; baseline 0.004 -23"><span class='ocrx_word' id='word_1_230' title='bbox 2128 1654 2436 1723; x_wconf 86' lang='lat' dir='ltr'><strong>Salomoni,</strong></span> <span class='ocrx_word' id='word_1_231' title='bbox 2485 1673 2607 1713; x_wconf 92' lang='lat' dir='ltr'><strong>cum</strong></span> <span class='ocrx_word' id='word_1_232' title='bbox 2661 1660 2925 1730; x_wconf 86' lang='lat' dir='ltr'><strong>apostolis</strong></span> <span class='ocrx_word' id='word_1_233' title='bbox 2997 1661 3256 1718; x_wconf 90' lang='lat' dir='ltr'><strong>omnibus</strong></span> <span class='ocrx_word' id='word_1_234' title='bbox 3331 1663 3730 1734; x_wconf 86' lang='lat' dir='ltr'><strong>sapientiorem</strong></span> 
     </span>
    </p>
   </div>
   <div class='ocr_carea' id='block_1_32' title="bbox 2127 1748 3733 1827">
    <p class='ocr_par' dir='ltr' id='par_1_32' title="bbox 2127 1748 3733 1827">
     <span class='ocr_line' id='line_1_32' title="bbox 2127 1748 3733 1827; baseline 0.005 -23"><span class='ocrx_word' id='word_1_235' title='bbox 2127 1748 2299 1806; x_wconf 83' lang='lat' dir='ltr'><strong>fuisse</strong></span> <span class='ocrx_word' id='word_1_236' title='bbox 2322 1751 2692 1820; x_wconf 90' lang='lat' dir='ltr'><strong>Salomonem,</strong></span> <span class='ocrx_word' id='word_1_237' title='bbox 2730 1765 2785 1810; x_wconf 89' lang='lat' dir='ltr'><strong>et</strong></span> <span class='ocrx_word' id='word_1_238' title='bbox 2834 1765 2982 1812; x_wconf 89' lang='lat' dir='ltr'><strong>retro</strong></span> <span class='ocrx_word' id='word_1_239' title='bbox 3016 1757 3336 1827; x_wconf 88' lang='lat' dir='ltr'><strong>patriarchis</strong></span> <span class='ocrx_word' id='word_1_240' title='bbox 3382 1772 3486 1814; x_wconf 81' lang='lat' dir='ltr'><strong>vox</strong></span> <span class='ocrx_word' id='word_1_241' title='bbox 3539 1758 3733 1814; x_wconf 87' lang='lat' dir='ltr'><strong>divina</strong></span> 
     </span>
    </p>
   </div>
   <div class='ocr_carea' id='block_1_33' title="bbox 431 1844 3736 1924">
    <p class='ocr_par' dir='ltr' id='par_1_33' title="bbox 431 1844 3736 1924">
     <span class='ocr_line' id='line_1_33' title="bbox 431 1844 3736 1924; baseline 0 -18"><span class='ocrx_word' id='word_1_242' title='bbox 431 1862 575 1906; x_wconf 85' lang='lat' dir='ltr'><strong>utero</strong></span> <span class='ocrx_word' id='word_1_243' title='bbox 605 1853 880 1921; x_wconf 83' lang='lat' dir='ltr'><strong>concipiet,</strong></span> <span class='ocrx_word' id='word_1_244' title='bbox 913 1861 961 1906; x_wconf 90' lang='lat' dir='ltr'><strong>et</strong></span> <span class='ocrx_word' id='word_1_245' title='bbox 1005 1851 1170 1924; x_wconf 84' lang='lat' dir='ltr'><strong>pariet</strong></span> <span class='ocrx_word' id='word_1_246' title='bbox 1216 1849 1376 1922; x_wconf 88' lang='lat' dir='ltr'><strong>(Isai.</strong></span> <span class='ocrx_word' id='word_1_247' title='bbox 1437 1866 1535 1916; x_wconf 78' lang='lat' dir='ltr'><strong>vn,</strong></span> <span class='ocrx_word' id='word_1_248' title='bbox 1572 1851 1682 1922; x_wconf 79' lang='grc'><strong>14).</strong></span> <span class='ocrx_word' id='word_1_249' title='bbox 1735 1850 1805 1906; x_wconf 89' lang='lat' dir='ltr'><strong>Et</strong></span> <span class='ocrx_word' id='word_1_250' title='bbox 1855 1851 2024 1906; x_wconf 89' lang='lat' dir='ltr'><strong>alibi:</strong></span> <span class='ocrx_word' id='word_1_251' title='bbox 2058 1850 2104 1910; x_wconf 88' lang='grc' dir='ltr'>Β</span> <span class='ocrx_word' id='word_1_252' title='bbox 2132 1844 2380 1914; x_wconf 72' lang='grc' dir='ltr'><strong>ροιιὶοἰιει</strong></span> <span class='ocrx_word' id='word_1_253' title='bbox 2409 1847 2526 1900; x_wconf 83' lang='lat' dir='ltr'><strong>sil?</strong></span> <span class='ocrx_word' id='word_1_254' title='bbox 2557 1848 2648 1916; x_wconf 85' lang='lat' dir='ltr'><strong>qui</strong></span> <span class='ocrx_word' id='word_1_255' title='bbox 2672 1847 2742 1903; x_wconf 89' lang='lat' dir='ltr'><strong>dc</strong></span> <span class='ocrx_word' id='word_1_256' title='bbox 2766 1864 2826 1904; x_wconf 85' lang='lat' dir='ltr'><strong>se</strong></span> <span class='ocrx_word' id='word_1_257' title='bbox 2852 1865 3071 1920; x_wconf 89' lang='lat' dir='ltr'><strong>quoque</strong></span> <span class='ocrx_word' id='word_1_258' title='bbox 3118 1851 3235 1920; x_wconf 89' lang='lat' dir='ltr'><strong>ipse</strong></span> <span class='ocrx_word' id='word_1_259' title='bbox 3281 1852 3522 1924; x_wconf 89' lang='lat' dir='ltr'><strong>loquitur</strong></span> <span class='ocrx_word' id='word_1_260' title='bbox 3553 1851 3736 1908; x_wconf 86' lang='lat' dir='ltr'><strong>conﬁ-</strong></span> 
     </span>
    </p>
   </div>
   <div class='ocr_carea' id='block_1_34' title="bbox 430 1943 2024 2019">
    <p class='ocr_par' dir='ltr' id='par_1_34' title="bbox 430 1943 2024 2019">
     <span class='ocr_line' id='line_1_34' title="bbox 430 1943 2024 2019; baseline 0.001 -20"><span class='ocrx_word' id='word_1_261' title='bbox 430 1943 548 2000; x_wconf 87' lang='lat' dir='ltr'><strong>Erit</strong></span> <span class='ocrx_word' id='word_1_262' title='bbox 570 1947 712 2016; x_wconf 84' lang='lat' dir='ltr'><strong>uirga</strong></span> <span class='ocrx_word' id='word_1_263' title='bbox 735 1943 903 2010; x_wconf 85' lang='lat' dir='ltr'><strong>Jesse,</strong></span> <span class='ocrx_word' id='word_1_264' title='bbox 928 1955 974 1999; x_wconf 90' lang='lat' dir='ltr'><strong>et</strong></span> <span class='ocrx_word' id='word_1_265' title='bbox 1001 1947 1094 2017; x_wconf 85' lang='lat' dir='ltr'><strong>qui</strong></span> <span class='ocrx_word' id='word_1_266' title='bbox 1113 1956 1293 2019; x_wconf 88' lang='lat' dir='ltr'><strong>surget</strong></span> <span class='ocrx_word' id='word_1_267' title='bbox 1319 1945 1388 1999; x_wconf 88' lang='lat' dir='ltr'><strong>ad</strong></span> <span class='ocrx_word' id='word_1_268' title='bbox 1411 1945 1735 2016; x_wconf 88' lang='lat' dir='ltr'><strong>regnandum</strong></span> <span class='ocrx_word' id='word_1_269' title='bbox 1759 1945 2024 2017; x_wconf 86' lang='lat' dir='ltr'><strong>gentibus:</strong></span> 
     </span>
    </p>
   </div>
   <div class='ocr_carea' id='block_1_35' title="bbox 429 2037 2024 2112">
    <p class='ocr_par' dir='ltr' id='par_1_35' title="bbox 429 2037 2024 2112">
     <span class='ocr_line' id='line_1_35' title="bbox 429 2037 2024 2112; baseline 0.001 -20"><span class='ocrx_word' id='word_1_270' title='bbox 429 2039 483 2092; x_wconf 87' lang='lat' dir='ltr'><strong>in</strong></span> <span class='ocrx_word' id='word_1_271' title='bbox 514 2039 625 2110; x_wconf 81' lang='lat' dir='ltr'><strong>ipso</strong></span> <span class='ocrx_word' id='word_1_272' title='bbox 647 2049 822 2110; x_wconf 81' lang='lat' dir='ltr'><strong>gentes</strong></span> <span class='ocrx_word' id='word_1_273' title='bbox 841 2037 1342 2112; x_wconf 71' lang='lat' dir='ltr'><strong>sperabuntUdem,</strong></span> <span class='ocrx_word' id='word_1_274' title='bbox 1373 2054 1450 2104; x_wconf 83' lang='grc' dir='ltr'>χι,</span> <span class='ocrx_word' id='word_1_275' title='bbox 1481 2039 1596 2108; x_wconf 86' lang='grc'><strong>10).</strong></span> <span class='ocrx_word' id='word_1_276' title='bbox 1620 2039 1688 2094; x_wconf 87' lang='lat' dir='ltr'><strong>Et</strong></span> <span class='ocrx_word' id='word_1_277' title='bbox 1715 2055 1784 2095; x_wconf 89' lang='lat' dir='ltr'><strong>ne</strong></span> <span class='ocrx_word' id='word_1_278' title='bbox 1807 2041 2024 2110; x_wconf 84' lang='lat' dir='ltr'><strong>longum</strong></span> 
     </span>
    </p>
   </div>
   <div class='ocr_carea' id='block_1_36' title="bbox 433 2131 2025 2203">
    <p class='ocr_par' dir='ltr' id='par_1_36' title="bbox 433 2131 2025 2203">
     <span class='ocr_line' id='line_1_36' title="bbox 433 2131 2025 2203; baseline 0.001 -18"><span class='ocrx_word' id='word_1_279' title='bbox 433 2131 549 2199; x_wconf 90' lang='lat' dir='ltr'><strong>ﬁat,</strong></span> <span class='ocrx_word' id='word_1_280' title='bbox 580 2146 754 2203; x_wconf 92' lang='lat' dir='ltr'><strong>pauca</strong></span> <span class='ocrx_word' id='word_1_281' title='bbox 797 2131 863 2187; x_wconf 90' lang='lat' dir='ltr'><strong>de</strong></span> <span class='ocrx_word' id='word_1_282' title='bbox 896 2133 1132 2189; x_wconf 81' lang='lat' dir='ltr'><strong>Psalmis</strong></span> <span class='ocrx_word' id='word_1_283' title='bbox 1161 2131 1366 2188; x_wconf 80' lang='lat' dir='ltr'><strong>dixisse</strong></span> <span class='ocrx_word' id='word_1_284' title='bbox 1391 2132 1631 2188; x_wconf 90' lang='lat' dir='ltr'><strong>sufﬁciat</strong></span> <span class='ocrx_word' id='word_1_285' title='bbox 1667 2151 1679 2188; x_wconf 92' lang='lat'><strong>:</strong></span> <span class='ocrx_word' id='word_1_286' title='bbox 1733 2131 1802 2186; x_wconf 85' lang='lat' dir='ltr'><strong>Et</strong></span> <span class='ocrx_word' id='word_1_287' title='bbox 1829 2133 2025 2188; x_wconf 85' lang='lat' dir='ltr'><strong>adora-</strong></span> 
     </span>
    </p>
   </div>
   <div class='ocr_carea' id='block_1_37' title="bbox 433 2223 2023 2298">
    <p class='ocr_par' dir='ltr' id='par_1_37' title="bbox 433 2223 2023 2298">
     <span class='ocr_line' id='line_1_37' title="bbox 433 2223 2023 2298; baseline 0.001 -19"><span class='ocrx_word' id='word_1_288' title='bbox 433 2223 561 2279; x_wconf 87' lang='lat' dir='ltr'><strong>bunt</strong></span> <span class='ocrx_word' id='word_1_289' title='bbox 596 2225 650 2278; x_wconf 87' lang='lat' dir='ltr'><strong>in</strong></span> <span class='ocrx_word' id='word_1_290' title='bbox 681 2235 958 2296; x_wconf 88' lang='lat' dir='ltr'><strong>conspectu</strong></span> <span class='ocrx_word' id='word_1_291' title='bbox 986 2226 1098 2294; x_wconf 85' lang='lat' dir='ltr'><strong>ejus</strong></span> <span class='ocrx_word' id='word_1_292' title='bbox 1121 2241 1296 2279; x_wconf 86' lang='lat' dir='ltr'><strong>omnes</strong></span> <span class='ocrx_word' id='word_1_293' title='bbox 1323 2223 1540 2296; x_wconf 78' lang='lat' dir='ltr'><strong>familia:</strong></span> <span class='ocrx_word' id='word_1_294' title='bbox 1583 2226 1812 2298; x_wconf 89' lang='lat' dir='ltr'><strong>gentium</strong></span> <span class='ocrx_word' id='word_1_295' title='bbox 1847 2224 2023 2295; x_wconf 90' lang='lat' dir='ltr'><strong>(Psal.</strong></span> 
     </span>
    </p>
   </div>
   <div class='ocr_carea' id='block_1_38' title="bbox 431 2316 2024 2391">
    <p class='ocr_par' dir='ltr' id='par_1_38' title="bbox 431 2316 2024 2391">
     <span class='ocr_line' id='line_1_38' title="bbox 431 2316 2024 2391; baseline 0 -19"><span class='ocrx_word' id='word_1_296' title='bbox 431 2333 550 2385; x_wconf 80' lang='grc' dir='ltr'>χχι,</span> <span class='ocrx_word' id='word_1_297' title='bbox 580 2316 700 2390; x_wconf 71' lang='lat'><strong>28).</strong></span> <span class='ocrx_word' id='word_1_298' title='bbox 733 2317 803 2373; x_wconf 89' lang='lat' dir='ltr'><strong>Et</strong></span> <span class='ocrx_word' id='word_1_299' title='bbox 830 2318 1030 2374; x_wconf 85' lang='lat' dir='ltr'><strong>iterum</strong></span> <span class='ocrx_word' id='word_1_300' title='bbox 1058 2335 1071 2372; x_wconf 93' lang='lat'><strong>:</strong></span> <span class='ocrx_word' id='word_1_301' title='bbox 1099 2318 1290 2374; x_wconf 84' lang='lat' dir='ltr'><strong>Omnes</strong></span> <span class='ocrx_word' id='word_1_302' title='bbox 1320 2327 1495 2391; x_wconf 86' lang='lat' dir='ltr'><strong>gentes</strong></span> <span class='ocrx_word' id='word_1_303' title='bbox 1524 2320 1746 2374; x_wconf 78' lang='lat' dir='ltr'><strong>servient</strong></span> <span class='ocrx_word' id='word_1_304' title='bbox 1767 2319 1812 2374; x_wconf 90' lang='lat' dir='ltr'><strong>ei</strong></span> <span class='ocrx_word' id='word_1_305' title='bbox 1846 2316 2024 2389; x_wconf 87' lang='lat' dir='ltr'><strong>(Psal.</strong></span> 
     </span>
    </p>
   </div>
   <div class='ocr_carea' id='block_1_39' title="bbox 434 2410 2023 2482">
    <p class='ocr_par' dir='ltr' id='par_1_39' title="bbox 434 2410 2023 2482">
     <span class='ocr_line' id='line_1_39' title="bbox 434 2410 2023 2482; baseline 0.001 -18"><span class='ocrx_word' id='word_1_306' title='bbox 434 2426 567 2481; x_wconf 87' lang='lat' dir='ltr'><strong>xvu,</strong></span> <span class='ocrx_word' id='word_1_307' title='bbox 604 2411 718 2481; x_wconf 90' lang='grc'><strong>11).</strong></span> <span class='ocrx_word' id='word_1_308' title='bbox 752 2410 819 2465; x_wconf 88' lang='lat' dir='ltr'><strong>Et</strong></span> <span class='ocrx_word' id='word_1_309' title='bbox 841 2410 1022 2467; x_wconf 89' lang='lat' dir='ltr'><strong>adhuc</strong></span> <span class='ocrx_word' id='word_1_310' title='bbox 1060 2412 1406 2468; x_wconf 81' lang='lat' dir='ltr'><strong>manifestius</strong></span> <span class='ocrx_word' id='word_1_311' title='bbox 1454 2413 1522 2466; x_wconf 90' lang='lat' dir='ltr'><strong>de</strong></span> <span class='ocrx_word' id='word_1_312' title='bbox 1572 2414 1774 2482; x_wconf 90' lang='lat' dir='ltr'><strong>populo</strong></span> <span class='ocrx_word' id='word_1_313' title='bbox 1830 2410 2023 2480; x_wconf 85' lang='lat' dir='ltr'><strong>Israel,</strong></span> 
     </span>
    </p>
   </div>
   <div class='ocr_carea' id='block_1_40' title="bbox 435 2505 2029 2571">
    <p class='ocr_par' dir='ltr' id='par_1_40' title="bbox 435 2505 2029 2571">
     <span class='ocr_line' id='line_1_40' title="bbox 435 2505 2029 2571; baseline 0 -10"><span class='ocrx_word' id='word_1_314' title='bbox 435 2515 492 2561; x_wconf 90' lang='lat' dir='ltr'><strong>et</strong></span> <span class='ocrx_word' id='word_1_315' title='bbox 543 2505 612 2560; x_wconf 90' lang='lat' dir='ltr'><strong>de</strong></span> <span class='ocrx_word' id='word_1_316' title='bbox 669 2506 896 2561; x_wconf 89' lang='lat' dir='ltr'><strong>Domino</strong></span> <span class='ocrx_word' id='word_1_317' title='bbox 955 2507 1281 2563; x_wconf 80' lang='lat' dir='ltr'><strong>Salvatore:</strong></span> <span class='ocrx_word' id='word_1_318' title='bbox 1324 2505 1490 2561; x_wconf 88' lang='lat' dir='ltr'><strong>Visita</strong></span> <span class='ocrx_word' id='word_1_319' title='bbox 1518 2507 1718 2562; x_wconf 82' lang='lat' dir='ltr'><strong>vineam</strong></span> <span class='ocrx_word' id='word_1_320' title='bbox 1758 2509 1931 2571; x_wconf 77' lang='lat' dir='ltr'><strong>istaut,</strong></span> <span class='ocrx_word' id='word_1_321' title='bbox 1981 2515 2029 2561; x_wconf 86' lang='lat' dir='ltr'><strong>et</strong></span> 
     </span>
    </p>
   </div>
   <div class='ocr_carea' id='block_1_41' title="bbox 435 2597 2026 2670">
    <p class='ocr_par' dir='ltr' id='par_1_41' title="bbox 435 2597 2026 2670">
     <span class='ocr_line' id='line_1_41' title="bbox 435 2597 2026 2670; baseline 0 -19"><span class='ocrx_word' id='word_1_322' title='bbox 435 2598 626 2670; x_wconf 81' lang='lat' dir='ltr'><strong>perﬁce</strong></span> <span class='ocrx_word' id='word_1_323' title='bbox 642 2613 754 2652; x_wconf 84' lang='lat' dir='ltr'><strong>eam</strong></span> <span class='ocrx_word' id='word_1_324' title='bbox 770 2615 923 2669; x_wconf 88' lang='lat' dir='ltr'><strong>quam</strong></span> <span class='ocrx_word' id='word_1_325' title='bbox 951 2598 1203 2669; x_wconf 85' lang='lat' dir='ltr'><strong>plantavit</strong></span> <span class='ocrx_word' id='word_1_326' title='bbox 1229 2597 1442 2652; x_wconf 74' lang='lat' dir='ltr'><strong>dextera</strong></span> <span class='ocrx_word' id='word_1_327' title='bbox 1468 2606 1579 2662; x_wconf 88' lang='lat' dir='ltr'><strong>tua,</strong></span> <span class='ocrx_word' id='word_1_328' title='bbox 1604 2609 1651 2652; x_wconf 92' lang='lat' dir='ltr'><strong>et</strong></span> <span class='ocrx_word' id='word_1_329' title='bbox 1684 2614 1842 2666; x_wconf 86' lang='lat' dir='ltr'><strong>super</strong></span> <span class='ocrx_word' id='word_1_330' title='bbox 1861 2598 2026 2666; x_wconf 82' lang='lat' dir='ltr'><strong>ﬁlium</strong></span> 
     </span>
    </p>
   </div>
   <div class='ocr_carea' id='block_1_42' title="bbox 432 2689 2029 2764">
    <p class='ocr_par' dir='ltr' id='par_1_42' title="bbox 432 2689 2029 2764">
     <span class='ocr_line' id='line_1_42' title="bbox 432 2689 2029 2764; baseline 0.001 -20"><span class='ocrx_word' id='word_1_331' title='bbox 432 2707 584 2764; x_wconf 84' lang='lat' dir='ltr'><strong>quem</strong></span> <span class='ocrx_word' id='word_1_332' title='bbox 607 2691 928 2762; x_wconf 78' lang='lat' dir='ltr'><strong>conﬁrmasti</strong></span> <span class='ocrx_word' id='word_1_333' title='bbox 974 2691 1065 2745; x_wconf 87' lang='lat' dir='ltr'><strong>tibi</strong></span> <span class='ocrx_word' id='word_1_334' title='bbox 1096 2691 1282 2764; x_wconf 85' lang='lat' dir='ltr'><strong>(Psal.</strong></span> <span class='ocrx_word' id='word_1_335' title='bbox 1317 2706 1502 2758; x_wconf 77' lang='lat' dir='ltr'><strong>Lthx,</strong></span> <span class='ocrx_word' id='word_1_336' title='bbox 1552 2691 1642 2760; x_wconf 76' lang='grc'><strong>15,</strong></span> <span class='ocrx_word' id='word_1_337' title='bbox 1691 2689 1801 2763; x_wconf 85' lang='grc'><strong>16).</strong></span> <span class='ocrx_word' id='word_1_338' title='bbox 1858 2691 2029 2760; x_wconf 79' lang='lat' dir='ltr'><strong>Cujus</strong></span> 
     </span>
    </p>
   </div>
   <div class='ocr_carea' id='block_1_43' title="bbox 436 2782 2029 2856">
    <p class='ocr_par' dir='ltr' id='par_1_43' title="bbox 436 2782 2029 2856">
     <span class='ocr_line' id='line_1_43' title="bbox 436 2782 2029 2856; baseline -0.001 -17"><span class='ocrx_word' id='word_1_339' title='bbox 436 2786 604 2840; x_wconf 91' lang='lat' dir='ltr'><strong>etiam</strong></span> <span class='ocrx_word' id='word_1_340' title='bbox 637 2787 891 2854; x_wconf 88' lang='lat' dir='ltr'><strong>corporis</strong></span> <span class='ocrx_word' id='word_1_341' title='bbox 915 2785 1255 2856; x_wconf 83' lang='lat' dir='ltr'><strong>dispensatio</strong></span> <span class='ocrx_word' id='word_1_342' title='bbox 1283 2785 1334 2838; x_wconf 94' lang='lat' dir='ltr'><strong>in</strong></span> <span class='ocrx_word' id='word_1_343' title='bbox 1375 2783 1843 2854; x_wconf 82' lang='lat' dir='ltr'><strong>consequentibus</strong></span> <span class='ocrx_word' id='word_1_344' title='bbox 1887 2782 2029 2838; x_wconf 91' lang='lat' dir='ltr'><strong>indi-</strong></span> 
     </span>
    </p>
   </div>
   <div class='ocr_carea' id='block_1_44' title="bbox 433 2877 2032 2950">
    <p class='ocr_par' dir='ltr' id='par_1_44' title="bbox 433 2877 2032 2950">
     <span class='ocr_line' id='line_1_44' title="bbox 433 2877 2032 2950; baseline -0.002 -17"><span class='ocrx_word' id='word_1_345' title='bbox 433 2890 628 2933; x_wconf 83' lang='lat' dir='ltr'><strong>catur:</strong></span> <span class='ocrx_word' id='word_1_346' title='bbox 665 2877 787 2933; x_wconf 83' lang='lat' dir='ltr'><strong>Fiat</strong></span> <span class='ocrx_word' id='word_1_347' title='bbox 814 2896 996 2933; x_wconf 87' lang='lat' dir='ltr'><strong>manus</strong></span> <span class='ocrx_word' id='word_1_348' title='bbox 1027 2891 1114 2934; x_wconf 89' lang='lat' dir='ltr'><strong>tua</strong></span> <span class='ocrx_word' id='word_1_349' title='bbox 1134 2895 1290 2950; x_wconf 89' lang='lat' dir='ltr'><strong>super</strong></span> <span class='ocrx_word' id='word_1_350' title='bbox 1339 2879 1504 2932; x_wconf 85' lang='lat' dir='ltr'><strong>virum</strong></span> <span class='ocrx_word' id='word_1_351' title='bbox 1552 2880 1777 2933; x_wconf 75' lang='lat' dir='ltr'><strong>dextera:</strong></span> <span class='ocrx_word' id='word_1_352' title='bbox 1820 2887 1941 2943; x_wconf 77' lang='lat' dir='ltr'><strong>tute,</strong></span> <span class='ocrx_word' id='word_1_353' title='bbox 1985 2886 2032 2930; x_wconf 87' lang='lat' dir='ltr'><strong>et</strong></span> 
     </span>
    </p>
   </div>
   <div class='ocr_carea' id='block_1_45' title="bbox 435 2968 2026 3043">
    <p class='ocr_par' dir='ltr' id='par_1_45' title="bbox 435 2968 2026 3043">
     <span class='ocr_line' id='line_1_45' title="bbox 435 2968 2026 3043; baseline -0.001 -19"><span class='ocrx_word' id='word_1_354' title='bbox 435 2987 593 3040; x_wconf 85' lang='lat' dir='ltr'><strong>super</strong></span> <span class='ocrx_word' id='word_1_355' title='bbox 615 2971 781 3040; x_wconf 80' lang='lat' dir='ltr'><strong>ﬁlium</strong></span> <span class='ocrx_word' id='word_1_356' title='bbox 809 2971 1035 3024; x_wconf 83' lang='lat' dir='ltr'><strong>hominis</strong></span> <span class='ocrx_word' id='word_1_357' title='bbox 1056 2989 1209 3041; x_wconf 84' lang='lat' dir='ltr'><strong>quem</strong></span> <span class='ocrx_word' id='word_1_358' title='bbox 1231 2973 1552 3043; x_wconf 79' lang='lat' dir='ltr'><strong>conﬁrmasti</strong></span> <span class='ocrx_word' id='word_1_359' title='bbox 1581 2971 1668 3024; x_wconf 88' lang='lat' dir='ltr'><strong>tibi</strong></span> <span class='ocrx_word' id='word_1_360' title='bbox 1702 2968 2026 3043; x_wconf 75' lang='lat' dir='ltr'><strong>(Ibid.,IS).</strong></span> 
     </span>
    </p>
   </div>
   <div class='ocr_carea' id='block_1_46' title="bbox 437 3064 2030 3135">
    <p class='ocr_par' dir='ltr' id='par_1_46' title="bbox 437 3064 2030 3135">
     <span class='ocr_line' id='line_1_46' title="bbox 437 3064 2030 3135; baseline 0 -18"><span class='ocrx_word' id='word_1_361' title='bbox 437 3065 546 3118; x_wconf 87' lang='lat' dir='ltr'><strong>Aut</strong></span> <span class='ocrx_word' id='word_1_362' title='bbox 574 3065 736 3134; x_wconf 89' lang='lat' dir='ltr'><strong>igitur</strong></span> <span class='ocrx_word' id='word_1_363' title='bbox 759 3065 910 3133; x_wconf 81' lang='lat' dir='ltr'><strong>juxta</strong></span> <span class='ocrx_word' id='word_1_364' title='bbox 938 3065 1272 3132; x_wconf 85' lang='lat' dir='ltr'><strong>Montanum,</strong></span> <span class='ocrx_word' id='word_1_365' title='bbox 1298 3064 1638 3134; x_wconf 87' lang='lat' dir='ltr'><strong>patriarchas</strong></span> <span class='ocrx_word' id='word_1_366' title='bbox 1659 3074 1714 3120; x_wconf 89' lang='lat' dir='ltr'><strong>et</strong></span> <span class='ocrx_word' id='word_1_367' title='bbox 1738 3064 2030 3135; x_wconf 84' lang='lat' dir='ltr'><strong>prophetas</strong></span> 
     </span>
    </p>
   </div>
   <div class='ocr_carea' id='block_1_47' title="bbox 441 3156 2027 3228">
    <p class='ocr_par' dir='ltr' id='par_1_47' title="bbox 441 3156 2027 3228">
     <span class='ocr_line' id='line_1_47' title="bbox 441 3156 2027 3228; baseline -0.001 -18"><span class='ocrx_word' id='word_1_368' title='bbox 441 3156 493 3210; x_wconf 91' lang='lat' dir='ltr'><strong>in</strong></span> <span class='ocrx_word' id='word_1_369' title='bbox 548 3157 748 3211; x_wconf 72' lang='lat' dir='ltr'><strong>costasi</strong></span> <span class='ocrx_word' id='word_1_370' title='bbox 807 3156 1018 3212; x_wconf 90' lang='lat' dir='ltr'><strong>locutos</strong></span> <span class='ocrx_word' id='word_1_371' title='bbox 1067 3156 1472 3228; x_wconf 90' lang='lat' dir='ltr'><strong>accipiendum,</strong></span> <span class='ocrx_word' id='word_1_372' title='bbox 1529 3169 1584 3213; x_wconf 92' lang='lat' dir='ltr'><strong>et</strong></span> <span class='ocrx_word' id='word_1_373' title='bbox 1633 3159 1878 3213; x_wconf 82' lang='lat' dir='ltr'><strong>nescisse</strong></span> <span class='ocrx_word' id='word_1_374' title='bbox 1905 3172 2027 3226; x_wconf 67' lang='lat' dir='ltr'><strong>quae</strong></span> 
     </span>
    </p>
   </div>
   <div class='ocr_carea' id='block_1_48' title="bbox 2129 1937 3737 2016">
    <p class='ocr_par' dir='ltr' id='par_1_48' title="bbox 2129 1937 3737 2016">
     <span class='ocr_line' id='line_1_48' title="bbox 2129 1937 3737 2016; baseline 0.004 -24"><span class='ocrx_word' id='word_1_375' title='bbox 2129 1939 2363 1994; x_wconf 89' lang='lat' dir='ltr'><strong>denter:</strong></span> <span class='ocrx_word' id='word_1_376' title='bbox 2400 1937 2540 1994; x_wconf 87' lang='lat' dir='ltr'><strong>Deus</strong></span> <span class='ocrx_word' id='word_1_377' title='bbox 2567 1940 2744 1996; x_wconf 87' lang='lat' dir='ltr'><strong>docuit</strong></span> <span class='ocrx_word' id='word_1_378' title='bbox 2793 1959 2876 1996; x_wconf 91' lang='lat' dir='ltr'><strong>me</strong></span> <span class='ocrx_word' id='word_1_379' title='bbox 2927 1944 3257 2016; x_wconf 86' lang='lat' dir='ltr'><strong>sapientiam,</strong></span> <span class='ocrx_word' id='word_1_380' title='bbox 3313 1954 3362 1999; x_wconf 90' lang='lat' dir='ltr'><strong>et</strong></span> <span class='ocrx_word' id='word_1_381' title='bbox 3407 1945 3737 2000; x_wconf 85' lang='lat' dir='ltr'><strong>intellectum</strong></span> 
     </span>
    </p>
   </div>
   <div class='ocr_carea' id='block_1_49' title="bbox 2127 2034 3739 2107">
    <p class='ocr_par' dir='ltr' id='par_1_49' title="bbox 2127 2034 3739 2107">
     <span class='ocr_line' id='line_1_49' title="bbox 2127 2034 3739 2107; baseline 0.005 -21"><span class='ocrx_word' id='word_1_382' title='bbox 2127 2041 2428 2087; x_wconf 87' lang='lat' dir='ltr'><strong>sanctorum</strong></span> <span class='ocrx_word' id='word_1_383' title='bbox 2456 2035 2673 2105; x_wconf 87' lang='lat' dir='ltr'><strong>cognovi</strong></span> <span class='ocrx_word' id='word_1_384' title='bbox 2697 2034 2867 2106; x_wconf 87' lang='lat' dir='ltr'><strong>(Sap.</strong></span> <span class='ocrx_word' id='word_1_385' title='bbox 2902 2051 2998 2100; x_wconf 81' lang='lat' dir='ltr'><strong>vn,</strong></span> <span class='ocrx_word' id='word_1_386' title='bbox 3025 2037 3142 2107; x_wconf 69' lang='grc' dir='ltr'><strong>Ἦ).</strong></span> <span class='ocrx_word' id='word_1_387' title='bbox 3193 2037 3412 2093; x_wconf 79' lang='lat' dir='ltr'><strong>Necnon</strong></span> <span class='ocrx_word' id='word_1_388' title='bbox 3451 2047 3507 2093; x_wconf 85' lang='lat' dir='ltr'><strong>et</strong></span> <span class='ocrx_word' id='word_1_389' title='bbox 3556 2037 3739 2094; x_wconf 74' lang='lat' dir='ltr'><strong>David</strong></span> 
     </span>
    </p>
   </div>
   <div class='ocr_carea' id='block_1_50' title="bbox 2127 2125 3736 2202">
    <p class='ocr_par' dir='ltr' id='par_1_50' title="bbox 2127 2125 3736 2202">
     <span class='ocr_line' id='line_1_50' title="bbox 2127 2125 3736 2202; baseline 0.004 -22"><span class='ocrx_word' id='word_1_390' title='bbox 2127 2125 2196 2181; x_wconf 89' lang='lat' dir='ltr'><strong>de</strong></span> <span class='ocrx_word' id='word_1_391' title='bbox 2227 2127 2450 2182; x_wconf 89' lang='lat' dir='ltr'><strong>scientia</strong></span> <span class='ocrx_word' id='word_1_392' title='bbox 2481 2129 2678 2184; x_wconf 91' lang='lat' dir='ltr'><strong>occulti</strong></span> <span class='ocrx_word' id='word_1_393' title='bbox 2711 2131 2960 2202; x_wconf 87' lang='lat' dir='ltr'><strong>mysterii</strong></span> <span class='ocrx_word' id='word_1_394' title='bbox 3007 2131 3296 2202; x_wconf 80' lang='lat' dir='ltr'><strong>gloriatur,</strong></span> <span class='ocrx_word' id='word_1_395' title='bbox 3345 2133 3535 2188; x_wconf 89' lang='lat' dir='ltr'><strong>dicens</strong></span> <span class='ocrx_word' id='word_1_396' title='bbox 3580 2149 3593 2187; x_wconf 92' lang='lat'><strong>:</strong></span> <span class='ocrx_word' id='word_1_397' title='bbox 3631 2131 3736 2186; x_wconf 87' lang='lat' dir='ltr'><strong>In-</strong></span> 
     </span>
    </p>
   </div>
   <div class='ocr_carea' id='block_1_51' title="bbox 2127 2221 3734 2296">
    <p class='ocr_par' dir='ltr' id='par_1_51' title="bbox 2127 2221 3734 2296">
     <span class='ocr_line' id='line_1_51' title="bbox 2127 2221 3734 2296; baseline 0.005 -23"><span class='ocrx_word' id='word_1_398' title='bbox 2127 2230 2265 2273; x_wconf 88' lang='lat' dir='ltr'><strong>certa</strong></span> <span class='ocrx_word' id='word_1_399' title='bbox 2289 2230 2337 2274; x_wconf 87' lang='lat' dir='ltr'><strong>et</strong></span> <span class='ocrx_word' id='word_1_400' title='bbox 2368 2221 2568 2276; x_wconf 89' lang='lat' dir='ltr'><strong>occulta</strong></span> <span class='ocrx_word' id='word_1_401' title='bbox 2597 2223 2863 2294; x_wconf 70' lang='lat' dir='ltr'><strong>sapientia:</strong></span> <span class='ocrx_word' id='word_1_402' title='bbox 2890 2237 2992 2280; x_wconf 79' lang='lat' dir='ltr'><strong>tua:</strong></span> <span class='ocrx_word' id='word_1_403' title='bbox 3019 2225 3367 2296; x_wconf 81' lang='lat' dir='ltr'><strong>manifestasti</strong></span> <span class='ocrx_word' id='word_1_404' title='bbox 3387 2225 3516 2280; x_wconf 84' lang='lat' dir='ltr'><strong>mihi</strong></span> <span class='ocrx_word' id='word_1_405' title='bbox 3543 2223 3734 2294; x_wconf 89' lang='lat' dir='ltr'><strong>(Psal.</strong></span> 
     </span>
    </p>
   </div>
   <div class='ocr_carea' id='block_1_52' title="bbox 2129 2312 3735 2388">
    <p class='ocr_par' dir='ltr' id='par_1_52' title="bbox 2129 2312 3735 2388">
     <span class='ocr_line' id='line_1_52' title="bbox 2129 2312 3735 2388; baseline 0.003 -20"><span class='ocrx_word' id='word_1_406' title='bbox 2129 2327 2180 2381; x_wconf 83' lang='grc' dir='ltr'>ι,</span> <span class='ocrx_word' id='word_1_407' title='bbox 2205 2312 2285 2382; x_wconf 84' lang='grc'><strong>8).</strong></span> <span class='ocrx_word' id='word_1_408' title='bbox 2318 2313 2382 2366; x_wconf 81' lang='lat' dir='ltr'><strong>Et</strong></span> <span class='ocrx_word' id='word_1_409' title='bbox 2403 2313 2470 2367; x_wconf 89' lang='lat' dir='ltr'><strong>ad</strong></span> <span class='ocrx_word' id='word_1_410' title='bbox 2497 2314 2737 2386; x_wconf 90' lang='lat' dir='ltr'><strong>eumqui</strong></span> <span class='ocrx_word' id='word_1_411' title='bbox 2771 2316 2874 2372; x_wconf 90' lang='lat' dir='ltr'><strong>sibi</strong></span> <span class='ocrx_word' id='word_1_412' title='bbox 2907 2316 2974 2372; x_wconf 91' lang='lat' dir='ltr'><strong>de</strong></span> <span class='ocrx_word' id='word_1_413' title='bbox 3002 2317 3274 2387; x_wconf 89' lang='lat' dir='ltr'><strong>sapientia</strong></span> <span class='ocrx_word' id='word_1_414' title='bbox 3297 2317 3735 2388; x_wconf 89' lang='lat' dir='ltr'><strong>supplaudebat,</strong></span> 
     </span>
    </p>
   </div>
   <div class='ocr_carea' id='block_1_53' title="bbox 2133 2406 3742 2484">
    <p class='ocr_par' dir='ltr' id='par_1_53' title="bbox 2133 2406 3742 2484">
     <span class='ocr_line' id='line_1_53' title="bbox 2133 2406 3742 2484; baseline 0.006 -24"><span class='ocrx_word' id='word_1_415' title='bbox 2133 2406 2274 2462; x_wconf 83' lang='lat' dir='ltr'><strong>Deus</strong></span> <span class='ocrx_word' id='word_1_416' title='bbox 2320 2407 2564 2476; x_wconf 78' lang='lat' dir='ltr'><strong>loquitur</strong></span> <span class='ocrx_word' id='word_1_417' title='bbox 2589 2425 2689 2481; x_wconf 89' lang='lat' dir='ltr'><strong>per</strong></span> <span class='ocrx_word' id='word_1_418' title='bbox 2713 2411 3072 2481; x_wconf 87' lang='lat' dir='ltr'><strong>prophetam:</strong></span> <span class='ocrx_word' id='word_1_419' title='bbox 3107 2411 3379 2484; x_wconf 81' lang='lat' dir='ltr'><strong>Numquid</strong></span> <span class='ocrx_word' id='word_1_420' title='bbox 3424 2422 3479 2467; x_wconf 84' lang='lat' dir='ltr'><strong>tu</strong></span> <span class='ocrx_word' id='word_1_421' title='bbox 3522 2413 3742 2484; x_wconf 83' lang='lat' dir='ltr'><strong>sapien-</strong></span> 
     </span>
    </p>
   </div>
   <div class='ocr_carea' id='block_1_54' title="bbox 2128 2501 3741 2578">
    <p class='ocr_par' dir='ltr' id='par_1_54' title="bbox 2128 2501 3741 2578">
     <span class='ocr_line' id='line_1_54' title="bbox 2128 2501 3741 2578; baseline 0.006 -24"><span class='ocrx_word' id='word_1_422' title='bbox 2128 2501 2228 2555; x_wconf 88' lang='lat' dir='ltr'><strong>tior</strong></span> <span class='ocrx_word' id='word_1_423' title='bbox 2252 2517 2304 2556; x_wconf 87' lang='lat' dir='ltr'><strong>es</strong></span> <span class='ocrx_word' id='word_1_424' title='bbox 2344 2501 2562 2558; x_wconf 86' lang='lat' dir='ltr'><strong>Daniele</strong></span> <span class='ocrx_word' id='word_1_425' title='bbox 2592 2503 2819 2578; x_wconf 56' lang='lat' dir='ltr'><strong>(Ezech.</strong></span> <span class='ocrx_word' id='word_1_426' title='bbox 2859 2521 3048 2570; x_wconf 79' lang='lat' dir='ltr'><strong>xxvnt,</strong></span> <span class='ocrx_word' id='word_1_427' title='bbox 3079 2506 3157 2578; x_wconf 78' lang='lat'><strong>&#39;5).</strong></span> <span class='ocrx_word' id='word_1_428' title='bbox 3192 2511 3297 2562; x_wconf 84' lang='lat' dir='ltr'><strong>Aut</strong></span> <span class='ocrx_word' id='word_1_429' title='bbox 3337 2506 3430 2562; x_wconf 91' lang='lat' dir='ltr'><strong>ille</strong></span> <span class='ocrx_word' id='word_1_430' title='bbox 3461 2507 3635 2576; x_wconf 84' lang='lat' dir='ltr'><strong>igitur</strong></span> <span class='ocrx_word' id='word_1_431' title='bbox 3664 2507 3741 2563; x_wconf 85' lang='lat' dir='ltr'><strong>de</strong></span> 
     </span>
    </p>
   </div>
   <div class='ocr_carea' id='block_1_55' title="bbox 2129 2594 3735 2668">
    <p class='ocr_par' dir='ltr' id='par_1_55' title="bbox 2129 2594 3735 2668">
     <span class='ocr_line' id='line_1_55' title="bbox 2129 2594 3735 2668; baseline 0.007 -22"><span class='ocrx_word' id='word_1_432' title='bbox 2129 2610 2237 2664; x_wconf 90' lang='lat' dir='ltr'><strong>quo</strong></span> <span class='ocrx_word' id='word_1_433' title='bbox 2260 2594 2371 2666; x_wconf 90' lang='lat' dir='ltr'><strong>jam</strong></span> <span class='ocrx_word' id='word_1_434' title='bbox 2406 2612 2569 2668; x_wconf 85' lang='lat' dir='ltr'><strong>supra</strong></span> <span class='ocrx_word' id='word_1_435' title='bbox 2612 2597 3000 2666; x_wconf 90' lang='lat' dir='ltr'><strong>disseruimus,</strong></span> <span class='ocrx_word' id='word_1_436' title='bbox 3061 2601 3328 2654; x_wconf 85' lang='lat' dir='ltr'><strong>tenendus</strong></span> <span class='ocrx_word' id='word_1_437' title='bbox 3376 2608 3462 2656; x_wconf 90' lang='lat' dir='ltr'><strong>est</strong></span> <span class='ocrx_word' id='word_1_438' title='bbox 3505 2615 3735 2668; x_wconf 80' lang='lat' dir='ltr'><strong>sensus,</strong></span> 
     </span>
    </p>
   </div>
   <div class='ocr_carea' id='block_1_56' title="bbox 2132 2687 3741 2763">
    <p class='ocr_par' dir='ltr' id='par_1_56' title="bbox 2132 2687 3741 2763">
     <span class='ocr_line' id='line_1_56' title="bbox 2132 2687 3741 2763; baseline 0.004 -19"><span class='ocrx_word' id='word_1_439' title='bbox 2132 2687 2205 2744; x_wconf 90' lang='lat' dir='ltr'><strong>ita</strong></span> <span class='ocrx_word' id='word_1_440' title='bbox 2237 2689 2576 2759; x_wconf 87' lang='lat' dir='ltr'><strong>patriarchas</strong></span> <span class='ocrx_word' id='word_1_441' title='bbox 2606 2701 2661 2747; x_wconf 89' lang='lat' dir='ltr'><strong>et</strong></span> <span class='ocrx_word' id='word_1_442' title='bbox 2690 2693 3012 2762; x_wconf 89' lang='lat' dir='ltr'><strong>prophetas,</strong></span> <span class='ocrx_word' id='word_1_443' title='bbox 3067 2702 3127 2747; x_wconf 92' lang='lat' dir='ltr'><strong>ut</strong></span> <span class='ocrx_word' id='word_1_444' title='bbox 3155 2707 3299 2747; x_wconf 91' lang='lat' dir='ltr'><strong>nunc</strong></span> <span class='ocrx_word' id='word_1_445' title='bbox 3327 2693 3596 2763; x_wconf 89' lang='lat' dir='ltr'><strong>apostolis</strong></span> <span class='ocrx_word' id='word_1_446' title='bbox 3639 2707 3741 2750; x_wconf 87' lang='lat' dir='ltr'><strong>rc-</strong></span> 
     </span>
    </p>
   </div>
   <div class='ocr_carea' id='block_1_57' title="bbox 2131 2782 3733 2856">
    <p class='ocr_par' dir='ltr' id='par_1_57' title="bbox 2131 2782 3733 2856">
     <span class='ocr_line' id='line_1_57' title="bbox 2131 2782 3733 2856; baseline 0.004 -21"><span class='ocrx_word' id='word_1_447' title='bbox 2131 2782 2367 2837; x_wconf 83' lang='lat' dir='ltr'><strong>velatunt</strong></span> <span class='ocrx_word' id='word_1_448' title='bbox 2389 2793 2496 2848; x_wconf 86' lang='lat' dir='ltr'><strong>est,</strong></span> <span class='ocrx_word' id='word_1_449' title='bbox 2525 2783 2730 2838; x_wconf 85' lang='lat' dir='ltr'><strong>Christi</strong></span> <span class='ocrx_word' id='word_1_450' title='bbox 2753 2786 3030 2852; x_wconf 80' lang='lat' dir='ltr'><strong>ignorasse</strong></span> <span class='ocrx_word' id='word_1_451' title='bbox 3057 2784 3401 2856; x_wconf 85' lang='lat' dir='ltr'><strong>mysterium,</strong></span> <span class='ocrx_word' id='word_1_452' title='bbox 3424 2787 3549 2856; x_wconf 85' lang='lat' dir='ltr'><strong>quia</strong></span> <span class='ocrx_word' id='word_1_453' title='bbox 3572 2785 3733 2841; x_wconf 89' lang='lat' dir='ltr'><strong>aliud</strong></span> 
     </span>
    </p>
   </div>
   <div class='ocr_carea' id='block_1_58' title="bbox 2133 2875 3742 2949">
    <p class='ocr_par' dir='ltr' id='par_1_58' title="bbox 2133 2875 3742 2949">
     <span class='ocr_line' id='line_1_58' title="bbox 2133 2875 3742 2949; baseline 0.003 -20"><span class='ocrx_word' id='word_1_454' title='bbox 2133 2875 2202 2929; x_wconf 91' lang='lat' dir='ltr'><strong>sit</strong></span> <span class='ocrx_word' id='word_1_455' title='bbox 2248 2883 2436 2932; x_wconf 90' lang='lat' dir='ltr'><strong>tenere</strong></span> <span class='ocrx_word' id='word_1_456' title='bbox 2464 2875 2593 2947; x_wconf 91' lang='lat' dir='ltr'><strong>quid</strong></span> <span class='ocrx_word' id='word_1_457' title='bbox 2624 2877 2900 2945; x_wconf 89' lang='lat' dir='ltr'><strong>manibus,</strong></span> <span class='ocrx_word' id='word_1_458' title='bbox 2935 2876 3086 2931; x_wconf 89' lang='lat' dir='ltr'><strong>aliud</strong></span> <span class='ocrx_word' id='word_1_459' title='bbox 3135 2880 3374 2934; x_wconf 87' lang='lat' dir='ltr'><strong>futurum</strong></span> <span class='ocrx_word' id='word_1_460' title='bbox 3428 2879 3482 2933; x_wconf 87' lang='lat' dir='ltr'><strong>in</strong></span> <span class='ocrx_word' id='word_1_461' title='bbox 3531 2879 3742 2949; x_wconf 89' lang='lat' dir='ltr'><strong>spiritu</strong></span> 
     </span>
    </p>
   </div>
   <div class='ocr_carea' id='block_1_59' title="bbox 2134 2971 3744 3042">
    <p class='ocr_par' dir='ltr' id='par_1_59' title="bbox 2134 2971 3744 3042">
     <span class='ocr_line' id='line_1_59' title="bbox 2134 2971 3744 3042; baseline 0.004 -19"><span class='ocrx_word' id='word_1_462' title='bbox 2134 2972 2460 3042; x_wconf 70' lang='lat' dir='ltr'><strong>prmvidcrc.</strong></span> <span class='ocrx_word' id='word_1_463' title='bbox 2492 2971 2599 3026; x_wconf 85' lang='lat' dir='ltr'><strong>Aut</strong></span> <span class='ocrx_word' id='word_1_464' title='bbox 2620 2971 2932 3038; x_wconf 89' lang='lat' dir='ltr'><strong>dicendum,</strong></span> <span class='ocrx_word' id='word_1_465' title='bbox 2985 2974 3268 3041; x_wconf 90' lang='lat' dir='ltr'><strong>quomodo</strong></span> <span class='ocrx_word' id='word_1_466' title='bbox 3319 2987 3428 3028; x_wconf 92' lang='lat' dir='ltr'><strong>non</strong></span> <span class='ocrx_word' id='word_1_467' title='bbox 3477 2983 3615 3028; x_wconf 89' lang='lat' dir='ltr'><strong>sunt</strong></span> <span class='ocrx_word' id='word_1_468' title='bbox 3665 2974 3744 3029; x_wconf 81' lang='lat' dir='ltr'><strong>si—</strong></span> 
     </span>
    </p>
   </div>
   <div class='ocr_carea' id='block_1_60' title="bbox 2137 3063 3739 3129">
    <p class='ocr_par' dir='ltr' id='par_1_60' title="bbox 2137 3063 3739 3129">
     <span class='ocr_line' id='line_1_60' title="bbox 2137 3063 3739 3129; baseline 0 -11"><span class='ocrx_word' id='word_1_469' title='bbox 2137 3064 2291 3118; x_wconf 85' lang='lat' dir='ltr'><strong>miles</strong></span> <span class='ocrx_word' id='word_1_470' title='bbox 2331 3063 2498 3118; x_wconf 79' lang='lat' dir='ltr'><strong>facies</strong></span> <span class='ocrx_word' id='word_1_471' title='bbox 2543 3063 2807 3128; x_wconf 82' lang='lat' dir='ltr'><strong>faciebus,</strong></span> <span class='ocrx_word' id='word_1_472' title='bbox 2835 3064 2918 3119; x_wconf 90' lang='lat' dir='ltr'><strong>sic</strong></span> <span class='ocrx_word' id='word_1_473' title='bbox 2945 3077 3044 3119; x_wconf 92' lang='lat' dir='ltr'><strong>nec</strong></span> <span class='ocrx_word' id='word_1_474' title='bbox 3074 3063 3242 3120; x_wconf 89' lang='lat' dir='ltr'><strong>corda</strong></span> <span class='ocrx_word' id='word_1_475' title='bbox 3277 3078 3402 3120; x_wconf 90' lang='lat' dir='ltr'><strong>esse</strong></span> <span class='ocrx_word' id='word_1_476' title='bbox 3429 3063 3739 3129; x_wconf 88' lang='lat' dir='ltr'><strong>cordibus;</strong></span> 
     </span>
    </p>
   </div>
   <div class='ocr_carea' id='block_1_61' title="bbox 2134 3158 3745 3229">
    <p class='ocr_par' dir='ltr' id='par_1_61' title="bbox 2134 3158 3745 3229">
     <span class='ocr_line' id='line_1_61' title="bbox 2134 3158 3745 3229; baseline 0.001 -16"><span class='ocrx_word' id='word_1_477' title='bbox 2134 3168 2209 3225; x_wconf 91' lang='lat' dir='ltr'><strong>et,</strong></span> <span class='ocrx_word' id='word_1_478' title='bbox 2229 3159 2379 3228; x_wconf 81' lang='lat' dir='ltr'><strong>juxta</strong></span> <span class='ocrx_word' id='word_1_479' title='bbox 2405 3160 2750 3229; x_wconf 86' lang='lat' dir='ltr'><strong>Apostolum,</strong></span> <span class='ocrx_word' id='word_1_480' title='bbox 2775 3158 3002 3214; x_wconf 91' lang='lat' dir='ltr'><strong>diversa</strong></span> <span class='ocrx_word' id='word_1_481' title='bbox 3033 3173 3156 3214; x_wconf 90' lang='lat' dir='ltr'><strong>esse</strong></span> <span class='ocrx_word' id='word_1_482' title='bbox 3183 3159 3536 3228; x_wconf 87' lang='lat' dir='ltr'><strong>charismata,</strong></span> <span class='ocrx_word' id='word_1_483' title='bbox 3562 3158 3745 3214; x_wconf 88' lang='lat' dir='ltr'><strong>alium</strong></span> 
     </span>
    </p>
   </div>
   <div class='ocr_carea' id='block_1_62' title="bbox 441 3237 3743 3324">
    <p class='ocr_par' dir='ltr' id='par_1_62' title="bbox 441 3237 3743 3324">
     <span class='ocr_line' id='line_1_62' title="bbox 441 3237 3743 3324; baseline 0 -18"><span class='ocrx_word' id='word_1_484' title='bbox 441 3250 688 3306; x_wconf 77' lang='lat' dir='ltr'><strong>dixerint</strong></span> <span class='ocrx_word' id='word_1_485' title='bbox 719 3268 732 3306; x_wconf 93' lang='lat'><strong>:</strong></span> <span class='ocrx_word' id='word_1_486' title='bbox 767 3262 858 3306; x_wconf 88' lang='lat' dir='ltr'><strong>aut</strong></span> <span class='ocrx_word' id='word_1_487' title='bbox 886 3252 930 3306; x_wconf 93' lang='lat' dir='ltr'><strong>si</strong></span> <span class='ocrx_word' id='word_1_488' title='bbox 963 3252 1066 3308; x_wconf 88' lang='lat' dir='ltr'><strong>hoc</strong></span> <span class='ocrx_word' id='word_1_489' title='bbox 1115 3253 1338 3322; x_wconf 91' lang='lat' dir='ltr'><strong>impium</strong></span> <span class='ocrx_word' id='word_1_490' title='bbox 1393 3263 1476 3308; x_wconf 88' lang='lat' dir='ltr'><strong>est</strong></span> <span class='ocrx_word' id='word_1_491' title='bbox 1525 3252 1777 3324; x_wconf 90' lang='lat' dir='ltr'><strong>(spiritus</strong></span> <span class='ocrx_word' id='word_1_492' title='bbox 1828 3253 2030 3321; x_wconf 78' lang='lat' dir='ltr'><strong>quippe</strong></span> <span class='ocrx_word' id='word_1_493' title='bbox 2059 3237 2105 3301; x_wconf 89' lang='lat' dir='ltr'><strong>C</strong></span> <span class='ocrx_word' id='word_1_494' title='bbox 2137 3251 2342 3308; x_wconf 89' lang='lat' dir='ltr'><strong>habere</strong></span> <span class='ocrx_word' id='word_1_495' title='bbox 2365 3252 2730 3322; x_wconf 90' lang='lat' dir='ltr'><strong>pr0phetiam,</strong></span> <span class='ocrx_word' id='word_1_496' title='bbox 2774 3252 2940 3307; x_wconf 88' lang='lat' dir='ltr'><strong>alium</strong></span> <span class='ocrx_word' id='word_1_497' title='bbox 2964 3265 3170 3322; x_wconf 88' lang='lat' dir='ltr'><strong>genera</strong></span> <span class='ocrx_word' id='word_1_498' title='bbox 3201 3251 3529 3323; x_wconf 87' lang='lat' dir='ltr'><strong>linguarum,</strong></span> <span class='ocrx_word' id='word_1_499' title='bbox 3562 3252 3743 3308; x_wconf 90' lang='lat' dir='ltr'><strong>alium</strong></span> 
     </span>
    </p>
   </div>
   <div class='ocr_carea' id='block_1_63' title="bbox 438 3345 2030 3419">
    <p class='ocr_par' dir='ltr' id='par_1_63' title="bbox 438 3345 2030 3419">
     <span class='ocr_line' id='line_1_63' title="bbox 438 3345 2030 3419; baseline 0.003 -23"><span class='ocrx_word' id='word_1_500' title='bbox 438 3345 835 3416; x_wconf 85' lang='lat' dir='ltr'><strong>prOphetarum</strong></span> <span class='ocrx_word' id='word_1_501' title='bbox 865 3346 1146 3416; x_wconf 90' lang='lat' dir='ltr'><strong>pr0phctis</strong></span> <span class='ocrx_word' id='word_1_502' title='bbox 1177 3347 1460 3418; x_wconf 90' lang='lat' dir='ltr'><strong>subjectus</strong></span> <span class='ocrx_word' id='word_1_503' title='bbox 1489 3346 1596 3419; x_wconf 91' lang='lat' dir='ltr'><strong>est)</strong></span> <span class='ocrx_word' id='word_1_504' title='bbox 1644 3347 2030 3402; x_wconf 89' lang='lat' dir='ltr'><strong>intellexerunt</strong></span> 
     </span>
    </p>
   </div>
   <div class='ocr_carea' id='block_1_64' title="bbox 441 3439 2023 3510">
    <p class='ocr_par' dir='ltr' id='par_1_64' title="bbox 441 3439 2023 3510">
     <span class='ocr_line' id='line_1_64' title="bbox 441 3439 2023 3510; baseline 0.001 -18"><span class='ocrx_word' id='word_1_505' title='bbox 441 3439 626 3510; x_wconf 87' lang='lat' dir='ltr'><strong>utique</strong></span> <span class='ocrx_word' id='word_1_506' title='bbox 643 3455 762 3508; x_wconf 70' lang='lat' dir='ltr'><strong>quae</strong></span> <span class='ocrx_word' id='word_1_507' title='bbox 797 3440 962 3494; x_wconf 92' lang='lat' dir='ltr'><strong>locuti</strong></span> <span class='ocrx_word' id='word_1_508' title='bbox 989 3451 1134 3495; x_wconf 92' lang='lat' dir='ltr'><strong>sunt.</strong></span> <span class='ocrx_word' id='word_1_509' title='bbox 1164 3441 1229 3495; x_wconf 84' lang='lat' dir='ltr'><strong>Et</strong></span> <span class='ocrx_word' id='word_1_510' title='bbox 1254 3439 1297 3495; x_wconf 91' lang='lat' dir='ltr'><strong>si</strong></span> <span class='ocrx_word' id='word_1_511' title='bbox 1321 3441 1734 3506; x_wconf 79' lang='lat' dir='ltr'><strong>intellexerunt,</strong></span> <span class='ocrx_word' id='word_1_512' title='bbox 1759 3441 2023 3508; x_wconf 67' lang='lat' dir='ltr'><strong>quaeritur</strong></span> 
     </span>
    </p>
   </div>
   <div class='ocr_carea' id='block_1_65' title="bbox 438 3532 2032 3604">
    <p class='ocr_par' dir='ltr' id='par_1_65' title="bbox 438 3532 2032 3604">
     <span class='ocr_line' id='line_1_65' title="bbox 438 3532 2032 3604; baseline 0.003 -20"><span class='ocrx_word' id='word_1_513' title='bbox 438 3532 714 3602; x_wconf 89' lang='lat' dir='ltr'><strong>quomodo</strong></span> <span class='ocrx_word' id='word_1_514' title='bbox 745 3550 890 3587; x_wconf 91' lang='lat' dir='ltr'><strong>nunc</strong></span> <span class='ocrx_word' id='word_1_515' title='bbox 923 3533 1126 3590; x_wconf 90' lang='lat' dir='ltr'><strong>Paulus</strong></span> <span class='ocrx_word' id='word_1_516' title='bbox 1150 3535 1318 3604; x_wconf 89' lang='lat' dir='ltr'><strong>dicat,</strong></span> <span class='ocrx_word' id='word_1_517' title='bbox 1353 3535 1498 3603; x_wconf 91' lang='lat' dir='ltr'><strong>quod</strong></span> <span class='ocrx_word' id='word_1_518' title='bbox 1549 3535 1672 3590; x_wconf 88' lang='lat' dir='ltr'><strong>aliis</strong></span> <span class='ocrx_word' id='word_1_519' title='bbox 1721 3537 2032 3604; x_wconf 79' lang='lat' dir='ltr'><strong>generatio-</strong></span> 
     </span>
    </p>
   </div>
   <div class='ocr_carea' id='block_1_66' title="bbox 445 3626 2030 3699">
    <p class='ocr_par' dir='ltr' id='par_1_66' title="bbox 445 3626 2030 3699">
     <span class='ocr_line' id='line_1_66' title="bbox 445 3626 2030 3699; baseline 0.001 -17"><span class='ocrx_word' id='word_1_520' title='bbox 445 3626 604 3682; x_wconf 84' lang='lat' dir='ltr'><strong>uihus</strong></span> <span class='ocrx_word' id='word_1_521' title='bbox 627 3643 734 3681; x_wconf 91' lang='lat' dir='ltr'><strong>non</strong></span> <span class='ocrx_word' id='word_1_522' title='bbox 766 3626 867 3682; x_wconf 85' lang='lat' dir='ltr'><strong>fuit</strong></span> <span class='ocrx_word' id='word_1_523' title='bbox 891 3637 1102 3693; x_wconf 87' lang='lat' dir='ltr'><strong>notum,</strong></span> <span class='ocrx_word' id='word_1_524' title='bbox 1132 3630 1298 3684; x_wconf 85' lang='lat' dir='ltr'><strong>fuisse</strong></span> <span class='ocrx_word' id='word_1_525' title='bbox 1324 3628 1526 3684; x_wconf 88' lang='lat' dir='ltr'><strong>Christi</strong></span> <span class='ocrx_word' id='word_1_526' title='bbox 1576 3629 1839 3699; x_wconf 79' lang='lat' dir='ltr'><strong>aposmlis</strong></span> <span class='ocrx_word' id='word_1_527' title='bbox 1871 3644 2030 3684; x_wconf 80' lang='lat' dir='ltr'><strong>reve-</strong></span> 
     </span>
    </p>
   </div>
   <div class='ocr_carea' id='block_1_67' title="bbox 440 3719 2025 3795">
    <p class='ocr_par' dir='ltr' id='par_1_67' title="bbox 440 3719 2025 3795">
     <span class='ocr_line' id='line_1_67' title="bbox 440 3719 2025 3795; baseline 0.003 -21"><span class='ocrx_word' id='word_1_528' title='bbox 440 3719 629 3775; x_wconf 88' lang='lat' dir='ltr'><strong>latmu.</strong></span> <span class='ocrx_word' id='word_1_529' title='bbox 680 3725 784 3777; x_wconf 87' lang='lat' dir='ltr'><strong>Aut</strong></span> <span class='ocrx_word' id='word_1_530' title='bbox 837 3723 1002 3795; x_wconf 90' lang='lat' dir='ltr'><strong>igitur</strong></span> <span class='ocrx_word' id='word_1_531' title='bbox 1047 3723 1177 3778; x_wconf 92' lang='lat' dir='ltr'><strong>illud</strong></span> <span class='ocrx_word' id='word_1_532' title='bbox 1209 3731 1295 3778; x_wconf 91' lang='lat' dir='ltr'><strong>est</strong></span> <span class='ocrx_word' id='word_1_533' title='bbox 1348 3722 1829 3790; x_wconf 82' lang='lat' dir='ltr'><strong>reSpondendum,</strong></span> <span class='ocrx_word' id='word_1_534' title='bbox 1881 3723 2025 3794; x_wconf 87' lang='lat' dir='ltr'><strong>quod</strong></span> 
     </span>
    </p>
   </div>
   <div class='ocr_carea' id='block_1_68' title="bbox 439 3813 2034 3887">
    <p class='ocr_par' dir='ltr' id='par_1_68' title="bbox 439 3813 2034 3887">
     <span class='ocr_line' id='line_1_68' title="bbox 439 3813 2034 3887; baseline 0.003 -19"><span class='ocrx_word' id='word_1_535' title='bbox 439 3826 597 3868; x_wconf 87' lang='lat' dir='ltr'><strong>caute</strong></span> <span class='ocrx_word' id='word_1_536' title='bbox 637 3813 838 3870; x_wconf 77' lang='lat' dir='ltr'><strong>Paulus</strong></span> <span class='ocrx_word' id='word_1_537' title='bbox 881 3815 1272 3887; x_wconf 83' lang='lat' dir='ltr'><strong>signantcrque</strong></span> <span class='ocrx_word' id='word_1_538' title='bbox 1317 3825 1547 3871; x_wconf 87' lang='lat' dir='ltr'><strong>testatus</strong></span> <span class='ocrx_word' id='word_1_539' title='bbox 1577 3817 1668 3881; x_wconf 91' lang='lat' dir='ltr'><strong>sit,</strong></span> <span class='ocrx_word' id='word_1_540' title='bbox 1707 3817 1827 3871; x_wconf 88' lang='lat' dir='ltr'><strong>filiis</strong></span> <span class='ocrx_word' id='word_1_541' title='bbox 1857 3817 2034 3872; x_wconf 90' lang='lat' dir='ltr'><strong>homi-</strong></span> 
     </span>
    </p>
   </div>
   <div class='ocr_carea' id='block_1_69' title="bbox 441 3906 2030 3980">
    <p class='ocr_par' dir='ltr' id='par_1_69' title="bbox 441 3906 2030 3980">
     <span class='ocr_line' id='line_1_69' title="bbox 441 3906 2030 3980; baseline 0.003 -19"><span class='ocrx_word' id='word_1_542' title='bbox 441 3921 568 3961; x_wconf 90' lang='lat' dir='ltr'><strong>num</strong></span> <span class='ocrx_word' id='word_1_543' title='bbox 601 3906 840 3977; x_wconf 82' lang='lat' dir='ltr'><strong>ignotum</strong></span> <span class='ocrx_word' id='word_1_544' title='bbox 887 3907 1056 3964; x_wconf 82' lang='lat' dir='ltr'><strong>fuisse</strong></span> <span class='ocrx_word' id='word_1_545' title='bbox 1103 3910 1450 3980; x_wconf 88' lang='lat' dir='ltr'><strong>mysterium,</strong></span> <span class='ocrx_word' id='word_1_546' title='bbox 1485 3927 1592 3964; x_wconf 89' lang='lat' dir='ltr'><strong>non</strong></span> <span class='ocrx_word' id='word_1_547' title='bbox 1627 3910 1756 3965; x_wconf 91' lang='lat' dir='ltr'><strong>ﬁliis</strong></span> <span class='ocrx_word' id='word_1_548' title='bbox 1813 3911 1928 3977; x_wconf 86' lang='lat' dir='ltr'><strong>Dei,</strong></span> <span class='ocrx_word' id='word_1_549' title='bbox 1963 3912 2030 3965; x_wconf 90' lang='lat' dir='ltr'><strong>ad</strong></span> 
     </span>
    </p>
   </div>
   <div class='ocr_carea' id='block_1_70' title="bbox 439 3999 2033 4073">
    <p class='ocr_par' dir='ltr' id='par_1_70' title="bbox 439 3999 2033 4073">
     <span class='ocr_line' id='line_1_70' title="bbox 439 3999 2033 4073; baseline 0.006 -25"><span class='ocrx_word' id='word_1_550' title='bbox 439 4013 577 4070; x_wconf 87' lang='lat' dir='ltr'><strong>quos</strong></span> <span class='ocrx_word' id='word_1_551' title='bbox 625 4000 866 4070; x_wconf 86' lang='lat' dir='ltr'><strong>loquitur</strong></span> <span class='ocrx_word' id='word_1_552' title='bbox 898 4017 914 4056; x_wconf 95' lang='lat'><strong>:</strong></span> <span class='ocrx_word' id='word_1_553' title='bbox 947 3999 1062 4071; x_wconf 79' lang='lat' dir='ltr'><strong>Ego</strong></span> <span class='ocrx_word' id='word_1_554' title='bbox 1111 4001 1221 4055; x_wconf 76' lang='lat' dir='ltr'><strong>dixi</strong></span> <span class='ocrx_word' id='word_1_555' title='bbox 1252 4017 1270 4054; x_wconf 89' lang='grc'><strong>.·</strong></span> <span class='ocrx_word' id='word_1_556' title='bbox 1301 4003 1372 4054; x_wconf 90' lang='lat' dir='ltr'><strong>dii</strong></span> <span class='ocrx_word' id='word_1_557' title='bbox 1425 4004 1567 4069; x_wconf 86' lang='lat' dir='ltr'><strong>estis,</strong></span> <span class='ocrx_word' id='word_1_558' title='bbox 1616 4011 1662 4057; x_wconf 86' lang='lat' dir='ltr'><strong>et</strong></span> <span class='ocrx_word' id='word_1_559' title='bbox 1699 4003 1798 4073; x_wconf 81' lang='lat' dir='ltr'><strong>filii</strong></span> <span class='ocrx_word' id='word_1_560' title='bbox 1829 4003 2033 4058; x_wconf 68' lang='grc' dir='ltr'><strong>Επειδί</strong></span> 
     </span>
    </p>
   </div>
   <div class='ocr_carea' id='block_1_71' title="bbox 441 4091 2029 4165">
    <p class='ocr_par' dir='ltr' id='par_1_71' title="bbox 441 4091 2029 4165">
     <span class='ocr_line' id='line_1_71' title="bbox 441 4091 2029 4165; baseline 0.003 -19"><span class='ocrx_word' id='word_1_561' title='bbox 441 4109 614 4147; x_wconf 88' lang='lat' dir='ltr'><strong>omnes</strong></span> <span class='ocrx_word' id='word_1_562' title='bbox 640 4091 810 4160; x_wconf 87' lang='lat' dir='ltr'><strong>(Psal.</strong></span> <span class='ocrx_word' id='word_1_563' title='bbox 837 4109 1022 4157; x_wconf 75' lang='lat' dir='ltr'><strong>Lxxxt,</strong></span> <span class='ocrx_word' id='word_1_564' title='bbox 1048 4093 1128 4160; x_wconf 86' lang='lat'><strong>6).</strong></span> <span class='ocrx_word' id='word_1_565' title='bbox 1153 4093 1309 4160; x_wconf 82' lang='lat' dir='ltr'><strong>Quod</strong></span> <span class='ocrx_word' id='word_1_566' title='bbox 1331 4095 1539 4150; x_wconf 88' lang='lat' dir='ltr'><strong>scilicet</strong></span> <span class='ocrx_word' id='word_1_567' title='bbox 1571 4095 1623 4148; x_wconf 93' lang='lat' dir='ltr'><strong>hi</strong></span> <span class='ocrx_word' id='word_1_568' title='bbox 1651 4095 1740 4165; x_wconf 90' lang='lat' dir='ltr'><strong>qui</strong></span> <span class='ocrx_word' id='word_1_569' title='bbox 1774 4097 2029 4164; x_wconf 77' lang='lat' dir='ltr'><strong>spiritum</strong></span> 
     </span>
    </p>
   </div>
   <div class='ocr_carea' id='block_1_72' title="bbox 441 4184 2035 4259">
    <p class='ocr_par' dir='ltr' id='par_1_72' title="bbox 441 4184 2035 4259">
     <span class='ocr_line' id='line_1_72' title="bbox 441 4184 2035 4259; baseline 0.003 -19"><span class='ocrx_word' id='word_1_570' title='bbox 441 4184 752 4254; x_wconf 86' lang='lat' dir='ltr'><strong>adoptionis</strong></span> <span class='ocrx_word' id='word_1_571' title='bbox 803 4187 1147 4255; x_wconf 83' lang='lat' dir='ltr'><strong>acceperint,</strong></span> <span class='ocrx_word' id='word_1_572' title='bbox 1211 4188 1278 4242; x_wconf 92' lang='lat' dir='ltr'><strong>de</strong></span> <span class='ocrx_word' id='word_1_573' title='bbox 1331 4187 1530 4259; x_wconf 90' lang='lat' dir='ltr'><strong>quibus</strong></span> <span class='ocrx_word' id='word_1_574' title='bbox 1577 4189 1923 4259; x_wconf 66' lang='lat' dir='ltr'><strong>patriarchae,</strong></span> <span class='ocrx_word' id='word_1_575' title='bbox 1979 4203 2035 4245; x_wconf 89' lang='lat' dir='ltr'><strong>et</strong></span> 
     </span>
    </p>
   </div>
   <div class='ocr_carea' id='block_1_73' title="bbox 444 4277 2032 4348">
    <p class='ocr_par' dir='ltr' id='par_1_73' title="bbox 444 4277 2032 4348">
     <span class='ocr_line' id='line_1_73' title="bbox 444 4277 2032 4348; baseline 0.004 -17"><span class='ocrx_word' id='word_1_576' title='bbox 444 4277 726 4348; x_wconf 76' lang='lat' dir='ltr'><strong>prophetae</strong></span> <span class='ocrx_word' id='word_1_577' title='bbox 755 4279 979 4345; x_wconf 89' lang='lat' dir='ltr'><strong>fuerint,</strong></span> <span class='ocrx_word' id='word_1_578' title='bbox 1009 4280 1102 4334; x_wconf 87' lang='lat' dir='ltr'><strong>Dei</strong></span> <span class='ocrx_word' id='word_1_579' title='bbox 1137 4281 1362 4336; x_wconf 91' lang='lat' dir='ltr'><strong>scierint</strong></span> <span class='ocrx_word' id='word_1_580' title='bbox 1394 4291 1822 4338; x_wconf 82' lang='lat' dir='ltr'><strong>Sacramentum.</strong></span> <span class='ocrx_word' id='word_1_581' title='bbox 1856 4283 1958 4338; x_wconf 79' lang='lat' dir='ltr'><strong>Aut</strong></span> <span class='ocrx_word' id='word_1_582' title='bbox 1986 4285 2032 4338; x_wconf 90' lang='lat' dir='ltr'><strong>si</strong></span> 
     </span>
    </p>
   </div>
   <div class='ocr_carea' id='block_1_74' title="bbox 444 4372 2030 4442">
    <p class='ocr_par' dir='ltr' id='par_1_74' title="bbox 444 4372 2030 4442">
     <span class='ocr_line' id='line_1_74' title="bbox 444 4372 2030 4442; baseline 0.004 -16"><span class='ocrx_word' id='word_1_583' title='bbox 444 4372 547 4426; x_wconf 92' lang='lat' dir='ltr'><strong>hoc</strong></span> <span class='ocrx_word' id='word_1_584' title='bbox 581 4390 688 4427; x_wconf 82' lang='grc' dir='ltr'>ηυιι</span> <span class='ocrx_word' id='word_1_585' title='bbox 731 4375 1013 4442; x_wconf 89' lang='lat' dir='ltr'><strong>recipitur,</strong></span> <span class='ocrx_word' id='word_1_586' title='bbox 1038 4385 1092 4430; x_wconf 90' lang='lat' dir='ltr'><strong>et</strong></span> <span class='ocrx_word' id='word_1_587' title='bbox 1115 4376 1342 4430; x_wconf 87' lang='lat' dir='ltr'><strong>nimium</strong></span> <span class='ocrx_word' id='word_1_588' title='bbox 1371 4377 1670 4432; x_wconf 87' lang='lat' dir='ltr'><strong>violentum</strong></span> <span class='ocrx_word' id='word_1_589' title='bbox 1697 4386 1754 4432; x_wconf 89' lang='lat' dir='ltr'><strong>et</strong></span> <span class='ocrx_word' id='word_1_590' title='bbox 1777 4389 2030 4434; x_wconf 90' lang='lat' dir='ltr'><strong>coactum</strong></span> 
     </span>
    </p>
   </div>
   <div class='ocr_carea' id='block_1_75' title="bbox 446 4465 2034 4539">
    <p class='ocr_par' dir='ltr' id='par_1_75' title="bbox 446 4465 2034 4539">
     <span class='ocr_line' id='line_1_75' title="bbox 446 4465 2034 4539; baseline 0.007 -20"><span class='ocrx_word' id='word_1_591' title='bbox 446 4465 682 4534; x_wconf 73' lang='lat' dir='ltr'><strong>videtur,</strong></span> <span class='ocrx_word' id='word_1_592' title='bbox 714 4466 841 4522; x_wconf 92' lang='lat' dir='ltr'><strong>illuc</strong></span> <span class='ocrx_word' id='word_1_593' title='bbox 870 4482 1051 4523; x_wconf 91' lang='lat' dir='ltr'><strong>sermo</strong></span> <span class='ocrx_word' id='word_1_594' title='bbox 1084 4469 1353 4539; x_wconf 90' lang='lat' dir='ltr'><strong>transibit,</strong></span> <span class='ocrx_word' id='word_1_595' title='bbox 1401 4479 1462 4525; x_wconf 92' lang='lat' dir='ltr'><strong>ut</strong></span> <span class='ocrx_word' id='word_1_596' title='bbox 1490 4471 1637 4525; x_wconf 88' lang='lat' dir='ltr'><strong>dicat</strong></span> <span class='ocrx_word' id='word_1_597' title='bbox 1669 4487 1774 4526; x_wconf 90' lang='lat' dir='ltr'><strong>non</strong></span> <span class='ocrx_word' id='word_1_598' title='bbox 1807 4472 2034 4530; x_wconf 79' lang='lat' dir='ltr'><strong>definite</strong></span> 
     </span>
    </p>
   </div>
   <div class='ocr_carea' id='block_1_76' title="bbox 445 4560 2032 4635">
    <p class='ocr_par' dir='ltr' id='par_1_76' title="bbox 445 4560 2032 4635">
     <span class='ocr_line' id='line_1_76' title="bbox 445 4560 2032 4635; baseline 0.004 -23"><span class='ocrx_word' id='word_1_599' title='bbox 445 4570 498 4612; x_wconf 89' lang='lat' dir='ltr'><strong>et</strong></span> <span class='ocrx_word' id='word_1_600' title='bbox 531 4560 860 4629; x_wconf 84' lang='lat' dir='ltr'><strong>generaliter</strong></span> <span class='ocrx_word' id='word_1_601' title='bbox 890 4561 1092 4617; x_wconf 85' lang='lat' dir='ltr'><strong>dixisse</strong></span> <span class='ocrx_word' id='word_1_602' title='bbox 1124 4561 1351 4616; x_wconf 89' lang='lat' dir='ltr'><strong>Paulum</strong></span> <span class='ocrx_word' id='word_1_603' title='bbox 1409 4562 1534 4618; x_wconf 89' lang='lat' dir='ltr'><strong>aliis</strong></span> <span class='ocrx_word' id='word_1_604' title='bbox 1577 4564 2032 4635; x_wconf 89' lang='lat' dir='ltr'><strong>generationibus</strong></span> 
     </span>
    </p>
   </div>
   <div class='ocr_carea' id='block_1_77' title="bbox 2134 3345 3748 3416">
    <p class='ocr_par' dir='ltr' id='par_1_77' title="bbox 2134 3345 3748 3416">
     <span class='ocr_line' id='line_1_77' title="bbox 2134 3345 3748 3416; baseline 0 -16"><span class='ocrx_word' id='word_1_605' title='bbox 2134 3346 2274 3400; x_wconf 90' lang='lat' dir='ltr'><strong>dona</strong></span> <span class='ocrx_word' id='word_1_606' title='bbox 2301 3348 2674 3412; x_wconf 89' lang='lat' dir='ltr'><strong>curationum,</strong></span> <span class='ocrx_word' id='word_1_607' title='bbox 2707 3345 2875 3400; x_wconf 90' lang='lat' dir='ltr'><strong>alium</strong></span> <span class='ocrx_word' id='word_1_608' title='bbox 2922 3345 3315 3416; x_wconf 88' lang='lat' dir='ltr'><strong>opitulationes</strong></span> <span class='ocrx_word' id='word_1_609' title='bbox 3361 3355 3416 3401; x_wconf 90' lang='lat' dir='ltr'><strong>et</strong></span> <span class='ocrx_word' id='word_1_610' title='bbox 3453 3346 3748 3416; x_wconf 89' lang='lat' dir='ltr'><strong>guberna-</strong></span> 
     </span>
    </p>
   </div>
   <div class='ocr_carea' id='block_1_78' title="bbox 2136 3438 3748 3510">
    <p class='ocr_par' dir='ltr' id='par_1_78' title="bbox 2136 3438 3748 3510">
     <span class='ocr_line' id='line_1_78' title="bbox 2136 3438 3748 3510; baseline -0.001 -14"><span class='ocrx_word' id='word_1_611' title='bbox 2136 3441 2336 3505; x_wconf 90' lang='lat' dir='ltr'><strong>tiones,</strong></span> <span class='ocrx_word' id='word_1_612' title='bbox 2370 3441 2522 3494; x_wconf 90' lang='lat' dir='ltr'><strong>illum</strong></span> <span class='ocrx_word' id='word_1_613' title='bbox 2579 3455 2704 3495; x_wconf 74' lang='lat' dir='ltr'><strong>esse</strong></span> <span class='ocrx_word' id='word_1_614' title='bbox 2752 3441 3083 3510; x_wconf 88' lang='lat' dir='ltr'><strong>sapientem,</strong></span> <span class='ocrx_word' id='word_1_615' title='bbox 3122 3439 3266 3496; x_wconf 91' lang='lat' dir='ltr'><strong>hunc</strong></span> <span class='ocrx_word' id='word_1_616' title='bbox 3295 3438 3534 3505; x_wconf 89' lang='lat' dir='ltr'><strong>ﬁdelem,</strong></span> <span class='ocrx_word' id='word_1_617' title='bbox 3567 3439 3748 3495; x_wconf 86' lang='lat' dir='ltr'><strong>istum</strong></span> 
     </span>
    </p>
   </div>
   <div class='ocr_carea' id='block_1_79' title="bbox 2135 3531 3749 3604">
    <p class='ocr_par' dir='ltr' id='par_1_79' title="bbox 2135 3531 3749 3604">
     <span class='ocr_line' id='line_1_79' title="bbox 2135 3531 3749 3604; baseline 0 -16"><span class='ocrx_word' id='word_1_618' title='bbox 2135 3533 2342 3604; x_wconf 89' lang='lat' dir='ltr'><strong>pollere</strong></span> <span class='ocrx_word' id='word_1_619' title='bbox 2375 3533 2604 3588; x_wconf 83' lang='lat' dir='ltr'><strong>scientia</strong></span> <span class='ocrx_word' id='word_1_620' title='bbox 2649 3543 3014 3599; x_wconf 89' lang='lat' dir='ltr'><strong>secretorum,</strong></span> <span class='ocrx_word' id='word_1_621' title='bbox 3049 3531 3201 3588; x_wconf 91' lang='lat' dir='ltr'><strong>illum</strong></span> <span class='ocrx_word' id='word_1_622' title='bbox 3249 3533 3482 3604; x_wconf 81' lang='lat' dir='ltr'><strong>simplici</strong></span> <span class='ocrx_word' id='word_1_623' title='bbox 3515 3541 3749 3588; x_wconf 88' lang='lat' dir='ltr'><strong>tantum</strong></span> 
     </span>
    </p>
   </div>
   <div class='ocr_carea' id='block_1_80' title="bbox 2137 3627 3743 3700">
    <p class='ocr_par' dir='ltr' id='par_1_80' title="bbox 2137 3627 3743 3700">
     <span class='ocr_line' id='line_1_80' title="bbox 2137 3627 3743 3700; baseline 0.001 -17"><span class='ocrx_word' id='word_1_624' title='bbox 2137 3627 2244 3684; x_wconf 90' lang='lat' dir='ltr'><strong>ﬁde</strong></span> <span class='ocrx_word' id='word_1_625' title='bbox 2315 3643 2437 3684; x_wconf 91' lang='lat' dir='ltr'><strong>esse</strong></span> <span class='ocrx_word' id='word_1_626' title='bbox 2485 3636 2800 3684; x_wconf 87' lang='lat' dir='ltr'><strong>contentum</strong></span> <span class='ocrx_word' id='word_1_627' title='bbox 2880 3630 2936 3700; x_wconf 93' lang='lat' dir='ltr'><strong>(I</strong></span> <span class='ocrx_word' id='word_1_628' title='bbox 2969 3629 3090 3682; x_wconf 89' lang='lat' dir='ltr'><strong>Cor.</strong></span> <span class='ocrx_word' id='word_1_629' title='bbox 3141 3630 3275 3699; x_wconf 89' lang='lat' dir='ltr'><strong>xtt).</strong></span> <span class='ocrx_word' id='word_1_630' title='bbox 3332 3627 3525 3700; x_wconf 83' lang='lat' dir='ltr'><strong>Neque</strong></span> <span class='ocrx_word' id='word_1_631' title='bbox 3579 3631 3743 3684; x_wconf 87' lang='lat' dir='ltr'><strong>enim</strong></span> 
     </span>
    </p>
   </div>
   <div class='ocr_carea' id='block_1_81' title="bbox 2135 3720 3748 3791">
    <p class='ocr_par' dir='ltr' id='par_1_81' title="bbox 2135 3720 3748 3791">
     <span class='ocr_line' id='line_1_81' title="bbox 2135 3720 3748 3791; baseline 0.001 -14"><span class='ocrx_word' id='word_1_632' title='bbox 2135 3736 2332 3777; x_wconf 89' lang='lat' dir='ltr'><strong>omnes</strong></span> <span class='ocrx_word' id='word_1_633' title='bbox 2356 3721 2410 3776; x_wconf 90' lang='lat' dir='ltr'><strong>in</strong></span> <span class='ocrx_word' id='word_1_634' title='bbox 2434 3721 2740 3791; x_wconf 89' lang='lat' dir='ltr'><strong>exemplum</strong></span> <span class='ocrx_word' id='word_1_635' title='bbox 2763 3720 3081 3777; x_wconf 90' lang='lat' dir='ltr'><strong>Salomonis</strong></span> <span class='ocrx_word' id='word_1_636' title='bbox 3099 3720 3167 3776; x_wconf 90' lang='lat' dir='ltr'><strong>de</strong></span> <span class='ocrx_word' id='word_1_637' title='bbox 3189 3725 3400 3777; x_wconf 90' lang='lat' dir='ltr'><strong>naturis</strong></span> <span class='ocrx_word' id='word_1_638' title='bbox 3429 3722 3748 3778; x_wconf 89' lang='lat' dir='ltr'><strong>bestiarum</strong></span> 
     </span>
    </p>
   </div>
   <div class='ocr_carea' id='block_1_82' title="bbox 2135 3813 3750 3882">
    <p class='ocr_par' dir='ltr' id='par_1_82' title="bbox 2135 3813 3750 3882">
     <span class='ocr_line' id='line_1_82' title="bbox 2135 3813 3750 3882; baseline 0.001 -12"><span class='ocrx_word' id='word_1_639' title='bbox 2135 3824 2192 3870; x_wconf 87' lang='lat' dir='ltr'><strong>et</strong></span> <span class='ocrx_word' id='word_1_640' title='bbox 2212 3815 2519 3882; x_wconf 87' lang='lat' dir='ltr'><strong>volucrum,</strong></span> <span class='ocrx_word' id='word_1_641' title='bbox 2547 3824 2604 3868; x_wconf 91' lang='lat' dir='ltr'><strong>et</strong></span> <span class='ocrx_word' id='word_1_642' title='bbox 2654 3813 2948 3870; x_wconf 87' lang='lat' dir='ltr'><strong>herbarum</strong></span> <span class='ocrx_word' id='word_1_643' title='bbox 2996 3815 3249 3870; x_wconf 86' lang='lat' dir='ltr'><strong>similiter</strong></span> <span class='ocrx_word' id='word_1_644' title='bbox 3277 3825 3405 3871; x_wconf 89' lang='lat' dir='ltr'><strong>sunt</strong></span> <span class='ocrx_word' id='word_1_645' title='bbox 3454 3816 3656 3881; x_wconf 87' lang='lat' dir='ltr'><strong>locuti,</strong></span> <span class='ocrx_word' id='word_1_646' title='bbox 3689 3825 3750 3872; x_wconf 89' lang='lat' dir='ltr'><strong>ut</strong></span> 
     </span>
    </p>
   </div>
   <div class='ocr_carea' id='block_1_83' title="bbox 2137 3907 3745 3980">
    <p class='ocr_par' dir='ltr' id='par_1_83' title="bbox 2137 3907 3745 3980">
     <span class='ocr_line' id='line_1_83' title="bbox 2137 3907 3745 3980; baseline -0.001 -17"><span class='ocrx_word' id='word_1_647' title='bbox 2137 3908 2480 3978; x_wconf 89' lang='lat' dir='ltr'><strong>disputarent</strong></span> <span class='ocrx_word' id='word_1_648' title='bbox 2527 3925 2558 3962; x_wconf 95' lang='lat' dir='ltr'><strong>a</strong></span> <span class='ocrx_word' id='word_1_649' title='bbox 2613 3907 2778 3963; x_wconf 92' lang='lat' dir='ltr'><strong>cedro</strong></span> <span class='ocrx_word' id='word_1_650' title='bbox 2821 3907 3034 3971; x_wconf 83' lang='lat' dir='ltr'><strong>Libani,</strong></span> <span class='ocrx_word' id='word_1_651' title='bbox 3082 3922 3257 3978; x_wconf 91' lang='lat' dir='ltr'><strong>usque</strong></span> <span class='ocrx_word' id='word_1_652' title='bbox 3295 3908 3363 3963; x_wconf 91' lang='lat' dir='ltr'><strong>ad</strong></span> <span class='ocrx_word' id='word_1_653' title='bbox 3395 3908 3745 3980; x_wconf 80' lang='lat' dir='ltr'><strong>bySSOpum,</strong></span> 
     </span>
    </p>
   </div>
   <div class='ocr_carea' id='block_1_84' title="bbox 2137 4000 3748 4070">
    <p class='ocr_par' dir='ltr' id='par_1_84' title="bbox 2137 4000 3748 4070">
     <span class='ocr_line' id='line_1_84' title="bbox 2137 4000 3748 4070; baseline 0.004 -18"><span class='ocrx_word' id='word_1_654' title='bbox 2137 4019 2257 4070; x_wconf 66' lang='lat' dir='ltr'><strong>qua:</strong></span> <span class='ocrx_word' id='word_1_655' title='bbox 2284 4001 2421 4056; x_wconf 82' lang='lat' dir='ltr'><strong>exiit</strong></span> <span class='ocrx_word' id='word_1_656' title='bbox 2470 4016 2564 4070; x_wconf 89' lang='lat' dir='ltr'><strong>per</strong></span> <span class='ocrx_word' id='word_1_657' title='bbox 2609 4003 2894 4070; x_wconf 86' lang='lat' dir='ltr'><strong>parietem.</strong></span> <span class='ocrx_word' id='word_1_658' title='bbox 2951 4000 3276 4057; x_wconf 90' lang='lat' dir='ltr'><strong>Econtrario</strong></span> <span class='ocrx_word' id='word_1_659' title='bbox 3325 4001 3590 4058; x_wconf 89' lang='lat' dir='ltr'><strong>Salomon</strong></span> <span class='ocrx_word' id='word_1_660' title='bbox 3625 4019 3748 4058; x_wconf 88' lang='lat' dir='ltr'><strong>non</strong></span> 
     </span>
    </p>
   </div>
   <div class='ocr_carea' id='block_1_85' title="bbox 2137 4091 3749 4164">
    <p class='ocr_par' dir='ltr' id='par_1_85' title="bbox 2137 4091 3749 4164">
     <span class='ocr_line' id='line_1_85' title="bbox 2137 4091 3749 4164; baseline 0 -16"><span class='ocrx_word' id='word_1_661' title='bbox 2137 4094 2210 4148; x_wconf 88' lang='lat' dir='ltr'><strong>ita</strong></span> <span class='ocrx_word' id='word_1_662' title='bbox 2243 4091 2470 4147; x_wconf 83' lang='lat' dir='ltr'><strong>forsitan</strong></span> <span class='ocrx_word' id='word_1_663' title='bbox 2498 4092 2719 4158; x_wconf 88' lang='lat' dir='ltr'><strong>viderit,</strong></span> <span class='ocrx_word' id='word_1_664' title='bbox 2753 4105 2808 4145; x_wconf 91' lang='lat' dir='ltr'><strong>ut</strong></span> <span class='ocrx_word' id='word_1_665' title='bbox 2838 4091 3056 4160; x_wconf 84' lang='lat' dir='ltr'><strong>Moyses</strong></span> <span class='ocrx_word' id='word_1_666' title='bbox 3101 4108 3289 4148; x_wconf 88' lang='lat' dir='ltr'><strong>omnes</strong></span> <span class='ocrx_word' id='word_1_667' title='bbox 3316 4092 3534 4164; x_wconf 89' lang='lat' dir='ltr'><strong>species</strong></span> <span class='ocrx_word' id='word_1_668' title='bbox 3575 4093 3749 4150; x_wconf 84' lang='lat' dir='ltr'><strong>victi-</strong></span> 
     </span>
    </p>
   </div>
   <div class='ocr_carea' id='block_1_86' title="bbox 2138 4185 3752 4253">
    <p class='ocr_par' dir='ltr' id='par_1_86' title="bbox 2138 4185 3752 4253">
     <span class='ocr_line' id='line_1_86' title="bbox 2138 4185 3752 4253; baseline 0.002 -14"><span class='ocrx_word' id='word_1_669' title='bbox 2138 4201 2376 4253; x_wconf 85' lang='lat' dir='ltr'><strong>marum,</strong></span> <span class='ocrx_word' id='word_1_670' title='bbox 2405 4196 2460 4240; x_wconf 92' lang='lat' dir='ltr'><strong>et</strong></span> <span class='ocrx_word' id='word_1_671' title='bbox 2486 4186 2714 4240; x_wconf 75' lang='lat' dir='ltr'><strong>cultura:</strong></span> <span class='ocrx_word' id='word_1_672' title='bbox 2746 4186 2878 4250; x_wconf 88' lang='lat' dir='ltr'><strong>Dei;</strong></span> <span class='ocrx_word' id='word_1_673' title='bbox 2915 4200 3016 4240; x_wconf 90' lang='lat' dir='ltr'><strong>nec</strong></span> <span class='ocrx_word' id='word_1_674' title='bbox 3043 4185 3092 4240; x_wconf 92' lang='lat' dir='ltr'><strong>ei</strong></span> <span class='ocrx_word' id='word_1_675' title='bbox 3121 4186 3258 4241; x_wconf 79' lang='lat' dir='ltr'><strong>facie</strong></span> <span class='ocrx_word' id='word_1_676' title='bbox 3309 4186 3374 4240; x_wconf 92' lang='lat' dir='ltr'><strong>ad</strong></span> <span class='ocrx_word' id='word_1_677' title='bbox 3411 4186 3614 4243; x_wconf 88' lang='lat' dir='ltr'><strong>faciem</strong></span> <span class='ocrx_word' id='word_1_678' title='bbox 3672 4190 3752 4244; x_wconf 88' lang='lat' dir='ltr'><strong>sit</strong></span> 
     </span>
    </p>
   </div>
   <div class='ocr_carea' id='block_1_87' title="bbox 2139 4279 3754 4348">
    <p class='ocr_par' dir='ltr' id='par_1_87' title="bbox 2139 4279 3754 4348">
     <span class='ocr_line' id='line_1_87' title="bbox 2139 4279 3754 4348; baseline 0.002 -14"><span class='ocrx_word' id='word_1_679' title='bbox 2139 4279 2352 4334; x_wconf 85' lang='lat' dir='ltr'><strong>loeutus</strong></span> <span class='ocrx_word' id='word_1_680' title='bbox 2381 4279 2668 4344; x_wconf 88' lang='lat' dir='ltr'><strong>Dominus,</strong></span> <span class='ocrx_word' id='word_1_681' title='bbox 2696 4293 2796 4334; x_wconf 90' lang='lat' dir='ltr'><strong>nec</strong></span> <span class='ocrx_word' id='word_1_682' title='bbox 2826 4293 3083 4334; x_wconf 90' lang='lat' dir='ltr'><strong>vasorum</strong></span> <span class='ocrx_word' id='word_1_683' title='bbox 3109 4291 3314 4334; x_wconf 91' lang='lat' dir='ltr'><strong>tantam</strong></span> <span class='ocrx_word' id='word_1_684' title='bbox 3342 4281 3428 4335; x_wconf 87' lang='lat' dir='ltr'><strong>vel</strong></span> <span class='ocrx_word' id='word_1_685' title='bbox 3455 4280 3754 4348; x_wconf 90' lang='lat' dir='ltr'><strong>habuerit,</strong></span> 
     </span>
    </p>
   </div>
   <div class='ocr_carea' id='block_1_88' title="bbox 2137 4371 3755 4448">
    <p class='ocr_par' dir='ltr' id='par_1_88' title="bbox 2137 4371 3755 4448">
     <span class='ocr_line' id='line_1_88' title="bbox 2137 4371 3755 4448; baseline 0.001 -20"><span class='ocrx_word' id='word_1_686' title='bbox 2137 4374 2222 4428; x_wconf 90' lang='lat' dir='ltr'><strong>vel</strong></span> <span class='ocrx_word' id='word_1_687' title='bbox 2257 4373 2585 4428; x_wconf 82' lang='lat' dir='ltr'><strong>intellexerit</strong></span> <span class='ocrx_word' id='word_1_688' title='bbox 2614 4371 3034 4443; x_wconf 88' lang='lat' dir='ltr'><strong>supellectilem,</strong></span> <span class='ocrx_word' id='word_1_689' title='bbox 3084 4390 3312 4445; x_wconf 91' lang='lat' dir='ltr'><strong>quorum</strong></span> <span class='ocrx_word' id='word_1_690' title='bbox 3345 4382 3536 4448; x_wconf 84' lang='lat' dir='ltr'><strong>typum</strong></span> <span class='ocrx_word' id='word_1_691' title='bbox 3572 4374 3659 4430; x_wconf 91' lang='lat' dir='ltr'><strong>illi</strong></span> <span class='ocrx_word' id='word_1_692' title='bbox 3695 4377 3755 4430; x_wconf 89' lang='lat' dir='ltr'><strong>in</strong></span> 
     </span>
    </p>
   </div>
   <div class='ocr_carea' id='block_1_89' title="bbox 2139 4465 3751 4538">
    <p class='ocr_par' dir='ltr' id='par_1_89' title="bbox 2139 4465 3751 4538">
     <span class='ocr_line' id='line_1_89' title="bbox 2139 4465 3751 4538; baseline 0.002 -16"><span class='ocrx_word' id='word_1_693' title='bbox 2139 4477 2322 4523; x_wconf 90' lang='lat' dir='ltr'><strong>monte</strong></span> <span class='ocrx_word' id='word_1_694' title='bbox 2351 4467 2613 4522; x_wconf 90' lang='lat' dir='ltr'><strong>Dominus</strong></span> <span class='ocrx_word' id='word_1_695' title='bbox 2645 4465 2886 4521; x_wconf 88' lang='lat' dir='ltr'><strong>ostendit</strong></span> <span class='ocrx_word' id='word_1_696' title='bbox 2917 4467 3010 4535; x_wconf 92' lang='lat' dir='ltr'><strong>(III</strong></span> <span class='ocrx_word' id='word_1_697' title='bbox 3043 4468 3166 4538; x_wconf 87' lang='lat' dir='ltr'><strong>Reg.</strong></span> <span class='ocrx_word' id='word_1_698' title='bbox 3194 4484 3286 4533; x_wconf 83' lang='lat' dir='ltr'><strong>tv;</strong></span> <span class='ocrx_word' id='word_1_699' title='bbox 3334 4467 3510 4522; x_wconf 79' lang='lat' dir='ltr'><strong>Exod.</strong></span> <span class='ocrx_word' id='word_1_700' title='bbox 3538 4484 3751 4536; x_wconf 85' lang='grc' dir='ltr'>χχχιιι,</span> 
     </span>
    </p>
   </div>
   <div class='ocr_carea' id='block_1_90' title="bbox 2141 4559 3756 4632">
    <p class='ocr_par' dir='ltr' id='par_1_90' title="bbox 2141 4559 3756 4632">
     <span class='ocr_line' id='line_1_90' title="bbox 2141 4559 3756 4632; baseline 0.004 -18"><span class='ocrx_word' id='word_1_701' title='bbox 2141 4561 2294 4630; x_wconf 86' lang='lat' dir='ltr'><strong>xxv).</strong></span> <span class='ocrx_word' id='word_1_702' title='bbox 2328 4561 2391 4614; x_wconf 79' lang='lat' dir='ltr'><strong>Et</strong></span> <span class='ocrx_word' id='word_1_703' title='bbox 2419 4559 2698 4630; x_wconf 89' lang='lat' dir='ltr'><strong>quomodo</strong></span> <span class='ocrx_word' id='word_1_704' title='bbox 2730 4561 3079 4630; x_wconf 79' lang='lat' dir='ltr'><strong>patriarchae,</strong></span> <span class='ocrx_word' id='word_1_705' title='bbox 3128 4571 3180 4616; x_wconf 91' lang='lat' dir='ltr'><strong>et</strong></span> <span class='ocrx_word' id='word_1_706' title='bbox 3210 4562 3495 4632; x_wconf 71' lang='lat' dir='ltr'><strong>propheta:</strong></span> <span class='ocrx_word' id='word_1_707' title='bbox 3528 4561 3756 4620; x_wconf 77' lang='lat' dir='ltr'><strong>habue-</strong></span> 
     </span>
    </p>
   </div>
   <div class='ocr_carea' id='block_1_91' title="bbox 447 4636 3752 4724">
    <p class='ocr_par' dir='ltr' id='par_1_91' title="bbox 447 4636 3752 4724">
     <span class='ocr_line' id='line_1_91' title="bbox 447 4636 3752 4724; baseline 0.002 -18"><span class='ocrx_word' id='word_1_708' title='bbox 447 4652 689 4723; x_wconf 86' lang='lat' dir='ltr'><strong>ignotum</strong></span> <span class='ocrx_word' id='word_1_709' title='bbox 724 4651 890 4708; x_wconf 81' lang='lat' dir='ltr'><strong>fuisse</strong></span> <span class='ocrx_word' id='word_1_710' title='bbox 917 4655 1144 4708; x_wconf 88' lang='lat' dir='ltr'><strong>omnino</strong></span> <span class='ocrx_word' id='word_1_711' title='bbox 1186 4655 1399 4709; x_wconf 92' lang='lat' dir='ltr'><strong>Domini</strong></span> <span class='ocrx_word' id='word_1_712' title='bbox 1431 4665 1834 4710; x_wconf 87' lang='lat' dir='ltr'><strong>sacramentum</strong></span> <span class='ocrx_word' id='word_1_713' title='bbox 1872 4675 1884 4709; x_wconf 93' lang='lat'><strong>:</strong></span> <span class='ocrx_word' id='word_1_714' title='bbox 1933 4657 2027 4712; x_wconf 90' lang='lat' dir='ltr'><strong>sed</strong></span> <span class='ocrx_word' id='word_1_715' title='bbox 2061 4636 2116 4698; x_wconf 80' lang='grc' dir='ltr'><strong>Ῑ)</strong></span> <span class='ocrx_word' id='word_1_716' title='bbox 2143 4664 2266 4709; x_wconf 90' lang='lat' dir='ltr'><strong>runt</strong></span> <span class='ocrx_word' id='word_1_717' title='bbox 2291 4654 2468 4724; x_wconf 88' lang='lat' dir='ltr'><strong>aliqua</strong></span> <span class='ocrx_word' id='word_1_718' title='bbox 2496 4669 2618 4723; x_wconf 70' lang='lat' dir='ltr'><strong>qua:</strong></span> <span class='ocrx_word' id='word_1_719' title='bbox 2647 4655 2929 4718; x_wconf 89' lang='lat' dir='ltr'><strong>apostolos</strong></span> <span class='ocrx_word' id='word_1_720' title='bbox 2961 4672 3066 4710; x_wconf 91' lang='lat' dir='ltr'><strong>non</strong></span> <span class='ocrx_word' id='word_1_721' title='bbox 3098 4655 3352 4710; x_wconf 89' lang='lat' dir='ltr'><strong>habuisse</strong></span> <span class='ocrx_word' id='word_1_722' title='bbox 3390 4655 3752 4714; x_wconf 88' lang='lat' dir='ltr'><strong>credendum</strong></span> 
     </span>
    </p>
   </div>
   <div class='ocr_carea' id='block_1_92' title="bbox 443 4747 2035 4823">
    <p class='ocr_par' dir='ltr' id='par_1_92' title="bbox 443 4747 2035 4823">
     <span class='ocr_line' id='line_1_92' title="bbox 443 4747 2035 4823; baseline 0.005 -23"><span class='ocrx_word' id='word_1_723' title='bbox 443 4749 522 4800; x_wconf 91' lang='lat' dir='ltr'><strong>sic</strong></span> <span class='ocrx_word' id='word_1_724' title='bbox 553 4747 826 4816; x_wconf 86' lang='lat' dir='ltr'><strong>quomodo</strong></span> <span class='ocrx_word' id='word_1_725' title='bbox 877 4763 1022 4803; x_wconf 89' lang='lat' dir='ltr'><strong>nunc</strong></span> <span class='ocrx_word' id='word_1_726' title='bbox 1069 4751 1368 4803; x_wconf 77' lang='lat' dir='ltr'><strong>reVelatum</strong></span> <span class='ocrx_word' id='word_1_727' title='bbox 1424 4759 1509 4805; x_wconf 91' lang='lat' dir='ltr'><strong>est</strong></span> <span class='ocrx_word' id='word_1_728' title='bbox 1567 4751 1774 4806; x_wconf 88' lang='lat' dir='ltr'><strong>sanctis</strong></span> <span class='ocrx_word' id='word_1_729' title='bbox 1819 4752 1936 4823; x_wconf 90' lang='lat' dir='ltr'><strong>ejus</strong></span> <span class='ocrx_word' id='word_1_730' title='bbox 1979 4763 2035 4808; x_wconf 92' lang='lat' dir='ltr'><strong>et</strong></span> 
     </span>
    </p>
   </div>
   <div class='ocr_carea' id='block_1_93' title="bbox 443 4839 2029 4916">
    <p class='ocr_par' dir='ltr' id='par_1_93' title="bbox 443 4839 2029 4916">
     <span class='ocr_line' id='line_1_93' title="bbox 443 4839 2029 4916; baseline 0.006 -22"><span class='ocrx_word' id='word_1_731' title='bbox 443 4839 728 4908; x_wconf 87' lang='lat' dir='ltr'><strong>apostolis,</strong></span> <span class='ocrx_word' id='word_1_732' title='bbox 757 4841 994 4897; x_wconf 89' lang='lat' dir='ltr'><strong>nescisse</strong></span> <span class='ocrx_word' id='word_1_733' title='bbox 1023 4841 1358 4910; x_wconf 85' lang='lat' dir='ltr'><strong>patriarchas</strong></span> <span class='ocrx_word' id='word_1_734' title='bbox 1381 4855 1614 4913; x_wconf 88' lang='lat' dir='ltr'><strong>veteres,</strong></span> <span class='ocrx_word' id='word_1_735' title='bbox 1639 4854 1694 4899; x_wconf 92' lang='lat' dir='ltr'><strong>et</strong></span> <span class='ocrx_word' id='word_1_736' title='bbox 1713 4845 2029 4916; x_wconf 88' lang='lat' dir='ltr'><strong>prophetas.</strong></span> 
     </span>
    </p>
   </div>
   <div class='ocr_carea' id='block_1_94' title="bbox 449 4931 2034 5008">
    <p class='ocr_par' dir='ltr' id='par_1_94' title="bbox 449 4931 2034 5008">
     <span class='ocr_line' id='line_1_94' title="bbox 449 4931 2034 5008; baseline 0.004 -20"><span class='ocrx_word' id='word_1_737' title='bbox 449 4931 607 4988; x_wconf 87' lang='lat' dir='ltr'><strong>Aliud</strong></span> <span class='ocrx_word' id='word_1_738' title='bbox 637 4944 719 4986; x_wconf 89' lang='lat' dir='ltr'><strong>est</strong></span> <span class='ocrx_word' id='word_1_739' title='bbox 751 4933 892 4988; x_wconf 90' lang='lat' dir='ltr'><strong>enim</strong></span> <span class='ocrx_word' id='word_1_740' title='bbox 923 4933 974 4988; x_wconf 92' lang='lat' dir='ltr'><strong>in</strong></span> <span class='ocrx_word' id='word_1_741' title='bbox 1003 4935 1195 5004; x_wconf 90' lang='lat' dir='ltr'><strong>spiritu</strong></span> <span class='ocrx_word' id='word_1_742' title='bbox 1239 4943 1464 4990; x_wconf 86' lang='lat' dir='ltr'><strong>ventura</strong></span> <span class='ocrx_word' id='word_1_743' title='bbox 1509 4953 1862 5008; x_wconf 84' lang='lat' dir='ltr'><strong>cognoscere,</strong></span> <span class='ocrx_word' id='word_1_744' title='bbox 1888 4939 2034 4994; x_wconf 85' lang='lat' dir='ltr'><strong>aliud</strong></span> 
     </span>
    </p>
   </div>
   <div class='ocr_carea' id='block_1_95' title="bbox 443 5028 2034 5099">
    <p class='ocr_par' dir='ltr' id='par_1_95' title="bbox 443 5028 2034 5099">
     <span class='ocr_line' id='line_1_95' title="bbox 443 5028 2034 5099; baseline 0.003 -18"><span class='ocrx_word' id='word_1_745' title='bbox 443 5041 507 5082; x_wconf 86' lang='lat' dir='ltr'><strong>ea</strong></span> <span class='ocrx_word' id='word_1_746' title='bbox 537 5041 764 5081; x_wconf 84' lang='lat' dir='ltr'><strong>cernere</strong></span> <span class='ocrx_word' id='word_1_747' title='bbox 793 5041 958 5096; x_wconf 85' lang='lat' dir='ltr'><strong>opere</strong></span> <span class='ocrx_word' id='word_1_748' title='bbox 986 5028 1275 5097; x_wconf 82' lang='lat' dir='ltr'><strong>cctuplcta.</strong></span> <span class='ocrx_word' id='word_1_749' title='bbox 1323 5028 1476 5085; x_wconf 86' lang='lat' dir='ltr'><strong>Unde</strong></span> <span class='ocrx_word' id='word_1_750' title='bbox 1521 5039 1578 5085; x_wconf 89' lang='lat' dir='ltr'><strong>et</strong></span> <span class='ocrx_word' id='word_1_751' title='bbox 1625 5031 1862 5086; x_wconf 86' lang='lat' dir='ltr'><strong>Joannes</strong></span> <span class='ocrx_word' id='word_1_752' title='bbox 1909 5049 2034 5099; x_wconf 89' lang='lat' dir='ltr'><strong>pro-</strong></span> 
     </span>
    </p>
   </div>
   <div class='ocr_carea' id='block_1_96' title="bbox 445 5121 2028 5192">
    <p class='ocr_par' dir='ltr' id='par_1_96' title="bbox 445 5121 2028 5192">
     <span class='ocr_line' id='line_1_96' title="bbox 445 5121 2028 5192; baseline 0.003 -19"><span class='ocrx_word' id='word_1_753' title='bbox 445 5131 631 5191; x_wconf 87' lang='lat' dir='ltr'><strong>pterea</strong></span> <span class='ocrx_word' id='word_1_754' title='bbox 657 5121 828 5189; x_wconf 80' lang='lat' dir='ltr'><strong>major</strong></span> <span class='ocrx_word' id='word_1_755' title='bbox 857 5121 1140 5190; x_wconf 89' lang='lat' dir='ltr'><strong>pr0phetis</strong></span> <span class='ocrx_word' id='word_1_756' title='bbox 1170 5123 1423 5176; x_wconf 84' lang='lat' dir='ltr'><strong>omnibus</strong></span> <span class='ocrx_word' id='word_1_757' title='bbox 1453 5122 1694 5192; x_wconf 89' lang='lat' dir='ltr'><strong>dicitur(</strong></span> <span class='ocrx_word' id='word_1_758' title='bbox 1722 5123 1850 5179; x_wconf 88' lang='lat' dir='ltr'><strong>Luc.</strong></span> <span class='ocrx_word' id='word_1_759' title='bbox 1880 5126 1987 5192; x_wconf 80' lang='lat' dir='ltr'><strong>vn)</strong></span> <span class='ocrx_word' id='word_1_760' title='bbox 2018 5145 2028 5178; x_wconf 92' lang='lat'><strong>:</strong></span> 
     </span>
    </p>
   </div>
   <div class='ocr_carea' id='block_1_97' title="bbox 444 5215 2032 5285">
    <p class='ocr_par' dir='ltr' id='par_1_97' title="bbox 444 5215 2032 5285">
     <span class='ocr_line' id='line_1_97' title="bbox 444 5215 2032 5285; baseline 0.002 -17"><span class='ocrx_word' id='word_1_761' title='bbox 444 5215 569 5283; x_wconf 82' lang='lat' dir='ltr'><strong>quia</strong></span> <span class='ocrx_word' id='word_1_762' title='bbox 597 5230 756 5283; x_wconf 90' lang='lat' dir='ltr'><strong>quem</strong></span> <span class='ocrx_word' id='word_1_763' title='bbox 789 5216 970 5268; x_wconf 83' lang='lat' dir='ltr'><strong>ca-teri</strong></span> <span class='ocrx_word' id='word_1_764' title='bbox 998 5216 1482 5285; x_wconf 86' lang='lat' dir='ltr'><strong>prophetaverunt,</strong></span> <span class='ocrx_word' id='word_1_765' title='bbox 1513 5215 1630 5284; x_wconf 90' lang='lat' dir='ltr'><strong>ipse</strong></span> <span class='ocrx_word' id='word_1_766' title='bbox 1660 5218 2032 5283; x_wconf 76' lang='lat' dir='ltr'><strong>conSpexerit,</strong></span> 
     </span>
    </p>
   </div>
   <div class='ocr_carea' id='block_1_98' title="bbox 445 5307 2034 5380">
    <p class='ocr_par' dir='ltr' id='par_1_98' title="bbox 445 5307 2034 5380">
     <span class='ocr_line' id='line_1_98' title="bbox 445 5307 2034 5380; baseline 0.001 -16"><span class='ocrx_word' id='word_1_767' title='bbox 445 5320 498 5364; x_wconf 88' lang='lat' dir='ltr'><strong>et</strong></span> <span class='ocrx_word' id='word_1_768' title='bbox 531 5307 702 5377; x_wconf 76' lang='lat' dir='ltr'><strong>digito</strong></span> <span class='ocrx_word' id='word_1_769' title='bbox 732 5308 1142 5374; x_wconf 84' lang='lat' dir='ltr'><strong>demonslt‘artt,</strong></span> <span class='ocrx_word' id='word_1_770' title='bbox 1175 5309 1364 5364; x_wconf 89' lang='lat' dir='ltr'><strong>dicens</strong></span> <span class='ocrx_word' id='word_1_771' title='bbox 1399 5327 1410 5361; x_wconf 90' lang='lat'><strong>:</strong></span> <span class='ocrx_word' id='word_1_772' title='bbox 1470 5307 1604 5364; x_wconf 85' lang='lat' dir='ltr'><strong>Ecce</strong></span> <span class='ocrx_word' id='word_1_773' title='bbox 1655 5309 1832 5380; x_wconf 80' lang='lat' dir='ltr'><strong>Agnus</strong></span> <span class='ocrx_word' id='word_1_774' title='bbox 1894 5310 2034 5366; x_wconf 86' lang='lat' dir='ltr'><strong>Dei:</strong></span> 
     </span>
    </p>
   </div>
   <div class='ocr_carea' id='block_1_99' title="bbox 444 5401 2034 5474">
    <p class='ocr_par' dir='ltr' id='par_1_99' title="bbox 444 5401 2034 5474">
     <span class='ocr_line' id='line_1_99' title="bbox 444 5401 2034 5474; baseline 0.002 -16"><span class='ocrx_word' id='word_1_775' title='bbox 444 5418 560 5458; x_wconf 81' lang='lat' dir='ltr'><strong>ecce</strong></span> <span class='ocrx_word' id='word_1_776' title='bbox 583 5403 673 5472; x_wconf 87' lang='lat' dir='ltr'><strong>qui</strong></span> <span class='ocrx_word' id='word_1_777' title='bbox 696 5401 828 5456; x_wconf 91' lang='lat' dir='ltr'><strong>tollit</strong></span> <span class='ocrx_word' id='word_1_778' title='bbox 859 5413 1068 5472; x_wconf 87' lang='lat' dir='ltr'><strong>peccata</strong></span> <span class='ocrx_word' id='word_1_779' title='bbox 1110 5403 1287 5457; x_wconf 88' lang='lat' dir='ltr'><strong>mundi</strong></span> <span class='ocrx_word' id='word_1_780' title='bbox 1341 5401 1546 5474; x_wconf 82' lang='lat' dir='ltr'><strong>(Joan.</strong></span> <span class='ocrx_word' id='word_1_781' title='bbox 1590 5420 1630 5471; x_wconf 92' lang='grc' dir='ltr'>ι,</span> <span class='ocrx_word' id='word_1_782' title='bbox 1678 5405 1816 5472; x_wconf 75' lang='grc'><strong>29).</strong></span> <span class='ocrx_word' id='word_1_783' title='bbox 1872 5406 2034 5462; x_wconf 78' lang='lat' dir='ltr'><strong>Juxta</strong></span> 
     </span>
    </p>
   </div>
   <div class='ocr_carea' id='block_1_100' title="bbox 443 5496 2034 5569">
    <p class='ocr_par' dir='ltr' id='par_1_100' title="bbox 443 5496 2034 5569">
     <span class='ocr_line' id='line_1_100' title="bbox 443 5496 2034 5569; baseline 0.003 -19"><span class='ocrx_word' id='word_1_784' title='bbox 443 5513 606 5566; x_wconf 87' lang='lat' dir='ltr'><strong>quem</strong></span> <span class='ocrx_word' id='word_1_785' title='bbox 648 5511 867 5552; x_wconf 89' lang='lat' dir='ltr'><strong>sensum</strong></span> <span class='ocrx_word' id='word_1_786' title='bbox 913 5507 965 5551; x_wconf 88' lang='lat' dir='ltr'><strong>et</strong></span> <span class='ocrx_word' id='word_1_787' title='bbox 1015 5496 1145 5553; x_wconf 91' lang='lat' dir='ltr'><strong>illud</strong></span> <span class='ocrx_word' id='word_1_788' title='bbox 1200 5498 1397 5566; x_wconf 84' lang='lat' dir='ltr'><strong>exponi</strong></span> <span class='ocrx_word' id='word_1_789' title='bbox 1448 5505 1661 5566; x_wconf 91' lang='lat' dir='ltr'><strong>potest:</strong></span> <span class='ocrx_word' id='word_1_790' title='bbox 1710 5497 1870 5553; x_wconf 74' lang='lat' dir='ltr'><strong>Multi</strong></span> <span class='ocrx_word' id='word_1_791' title='bbox 1915 5517 2034 5569; x_wconf 61' lang='lat' dir='ltr'><strong>pro.</strong></span> 
     </span>
    </p>
   </div>
   <div class='ocr_carea' id='block_1_101' title="bbox 475 5588 2032 5664">
    <p class='ocr_par' dir='ltr' id='par_1_101' title="bbox 475 5588 2032 5664">
     <span class='ocr_line' id='line_1_101' title="bbox 475 5588 2032 5664; baseline 0.002 -21"><span class='ocrx_word' id='word_1_792' title='bbox 475 5589 610 5644; x_wconf 76' lang='lat' dir='ltr'><strong>bene</strong></span> <span class='ocrx_word' id='word_1_793' title='bbox 636 5598 681 5644; x_wconf 81' lang='lat' dir='ltr'><strong>et</strong></span> <span class='ocrx_word' id='word_1_794' title='bbox 697 5590 830 5664; x_wconf 86' lang='lat' dir='ltr'><strong>justi</strong></span> <span class='ocrx_word' id='word_1_795' title='bbox 853 5588 1126 5662; x_wconf 87' lang='lat' dir='ltr'><strong>cupierunt</strong></span> <span class='ocrx_word' id='word_1_796' title='bbox 1150 5588 1324 5644; x_wconf 78' lang='lat' dir='ltr'><strong>videre</strong></span> <span class='ocrx_word' id='word_1_797' title='bbox 1348 5605 1462 5663; x_wconf 78' lang='lat' dir='ltr'><strong>qua:</strong></span> <span class='ocrx_word' id='word_1_798' title='bbox 1483 5589 1687 5657; x_wconf 88' lang='lat' dir='ltr'><strong>videtis,</strong></span> <span class='ocrx_word' id='word_1_799' title='bbox 1740 5601 1786 5646; x_wconf 90' lang='lat' dir='ltr'><strong>et</strong></span> <span class='ocrx_word' id='word_1_800' title='bbox 1822 5608 1921 5646; x_wconf 87' lang='lat' dir='ltr'><strong>non</strong></span> <span class='ocrx_word' id='word_1_801' title='bbox 1953 5593 2032 5646; x_wconf 80' lang='lat' dir='ltr'><strong>vi-</strong></span> 
     </span>
    </p>
   </div>
   <div class='ocr_carea' id='block_1_102' title="bbox 446 5681 2032 5760">
    <p class='ocr_par' dir='ltr' id='par_1_102' title="bbox 446 5681 2032 5760">
     <span class='ocr_line' id='line_1_102' title="bbox 446 5681 2032 5760; baseline 0.004 -22"><span class='ocrx_word' id='word_1_802' title='bbox 446 5683 659 5754; x_wconf 68' lang='lat' dir='ltr'><strong>derunt,</strong></span> <span class='ocrx_word' id='word_1_803' title='bbox 688 5690 735 5741; x_wconf 85' lang='lat' dir='ltr'><strong>et</strong></span> <span class='ocrx_word' id='word_1_804' title='bbox 758 5681 942 5739; x_wconf 88' lang='lat' dir='ltr'><strong>audire</strong></span> <span class='ocrx_word' id='word_1_805' title='bbox 979 5699 1095 5755; x_wconf 73' lang='lat' dir='ltr'><strong>qua:</strong></span> <span class='ocrx_word' id='word_1_806' title='bbox 1119 5681 1340 5752; x_wconf 84' lang='lat' dir='ltr'><strong>auditis,</strong></span> <span class='ocrx_word' id='word_1_807' title='bbox 1366 5691 1412 5736; x_wconf 90' lang='lat' dir='ltr'><strong>et</strong></span> <span class='ocrx_word' id='word_1_808' title='bbox 1451 5699 1554 5738; x_wconf 90' lang='lat' dir='ltr'><strong>non</strong></span> <span class='ocrx_word' id='word_1_809' title='bbox 1583 5683 1859 5741; x_wconf 86' lang='lat' dir='ltr'><strong>audierunt</strong></span> <span class='ocrx_word' id='word_1_810' title='bbox 1881 5685 2032 5760; x_wconf 86' lang='lat' dir='ltr'><strong>(Luc.</strong></span> 
     </span>
    </p>
   </div>
   <div class='ocr_carea' id='block_1_103' title="bbox 2144 4749 3760 4822">
    <p class='ocr_par' dir='ltr' id='par_1_103' title="bbox 2144 4749 3760 4822">
     <span class='ocr_line' id='line_1_103' title="bbox 2144 4749 3760 4822; baseline 0.002 -16"><span class='ocrx_word' id='word_1_811' title='bbox 2144 4757 2264 4806; x_wconf 86' lang='lat' dir='ltr'><strong>est;</strong></span> <span class='ocrx_word' id='word_1_812' title='bbox 2312 4750 2390 4802; x_wconf 91' lang='lat' dir='ltr'><strong>sic</strong></span> <span class='ocrx_word' id='word_1_813' title='bbox 2415 4749 2728 4804; x_wconf 90' lang='lat' dir='ltr'><strong>econtrario</strong></span> <span class='ocrx_word' id='word_1_814' title='bbox 2758 4765 2858 4820; x_wconf 88' lang='lat' dir='ltr'><strong>pro</strong></span> <span class='ocrx_word' id='word_1_815' title='bbox 2887 4749 3299 4821; x_wconf 81' lang='lat' dir='ltr'><strong>Opportunitate</strong></span> <span class='ocrx_word' id='word_1_816' title='bbox 3347 4752 3636 4822; x_wconf 87' lang='lat' dir='ltr'><strong>temporis,</strong></span> <span class='ocrx_word' id='word_1_817' title='bbox 3695 4763 3760 4810; x_wconf 88' lang='lat' dir='ltr'><strong>et</strong></span> 
     </span>
    </p>
   </div>
   <div class='ocr_carea' id='block_1_104' title="bbox 2144 4841 3762 4913">
    <p class='ocr_par' dir='ltr' id='par_1_104' title="bbox 2144 4841 3762 4913">
     <span class='ocr_line' id='line_1_104' title="bbox 2144 4841 3762 4913; baseline 0.001 -17"><span class='ocrx_word' id='word_1_818' title='bbox 2144 4856 2245 4912; x_wconf 90' lang='lat' dir='ltr'><strong>pro</strong></span> <span class='ocrx_word' id='word_1_819' title='bbox 2278 4841 2553 4910; x_wconf 85' lang='lat' dir='ltr'><strong>Evangelii</strong></span> <span class='ocrx_word' id='word_1_820' title='bbox 2583 4841 2992 4907; x_wconf 64' lang='lat' dir='ltr'><strong>praedicatione,</strong></span> <span class='ocrx_word' id='word_1_821' title='bbox 3029 4841 3333 4896; x_wconf 88' lang='lat' dir='ltr'><strong>habuerunt</strong></span> <span class='ocrx_word' id='word_1_822' title='bbox 3359 4843 3595 4913; x_wconf 89' lang='lat' dir='ltr'><strong>apostoli</strong></span> <span class='ocrx_word' id='word_1_823' title='bbox 3628 4860 3762 4898; x_wconf 85' lang='lat' dir='ltr'><strong>ma-</strong></span> 
     </span>
    </p>
   </div>
   <div class='ocr_carea' id='block_1_105' title="bbox 2143 4932 3753 5007">
    <p class='ocr_par' dir='ltr' id='par_1_105' title="bbox 2143 4932 3753 5007">
     <span class='ocr_line' id='line_1_105' title="bbox 2143 4932 3753 5007; baseline 0.004 -18"><span class='ocrx_word' id='word_1_824' title='bbox 2143 4938 2225 5006; x_wconf 86' lang='lat' dir='ltr'><strong>gis</strong></span> <span class='ocrx_word' id='word_1_825' title='bbox 2250 4945 2436 4990; x_wconf 92' lang='lat' dir='ltr'><strong>notum</strong></span> <span class='ocrx_word' id='word_1_826' title='bbox 2463 4935 2784 5006; x_wconf 89' lang='lat' dir='ltr'><strong>mysterium</strong></span> <span class='ocrx_word' id='word_1_827' title='bbox 2807 4932 3026 4989; x_wconf 87' lang='lat' dir='ltr'><strong>Christi.</strong></span> <span class='ocrx_word' id='word_1_828' title='bbox 3054 4935 3208 5004; x_wconf 79' lang='lat' dir='ltr'><strong>Quod</strong></span> <span class='ocrx_word' id='word_1_829' title='bbox 3239 4936 3486 4990; x_wconf 90' lang='lat' dir='ltr'><strong>scierunt</strong></span> <span class='ocrx_word' id='word_1_830' title='bbox 3506 4936 3753 5007; x_wconf 84' lang='lat' dir='ltr'><strong>quidem</strong></span> 
     </span>
    </p>
   </div>
   <div class='ocr_carea' id='block_1_106' title="bbox 2144 5027 3748 5098">
    <p class='ocr_par' dir='ltr' id='par_1_106' title="bbox 2144 5027 3748 5098">
     <span class='ocr_line' id='line_1_106' title="bbox 2144 5027 3748 5098; baseline 0.002 -16"><span class='ocrx_word' id='word_1_831' title='bbox 2144 5037 2201 5083; x_wconf 90' lang='lat' dir='ltr'><strong>et</strong></span> <span class='ocrx_word' id='word_1_832' title='bbox 2243 5027 2413 5081; x_wconf 90' lang='lat' dir='ltr'><strong>sancti</strong></span> <span class='ocrx_word' id='word_1_833' title='bbox 2443 5027 2743 5094; x_wconf 86' lang='lat' dir='ltr'><strong>antiquitus</strong></span> <span class='ocrx_word' id='word_1_834' title='bbox 2765 5027 2887 5093; x_wconf 83' lang='lat' dir='ltr'><strong>viri,</strong></span> <span class='ocrx_word' id='word_1_835' title='bbox 2920 5027 3016 5081; x_wconf 92' lang='lat' dir='ltr'><strong>sed</strong></span> <span class='ocrx_word' id='word_1_836' title='bbox 3072 5044 3181 5082; x_wconf 86' lang='lat' dir='ltr'><strong>non</strong></span> <span class='ocrx_word' id='word_1_837' title='bbox 3234 5028 3308 5082; x_wconf 88' lang='lat' dir='ltr'><strong>ita</strong></span> <span class='ocrx_word' id='word_1_838' title='bbox 3363 5037 3421 5083; x_wconf 93' lang='lat' dir='ltr'><strong>ut</strong></span> <span class='ocrx_word' id='word_1_839' title='bbox 3469 5034 3748 5098; x_wconf 78' lang='lat' dir='ltr'><strong>apostoli,</strong></span> 
     </span>
    </p>
   </div>
   <div class='ocr_carea' id='block_1_107' title="bbox 2140 5119 3750 5198">
    <p class='ocr_par' dir='ltr' id='par_1_107' title="bbox 2140 5119 3750 5198">
     <span class='ocr_line' id='line_1_107' title="bbox 2140 5119 3750 5198; baseline 0.001 -22"><span class='ocrx_word' id='word_1_840' title='bbox 2140 5121 2338 5194; x_wconf 90' lang='lat' dir='ltr'><strong>quibus</strong></span> <span class='ocrx_word' id='word_1_841' title='bbox 2391 5119 2719 5190; x_wconf 64' lang='lat' dir='ltr'><strong>praedicandi</strong></span> <span class='ocrx_word' id='word_1_842' title='bbox 2770 5119 3065 5174; x_wconf 83' lang='lat' dir='ltr'><strong>necessitas</strong></span> <span class='ocrx_word' id='word_1_843' title='bbox 3123 5120 3494 5177; x_wconf 85' lang='lat' dir='ltr'><strong>incumbebat.</strong></span> <span class='ocrx_word' id='word_1_844' title='bbox 3569 5121 3750 5198; x_wconf 73' lang='lat'><strong>591</strong></span> 
     </span>
    </p>
   </div>
   <div class='ocr_carea' id='block_1_108' title="bbox 2138 5213 3758 5284">
    <p class='ocr_par' dir='ltr' id='par_1_108' title="bbox 2138 5213 3758 5284">
     <span class='ocr_line' id='line_1_108' title="bbox 2138 5213 3758 5284; baseline 0.001 -13"><span class='ocrx_word' id='word_1_845' title='bbox 2138 5216 2292 5284; x_wconf 85' lang='lat' dir='ltr'><strong>Quod</strong></span> <span class='ocrx_word' id='word_1_846' title='bbox 2319 5226 2401 5270; x_wconf 91' lang='lat' dir='ltr'><strong>est</strong></span> <span class='ocrx_word' id='word_1_847' title='bbox 2424 5223 2605 5268; x_wconf 89' lang='lat' dir='ltr'><strong>autem</strong></span> <span class='ocrx_word' id='word_1_848' title='bbox 2635 5213 2737 5269; x_wconf 93' lang='lat' dir='ltr'><strong>hoc</strong></span> <span class='ocrx_word' id='word_1_849' title='bbox 2765 5213 3109 5284; x_wconf 85' lang='lat' dir='ltr'><strong>mysterium,</strong></span> <span class='ocrx_word' id='word_1_850' title='bbox 3140 5213 3307 5281; x_wconf 91' lang='lat' dir='ltr'><strong>quod,</strong></span> <span class='ocrx_word' id='word_1_851' title='bbox 3366 5213 3508 5269; x_wconf 90' lang='lat' dir='ltr'><strong>sicut</strong></span> <span class='ocrx_word' id='word_1_852' title='bbox 3564 5231 3758 5284; x_wconf 83' lang='lat' dir='ltr'><strong>nunc,</strong></span> 
     </span>
    </p>
   </div>
   <div class='ocr_carea' id='block_1_109' title="bbox 2141 5305 3759 5380">
    <p class='ocr_par' dir='ltr' id='par_1_109' title="bbox 2141 5305 3759 5380">
     <span class='ocr_line' id='line_1_109' title="bbox 2141 5305 3759 5380; baseline 0 -16"><span class='ocrx_word' id='word_1_853' title='bbox 2141 5311 2260 5366; x_wconf 85' lang='lat' dir='ltr'><strong>aliis</strong></span> <span class='ocrx_word' id='word_1_854' title='bbox 2283 5307 2728 5380; x_wconf 87' lang='lat' dir='ltr'><strong>generationibus</strong></span> <span class='ocrx_word' id='word_1_855' title='bbox 2774 5321 2882 5362; x_wconf 91' lang='lat' dir='ltr'><strong>non</strong></span> <span class='ocrx_word' id='word_1_856' title='bbox 2928 5305 3027 5362; x_wconf 88' lang='lat' dir='ltr'><strong>fuit</strong></span> <span class='ocrx_word' id='word_1_857' title='bbox 3060 5305 3363 5362; x_wconf 90' lang='lat' dir='ltr'><strong>revelatum</strong></span> <span class='ocrx_word' id='word_1_858' title='bbox 3389 5307 3413 5360; x_wconf 87' lang='lat'><strong>?</strong></span> <span class='ocrx_word' id='word_1_859' title='bbox 3437 5306 3645 5378; x_wconf 83' lang='lat' dir='ltr'><strong>Utique</strong></span> <span class='ocrx_word' id='word_1_860' title='bbox 3683 5311 3759 5366; x_wconf 89' lang='lat' dir='ltr'><strong>il-</strong></span> 
     </span>
    </p>
   </div>
   <div class='ocr_carea' id='block_1_110' title="bbox 2142 5400 3760 5472">
    <p class='ocr_par' dir='ltr' id='par_1_110' title="bbox 2142 5400 3760 5472">
     <span class='ocr_line' id='line_1_110' title="bbox 2142 5400 3760 5472; baseline 0 -13"><span class='ocrx_word' id='word_1_861' title='bbox 2142 5403 2233 5459; x_wconf 92' lang='lat' dir='ltr'><strong>lud</strong></span> <span class='ocrx_word' id='word_1_862' title='bbox 2283 5402 2427 5472; x_wconf 90' lang='lat' dir='ltr'><strong>quod</strong></span> <span class='ocrx_word' id='word_1_863' title='bbox 2469 5402 2739 5472; x_wconf 89' lang='lat' dir='ltr'><strong>sequitur,</strong></span> <span class='ocrx_word' id='word_1_864' title='bbox 2794 5417 2903 5455; x_wconf 89' lang='lat' dir='ltr'><strong>esse</strong></span> <span class='ocrx_word' id='word_1_865' title='bbox 2948 5410 3122 5472; x_wconf 87' lang='lat' dir='ltr'><strong>gentes</strong></span> <span class='ocrx_word' id='word_1_866' title='bbox 3167 5400 3481 5468; x_wconf 80' lang='lat' dir='ltr'><strong>colueredes,</strong></span> <span class='ocrx_word' id='word_1_867' title='bbox 3515 5417 3760 5459; x_wconf 78' lang='lat' dir='ltr'><strong>concor-</strong></span> 
     </span>
    </p>
   </div>
   <div class='ocr_carea' id='block_1_111' title="bbox 2145 5493 3760 5568">
    <p class='ocr_par' dir='ltr' id='par_1_111' title="bbox 2145 5493 3760 5568">
     <span class='ocr_line' id='line_1_111' title="bbox 2145 5493 3760 5568; baseline 0.001 -17"><span class='ocrx_word' id='word_1_868' title='bbox 2145 5495 2369 5568; x_wconf 89' lang='lat' dir='ltr'><strong>porales,</strong></span> <span class='ocrx_word' id='word_1_869' title='bbox 2411 5505 2459 5550; x_wconf 91' lang='lat' dir='ltr'><strong>et</strong></span> <span class='ocrx_word' id='word_1_870' title='bbox 2489 5495 2881 5567; x_wconf 87' lang='lat' dir='ltr'><strong>comparticipes</strong></span> <span class='ocrx_word' id='word_1_871' title='bbox 2912 5493 3268 5566; x_wconf 85' lang='lat' dir='ltr'><strong>promissionis</strong></span> <span class='ocrx_word' id='word_1_872' title='bbox 3291 5495 3345 5547; x_wconf 89' lang='lat' dir='ltr'><strong>in</strong></span> <span class='ocrx_word' id='word_1_873' title='bbox 3370 5493 3584 5550; x_wconf 83' lang='lat' dir='ltr'><strong>Christo</strong></span> <span class='ocrx_word' id='word_1_874' title='bbox 3610 5495 3760 5553; x_wconf 77' lang='lat' dir='ltr'><strong>Iesu</strong></span> 
     </span>
    </p>
   </div>
   <div class='ocr_carea' id='block_1_112' title="bbox 2144 5587 3756 5664">
    <p class='ocr_par' dir='ltr' id='par_1_112' title="bbox 2144 5587 3756 5664">
     <span class='ocr_line' id='line_1_112' title="bbox 2144 5587 3756 5664; baseline 0.002 -17"><span class='ocrx_word' id='word_1_875' title='bbox 2144 5606 2234 5664; x_wconf 87' lang='lat' dir='ltr'><strong>per</strong></span> <span class='ocrx_word' id='word_1_876' title='bbox 2259 5589 2620 5660; x_wconf 84' lang='lat' dir='ltr'><strong>Evangelium,</strong></span> <span class='ocrx_word' id='word_1_877' title='bbox 2647 5588 2803 5660; x_wconf 90' lang='lat' dir='ltr'><strong>cujus</strong></span> <span class='ocrx_word' id='word_1_878' title='bbox 2856 5587 3030 5644; x_wconf 85' lang='lat' dir='ltr'><strong>factus</strong></span> <span class='ocrx_word' id='word_1_879' title='bbox 3074 5599 3158 5645; x_wconf 89' lang='lat' dir='ltr'><strong>est</strong></span> <span class='ocrx_word' id='word_1_880' title='bbox 3209 5587 3411 5645; x_wconf 87' lang='lat' dir='ltr'><strong>Paulus</strong></span> <span class='ocrx_word' id='word_1_881' title='bbox 3459 5590 3756 5661; x_wconf 85' lang='lat' dir='ltr'><strong>minister,</strong></span> 
     </span>
    </p>
   </div>
   <div class='ocr_carea' id='block_1_113' title="bbox 2145 5682 3758 5759">
    <p class='ocr_par' dir='ltr' id='par_1_113' title="bbox 2145 5682 3758 5759">
     <span class='ocr_line' id='line_1_113' title="bbox 2145 5682 3758 5759; baseline 0 -14"><span class='ocrx_word' id='word_1_882' title='bbox 2145 5687 2443 5746; x_wconf 89' lang='lat' dir='ltr'><strong>secundum</strong></span> <span class='ocrx_word' id='word_1_883' title='bbox 2472 5685 2676 5743; x_wconf 92' lang='lat' dir='ltr'><strong>donum</strong></span> <span class='ocrx_word' id='word_1_884' title='bbox 2701 5684 2889 5757; x_wconf 77' lang='lat' dir='ltr'><strong>gratia:</strong></span> <span class='ocrx_word' id='word_1_885' title='bbox 2920 5682 3043 5753; x_wconf 89' lang='lat' dir='ltr'><strong>Dei,</strong></span> <span class='ocrx_word' id='word_1_886' title='bbox 3074 5699 3196 5757; x_wconf 75' lang='lat' dir='ltr'><strong>qua:</strong></span> <span class='ocrx_word' id='word_1_887' title='bbox 3223 5682 3350 5742; x_wconf 89' lang='lat' dir='ltr'><strong>data</strong></span> <span class='ocrx_word' id='word_1_888' title='bbox 3378 5693 3464 5742; x_wconf 88' lang='lat' dir='ltr'><strong>est</strong></span> <span class='ocrx_word' id='word_1_889' title='bbox 3499 5686 3556 5743; x_wconf 89' lang='lat' dir='ltr'><strong>ei</strong></span> <span class='ocrx_word' id='word_1_890' title='bbox 3582 5687 3758 5759; x_wconf 83' lang='lat' dir='ltr'><strong>juxta</strong></span> 
     </span>
    </p>
   </div>
   <div class='ocr_carea' id='block_1_114' title="bbox 515 5861 3574 5940">
    <p class='ocr_par' dir='ltr' id='par_1_114' title="bbox 515 5861 3574 5940">
     <span class='ocr_line' id='line_1_114' title="bbox 515 5861 3574 5940; baseline 0.001 -20"><span class='ocrx_word' id='word_1_891' title='bbox 515 5873 542 5904; x_wconf 77' lang='grc' dir='ltr'><strong>ι</strong></span> <span class='ocrx_word' id='word_1_892' title='bbox 579 5862 755 5923; x_wconf 85' lang='lat' dir='ltr'><strong>Penes</strong></span> <span class='ocrx_word' id='word_1_893' title='bbox 777 5861 1102 5938; x_wconf 74' lang='lat' dir='ltr'><strong>Victoriam,</strong></span> <span class='ocrx_word' id='word_1_894' title='bbox 1131 5865 1414 5923; x_wconf 81' lang='lat' dir='ltr'><strong>secundum</strong></span> <span class='ocrx_word' id='word_1_895' title='bbox 1457 5865 1684 5925; x_wconf 76' lang='lat' dir='ltr'><strong>verbum.</strong></span> <span class='ocrx_word' id='word_1_896' title='bbox 1722 5866 1999 5928; x_wconf 71' lang='lat' dir='ltr'><strong>Caeterum</strong></span> <span class='ocrx_word' id='word_1_897' title='bbox 2031 5866 2154 5927; x_wconf 90' lang='lat' dir='ltr'><strong>vide</strong></span> <span class='ocrx_word' id='word_1_898' title='bbox 2185 5883 2304 5939; x_wconf 69' lang='lat' dir='ltr'><strong>qua:</strong></span> <span class='ocrx_word' id='word_1_899' title='bbox 2337 5867 2497 5940; x_wconf 86' lang='lat' dir='ltr'><strong>paulo</strong></span> <span class='ocrx_word' id='word_1_900' title='bbox 2520 5865 2750 5926; x_wconf 87' lang='lat' dir='ltr'><strong>inferius</strong></span> <span class='ocrx_word' id='word_1_901' title='bbox 2775 5865 2842 5924; x_wconf 90' lang='lat' dir='ltr'><strong>ad</strong></span> <span class='ocrx_word' id='word_1_902' title='bbox 2871 5867 3067 5926; x_wconf 83' lang='lat' dir='ltr'><strong>versic.</strong></span> <span class='ocrx_word' id='word_1_903' title='bbox 3097 5866 3163 5926; x_wconf 86' lang='grc'><strong>10</strong></span> <span class='ocrx_word' id='word_1_904' title='bbox 3192 5866 3574 5928; x_wconf 80' lang='lat' dir='ltr'><strong>observamus.</strong></span> 
     </span>
    </p>
   </div>
  </div>
