3962 6338
198 349 276 406 481

641 335 1296 400 COMMENTARIORUM
1336 332 1404 393 1N
1443 325 1832 392 EPISTOLAM
1874 326 1964 384 AD
2005 322 2340 385 EPllESIOS
2378 323 2508 382 LIB.
2555 322 2615 381 ll.
2657 321 2811 382 CAP.
2848 323 2938 383 Ill.

3332 329 3439 389 ‘82

199 461 520 535 operationem
542 459 758 515 virtutis
802 459 944 530 ejus.
993 457 1123 512 Scio
1175 433 1573 526 appositionem
1604 463 1734 504 con—
1761 445 1812 507 A
1841 479 1938 537 per
1970 463 2281 534 scripturas
2305 461 2676 533 propheticas,
2702 469 2754 515 et
2786 460 3080 518 adventum
3105 460 3438 521 Christi'non

193 555 442 629 junctionis
480 552 618 623 ejus,
673 568 772 623 per
824 567 985 624 quam
1041 548 1260 615 dicitur,
1317 543 1632 613 cohteredes,
1691 549 1736 595 et

197 645 563 715 concorporales,
596 655 642 702 et
672 644 1094 717 comparticipes,
1129 642 1444 698 indecoram
1471 639 1651 694 facere
1683 637 1737 691 in

194 743 353 801 Latino
374 755 618 796 sermone
643 739 999 798 sententiam.
1026 738 1135 796 Sed
1159 737 1286 808 quia
1321 736 1394 792 ita
1425 736 1660 791 habetur
1683 733 1737 788 in

196 833 368 896 Graeco,
394 841 446 888 et
463 831 665 901 singuli
690 847 1002 901 sermones,
1025 829 1274 904 syllabae,
1291 828 1499 898 apices,
1519 834 1738 897 puncta,

198 929 240 986 in
263 927 435 984 divinis
455 927 758 999 Scripturis
791 929 951 999 plena
991 936 1116 983 sunt
1147 926 1425 991 sensibus,
1456 931 1742 996 propterea

198 1021 340 1093 magis
373 1020 622 1076 volumus
652 1020 708 1075 in
737 1019 1137 1090 compositione
1191 1026 1580 1085 structuraque
1618 1028 1742 1068 ver-

196 1114 376 1181 borum,
399 1128 555 1185 quam
589 1113 953 1185 intelligentia
981 1111 1302 1182 periclitari.
1335 1109 1538 1166 Gentes
1577 1107 1745 1177 igitur

192 1207 466 1264 coheredes
491 1213 630 1262 sunt
687 1206 900 1273 Israeli,
945 1207 1060 1261 sive
1100 1204 1244 1275 quod
1295 1202 1489 1257 melius
1517 1199 1747 1255 arbitra-

192 1318 307 1369 mur,
340 1301 550 1357 Christo
594 1300 922 1356 cohaeredes
953 1307 1099 1363 sunt,
1133 1306 1189 1353 ut
1214 1295 1508 1352 hzereditas
1557 1301 1744 1347 nostra

190 1396 308 1453 Deus
333 1395 420 1461 sit,
450 1404 504 1450 et
531 1393 856 1451 cohzeredes
886 1392 1113 1449 Christi.
1138 1391 1295 1460 Quod
1327 1389 1456 1445 etin
1481 1387 1591 1442 alio
1625 1386 1749 1440 loco

191 1488 412 1557 scriptum
440 1497 538 1544 est.
574 1487 829 1543 Harredes
855 1487 977 1555 Dei,
1024 1483 1316 1540 cohwredes
1342 1491 1517 1538 autem
1555 1479 1749 1536 Christi

191 1581 342 1654 (Rom.
381 1596 492 1648 vut,
549 1581 680 1651 17).
708 1581 823 1634 Non
855 1579 1003 1651 quod
1046 1578 1225 1650 aliqua
1293 1577 1435 1632 inter
1481 1589 1584 1630 nos
1624 1588 1751 1644 pos-

192 1674 339 1729 sessio
363 1672 675 1738 dividatur;
712 1671 808 1726 sed
841 1670 986 1743 quod
1019 1670 1134 1741 ipse
1161 1668 1428 1724 Dominus
1467 1667 1538 1722 sit
1576 1665 1746 1721 luere-

190 1767 307 1822 ditas
349 1773 529 1820 nostra
561 1771 730 1832 atque
778 1765 1079 1833 possessio.
1106 1761 1364 1816 Dominus
1393 1758 1615 1830 quippe,
1650 1759 1747 1826 ait,

1842 558 2019 613 valeat
2049 556 2307 614 revelari.
2341 554 2527 611 Sciant
2558 555 2724 625 igitur
2754 557 2844 626 qui
2873 556 3168 626 prophetas
3198 575 3307 613 non
3359 560 3444 614 itt-

1851 650 2129 720 telligunt,
2155 665 2257 706 nec
2279 651 2423 706 scire
2447 648 2785 717 desiderant,
2812 660 3123 706 asserentes
3152 665 3214 708 se
3238 661 3446 708 tantum

1843 741 2144 814 Evangelio
2200 755 2323 799 esse
2369 749 2684 808 contentos,
2722 737 2925 796 Christi
2985 745 3201 798 nescire
3244 753 3447 816 myste-

1846 836 2014 902 rium,
2065 835 2210 906 quod
2272 835 2613 904 temporibus
2655 833 2886 890 aeternis
2933 835 3189 905 gentibus
3233 836 3446 893 cunctis

1843 925 2006 982 fuerit
2037 927 2363 996 ignoratum.

1919 1018 2113 1089 (Vers.
2162 1019 2216 1087 8,
2246 1017 2324 1090 9.)
2355 1016 2490 1072 Mihi
2509 1019 2693 1088 infimo
2721 1020 2949 1074 omnium
2993 1028 3288 1076 sanctorum
3321 1023 3448 1078 data

1845 1123 1923 1167 est
1949 1113 2119 1183 gratia
2143 1111 2274 1182 haec,
2310 1114 2361 1166 in
2389 1112 2627 1186 gentibus
2676 1115 3031 1188 corrugelizare
3066 1115 3449 1188 investigabiles

1847 1206 2055 1260 divitias
2084 1205 2300 1273 Christi,
2328 1215 2376 1260 et
2399 1204 2704 1260 illuminare
2733 1217 2758 1245 ιι
2783 1224 2957 1263 omnes
2987 1225 3103 1278 qua:
3143 1209 3209 1263 sit
3237 1211 3447 1282 dispen-

1848 1304 1983 1357 satio
2013 1303 2244 1374 mysterii
2272 1301 2561 1356 absconditi
2580 1319 2612 1356 a
2636 1303 2839 1357 sarculis
2865 1303 2918 1356 in
2942 1301 3054 1358 Deo
3078 1305 3167 1374 qui
3194 1306 3440 1359 universa

1851 1396 2065 1450 creauit.
2111 1394 2225 1450 Non
2254 1402 2387 1465 puto
2436 1395 2742 1464 apostolum
2791 1395 3018 1452 Paulum
3074 1412 3197 1451 cum
3249 1397 3447 1453 mentis

1851 1499 1963 1540 suae
1992 1486 2362 1541 concordasse
2389 1494 2628 1553 secreto,
2664 1495 2722 1540 ut
2770 1501 2906 1542 vere
2929 1487 3182 1542 omnibus
3209 1487 3336 1560 [AL
3381 1504 3449 1545 ex

1852 1577 2132 1650 omnibus]
2181 1577 2400 1634 Sanctis
2443 1578 2687 1632 intimum
2741 1592 2864 1633 esse
2907 1593 2966 1634 se
3021 1577 3222 1634 dixerit
3255 1597 3266 1632 :
3298 1579 3454 1636 verbi

1856 1684 2044 1737 causa,
2086 1669 2173 1725 his
2215 1671 2489 1741 quierant
2530 1671 2582 1725 in
2627 1669 2869 1740 Epheso,
2916 1669 3006 1741 qui
3061 1671 3113 1725 in
3162 1670 3451 1737 Corintho,

1857 1763 1948 1833 qui
1980 1765 2033 1819 in
2063 1763 2478 1831 Thessalonica,
2505 1763 2592 1818 vel
2620 1764 2710 1833 qui
2744 1763 2798 1818 in
2850 1772 2967 1819 toto
3011 1762 3148 1819 orbe
3197 1762 3455 1820 credide-

191 1857 428 1913 hereditas
454 1867 628 1912 vestra
657 1865 734 1912 est
758 1855 954 1928 (Deut.
1013 1868 1166 1920 XVIII,
1197 1853 1287 1924 9);
1338 1861 1394 1907 et
1433 1851 1562 1906 alibi
1592 1868 1605 1904 =
1639 1849 1747 1904 Do.
1781 1844 1831 1905 Β
1857 1866 2000 1913 rant.
2033 1858 2188 1926 Quod
2213 1873 2336 1913 cum
2359 1857 2682 1913 humilitatis
2710 1857 2969 1912 indicium
2993 1856 3088 1924 sit,
3118 1872 3178 1912 se
3199 1856 3456 1913 omnibus

189 1953 332 2007 minus
369 1968 489 2024 pars
539 1967 675 2016 mea,
729 1960 776 2005 et
823 1949 1100 2005 hereditas
1152 1965 1267 2002 mea
1309 1948 1327 2019 (
1360 1945 1510 2003 Psal.
1547 1963 1636 2016 xv,
1669 1947 1748 2017 5).

188 2043 586 2115 Concorporales
642 2053 826 2098 autem
872 2041 1007 2098 illud
1047 2040 1343 2113 signiﬁcat,
1389 2051 1447 2096 ut
1492 2039 1753 2112 quemad-

184 2136 372 2192 modum
404 2136 454 2190 in
484 2151 597 2191 uno
625 2150 862 2206 corpore
893 2136 1048 2207 plura
1097 2144 1225 2190 sunt
1275 2133 1519 2189 membra
1545 2151 1558 2186 :
1599 2135 1751 2190 verbi

187 2243 345 2296 causa,
367 2229 536 2296 oculi,
555 2244 774 2299 manus,
801 2244 986 2294 aures,
1007 2227 1200 2299 pedes,
1226 2235 1440 2297 venter,
1467 2235 1522 2282 et
1544 2242 1750 2297 genua:

185 2329 360 2378 etcum
405 2321 457 2377 in
509 2337 620 2376 uno
649 2321 762 2377 sint
817 2321 1077 2392 corpore,
1132 2320 1374 2376 habeant
1418 2319 1755 2376 differentias

187 2428 314 2480 suas,
343 2423 397 2470 et
419 2429 522 2485 pro
549 2431 611 2471 se
636 2414 870 2471 invicem
901 2415 1177 2478 laetentur,
1205 2421 1263 2470 et
1291 2413 1516 2469 doleant
1545 2431 1556 2467 :
1582 2414 1663 2469 sic
1695 2414 1757 2468 li-

184 2517 258 2562 cet
279 2507 522 2564 diversas
552 2507 798 2564 habeant
816 2508 1042 2579 gratias,
1073 2505 1128 2562 hi
1158 2505 1250 2577 qui
1282 2506 1336 2561 in
1361 2507 1583 2562 Christo
1631 2520 1755 2562 cre-

186 2598 368 2668 didere,
404 2603 456 2656 in
509 2616 625 2657 uno
657 2611 837 2654 tamen
870 2599 983 2654 sint
1025 2597 1283 2654 Ecclesite
1338 2612 1572 2668 corpore
1620 2612 1757 2654 con-

185 2691 384 2763 globati.
416 2693 485 2749 Et
536 2695 590 2748 in
637 2692 1013 2762 superioribus
1043 2691 1264 2762 quidem
1296 2692 1511 2747 duobus
1549 2692 1752 2757 verbis,

186 2787 230 2843 id
278 2798 374 2859 est,
419 2789 475 2845 in
527 2804 597 2845 eo
627 2787 772 2859 quod
799 2788 897 2856 ait,
932 2788 1224 2843 cohwredes
1249 2797 1297 2842 et
1343 2787 1757 2857 concorporales,

186 2889 378 2949 poterat
404 2880 458 2936 in
488 2896 604 2936 uno
634 2895 875 2949 corpore
915 2880 1190 2936 diversum
1221 2881 1431 2951 aliquid
1466 2881 1755 2952 suspicari.

185 2970 254 3029 Ex
279 2989 339 3030 eo
357 2984 541 3031 autem
564 2973 713 3045 quod
737 2972 946 3029 addidit
971 2992 986 3031 :
1021 2984 1068 3030 et
1109 2975 1505 3045 comparticipes
1535 2975 1757 3044 promis~

182 3066 322 3122 sionis
344 3069 396 3122 in
419 3067 635 3123 Christo
655 3066 806 3136 Iesu,
829 3069 1014 3124 omnis
1043 3069 1265 3137 penitus
1295 3068 1594 3124 diversitas
1645 3084 1762 3122 ant-

183 3171 344 3232 putata
371 3173 476 3219 est.
524 3162 632 3220 Ubi
661 3164 809 3220 enim
842 3178 944 3218 una
972 3162 1450 3235 comparticipatio
1501 3172 1606 3230 est,
1640 3163 1761 3217 uni-

186 3267 326 3311 versa
355 3256 675 3312 communia
725 3265 874 3312 sunt.
905 3256 1141 3312 Pulchre
1185 3258 1349 3313 etiam
1379 3256 1613 3324 addidit,
1670 3271 1762 3329 per

185 3345 530 3422 Eeangelium,
563 3354 719 3425 cujus
751 3352 918 3422 {actus
939 3368 1052 3406 sum
1074 3352 1310 3406 minister
1346 3349 1635 3406 secundum
1663 3351 1761 3406 do-

184 3457 288 3497 num
311 3445 496 3517 gratia:
521 3459 638 3514 quae
681 3444 805 3499 data
831 3453 905 3500 est
941 3443 1068 3499 mihi
1079 3448 1241 3518 juxta
1269 3445 1624 3515 operationem
1662 3446 1764 3500 vir-

185 3536 290 3590 tutis
318 3539 472 3608 ejus:
497 3545 560 3592 ut
584 3535 683 3592 Dei
711 3537 969 3608 gratiam,
1016 3553 1123 3593 non
1165 3553 1324 3593 suum
1379 3536 1630 3594 meritum
1668 3539 1766 3594 de-

150 3618 152 3621 ’
183 3640 522 3688 monstraret.
549 3631 773 3687 Sciebat
794 3645 854 3687 se
881 3646 1114 3703 namque
1135 3639 1544 3701 persecutorem
1572 3629 1761 3700 tuisse,

183 3733 230 3778 et
252 3723 445 3781 Christi
477 3723 785 3781 Ecclesiam
818 3725 1157 3791 devastasse,
1201 3740 1268 3780 ex
1293 3741 1401 3795 qua
1431 3725 1760 3794 humilitate,

182 3819 489 3890 arrogantiae
510 3819 731 3891 penitus
744 3819 951 3876 crimen
967 3818 1294 3874 excluditur.
1317 3820 1492 3889 Super
1506 3835 1611 3887 qua
1631 3834 1764 3875 nou-

182 3910 298 3965 nulli
320 3929 442 3968 eum
468 3911 990 3983 reprehendendum
1014 3921 1208 3983 putant
1235 3929 1249 3966 :
1273 3914 1398 3983 quia
1425 3912 1534 3971 sibi
1561 3913 1768 3969 dixerit

181 4004 487 4074 mysterium
521 4006 847 4071 revelatum,
880 4004 1024 4075 quod
1051 4004 1375 4074 patriarchis
1397 4014 1450 4060 et
1483 4003 1766 4075 prophetis

177 4093 518 4171 foerit592
562 4097 829 4167 ignotum.
879 4096 1183 4168 Numquam
1239 4099 1384 4154 enim
1445 4097 1765 4155 humilitatis

184 4185 498 4260 discipulus,
533 4189 721 4248 verbis
762 4190 1085 4263 arrogantiae
1129 4191 1542 4258 intumesceret,
1588 4191 1771 4248 Evan-

177 4284 360 4355 gelium
412 4287 578 4357 cuius
630 4286 882 4343 minister
934 4297 1042 4352 est,
1094 4301 1200 4343 non
1251 4287 1336 4342 sui
1364 4288 1546 4343 meriti
1572 4286 1765 4344 dicens

177 4377 352 4446 fuisse,
384 4381 486 4436 scd
516 4379 708 4452 gratiae
737 4380 852 4436 Dei.
876 4379 979 4450 Qui
1004 4379 1194 4436 volunt
1218 4379 1516 4452 prophetas
1541 4395 1651 4436 non
1685 4381 1768 4436 in-

176 4474 445 4532 tellexisse
467 4474 620 4547 quod
650 4473 913 4542 dixerint,
945 4484 999 4530 et
1027 4473 1138 4548 [Αι.
1160 4473 1284 4548 sed]
1309 4474 1464 4545 quasi
1487 4474 1540 4530 in
1565 4475 1766 4532 ecstasi

177 4565 392 4636 locutos,
435 4585 566 4626 cum
627 4569 886 4641 praesenti
939 4568 1275 4636 teetimonio,
1334 4569 1468 4626 illud
1545 4585 1768 4642 quoque

174 4663 305 4733 quod
335 4665 402 4722 ad
432 4667 725 4723 Romanos
751 4667 805 4722 in
832 4666 1113 4738 plerisque
1137 4666 1425 4725 codicibus
1469 4667 1768 4737 invenitur,

177 4754 237 4811 ad
260 4759 750 4818 conﬁrmationem
778 4762 862 4816 sui
891 4759 1163 4832 dogmatis
1189 4761 1443 4824 trahunt.
1471 4761 1720 4833 legentes
1754 4779 1769 4818 :

176 4849 237 4906 Ei
260 4865 437 4910 autem
481 4856 576 4928 qui
619 4864 789 4927 potest
834 4871 924 4910 vos
958 4854 1203 4910 roborare
1239 4856 1394 4926 juxta
1429 4853 1772 4927 Evangelium

177 4958 354 5014 meum,
385 4955 437 5002 et
460 4947 895 5021 prcdieationem
925 4946 1056 5002 Iesu
1084 4947 1279 5004 Christi
1306 4948 1589 5003 secundum
1631 4965 1774 5005 reve-

177 5037 414 5096 lationem
437 5041 680 5113 nrysterii
701 5041 1020 5112 temporibus
1041 5042 1249 5098 cateruis
1271 5042 1434 5112 taciti,
1455 5043 1776 5116 manifestati

180 5142 345 5188 autem
373 5151 524 5190 nunc
561 5152 657 5209 per
687 5135 994 5207 Seripturas
1017 5136 1370 5208 prapheticas,
1412 5146 1461 5192 et
1496 5137 1772 5194 adventum

180 5219 392 5280 Domini
433 5227 610 5282 nostri
635 5225 766 5283 Iesu
817 5226 1028 5298 Christi,
1061 5236 1116 5284 et
1145 5228 1375 5298 reliqua.
1416 5227 1624 5296 Quibus
1653 5231 1776 5288 bre-

180 5317 313 5376 viter
338 5319 797 5393 respondendum
825 5331 930 5390 est,
966 5323 1306 5394 temporibus
1356 5326 1648 5395 praeteritis
1697 5336 1778 5382 ta-

180 5411 337 5467 citum
379 5412 595 5470 Christi
623 5412 795 5470 fuisse
816 5416 1158 5488 mysterium,
1192 5431 1300 5472 non
1345 5417 1488 5487 apud
1539 5433 1636 5476 eos
1684 5420 1772 5491 qui

183 5499 306 5560 illud
367 5505 616 5562 futurum
671 5506 1097 5578 pollicebantur,
1149 5509 1248 5565 sed
1298 5511 1441 5580 apud
1496 5513 1776 5569 universas

1787 3216 1835 3281 C

1858 1950 2078 2005 Sanctis
2121 1950 2364 2005 intimum
2413 1951 2621 2019 dicere,
2652 1949 2922 2005 mendacii
2949 1958 3034 2005 est
3072 1958 3276 2015 reatus,
3308 1949 3457 2006 aliud

1857 2041 1910 2098 in
1948 2051 2172 2112 pectore
2202 2042 2448 2098 clausum
2475 2041 2698 2109 habere,
2723 2041 2870 2096 aliud
2900 2042 2954 2096 in
2981 2042 3157 2112 lingua
3183 2057 3458 2111 promere.

1859 2136 2271 2208 Reperiendum
2302 2151 2432 2207 ergo
2464 2144 2548 2191 est
2575 2145 2981 2207 argumentum,
3033 2150 3143 2206 quo
3171 2143 3228 2191 et
3257 2134 3456 2190 Paulus

1857 2245 1988 2286 vere
2021 2229 2280 2284 omnibus
2310 2227 2519 2284 sanctis
2549 2227 2672 2301 [έΑΙ.
2701 2227 2948 2284 omnium
2993 2226 3333 2300 sanctorum]
3376 2232 3460 2284 in-

1859 2324 2020 2379 iimus
2059 2323 2246 2392 fuerit,
2300 2333 2356 2378 et
2401 2332 2583 2379 tamen
2612 2322 2681 2379 de
2712 2322 3012 2392 apostolica
3044 2338 3150 2377 non
3200 2322 3465 2379 ceciderit

1859 2416 2145 2488 dignitate.
2176 2415 2447 2486 Loquitur
2476 2416 2740 2470 Dominus
2770 2415 2825 2469 in
2875 2414 3175 2486 Evangelio
3219 2413 3286 2470 ad
3343 2414 3456 2471 dis-

1858 2510 2073 2580 cipulos
2107 2527 2119 2563 :
2177 2509 2281 2577 Qui
2307 2509 2489 2563 vultin
2517 2508 2657 2562 vobis
2684 2510 2856 2581 major
2903 2523 3031 2573 esse,
3086 2508 3179 2577 ﬁat
3226 2509 3459 2562 omnium

1860 2605 2057 2667 minor,
2089 2612 2138 2657 et
2165 2603 2253 2673 qui
2279 2603 2386 2657 vult
2413 2619 2525 2658 esse
2552 2603 2774 2676 primus,
2800 2603 2866 2657 sit
2894 2602 3124 2657 omnium
3153 2600 3462 2658 novissimus

1864 2699 1885 2770 (
1910 2697 2102 2752 Matth.
2130 2713 2221 2767 xx,
2253 2697 2348 2762 26,
2375 2693 2493 2768 27).
2515 2697 2669 2766 Quod
2696 2697 2898 2753 Paulus
2926 2712 3095 2767 opere
3119 2697 3458 2768 complebat,

1865 2792 2095 2849 dicens:
2126 2791 2262 2847 Puto
2278 2793 2416 2846 enim
2441 2794 2563 2862 quia
2585 2789 2725 2847 Deus
2741 2807 2836 2847 nos
2865 2791 3134 2861 apostolos
3149 2791 3456 2845 novissimos

1863 2886 2110 2952 ostendit,
2131 2886 2282 2954 quasi
2296 2887 2449 2940 morti
2470 2885 2751 2940 destinatos
2774 2883 2817 2956 (l
2835 2883 2960 2942 Cor.
2987 2899 3060 2951 Iv,
3088 2881 3166 2955 9).
3193 2882 3461 2940 Omnibus

1863 2977 2026 3048 igitur
2039 2979 2131 3048 qui
2150 2993 2210 3032 se
2225 2986 2444 3048 prOptcr
2455 2976 2728 3032 Christum
2745 2975 2993 3032 inﬁrmos
3003 2991 3127 3032 esse
3143 2975 3460 3047 cupiebant,

1863 3072 2148 3142 apostolus
2187 3071 2387 3127 Paulus
2431 3071 2702 3126 inﬁrmior
2738 3081 2879 3134 erat,
2905 3079 2957 3124 et
3008 3068 3212 3124 idcirco
3263 3067 3460 3139 major.

1865 3161 2025 3235 593
2055 3162 2306 3218 Omnibus
2331 3163 2466 3217 enim
2487 3204 2500 3226 ,
2529 3161 2748 3234 inquit,
2779 3162 2887 3216 illis
2910 3162 3027 3234 plus
3051 3161 3282 3217 laboravi
3305 3207 3318 3231 ,
3355 3177 3461 3216 non

1865 3265 2162 3327 autem-ego
2183 3299 2197 3325 ,
2240 3255 2330 3310 sed
2359 3257 2529 3330 gratia
2552 3253 2688 3323 Dei,
2733 3270 2850 3327 qua:
2869 3271 3072 3309 utecum
3108 3263 3203 3310 est.
3233 3253 3466 3326 Propter

1866 3365 2027 3421 quam
2055 3347 2424 3404 humilitatem
2449 3346 2576 3404 dum
2607 3347 2850 3403 omnium
2881 3355 3196 3403 sanctorum
3221 3356 3306 3403 est
3336 3345 3466 3401 inﬁo

1866 3461 2008 3512 mus,
2039 3444 2164 3499 data
2196 3453 2280 3499 est
2309 3443 2359 3498 ei
2387 3443 2560 3514 gratia
2595 3449 2712 3498 lucc
2739 3442 2795 3498 in
2828 3441 3110 3513 gentibus,
3141 3449 3199 3497 ut
3223 3455 3465 3512 evange-

1867 3537 2058 3594 lizaret
2110 3536 2582 3607 ininvestigabiles
2607 3534 2827 3592 divitias
2864 3533 3110 3602 Christi,
3153 3542 3210 3591 et
3239 3533 3467 3590 doceret

1866 3630 2337 3702 dispensationem
2388 3629 2641 3702 mysterii
2693 3628 3003 3685 absconditi
3054 3643 3083 3684 a
3131 3627 3350 3684 suculis
3409 3627 3464 3682 in

1871 3722 2003 3791 Deo,
2032 3724 2124 3794 qui
2157 3723 2411 3780 universa
2434 3722 2666 3778 creavit.
2695 3721 2752 3779 Si
2779 3718 3470 3792 iniuvestigabilesdivitite

1868 3817 2073 3874 Christi
2102 3826 2272 3884 sunt,
2321 3815 2602 3887 quomodo
2647 3814 3091 3887 evangelizantur
3134 3814 3187 3869 in
3221 3812 3470 3884 populo?

1869 3913 1925 3971 Si
1953 3910 2336 3968 absconditum
2366 3920 2450 3966 est
2479 3926 2510 3966 a
2528 3911 2742 3968 saeculis
2765 3909 3083 3980 mysterium
3108 3906 3163 3963 iu
3191 3907 3329 3974 Deo,
3353 3921 3460 3978 qua

1871 4008 2085 4064 ratione
2129 4022 2228 4078 per
2255 4007 2482 4062 Paulum
2505 4006 2798 4077 ,‘prol‘ertur
2823 4004 2878 4060 in
2909 4004 3146 4076 gentes?
3190 4001 3297 4058 Sed
3325 4001 3469 4058 inin-

1871 4100 2225 4172 vestigabiles
2253 4109 2309 4157 et
2336 4099 2718 4156 absconditum
2763 4097 3061 4170 dupliciter
3088 4096 3463 4154 sentiendum.

1868 4196 2025 4267 Quod
2056 4195 2524 4268 ininvestigabiles
2551 4202 2678 4250 ante
2705 4189 2915 4249 divitia:
2946 4189 3184 4260 fuerint,
3238 4203 3295 4248 et
3322 4206 3470 4248 nunc

1871 4303 1995 4364 post
2026 4291 2245 4346 Domini
2275 4297 2480 4360 apertae
2506 4291 2616 4345 sint
2643 4287 2977 4359 passionem.
3017 4287 3126 4343 Aut
3157 4295 3308 4342 certe
3347 4301 3471 4356 qua:

1871 4396 2069 4441 natura
2095 4399 2188 4440 sua
2216 4381 2422 4438 homini
2462 4379 2932 4452 ininvestigabiles
2960 4388 3121 4435 erant
3146 4424 3160 4448 ,
3198 4377 3284 4434 ita:
3308 4417 3323 4445 ,
3356 4378 3468 4434 Deo

1871 4481 2174 4544 revelante,
2205 4485 2333 4534 sunt
2361 4475 2613 4549 cognitae.
2637 4475 2773 4544 Quia
2803 4471 2951 4529 aliud
2979 4481 3069 4530 est
3099 4471 3167 4527 ad
3196 4480 3470 4529 secretum

1875 4574 2200 4630 curiositate
2229 4569 2448 4645 pr0pria
2492 4567 2823 4642 pervenire,
2873 4567 3020 4638 quod
3064 4575 3351 4638 postquam
3385 4565 3473 4622 in-

1875 4675 2098 4723 ventum
2135 4664 2331 4732 fuerit,
2377 4662 2583 4721 desinit
2625 4675 2749 4720 esse
2798 4659 3264 4732 ininvesligabile.
3309 4657 3475 4714 Aliud

1877 4760 2101 4831 propria
2143 4756 2429 4830 diligentia
2472 4755 2607 4812 illud
2638 4768 2982 4827 nequaquam
3029 4767 3196 4824 posse
3225 4767 3478 4823 compre-

1877 4853 2145 4923 hendere,
2179 4852 2278 4908 sed
2308 4866 2404 4922 per
2419 4850 2650 4924 gratiam
2676 4861 3016 4921 cognoscere
3029 4845 3146 4917 Dei,
3175 4844 3321 4919 quod
3348 4859 3474 4902 cum

1876 4947 2074 5005 scieris
2095 4987 2108 5013 ,
2138 4954 2196 5002 et
2226 4943 2446 5002 caeteris
2487 4957 2702 5016 quoque
2727 4938 3070 5009 ostenderis,
3118 4937 3477 4994 nihilominus

1874 5038 2322 5112 ininveStigabile
2354 5046 2717 5110 perseverat,
2756 5033 2890 5090 dum
2930 5030 3028 5089 tibi
3050 5041 3317 5103 quantum
3342 5029 3398 5084 in
3424 5038 3476 5084 te

1877 5143 1992 5203 est,
2022 5134 2123 5190 fuit
2150 5140 2442 5203 antequam
2483 5126 2873 5185 ostenderetur
2904 5123 3201 5181 occultum.
3251 5119 3480 5177 Divitias

1877 5228 2082 5287 Christi
2111 5224 2612 5298 iniuvestigabiles,
2643 5219 2712 5277 ad
2740 5219 2918 5292 ipsum
2949 5231 3168 5290 quoque
3194 5213 3478 5270 Christum

1876 5323 2110 5393 loquens
2158 5317 2445 5375 Psalmista
2493 5321 2763 5380 testatur,
2815 5310 3046 5368 dicens:
3081 5307 3252 5374 Quam
3271 5303 3481 5374 inﬁnita

1879 5413 2161 5470 multitudo
2187 5410 2434 5466 bonitatis
2465 5418 2566 5463 tua:
2585 5449 2600 5474 ,
2637 5421 2791 5479 quam
2817 5399 3133 5457 abscondisti
3175 5396 3478 5453 timentibus

1883 5519 1930 5564 te
1953 5505 2087 5578 (Ps.
2111 5521 2240 5572 xxx,
2263 5500 2380 5574 20).
2415 5501 2510 5558 Hae
2533 5497 2792 5556 bonitatis
2820 5495 2938 5566 ejus
2961 5491 3167 5548 divitia:
3197 5491 3268 5546 ab
3297 5490 3479 5546 omni-

181 5607 365 5663 gentes
403 5599 616 5672 quibus
655 5608 847 5670 postea
882 5601 1288 5658 manifestatum
1323 5613 1427 5659 est.
1465 5604 1531 5660 Et
1577 5605 1780 5677 pariter
1881 5602 1984 5660 bus
2024 5611 2182 5659 retro
2229 5598 2451 5656 steculis
2489 5591 2828 5652 absconditae
2852 5589 3076 5645 fuerunt
3113 5588 3166 5643 in
3197 5586 3346 5653 Deo,
3387 5585 3482 5658 qui

178 5693 578 5762 annotandum,
605 5692 750 5765 quod
777 5705 1180 5751 sacramentum
1211 5695 1340 5754 ﬁdei
1392 5706 1619 5769 nostras,
1671 5699 1777 5758 nisi

1888 5707 2107 5757 creator
2126 5703 2212 5754 est
2234 5693 2494 5752 omnium.
2526 5689 2629 5748 Ubi
2648 5698 2776 5745 sunt
2797 5683 3037 5745 Marcion
3059 5694 3114 5743 et
3135 5682 3479 5755 Valentinus,

247 5863 272 5893 ιι
301 5855 525 5913 Tacent
573 5855 666 5912 alii
703 5854 828 5914 libri
861 5871 1069 5926 vocem,
1119 5875 1320 5929 omnes,
1371 5876 1496 5932 quae
1539 5860 1594 5918 in
1643 5876 1772 5920 mss.
1806 5861 2012 5935 aliquot
2050 5860 2259 5919 Graecis
2290 5856 2651 5916 desideratur.
