3962 6338
203 313 292 372 «l85

657 274 1317 376 conneurskrbneu
1357 316 1420 377 1N
1458 306 1849 387 ertsroLsti
1889 321 1983 381 so
2021 322 2355 387 cenceros
2396 325 2528 385 LIB.
2571 325 2636 387 ιι.
2677 327 2831 389 esp.
2871 318 2991 388 ηιξ

3348 336 3456 397 486

199 454 322 510 illum
351 452 400 509 in
428 450 789 519 conﬁdentia,
835 452 993 523 cujus
1020 452 1230 509 ﬁducizc
1260 462 1424 527 atque
1454 470 1707 515 accessus
1732 501 1747 525 ,

1856 448 2004 499 recte
2032 438 2232 498 Paulus
2261 457 2358 513 pro
2389 444 2469 500 eis
2513 454 2764 515 potuerat
2813 447 3125 520 deprecari,
3155 463 3229 507 ne
3258 450 3458 510 deﬁce-

198 544 488 619 principium
513 556 567 601 et
594 547 750 615 origo
774 587 788 612 ,
822 546 961 601 ﬁdes
987 546 1038 601 in
1071 544 1294 603 Christo
1318 557 1421 604 est.
1455 548 1558 616 Qui
1587 549 1751 618 igitur

196 640 341 697 omnia
365 637 572 694 ratione
597 645 652 694 et
680 636 877 693 ordine
901 636 1050 706 facit,
1073 640 1176 695 iste
1201 639 1377 695 credit
1402 639 1748 697 inChristum

195 748 469 788 sermonem
501 740 668 803 atque
699 734 967 788 rationem
995 749 1010 786 ι
1045 733 1135 804 qui
1165 734 1487 803 sapientiam
1514 733 1752 806 potuerit

193 821 643 895 comprehendere,
675 824 852 882 credit
881 824 933 881 in
965 824 1243 882 Christum
1266 826 1592 898 sapientiam
1620 846 1632 884 :
1657 820 1748 899 qui

194 917 483 975 intellexerit
508 918 827 986 veritatem,
852 918 1029 975 credit
1050 918 1105 975 in
1125 920 1402 976 Christum
1427 921 1747 977 veritatem:

192 1016 263 1081 qui
280 1010 413 1081 iuste
438 1010 677 1076 vixerit,
710 1010 888 1066 credit
910 1012 965 1067 in
993 1028 1116 1067 eum
1144 1012 1437 1084 justitiam.
1472 1013 1581 1070 Nec
1608 1029 1751 1086 opus

193 1101 420 1172 eslplura
463 1103 686 1169 dicere,
723 1118 850 1157 cum
901 1103 1221 1173 frequenter
1267 1106 1402 1161 mihi
1453 1115 1751 1163 necessitas

190 1196 453 1253 incubuerit
482 1196 553 1252 de
581 1195 804 1255 Christo
831 1196 1086 1259 similiter
1117 1198 1444 1255 disserendi.

247 1289 415 1361 (Vere.
471 1289 554 1344 15.
590 1286 610 1359 )
656 1289 880 1359 l’mpter
928 1291 1069 1361 quod
1107 1301 1258 1363 peto,
1300 1309 1364 1347 ne
1404 1293 1659 1363 deﬁciatis
1695 1294 1748 1348 in

190 1381 575 1439 tribulationibus
613 1382 742 1439 meis
772 1399 868 1454 pro
897 1385 1040 1439 nobis
1061 1424 1077 1449 ,
1103 1400 1221 1455 qua
1246 1396 1321 1441 est
1355 1386 1526 1461 gloria
1556 1397 1748 1443 vestra.

189 1474 233 1531 id
260 1473 382 1546 quod
408 1491 553 1533 nunc
577 1474 808 1531 Latinus
837 1477 1134 1532 translator
1179 1480 1454 1549 expressit
1474 1519 1491 1549 ,
1522 1498 1587 1535 ne
1614 1480 1751 1552 deﬁ-

187 1567 328 1631 ciatis,
359 1572 539 1634 putest
556 1566 713 1635 juxta
743 1566 919 1622 Graeci
946 1571 1221 1624 sermonis
1248 1569 1666 1642 ambiguitatem
1695 1584 1752 1629 et

190 1657 249 1715 ita
291 1658 417 1729 legi,
453 1676 517 1715 ne
560 1659 826 1728 deficiam.
863 1659 933 1717 Ut
961 1663 1035 1716 sit
1074 1678 1318 1720 sensus:
1348 1661 1578 1733 Propter
1614 1665 1753 1735 quod

189 1762 285 1822 peto
304 1794 317 1818 ,
357 1768 420 1808 ne
440 1752 683 1823 deﬁciam
728 1754 783 1809 in
831 1754 1257 1813 tribulationibus
1285 1759 1415 1815 nteis
1444 1775 1540 1832 pro
1567 1758 1710 1814 nobis
1732 1802 1749 1827 ,

1852 538 1976 586 rent
2004 541 2167 603 atque
2206 533 2571 593 lassescereut
2603 555 2618 593 ι
2650 553 2797 595 nunc
2845 556 2975 598 vero
3022 544 3311 598 ridiculum
3350 555 3457 612 cst,

1852 621 2025 681 Paulo
2070 626 2125 687 in
2174 627 2625 689 tribulationibus
2675 633 2890 703 posito,
2948 651 3144 708 rogare
3188 654 3339 705 cum,
3391 654 3460 694 ne

1854 716 2061 788 Ephesi
2084 719 2137 776 in
2162 734 2261 779 suo
2291 722 2484 781 labore
2507 724 2787 783 deﬁciant.
2816 728 2923 789 Sed
2953 738 3009 785 et
3036 729 3103 785 ad
3127 729 3269 787 hanc
3305 747 3458 803 quas,

1853 812 2181 873 stiuncniam
2207 815 2613 874 dii-solvendam
2633 859 2650 888 ,
2673 818 2804 881 illud
2830 831 3078 878 sumetur
3106 825 3414 893 exemplum
3441 840 3457 879 :

1852 901 2217 965 Tcntatiouern
2244 918 2465 965 vestram
2490 912 2543 967 in
2571 927 2727 969 carne
2755 929 2873 969 mea
2902 932 3006 970 non
3030 918 3301 985 sprevistis
3320 958 3334 984 ,
3366 935 3459 974 ne-

1852 1013 1950 1067 que
1965 998 2247 1067 obiecistis.
2275 998 2595 1061 Ostenditur
2614 1005 2882 1077 siquidem
2912 1007 2965 1065 in
2992 1007 3096 1064 hoc
3116 1007 3287 1077 dicto,
3313 1010 3457 1082 quod

1855 1090 1909 1149 in
1940 1106 2106 1153 carne
2133 1091 2284 1151 Pauli
2313 1093 2437 1151 aliis
2467 1096 2538 1152 sit
2585 1106 2712 1153 nata
2743 1099 2995 1157 tentstio.
3032 1098 3459 1158 Consideremus

1854 1185 2021 1245 tutius
2046 1186 2234 1253 mundi
2278 1187 2526 1247 homines
2562 1189 2796 1260 (etquid
2840 1192 2894 1248 in
2924 1207 3216 1253 commune
3244 1194 3313 1249 de
3339 1209 3460 1249 om-

1854 1279 2022 1337 nibus
2047 1278 2266 1351 loquor.
2290 1296 2388 1338 ens
2408 1281 2502 1353 qui
2536 1284 2587 1338 in
2610 1280 2889 1341 Christum
2917 1295 3178 1355 putantur
3203 1279 3455 1351 credere.

1854 1372 2268 1447 discutiamus),
2292 1374 2670 1437 etvidebimus
2698 1377 2800 1432 hac
2825 1392 2921 1434 eos
2943 1378 3032 1434 vel
3054 1379 3291 1435 maxime
3310 1394 3460 1451 quae-

1853 1464 2039 1523 stione
2050 1469 2271 1534 tentari,
2294 1483 2466 1541 quare
2479 1469 2686 1525 sanctis
2706 1470 2843 1526 viris
2858 1479 2914 1526 et
2940 1470 3050 1526 Deo
3063 1473 3457 1540 servientibus,

1855 1560 2026 1619 multa
2073 1560 2304 1621 adverso
2359 1561 2635 1628 eveniant.
2664 1572 2721 1623 et
2742 1572 2933 1621 contra
2966 1564 3244 1629 scelerati,
3280 1564 3454 1634 impii,

1855 1651 2145 1722 parricidae
2177 1652 2431 1722 ﬂoreant,
2462 1637 2705 1727 iigcant,
2736 1654 2849 1713 sint
2878 1654 3078 1715 divites
3108 1666 3166 1714 et
3187 1664 3457 1727 potentes.

1853 1744 2093 1814 Quorum
2126 1748 2285 1809 verba
2311 1747 2413 1803 sub
2437 1763 2533 1809 sua
2562 1763 2799 1818 persona
2825 1748 2989 1809 David
3013 1749 3329 1819 exprimens
3352 1751 3459 1807 ait:

191 1852 274 1901 etc.
299 1844 399 1901 Hoc
424 1852 512 1901 est
534 1860 668 1916 ergo
690 1846 839 1929 quod
863 1848 1161 1916 Apostolus
1191 1861 1368 1921 rogat,
1393 1861 1449 1906 et
1471 1868 1499 1905 n
1527 1851 1756 1907 Domino
1786 1850 1834 1914 B
1863 1839 2034 1905 Quam
2062 1838 2225 1897 bonus
2255 1838 2398 1903 Deus
2438 1838 2608 1901 Israel
2636 1839 2789 1897 reetis
2825 1839 3001 1897 corde.
3031 1840 3141 1897 Mei
3180 1856 3300 1897 vero
3332 1857 3463 1915 pene

189 1952 485 2007 magnopere
513 1937 869 2007 deprecatur,
900 1956 969 1995 ne
991 1939 1212 1996 deﬁciat
1234 1942 1285 1998 in
1316 1946 1593 2014 pressuris
1615 1946 1750 2003 suis.

190 2029 389 2089 Videbat
411 2032 616 2101 quippe
647 2046 705 2085 se
735 2032 805 2088 de
833 2030 1136 2091 Jerusalem
1168 2053 1339 2107 usque
1368 2037 1434 2092 ad
1467 2037 1749 2109 lllyricnnt

188 2122 504 2197 Evangelium
536 2126 1021 2197 pr.cdicasse,isse
1052 2130 1389 2199 Romam,ad
1419 2134 1709 2206 Hispanias
1736 2179 1751 2205 ,

190 2219 265 2275 vel
284 2223 604 2290 porrexisse,
630 2223 715 2279 vel
738 2225 821 2285 ire
850 2224 1148 2296 disponere
1179 2228 1200 2301 (
1227 2229 1380 2284 liam.
1410 2247 1474 2285 xv
1500 2230 1547 2304 ).
1580 2232 1754 2287 Tutus

187 2313 389 2369 mundus
416 2315 485 2370 ad
529 2315 839 2373 doctrinam
870 2318 1041 2390 ipsius
1069 2316 1140 2374 de
1183 2332 1458 2390 potestate
1488 2324 1753 2396 principis

190 2405 452 2469 tollebatur
484 2424 498 2461 :
528 2407 933 2466 deserebantur
959 2411 1125 2480 idola,
1152 2415 1529 2471 etcultoribus
1552 2416 1752 2487 templa

190 2497 379 2557 deserta
409 2504 668 2572 squalore
710 2511 769 2560 et
791 2505 1051 2563 sordibus
1072 2507 1453 2578 rapiebantur.
1483 2510 1566 2565 0h
1592 2525 1753 2581 quam

188 2610 385 2653 causam
415 2599 595 2654 omnis
638 2599 917 2656 exercitus
958 2602 1269 2657 dmmunum
1298 2644 1313 2669 ,
1364 2608 1546 2658 omnis
1596 2608 1751 2659 turba

189 2684 500 2745 inimicorum
532 2689 943 2761 fortitudinum,
971 2703 1164 2749 contra
1204 2696 1378 2765 ipsum
1406 2696 1553 2753 facto
1579 2713 1755 2753 cuneo

187 2777 481 2852 dimicabat,
514 2792 574 2841 ut
595 2798 693 2855 per
724 2784 1106 2843 tribulationes
1130 2797 1187 2842 et
1229 2793 1541 2860 angustias,
1576 2790 1755 2846 Evan-

185 2872 360 2943 gelium
405 2875 608 2933 Christi
655 2878 931 2937 desineret
966 2881 1298 2949 praedicare,
1346 2894 1404 2939 et
1435 2884 1614 2940 lassus
1655 2885 1752 2940 ali-

186 2967 377 3036 quando
402 2971 799 3040 requiesceret.
830 2972 945 3031 llnc
965 2984 1050 3031 est
1078 2976 1261 3046 itaque
1283 2976 1431 3047 quod
1453 2977 1531 3032 ait
1555 2996 1568 3031 :
1598 2976 1750 3045 Peto,

187 3075 240 3114 ne
260 3062 557 3132 deﬁciamin
586 3064 1005 3125 tribulationibus
1048 3069 1175 3124 uteie
1218 3086 1314 3138 pro
1357 3071 1519 3126 vobis.
1553 3071 1750 3129 Totum

184 3153 306 3211 enim
334 3156 472 3227 quod
505 3158 684 3227 patior
709 3203 724 3226 ,
776 3158 919 3231 quod
954 3161 1189 3219 tribulor
1212 3203 1229 3230 ,
1280 3163 1425 3234 quod
1456 3175 1712 3221 coarctor
1734 3210 1750 3237 ,

1857 1932 1983 1988 moti
2007 1945 2130 1999 sunt
2168 1932 2322 2006 pedes
2350 1950 2368 1991 :
2392 1951 2519 2004 pene
2553 1933 2704 2002 elfitsi
2748 1946 2867 1997 sunt
2904 1951 3111 2010 gressus
3160 1934 3282 1990 mei.
3319 1935 3462 2000 Quo—

1854 2026 1999 2083 niam
2026 2023 2309 2087 tumulatus
2335 2044 2453 2083 sunt
2478 2043 2636 2099 super
2679 2028 2895 2097 iniquis,
2925 2044 3101 2098 paceni
3130 2035 3461 2099 pcirculorum

1855 2117 2038 2175 uidens
2063 2119 2185 2187 (Ps.
2218 2134 2387 2181 Lxxtt.
2420 2126 2436 2175 t
2464 2122 2653 2191 seqq),
2683 2130 2739 2176 et
2767 2121 2995 2191 reliqua.
3024 2120 3201 2190 Super
3230 2136 3352 2189 (tua:
3382 2120 3465 2179 in-

1857 2211 1961 2275 fert
1996 2231 2007 2267 :
2041 2212 2156 2287 Ego
2184 2223 2355 2273 autem
2383 2213 2536 2269 dixi:
2568 2232 2690 2286 ergo
2725 2216 2835 2271 sine
2873 2231 3029 2271 causa
3055 2214 3351 2286 justi/irata
3376 2231 3465 2273 cor

1856 2323 2049 2372 meum,
2079 2320 2125 2362 et
2167 2305 2268 2362 lavi
2297 2308 2430 2365 inter
2458 2309 2755 2369 innocentes
2788 2325 2972 2365 manus
3002 2323 3175 2372 meas,
3212 2318 3259 2363 et
3296 2308 3463 2378 {uetus

1856 2414 1970 2459 sunt
1998 2401 2296 2473 ﬂagellatam
2347 2411 2457 2458 tota
2494 2402 2596 2461 die.
2647 2402 2763 2457 Non
2813 2403 2993 2471 itaque
3028 2400 3228 2459 mirum
3259 2411 3366 2467 est,
3412 2400 3459 2457 si

1857 2493 2109 2563 pluribus
2130 2494 2299 2553 Paulo
2320 2495 2589 2566 aitgustiis
2630 2497 2681 2557 in
2707 2496 2948 2566 Epheso,
2982 2506 3038 2557 et
3061 2496 3112 2553 in
3144 2494 3273 2553 Asia
3295 2509 3456 2549 coar-

1856 2595 2025 2655 ctato,
2052 2589 2249 2659 Ephesi
2285 2591 2658 2657 tentabnnlttr,
2696 2601 2751 2647 et
2778 2589 3056 2649 habebant
3087 2596 3455 2651 necessarium

1855 2686 2162 2743 orationum
2195 2685 2312 2753 ejus
2334 2685 2625 2753 ausilium,
2660 2701 2728 2745 ne
2758 2686 3063 2745 deﬁcerent
3095 2687 3147 2745 in
3178 2685 3456 2759 pressuris

1856 2777 1994 2845 ejus.
2026 2777 2180 2849 Quod
2212 2788 2392 2839 autem
2425 2780 2479 2835 in
2528 2778 2746 2849 Epheso
2784 2791 2838 2835 et
2870 2780 2922 2836 iii
2954 2779 3084 2837 Asia
3115 2777 3279 2839 luerit
3307 2781 3454 2848 Apo-

1854 2873 2031 2929 stolus
2057 2873 2212 2944 plura
2251 2887 2537 2945 perpessus
2562 2914 2578 2938 .
2630 2873 2897 2943 scriptum
2943 2884 3027 2933 est
3065 2872 3285 2945 quidem
3316 2883 3371 2929 ot
3402 2874 3455 2931 iii

1854 2966 2084 3027 Actibus
2135 2967 2510 3037 apostolorum
2538 2985 2552 3022 :
2584 2967 2749 3041 598
2802 2967 2900 3024 sed
2959 2968 3131 3039 magis
3175 2966 3244 3023 de
3287 2967 3458 3038 ipsius

1855 3056 2007 3121 Pauli
2031 3058 2297 3129 Epistolis
2315 3058 2601 3128 discimus,
2632 3061 2684 3117 iit
2707 3060 2908 3131 quibus
2937 3062 3013 3121 ait
3047 3076 3061 3117 :
3096 3060 3156 3117 Si
3177 3061 3337 3132 juxta
3360 3059 3456 3121 Ito-

1856 3152 2047 3213 miaetn
2071 3153 2140 3213 ad
2164 3153 2353 3215 bestias
2379 3154 2607 3228 pugnaui
2634 3154 2689 3211 in
2734 3152 2940 3225 Epheso
2961 3196 2976 3223 ,
3023 3155 3149 3225 quid
3179 3153 3307 3211 milii
3330 3169 3456 3225 pro-

186 3254 361 3303 vestra:
408 3250 602 3306 salutis
641 3258 728 3307 est
767 3267 967 3319 causa,
1017 3253 1146 3310 aut»
1195 3255 1352 3311 vobis
1400 3256 1751 3329 Evattgelium
1780 3249 1825 3314 C
1859 3244 1996 3312 de“.
2023 3246 2069 3305 οἱ
2105 3246 2295 3305 ηιοτιιιί
2334 3262 2440 3305 που
2466 3255 2741 3318 murem
2770 3246 2813 3318 (ι
2844 3244 2966 3303 σον.
2998 3262 3098 3314 ιν.
3133 3244 3267 3316 52)?
3305 3245 3374 3305 Et
3402 3246 3458 3303 in

184 3342 481 3398 annuntiare
510 3342 805 3403 desidero:
835 3361 952 3408 nuc
979 3346 1361 3405 tribulationes
1389 3363 1546 3425 ineat,
1571 3361 1748 3407 vestra

185 3440 253 3485 est
293 3432 482 3504 gloria.
516 3433 692 3489 Porro
738 3437 890 3506 quasi
933 3438 1214 3508 imperitus
1270 3440 1487 3496 locutus
1524 3451 1643 3508 est,
1695 3452 1755 3499 ut
1794 3502 1799 3507 ,

183 3520 350 3593 plurali
381 3528 796 3587 tribulationum
826 3546 1056 3587 numero
1080 3573 1096 3597 ,
1135 3534 1365 3604 gloriam
1396 3535 1750 3606 subjungeret

187 3613 521 3688 singularem,
554 3628 611 3675 et
639 3620 852 3679 diceret
880 3640 893 3677 :
927 3621 994 3677 In
1031 3624 1458 3683 tribulationibus
1490 3628 1619 3685 meis
1656 3646 1753 3700 pro

183 3709 300 3764 nobis
322 3756 337 3780 ,
375 3729 489 3781 qua!
516 3725 593 3769 est
624 3714 795 3785 gloria
827 3726 994 3777 vestra
1017 3759 1031 3785 ,
1062 3732 1161 3789 pro
1189 3735 1257 3774 eo
1289 3720 1436 3789 qtind
1477 3731 1591 3789 est,
1637 3740 1754 3794 qua:

181 3810 280 3855 sunt
342 3804 705 3861 tribulationas
766 3807 937 3879 gloria
1003 3820 1171 3869 uestra
1218 3826 1234 3863 :
1286 3812 1389 3869 nisi
1444 3810 1585 3869 forte
1633 3815 1753 3885 quis

181 3893 320 3950 altius
346 3906 400 3952 et
436 3913 528 3965 per
552 3899 930 3971 hyperbaton,
980 3903 1068 3959 vel
1108 3901 1176 3961 ad
1218 3904 1506 3971 ﬁduciam,
1549 3906 1634 3962 vel
1685 3907 1751 3963 ad

178 3983 452 4059 accessum,
500 3995 587 4053 vel
634 3994 701 4049 ad
753 3994 915 4053 ﬁdem
961 3997 1066 4052 hoc
1117 3997 1401 4055 existimet
1447 4014 1571 4057 esse
1616 4003 1754 4058 rele-

177 4084 424 4157 rendum,
472 4096 526 4142 et
591 4088 785 4159 dicat,
844 4091 897 4145 in
956 4106 1064 4162 quo
1121 4091 1387 4149 habemus
1456 4095 1750 4166 ﬁduciam,

179 4174 317 4250 597
346 4188 399 4234 et
419 4194 724 4249 accessum,
747 4190 802 4237 et
821 4181 1160 4253 ﬁdem.‘0nac
1189 4184 1407 4254 ﬁducia,
1432 4202 1683 4244 accessus
1700 4199 1754 4247 et

176 4265 313 4335 ﬁdes,
341 4281 516 4329 vestra
550 4280 639 4331 est
674 4273 870 4343 gloria.
901 4275 1014 4331 Sed
1052 4279 1222 4349 magis
1261 4280 1511 4350 superior
1540 4291 1755 4337 sectan-

176 4359 259 4417 dus
282 4374 361 4421 est
390 4382 610 4422 sensus.
642 4367 826 4427 Potest
849 4382 1031 4429 autem
1058 4374 1355 4432 secundum
1388 4375 1437 4430 id
1470 4376 1613 4446 quod
1645 4376 1752 4434 La-

175 4453 301 4514 tinus
328 4461 596 4530 expressit
633 4480 645 4517 :
680 4460 907 4534 Propter
951 4466 1091 4535 quod
1125 4476 1265 4539 peto,
1312 4485 1375 4524 ne
1403 4469 1658 4534 deﬁciatis
1697 4472 1750 4526 in

176 4548 576 4613 tribulationibus
604 4556 732 4611 meis
772 4572 870 4628 pro
911 4557 1074 4628 vobis,
1105 4576 1224 4631 qua
1262 4570 1338 4618 est
1362 4563 1531 4634 gloria
1559 4575 1750 4634 vestra,

1854 3338 2088 3397 secunda
2116 3339 2183 3397 ad
2214 3341 2534 3401 Corinthios
2569 3357 2582 3397 :
2612 3340 2755 3399 Noto
2796 3357 2885 3396 nos
2916 3343 3196 3417 ignorare,
3242 3345 3456 3414 fratres,

1853 3430 1916 3486 de
1944 3432 2278 3491 tribulatione
2302 3443 2503 3504 nostra,
2535 3449 2651 3506 quae
2671 3438 2816 3506 facta
2837 3444 2912 3491 est
2940 3435 2994 3491 in
3019 3434 3145 3492 Asia
3174 3436 3339 3507 :qnia
3364 3451 3455 3490 su-

1855 3541 1948 3595 per
1975 3526 2207 3594 modum,
2241 3544 2398 3599 super
2424 3529 2665 3591 virtutem
2705 3529 2982 3600 aggravati
3016 3545 3225 3600 sumus,
3275 3531 3349 3587 ita
3401 3540 3457 3585 ut

1854 3619 2246 3692 desperaremus
2289 3622 2445 3681 etiam
2485 3623 2652 3679 vivere
2683 3636 2702 3679 :
2729 3623 2821 3681 sed
2848 3624 2950 3695 ipsi
2986 3624 3040 3680 in
3074 3624 3459 3696 nobismetipsis

1854 3728 2160 3785 responsum
2202 3715 2383 3769 mortis
2413 3713 2687 3773 habuimus
2705 3758 2721 3783 ,
2756 3724 2811 3771 nt
2842 3732 2948 3771 non
2974 3715 3292 3787 conﬁdentes
3318 3732 3457 3773 esse-

1856 3822 1969 3862 mus
1988 3807 2043 3867 in
2072 3806 2243 3875 nobis,
2273 3806 2362 3861 sed
2392 3805 2445 3863 in
2475 3805 2586 3865 Deo
2616 3808 2707 3879 qui
2734 3806 2953 3865 suscitat
2994 3817 3245 3875 mortuos,
3274 3808 3363 3879 qui
3391 3807 3458 3862 de

1854 3899 2041 3954 talibus
2064 3898 2312 3955 mortibus
2339 3899 2575 3957 liberauit
2598 3917 2711 3968 nos,
2745 3910 2793 3957 et
2814 3900 2999 3959 liberat
3023 3915 3044 3955 :
3065 3916 3334 3972 speramus
3359 3916 3457 3955 au-

1856 4004 1977 4061 tent,
1998 3996 2122 4066 quia
2152 4003 2199 4050 et
2228 3995 2540 4055 liberaturus
2562 3995 2629 4053 sit
2649 3993 2719 4065 (ll
2743 3993 2865 4051 Cor.
2898 4010 2944 4063 ι,
2979 3995 3014 4053 8
3051 3992 3237 4067 δοίη),
3273 3994 3458 4063 Οιιιιιιο

1858 4096 1970 4145 tum
2002 4097 2157 4157 putas
2179 4104 2302 4147 eum
2334 4089 2738 4149 tribulationum
2765 4087 2976 4160 pondus
3006 4088 3263 4160 urgebat,
3294 4095 3352 4145 ut
3375 4087 3459 4145 di-

1856 4192 2008 4238 ceret
2041 4201 2053 4238 :
2088 4184 2180 4254 qui
2202 4184 2266 4241 de
2287 4184 2448 4243 tantis
2484 4194 2529 4241 et
2572 4181 2764 4239 talibus
2791 4181 3044 4241 mortibus
3063 4182 3303 4266 liberavit
3322 4186 3461 4240 nos?

1854 4273 2022 4333 Recte
2053 4275 2216 4348 igitur
2266 4277 2425 4349 petit,
2468 4292 2536 4333 ne
2562 4274 2781 4333 deﬁciat
2820 4274 2957 4333 ﬁdes
2999 4275 3359 4346 Ephesiorum
3401 4277 3456 4334 in

1856 4371 2127 4443 pressaris
2155 4370 2266 4428 suis
2295 4380 2459 4443 atque
2498 4368 2766 4440 angustiis
2786 4409 2802 4436 ,
2832 4383 2967 4440 quas
2998 4377 3286 4440 propterea
3312 4370 3457 4441 patio

1856 4470 1965 4534 tur,
1993 4463 2120 4536 quia
2149 4463 2400 4535 Ephesiis
2429 4462 2782 4534 Evangelium
2816 4460 3165 4533 pricdicabat.
3194 4462 3458 4533 Quinqui-

1854 4556 1978 4615 dem
2009 4571 2277 4628 pressurae
2307 4556 2451 4628 apud
2484 4556 2796 4615 incredulos
2826 4571 3002 4627 pinnae
3042 4566 3189 4625 sunt,
3220 4557 3362 4626 apud
3393 4556 3459 4613 li-

173 4640 284 4699 illud
311 4649 507 4718 exponi
540 4649 684 4718 quod
716 4664 813 4718 pro
849 4649 1094 4721 Ephesiis
1124 4660 1291 4724 petat,
1325 4669 1393 4709 ne
1438 4655 1492 4709 iu
1535 4670 1755 4726 pressu-
1781 4647 1834 4710 Ι)
1857 4649 2009 4705 delcs
2030 4650 2201 4723 gloria
2229 4660 2392 4722 atque
2420 4649 2667 4715 victoria,
2693 4649 2818 4721 quia
2850 4648 3067 4718 vicisse,
3103 4659 3187 4706 est
3208 4650 3460 4709 adversa-

173 4731 238 4789 ris
254 4740 478 4805 apostoli
508 4741 808 4797 lassescant
828 4751 990 4813 atque
1011 4742 1287 4805 deﬁciant.
1312 4746 1589 4818 Siquidem
1612 4758 1665 4805 et
1690 4763 1754 4806 ea

173 4840 275 4896 qua:
310 4842 628 4907 sequuntur.
674 4831 802 4889 huic
825 4849 1007 4895 sensui
1039 4838 1210 4907 magis
1231 4851 1537 4910 congruunt
1572 4858 1585 4897 :
1621 4840 1754 4899 Pro-

174 4928 329 4986 ulmo
353 4942 513 4981 euroo
536 4943 705 4997 genua
733 4944 848 4982 mea
869 4929 939 4982 ad
964 4928 1178 4987 Patrem
1206 4930 1418 4987 Domini
1435 4935 1599 4989 nostri
1626 4933 1755 4992 Jesu

175 5009 381 5086 Christi,
432 5030 489 5075 ut
539 5022 622 5075 det
665 5022 810 5076 vobis
856 5023 1143 5079 secundum
1186 5027 1392 5081 divitias
1425 5027 1607 5100 gloria:
1646 5047 1753 5087 sure

174 5105 337 5165 tirttite
356 5114 668 5186 eonfortari.
701 5113 1073 5175 Necessariam
1106 5120 1306 5193 quippe
1337 5120 1614 5179 habebant
1642 5126 1747 5181 lor-

173 5194 462 5275 litttdinern,
497 5223 567 5265 ne
598 5208 653 5265 in
693 5207 1135 5265 tribulationibus
1181 5215 1543 5275 vincerentur.
1590 5215 1747 5273 Dicat

172 5293 340 5369 lliquis
373 5303 475 5367 :Bi
523 5303 755 5360 fuissent
800 5304 996 5377 Ephesi
1049 5306 1100 5362 in
1134 5312 1396 5383 angustiis
1440 5313 1742 5381 constituti,

231 5494 860 5576 {Victoriusespungit
914 5503 1101 5572 verba,
1158 5504 1369 5562 Domini
1418 5509 1581 5563 nostri
1624 5508 1753 5564 Jesu

170 5559 533 5640 arista-quod
566 5571 627 5645 in,
652 5559 1258 5645 s'nInfexoexpusitiun—e
1286 5559 1603 5636 esitavisse

169 5649 413 5722 malum:
443 5660 548 5697 non
581 5643 851 5709 \ideatttr.
886 5643 1079 5722 Porro,
1114 5649 1303 5718 inquit,
1334 5650 1475 5721 quod
1499 5654 1750 5722 sequitur,

168 5706 227 5788 ad
249 5706 486 5788 Patrem,
518 5730 582 5769 es
615 5706 724 5784 quo
752 5716 929 5771 munis
961 5706 1264 5788 putortiiius
1294 5706 1358 5776 ἰιέ
1394 5706 1641 5779 εωιεεέι

168 5781 313 5838 terris
338 5781 669 5850 iionrinatur,
703 5803 808 5841 non
843 5797 895 5840 ut
918 5781 975 5843 iri
995 5789 1203 5848 Latinis
1226 5793 1485 5848 codicibus
1518 5795 1753 5850 additum

166 5861 254 5923 est,
280 5853 343 5909 ad
371 5854 587 5913 Patrem
622 5856 843 5913 Domini
884 5864 1060 5918 nostri
1089 5862 1221 5922 Jesu
1249 5865 1478 5932 Christi;
1512 5866 1603 5920 sed
1631 5871 1749 5922 sint-

1858 4744 1953 4801 riis
1980 4741 2034 4800 iu
2063 4745 2329 4817 angustiis
2360 4759 2467 4803 non
2498 4742 2749 4805 cessisse.

1930 4836 2116 4908 (Vere.
2143 4836 2259 4909 14.)
2292 4834 2577 4907 Propterea
2615 4852 2768 4895 curvo
2787 4852 2954 4908 gentia
2986 4853 3101 4897 mea
3136 4836 3208 4897 ad
3246 4834 3456 4899 Potuit

1857 4941 1886 4975 ι
1912 4929 2125 4987 Domini
2146 4932 2307 4987 nostri
2336 4929 2467 4987 Jesu
2495 4930 2715 5001 Christi,
2748 4945 2813 4986 ea:
2840 4946 2943 5000 quo
2981 4933 3145 4987 omnis
3173 4934 3458 5004 poteruitas

1855 5025 1910 5081 in
1941 5026 2102 5098 cretis,
2137 5036 2182 5081 et
2209 5025 2264 5081 in
2296 5035 2437 5081 terra
2469 5026 2785 5083 nominatur.
2815 5023 3103 5093 Quomodo
3130 5024 3181 5080 in
3211 5026 3460 5099 superio-

1858 5122 2011 5181 ribus
2032 5122 2470 5181 dentonstratum
2502 5128 2605 5186 est,
2637 5119 2705 5181 ad
2732 5117 2964 5191 ottigieni
2992 5118 3355 5188 corporalium
3377 5116 3460 5179 lu-

1856 5216 2064 5273 minum
2094 5228 2218 5271 esse
2244 5214 2433 5270 oculos
2465 5212 2780 5283 spirituales
2814 5230 2827 5267 :
2869 5214 2951 5269 sic
2979 5228 3124 5268 nunc
3146 5211 3456 5283 intelligen-

1852 5313 2003 5376 dum,
2028 5308 2131 5367 alia
2155 5321 2279 5375 esse
2308 5306 2598 5369 exterioris
2631 5305 2864 5371 hominis
2883 5321 3081 5381 genua,
3104 5304 3207 5364 alia
3232 5305 3456 5365 interio-

1857 5507 2090 5582 plieiter,
2118 5508 2184 5565 ad
2223 5506 2442 5565 Patrem
2462 5507 2768 5582 legendum.
2816 5517 2867 5565 nt
2909 5506 3007 5582 Dei
3050 5504 3227 5582 Patris
3270 5520 3454 5563 nomen

1858 5578 1962 5638 non
1990 5578 2214 5637 Domino
2242 5589 2418 5636 nostra
2442 5578 2567 5635 Iesu
2593 5578 2838 5645 Christo;
2863 5580 2953 5634 sed
2987 5578 3218 5633 omnibus
3247 5588 3450 5634 creatu-

1859 5655 1933 5729 [ιβ
1971 5652 2323 5729 rationalibus
2363 5659 2651 5729 conpletur.
2687 5652 2950 5729 Equidem
2988 5661 3042 5729 e_t
3078 5661 3291 5729 veteres
3319 5666 3451 5729 mss.

1858 5724 1982 5800 libri
2033 5726 2144 5800 Cra
2163 5725 2213 5800 cl
2264 5740 2405 5779 nunc
2438 5720 2728 5797 suppetunt
2753 5720 2768 5787 ξ
2796 5722 2886 5797 qui
2925 5720 3112 5800 verba,
3144 5728 3234 5794 rei;
3264 5726 3450 5800 ιιιρίου

1860 5798 2012 5875 ιρμῶιιΔ
2038 5795 2210 5858 Ἰησοῦ
2259 5795 2656 5875 ξίριστοῦλνῂριι
2684 5795 3011 5875 agnoscunt,
3045 5795 3272 5866 dumque
3318 5795 3448 5851 item

1908 5836 3057 5938 ἓῖἑίοὲἒέῒηιῗῶἰξὲῖίὸιὶἰῖὸρῐὲιῗέῖίἐέἱέὶἰυξ
