3962 6338
515 322 620 380 ιιι-ι

1770 317 1832 379 S.
1874 316 2149 380 EUSEBII
2192 314 2579 379 HIERONYMI
3681 326 3760 389 188

511 440 610 496 ris.
642 439 857 493 Etenim
886 436 1019 494 illud
1045 437 1187 509 quod
1212 436 1413 493 dicitur
1436 435 1488 492 in
1517 436 1653 492 Isaia
1687 453 1700 493 :
1733 435 2114 509 Confortamini
2142 443 2190 503 Α
2218 449 2520 510 conpletur.
2555 434 2921 506 Quaerendum
2944 452 3074 511 ergo
3100 439 3373 510 quomodo
3401 456 3468 498 ex
3517 441 3615 497 Deo
3643 443 3763 502 Patre

510 548 692 588 manus
726 531 974 598 dimissaz,
1008 539 1053 584 et
1077 547 1244 600 genua
1280 528 1535 586 dissoluta
1557 527 1711 601 (Isai.
1746 545 1916 598 xxxv,
1942 532 2018 602 5).
2053 531 2120 586 Ει

515 625 570 682 in
596 628 706 682 alio
735 626 856 682 loco
888 626 1006 697 ipse
1045 625 1384 694 Apostolus:
1422 623 1488 680 Ut
1526 625 1582 678 in
1623 625 1857 691 nomine,
1911 624 2117 696 inquit,

511 716 660 785 Jesu,
693 734 845 773 omne
889 733 1027 788 genu
1057 717 1320 786 ﬂectatur,
1365 716 1667 787 caelestium,
1705 719 2040 782 terrestrium,
2074 726 2120 772 et

512 812 836 882 infernarum
879 807 1114 879 (Philip.
1147 825 1209 878 ιι,
1242 808 1355 880 10),
1389 826 1493 864 non
1525 811 1592 866 ad
1630 827 1804 881 genua
1847 812 2115 882 corporis,

516 903 615 959 sed
640 901 708 957 ad
732 901 1126 971 subjectionem
1155 902 1356 958 mentis
1385 913 1436 958 et
1460 902 1871 960 inclinationem
1899 905 2114 971 animm,

513 997 809 1068 cordisque
835 996 1157 1070 obsequium
1187 997 1450 1068 pertinet,
1483 1007 1647 1053 terrae
1675 1014 1735 1053 se
1765 998 2117 1069 coaequantis,

513 1100 573 1148 ut
600 1091 882 1147 Psalmista
909 1107 1131 1164 quoque
1153 1092 1320 1150 canit.
1343 1091 1534 1147 dicens
1551 1110 1562 1143 :
1579 1091 1811 1146 Adlttrsit
1828 1092 2120 1164 pavimento

512 1186 692 1239 anima
720 1201 833 1240 mea
857 1183 978 1259 (Ps.
1028 1200 1223 1250 cxvnt,
1251 1184 1368 1256 25).
1412 1184 1522 1240 Res
1567 1187 1712 1240 enim
1743 1183 2041 1254 spiritualis
2068 1192 2124 1240 et

514 1268 837 1349 incorporea
861 1280 1064 1344 anima,
1095 1280 1176 1334 rei
1205 1279 1477 1348 corporali
1504 1279 1816 1349 pavimento
1847 1277 2121 1349 quomodo

512 1371 690 1443 pomit
727 1371 1052 1428 adhaerere?
1095 1371 1228 1426 Esto
1265 1371 1465 1442 quippe
1509 1373 1562 1426 in
1594 1371 1810 1426 nomine
1854 1372 1986 1425 Jesu
2025 1369 2122 1426 ﬂe-

511 1474 662 1520 ctant
687 1480 832 1536 genu
847 1465 1130 1520 terrestria
1150 1463 1438 1534 :numquid
1458 1475 1512 1519 et
1537 1465 1761 1534 angelos
1783 1473 2121 1534 craterasque

513 1561 766 1628 virtutes,
795 1576 916 1632 quae
949 1561 1003 1615 in
1041 1560 1361 1616 cwlestibus
1407 1569 1754 1645 perseverant
1777 1601 1791 1626 ,
1832 1573 2122 1630 possumus

511 1655 790 1713 afﬂrmare
816 1656 1058 1726 speciem
1090 1655 1291 1711 habere
1321 1670 1668 1726 corpoream,
1708 1664 1765 1710 ut
1806 1655 1859 1710 in
1899 1653 2120 1710 nomine

513 1750 883 1821 ejusﬂectant
911 1751 1098 1822 genu?
1130 1748 1213 1805 vel
1243 1749 1388 1820 apud
1418 1749 1620 1806 inferos
1650 1751 1861 1805 animas
1885 1750 2117 1805 vinculis

2223 532 2398 587 omnis
2430 531 2725 603 paternitas
2748 533 2801 587 in
2821 533 2975 588 caelis
2996 541 3049 588 et
3079 533 3131 587 in
3167 542 3307 589 terra
3333 535 3405 590 sit
3431 533 3693 591 nominata.
3715 539 3767 594 Et

2225 625 2387 680 simul
2408 634 2695 698 antequam
2719 625 2919 698 aliquid
2945 636 3291 694 retractetur,
3327 631 3631 699 notandum,
3657 634 3767 702 quod

2225 735 2334 774 non
2366 719 2586 787 dixerit,
2618 736 2682 775 ea:
2713 736 2813 792 quo
2860 721 3026 774 omnis
3067 722 3356 790 paternitas
3396 721 3453 776 in
3483 721 3611 777 ctelis
3647 734 3686 778 et
3727 725 3770 781 in

2224 809 2365 868 terra
2394 824 2516 868 nata
2551 823 2647 880 est,
2677 814 2763 871 vel
2792 822 3008 882 creata;
3035 813 3153 884 sed,
3181 831 3247 870 ea:
3270 832 3372 886 quo
3393 817 3558 870 omnis
3585 820 3770 888 paterni-

2226 917 2304 961 tas
2326 907 2378 960 in
2407 906 2548 962 caelis
2578 917 2624 962 et
2655 911 2709 962 in
2745 918 2884 962 terra
2906 908 3223 962 nominatur.
3251 908 3416 965 Aliud
3447 917 3532 966 est
3555 909 3676 964 enim
3701 926 3772 982 ap.

2225 1000 2574 1072 peliationem
2605 1003 2947 1071 paternitatis
2969 1003 3190 1066 mereri,
3221 1002 3364 1057 aliud
3392 1012 3594 1059 naturae
3612 1001 3777 1060 habere

2221 1094 2582 1158 consortium,
2617 1094 2996 1163 paternitalem
3026 1110 3147 1165 qua:
3192 1095 3247 1150 in
3289 1095 3482 1152 Grazco
3522 1100 3711 1175 πατριὰ,
3737 1097 3776 1152 in

2223 1187 2389 1258 600
2429 1186 2661 1242 Hebraeo
2715 1203 2995 1245 IESPHATH
3023 1188 3328 1262 (nt-tmen),
3379 1189 3434 1246 id
3476 1200 3579 1255 est,
3623 1207 3780 1264 cogun-

2226 1280 2332 1344 tio,
2375 1279 2457 1335 vel
2513 1280 2718 1350 familia
2761 1280 2990 1347 dicitur,
3033 1281 3263 1351 legimus
3311 1291 3368 1339 et
3421 1283 3472 1337 in
3528 1282 3776 1340 Numeris:

2224 1370 2434 1439 Tollite,
2458 1372 2653 1444 inquit,
2685 1390 2943 1428 summam
2971 1374 3138 1428 omnis
3159 1390 3438 1449 synagoyte
3461 1374 3642 1445 Israel,
3659 1377 3784 1449 juxta

2225 1467 2556 1538 cognationes
2577 1476 2623 1521 et
2649 1467 2889 1537 populos,
2918 1465 3199 1522 secundum
3224 1467 3405 1522 domos
3435 1469 3780 1539 paternilatum,

2223 1560 2376 1630 iuxta
2403 1575 2675 1615 numerum
2705 1560 2970 1614 nominum
2997 1575 3178 1615 eorum
3209 1557 3399 1628 (Nunt.
3432 1575 3474 1630 ι,
3505 1559 3584 1632 2).
3617 1561 3673 1616 Et
3689 1570 3787 1630 post

2224 1652 2500 1724 paululum
2533 1651 2715 1725 (Vers.
2742 1652 2842 1725 16)
2873 1669 2887 1706 :
2914 1652 2985 1706 Hi
3009 1660 3126 1707 sunt
3153 1653 3303 1707 electi
3335 1669 3612 1727 synagoga
3632 1655 3788 1726 princi-

2225 1763 2313 1818 pes
2349 1746 2594 1815 tribuum,
2617 1749 2776 1820 juxta
2828 1746 3164 1815 paternitates
3189 1762 3313 1801 suas
3344 1747 3502 1802 duces
3537 1746 3708 1802 Israel.
3736 1747 3791 1802 Et

513 1842 759 1915 corporis
782 1844 1062 1909 liberatas,
1087 1858 1225 1914 genu
1247 1843 1390 1914 quod
1415 1860 1523 1899 non
1550 1843 1774 1910 habent,
1800 1859 1922 1899 esse
1942 1843 2121 1899 ﬂexu-
2151 1845 2199 1907 Β
2226 1856 2441 1895 rursum
2481 1839 2552 1897 de
2591 1841 2736 1896 tribu
2770 1840 2897 1896 Levi
2929 1858 2942 1894 :
2973 1839 3043 1894 Et
3084 1841 3290 1914 locutus
3337 1849 3412 1896 est
3451 1838 3692 1895 Dominus
3733 1841 3787 1894 ad

517 1935 648 1992 ras?
678 1936 963 2004 Quomodo
994 1936 1158 2008 599
1184 1935 1350 2006 igitur
1375 1936 1706 2008 quicumque
1739 1935 2012 2008 subjectus
2034 1946 2119 1990 est

515 2028 789 2086 Salvatori.
815 2070 830 2099 ,
875 2029 1094 2085 ﬂectere
1129 2029 1178 2084 ei
1217 2044 1359 2098 genu
1388 2029 1587 2085 dicitur
1620 2046 1633 2083 :
1669 2029 1748 2084 sic
1779 2029 1868 2100 qui
1912 2028 2118 2099 peccati

515 2138 708 2179 servus
738 2131 846 2193 est,
881 2134 937 2180 et
967 2123 1131 2180 habet
1153 2123 1410 2194 Spiritum
1440 2123 1722 2180 servitutis
1745 2125 1941 2178 iterum
1973 2123 2028 2179 in
2052 2124 2119 2178 ti-

516 2231 690 2282 more,
738 2232 886 2288 genn
933 2217 1191 2273 scribitur
1229 2217 1445 2274 ﬂexisse
1499 2227 1741 2288 peccato.
1789 2216 2119 2288 Derelinquit

514 2307 664 2376 mihi,
687 2309 766 2364 ait
793 2309 1078 2379 Dominus,
1097 2317 1288 2382 septem
1309 2309 1476 2363 millia
1495 2310 1746 2373 virorum.
1775 2311 1864 2380 qui
1884 2326 1986 2364 non
1999 2326 2118 2364 cur-

515 2414 763 2460 vaverant
791 2419 964 2475 genua
993 2413 1112 2458 ante
1162 2402 1298 2458 Baal
1345 2401 1433 2474 (Ill
1462 2402 1593 2476 Reg.
1646 2420 1758 2470 xxx,
1809 2403 1922 2474 18),
1975 2403 2120 2458 idolo

517 2499 728 2555 scilicet
753 2507 916 2571 atque
945 2507 1188 2570 peccato.
1221 2497 1324 2566 Qui
1358 2496 1658 2554 fornicator
1700 2505 1802 2564 est,
1833 2505 1887 2552 et
1919 2511 2014 2566 per
2039 2498 2120 2552 lu-

521 2593 741 2664 panaria
791 2601 1078 2663 scortaque
1139 2591 1421 2660 discurrit,
1481 2590 1687 2646 libidini
1723 2589 1921 2646 ﬂectit
1977 2605 2118 2661 genu

518 2703 699 2744 suum.
745 2687 850 2756 Qui
904 2685 1172 2754 furiosus,
1220 2685 1361 2742 ﬂexo
1401 2685 1594 2740 adorat
1637 2684 1774 2740 iram
1821 2699 1982 2756 genu.
2015 2684 2118 2751 Qui

515 2796 884 2836 mammonam
913 2779 1162 2852 suspicit,
1193 2786 1250 2836 et
1277 2780 1418 2836 Deus
1445 2779 1563 2849 ejus
1594 2786 1680 2833 est
1705 2788 1915 2842 venter,
1946 2776 2118 2833 ﬂectit

514 2889 685 2946 genua
713 2873 952 2929 avaritiae
973 2881 1134 2940 atque
1155 2872 1408 2928 luxuriat.
1429 2872 1495 2927 Et
1519 2871 1646 2944 quid
1671 2886 1757 2928 me
1783 2886 2008 2927 necesse
2034 2880 2120 2928 est

516 2967 729 3039 singula
782 2967 1112 3038 peragrare?
1150 2966 1337 3023 Toties
1382 2966 1600 3022 diabolo
1636 2965 1904 3022 ﬂectimus
1951 2982 2114 3038 genu,

517 3063 965 3135 quotiescumque
1006 3075 1317 3132 peccamus.
1367 3061 1492 3116 Haec
1543 3067 1725 3116 autem
1763 3060 2117 3130 spiritualiter

515 3163 873 3226 exponentes,
901 3169 1009 3210 non
1040 3155 1222 3210 statim
1243 3154 1396 3225 juxta
1423 3154 1655 3210 litteram
1678 3153 1864 3210 orandi
1883 3153 2114 3210 consne-
2143 3183 2187 3246 ρ

518 3245 758 3304 tudinem
790 3246 1055 3316 tollimus,
1089 3261 1193 3317 qua
1225 3247 1394 3304 Deum
1429 3261 1572 3318 genu
1599 3249 1776 3318 posito
1801 3247 2118 3318 suppliciter

515 3340 836 3409 adoramus,
879 3349 935 3396 et
965 3338 1072 3395 ﬂxo
1101 3338 1153 3394 in
1195 3347 1398 3396 terram
1428 3340 1649 3411 poplite,
1679 3341 1850 3411 magis
1877 3341 2018 3412 quod
2049 3341 2118 3397 ab

515 3451 584 3492 eo
611 3437 906 3506 poscimus,
937 3435 1316 3506 impetramus.
1353 3434 1609 3507 Legimus
1636 3435 1780 3491 enim
1811 3448 1865 3492 et
1889 3437 2113 3492 Paulum

515 3527 573 3584 in
617 3527 798 3584 littore
841 3527 922 3584 sic
951 3542 1172 3594 orasse,
1217 3537 1272 3583 et
1319 3526 1751 3600 geniculationes
1784 3529 1839 3584 in
1870 3530 2117 3585 oratione

519 3629 823 3689 praceptas
853 3616 991 3692 (Act.
1024 3617 1219 3690 xxvu).
1248 3618 1355 3676 Sed
1387 3619 1528 3674 sicut
1571 3618 1701 3675 illud
1730 3620 1966 3676 aedificat
1987 3621 2117 3676 sim-

515 3712 728 3782 plices:
767 3712 847 3768 sic
883 3727 1067 3768 veram
1098 3712 1550 3784 geniculationem
1600 3729 1723 3771 esse
1752 3714 2013 3771 docemus
2059 3716 2110 3771 in

515 3805 731 3873 animo;
753 3803 879 3876 quia
907 3803 1065 3862 multi
1085 3805 1376 3877 corporale
1397 3804 1678 3864 ﬂectentes
1699 3823 1862 3879 genu,
1892 3808 2109 3875 anima»,

516 3913 857 3970 nequaquam
899 3897 1160 3970 poplitem
1211 3910 1600 3956 curvaverunt.
1637 3900 1703 3955 Et
1751 3910 1968 3969 contra,
2021 3902 2111 3956 alii

512 4006 699 4054 erecto
727 3995 899 4052 Deum
929 4008 1160 4066 corpore
1194 3993 1553 4065 deprecantes
1578 4036 1593 4059 ,
1638 3995 1808 4065 inagis
1843 4009 1904 4050 se
1929 3996 2112 4051 animo

513 4096 889 4146 curvaverant.
915 4087 1086 4144 Porro
1117 4087 1260 4158 quod
1288 4089 1552 4159 sequitur,
1582 4087 1651 4141 ad
1676 4087 1890 4142 Patrem
1925 4104 1989 4142 ea:
2012 4104 2112 4159 quo

516 4183 681 4238 omnis
701 4181 982 4253 paternitas
1007 4181 1065 4237 in
1101 4181 1276 4250 cretis,
1311 4190 1359 4237 et
1397 4181 1451 4236 in
1482 4192 1618 4237 terra
1646 4182 1972 4247 nominatur,
2004 4197 2111 4236 non

516 4282 576 4329 ut
606 4273 659 4328 in
685 4272 893 4330 Latinis
916 4273 1199 4332 codicibus
1225 4273 1467 4331 additum
1497 4283 1605 4346 est,
1647 4274 1716 4329 ad
1755 4274 1963 4331 Patrem
2007 4274 2115 4329 Do-

515 4367 645 4422 mini
667 4369 829 4422 nostri
851 4364 980 4424 Jesu
1004 4367 1217 4437 Christi,
1261 4369 1357 4426 sed
1387 4369 1732 4441 simpliciter,
1763 4370 1831 4425 ad
1872 4368 2108 4438 Patrem,

515 4462 822 4533 legendum,
846 4471 905 4520 ιιι
931 4463 1024 4520 Dei
1052 4463 1230 4520 Patris
1259 4481 1455 4522 nomen
1478 4507 1491 4530 .
1525 4481 1634 4523 non
1663 4467 1894 4522 Domino
1923 4476 2112 4522 nostro

2227 1933 2443 2007 Moysen
2472 1937 2527 1990 in
2552 1935 2753 1991 deserto
2793 1935 2945 2001 Sina,
2983 1936 3158 1990 dicens
3185 1950 3204 1990 :
3233 1934 3470 1990 Numera
3504 1936 3638 2006 ﬁlios
3673 1935 3788 2001 Lari,

2225 2032 2506 2085 secundum
2535 2033 2713 2085 domos
2755 2030 3130 2102 paternitatum
3153 2047 3386 2096 suarum,
3425 2030 3690 2086 secundum
3718 2047 3792 2102 po-

2229 2122 2380 2192 pulos
2407 2139 2581 2177 eorum
2602 2164 2616 2188 ,
2647 2122 2930 2178 secundum
2957 2123 3286 2194 cognationes
3307 2139 3486 2178 eorum
3505 2139 3526 2178 :
3548 2139 3686 2178 omne
3704 2141 3795 2177 ma-

2227 2216 2488 2270 sculinum
2515 2232 2547 2270 a
2569 2232 2743 2272 mense
2765 2231 2869 2270 uno
2901 2225 2950 2270 et
2971 2233 3154 2289 supra,
3179 2216 3507 2272 considerate
3533 2233 3612 2272 eos
3634 2215 3789 2288 (Nam.

2227 2325 2305 2376 ιιι,
2339 2309 2450 2381 15).
2483 2310 2613 2365 l-lzee
2636 2309 2704 2366 de
2732 2309 2936 2380 pepulo
2969 2309 3166 2376 Israel,
3207 2319 3261 2366 et
3289 2309 3358 2367 de
3407 2310 3718 2367 sacerdOtali
3744 2325 3794 2366 ac

2224 2400 2465 2457 Levitica
2497 2402 2662 2458 tribu.
2716 2402 2986 2459 Caeterum
3019 2417 3228 2458 mecum
3284 2404 3399 2474 ipse
3450 2413 3792 2474 pertractans,

2226 2495 2316 2551 ubi
2339 2495 2407 2551 de
2446 2495 2698 2566 gentibus
2739 2504 2767 2534 ει
2809 2496 3202 2566 paternilatum
3231 2495 3559 2553 vocabulum
3586 2497 3795 2568 legerim,

2227 2605 2370 2645 nunc
2400 2589 2618 2644 interim
2641 2588 2788 2644 aliud
2823 2605 2934 2646 non
2967 2589 3215 2655 invenio,
3261 2591 3366 2648 nisi
3397 2591 3638 2648 vicesimi
3659 2589 3794 2662 primi

2225 2682 2421 2752 psalmi
2471 2682 2846 2737 testimonium
2870 2727 2884 2751 ,
2919 2682 2972 2737 in
3002 2696 3110 2754 quo
3139 2683 3406 2754 scriptum
3437 2694 3526 2740 est
3558 2702 3572 2738 :
3604 2681 3665 2739 Et
3690 2682 3798 2737 ado-

2226 2775 2410 2829 rabunt
2443 2775 2500 2830 in
2521 2784 2797 2845 conspectu
2827 2777 2940 2848 ejus
2971 2792 3145 2831 omnes
3167 2777 3350 2848 patria:
3377 2779 3608 2849 gentium
3641 2776 3792 2848 (Psal.

2230 2886 2350 2939 xxi,
2383 2867 2504 2942 50);
2528 2878 2585 2926 et
2608 2870 2636 2910 δ
2659 2869 2908 2926 vicesimi
2935 2871 3112 2926 octavi
3140 2867 3378 2938 iet/ferte
3397 2870 3621 2928 Domino
3641 2873 3796 2946 patria

2225 2966 2456 3037 gentium
2470 2982 2488 3022 :
2502 2965 2685 3035 afferte
2695 2964 2924 3021 Domino
2940 2966 3079 3036 filios
3106 2968 3329 3023 arietum
3345 2967 3523 3040 (Psal.
3540 2983 3717 3036 xxvm,
3732 2968 3793 3037 1).

2224 3059 2510 3127 Quomodo
2548 3075 2680 3132 ergo
2736 3060 2881 3116 Deus
2918 3061 3171 3117 essentia:
3227 3075 3343 3117 suae
3403 3076 3602 3118 nomen
3656 3069 3798 3132 atque

2223 3154 2562 3220 substantiae,
2587 3153 2749 3208 etiam
2783 3153 2999 3210 caeteris
3023 3154 3266 3225 impertit
3293 3154 3602 3221 elementis,
3628 3162 3682 3209 ut
3703 3156 3798 3224 ipsa

2220 3263 2435 3320 quoque
2467 3262 2587 3304 esse
2618 3247 2893 3316 dicantur,
2927 3263 3033 3303 non
3077 3263 3186 3320 quo
3232 3251 3540 3306 secundum
3577 3257 3798 3305 naturam

2221 3343 2333 3398 sint
2359 3342 2483 3415 (fuit
2511 3343 2654 3399 enim
2686 3354 2898 3414 tempus
2926 3343 3146 3413 quando
3166 3345 3421 3401 universa
3450 3362 3559 3402 non
3585 3344 3797 3407 fuerunt,

2167 3489 2172 3494 .
2221 3443 2276 3490 et
2311 3451 2524 3490 rursum
2548 3476 2562 3502 ,
2595 3435 2642 3490 si
2683 3435 2937 3506 voluerit,
2972 3437 3026 3492 in
3075 3437 3301 3493 nihilum
3331 3439 3696 3508 revertentur)
3718 3433 3800 3492 sed

2221 3537 2279 3583 ut
2307 3542 2427 3584 esse
2453 3528 2727 3597 dicantur,
2762 3529 2966 3585 habent
2996 3529 3090 3585 Dei
3133 3530 3378 3588 bonitate
3407 3531 3665 3588 donatum
3695 3548 3709 3584 :
3734 3531 3802 3584 sic

2221 3632 2278 3679 et
2303 3621 2650 3694 paternitatis
2682 3637 2877 3678 nomen
2908 3638 2975 3678 ex
3005 3623 3307 3696 semetipso
3330 3625 3559 3695 largitus
3588 3636 3666 3681 est
3700 3637 3801 3678 om-

2223 3715 2401 3773 nibus.
2427 3713 2583 3783 Quod
2613 3725 2672 3770 ut
2711 3713 3053 3771 manifestius
3085 3716 3198 3783 fiat,
3239 3716 3646 3788 Scripturarum
3679 3716 3804 3772 testi-

2221 3809 2462 3864 monium
2490 3808 2761 3879 proferam
2794 3807 2906 3882 [Αι.
2935 3808 3257 3884 proferant].
3281 3809 3614 3883 Loquiturin
3635 3807 3801 3866 Exodo

2221 3900 2483 3956 Dominus
2518 3918 2531 3954 :
2566 3898 2679 3980 Ego
2727 3915 2846 3954 sum
2893 3900 2984 3969 qui
3033 3917 3148 3956 sum
3178 3899 3377 3974 (Exod.
3428 3918 3510 3968 tn,
3572 3901 3688 3974 14);
3717 3910 3800 3956 et:

2221 3993 2350 4049 Ilth
2386 3994 2524 4048 dices
2564 3993 2687 4066 filiis
2732 3991 2902 4048 Israel
2944 4009 2964 4049 :
3001 3993 3104 4062 Qui
3148 4005 3244 4062 est,
3295 3997 3435 4052 misit
3480 4013 3561 4051 me
3605 3995 3672 4048 ad
3708 4010 3799 4047 ros.

2219 4085 2488 4158 Numquid
2508 4085 2658 4142 solus
2686 4086 2831 4142 Deus
2848 4096 2988 4157 erat,
3022 4095 3076 4143 et
3105 4095 3300 4144 extera
3338 4104 3448 4145 non
3482 4088 3674 4146 erant?
3699 4085 3803 4142 Uti-

2217 4196 2323 4252 que
2351 4180 2553 4252 angeli,
2583 4180 2805 4247 caelum,
2832 4189 3001 4248 terra,
3031 4181 3118 4239 vel
3150 4183 3341 4250 maria,
3366 4196 3420 4241 et
3443 4185 3565 4256 ipse
3591 4184 3803 4255 Moyses,

2217 4277 2303 4330 cui
2335 4273 2597 4330 Dominus
2627 4274 2982 4345 loquebatur,
3023 4283 3078 4330 et
3105 4275 3295 4346 lsrael,
3329 4285 3387 4332 et
3433 4276 3709 4350 Aigyptii,
3749 4272 3807 4326 ad

2217 4381 2382 4438 quos,
2431 4375 2488 4422 et
2509 4375 2700 4422 contra
2730 4381 2868 4438 quos
2895 4367 3150 4439 princeps
3189 4377 3245 4424 et
3272 4369 3628 4426 adversarius
3655 4369 3809 4424 mitte-

2218 4459 2399 4526 batur,
2431 4468 2490 4517 et
2517 4471 2692 4516 erant.
2723 4461 2791 4517 Et
2825 4463 3102 4534 quomodo
3134 4478 3333 4520 nomen
3375 4480 3672 4520 commune
3697 4462 3810 4518 sub.

514 4553 648 4612 Iesu
696 4555 913 4613 Christo
932 4601 946 4628 ,
981 4556 1078 4614 sed
1117 4559 1372 4615 omnibus
1401 4561 1669 4617 creaturis
1697 4560 2108 4617 rationabilibus
2137 4552 2191 4614 D
2215 4559 2451 4624 stantiae,
2498 4557 2604 4612 sibi
2635 4557 2923 4629 proprium
2955 4557 3196 4614 vindicat
3225 4559 3403 4616 Deus?
3433 4561 3552 4630 illa,
3600 4571 3660 4616 ut
3679 4555 3804 4613 dixi-

590 4691 619 4723 ⁸
649 4692 959 4767 Scripserat
986 4708 1119 4751 vero
1143 4710 1400 4767 perquam
1429 4696 1640 4752 erudite
1663 4695 1893 4766 ipsemet
1922 4696 2115 4754 Hiero-

515 4780 714 4838 nymus
735 4765 831 4822 lib.
858 4765 1448 4840 adversusrﬂelvidium
1481 4784 1630 4824 num.
1657 4765 1723 4824 ili
1755 4787 1767 4824 ε
1801 4769 2116 4840 Cognatione

517 4840 704 4910 fratres
733 4839 1132 4912 vocantur,rqui
1177 4849 1296 4895 sunt
1322 4840 1386 4895 de
1411 4857 1517 4895 una
1545 4839 1768 4912 familia,
1802 4841 1857 4894 id
1881 4839 1979 4912 est,
2023 4858 2120 4911 pa-

516 4907 643 4979 tria,
685 4925 813 4980 quas
851 4907 1027 4964 Latini
1054 4907 1405 4980 paternitates
1437 4907 1876 4980 interpretantur,
1908 4907 2119 4969 cunt-ea:

516 4998 620 5065 una
664 4981 840 5035 radice
856 4982 1288 5065 lnultqgeueris
1310 4982 1817 5065 turbaodi/l’unditur.
1845 4985 1926 5040 Ad
1955 5001 2115 5057 quem

515 5053 695 5110 locum
730 5067 829 5107 nos
856 5051 1252 5125 Tertullianum
1276 5051 1640 5120 laudavimus,
1662 5056 1754 5125 qui
1780 5072 1898 5111 eam
1927 5051 2118 5114 vocem

513 5125 687 5200 patria
706 5125 943 5180 servavit
968 5123 1224 5182 Poemate
1248 5136 1444 5197 quarto
1465 5123 1724 5182 adversus
1747 5127 2110 5186 Marcionem:

639 5265 714 5331 Ad
737 5279 886 5331 quem
908 5278 966 5318 se
981 5275 1188 5331 curvare
1207 5276 1341 5331 genu
1366 5262 1510 5331 plane
1530 5277 1676 5315 omne
1701 5263 1899 5328 fatetur,

638 5328 714 5380 Ex
739 5325 837 5394 quo
856 5331 1014 5381 omnis
1028 5325 1205 5380 Patria
1217 5325 1280 5377 in
1299 5325 1423 5378 ctelo
1444 5333 1678 5391 terraque
1704 5325 1918 5380 vocatur.

583 5476 614 5518 δ
647 5476 801 5535 Hunc
830 5478 1006 5536 locum
1039 5477 1254 5534 diverso
1300 5477 1462 5533 modo
1487 5476 1841 5547 depravatum
1892 5477 2108 5534 invenio

513 5550 969 5634 apudnlflrasmum
999 5562 1065 5634 et.
1078 5549 1399 5634 Marianum.
1443 5550 1700 5634 Erasmus
1727 5551 1794 5606 de
1820 5566 1918 5634 suo
1951 5551 2105 5632 addi-

513 5619 615 5678 dit.
648 5619 716 5676 Et
737 5623 791 5677 in
817 5623 1150 5694 nonagesimo
1175 5623 1354 5694 quinto
1370 5638 1391 5689 ;
1417 5623 1778 5692 mutavitque,
1818 5633 1863 5677 et
1893 5623 1945 5677 in
1975 5623 2103 5677 vice-

514 5698 647 5749 simo
694 5705 872 5749 octavo
895 5710 914 5750 :
936 5695 1212 5750 Marianas
1236 5711 1370 5751 vero
1391 5695 1720 5750 additionem
1745 5695 1953 5748 Erasini
1979 5696 2109 5749 reti-

517 5766 655 5830 nuit,
685 5767 958 5826 delens,et
983 5767 1039 5820 in
1067 5767 1307 5822 vicesimo
1335 5776 1538 5821 octauo.
1565 5765 1672 5820 Nos
1697 5766 1764 5819 ad
1798 5765 1958 5818 fidem
1992 5780 2110 5820 om-

516 5834 664 5893 nium
708 5837 1098 5906 exemplarium
1143 5839 1636 5908 manuscriptorum
1673 5838 2031 5904 restituitnus,
2063 5849 2112 5893 et

2215 4693 2441 4749 vicesimi
2453 4695 2644 4762 octavi,
2663 4703 2796 4762 elc.,
2813 4695 2939 4751 licet
2955 4711 3023 4750 ex
3046 4696 3146 4752 hoc
3159 4706 3419 4754 contextu
3437 4699 3612 4755 falsus
3630 4697 3807 4766 depre-

2221 4766 2487 4822 hendatur
2500 4767 2887 4840 Hieronymus,
2913 4769 3003 4837 qui
3022 4769 3285 4836 psalmum
3315 4786 3495 4826 xxvm
3515 4787 3640 4827 cum
3655 4783 3806 4825 nona-

2218 4839 2429 4911 gesimo
2439 4839 2633 4911 quinto
2647 4839 2954 4907 promiscue
2971 4841 3180 4911 accepit
3203 4850 3256 4896 et
3270 4843 3546 4897 recitavit.
3565 4844 3809 4898 Μιιιιτ.--

2220 4909 2612 4984 Cistercienses
2628 4925 2757 4967 mss.
2783 4911 3016 4984 vigesima
3037 4909 3242 4984 septimi
3265 4913 3500 4981 habent;
3525 4916 3624 4970 sed
3648 4927 3809 4984 neque

2222 4981 2327 5037 hoc
2352 4983 2490 5038 bene
2517 4999 2536 5056 εΔ
2561 4999 2733 5054 neque
2776 4981 2922 5056 enim
2974 4992 3068 5038 aut
3113 4982 3167 5038 in
3224 4986 3495 5056 vigesimo
3543 4981 3808 5056 septimo,

2223 5062 2356 5119 aut,
2397 5053 2540 5124 quod
2586 5053 2853 5124 impressa
2916 5055 3078 5110 lectio
3135 5053 3390 5124 prselért,
3451 5053 3654 5115 octavo
3714 5057 3809 5110 ulla

2217 5124 2284 5200 de
2317 5127 2489 5200 patria
2520 5134 2627 5200 est_
2651 5128 2877 5200 mentio.
2913 5125 2981 5200 Et
3021 5127 3309 5184 manifesm
3354 5128 3533 5200 liquet
3581 5128 3810 5186 versicu-

2210 5196 2322 5251 lum
2357 5197 2519 5274 istum
2552 5196 2788 5274 :_A/fet;te
2816 5197 3040 5274 Domino
3065 5201 3246 5268 patria:
3269 5196 3538 5274 gentium,
3559 5214 3693 5264 etc.,
3723 5215 3812 5274 no-

2217 5270 2478 5339 nagesimi
2507 5271 2677 5340 quinti
2717 5270 2915 5325 Psalmi
2943 5283 3089 5336 esse,
3127 5270 3625 5341 quemadmodum,
3655 5287 3714 5327 re
3741 5273 3813 5338 ip-

2211 5355 2268 5394 sa
2302 5350 2561 5410 cogente,
2612 5341 2869 5398 Erasmus
2905 5343 3211 5399 rescribere
3254 5357 3361 5398 non
3394 5344 3694 5400 dubitavit.
3727 5341 3811 5396 Vi-

2211 5421 2420 5466 CIOI‘HIS
2446 5415 2751 5488 econtrario
2777 5414 2971 5488 maluit
2993 5429 3055 5469 ea
3084 5415 3268 5481 verba,
3294 5427 3344 5470 et
3375 5417 3430 5470 in
3456 5418 3715 5488 vigesimo
3737 5429 3813 5488 oc:

2211 5493 2347 5560 tavo,
2380 5500 2486 5540 una
2518 5501 2639 5560 eum
2667 5485 2756 5539 illo
2775 5485 2974 5560 Psalmi
3004 5501 3166 5560 versu
3184 5484 3536 5560 expungere,
3567 5504 3687 5560 qua:
3716 5484 3810 5540 sibi

2210 5556 2326 5612 visa
2354 5568 2480 5612 sunt
2509 5557 2576 5628 ab
2616 5557 2893 5628 imperito
2921 5557 3100 5628 aliquo
3154 5556 3420 5614 immixta.
3454 5556 3637 5615 Nobis
3665 5559 3814 5613 Eras-

2211 5629 2390 5683 miana
2437 5627 2710 5700 restitutio
2739 5644 2845 5682 non
2865 5627 3115 5700 displicet
3141 5646 3154 5683 :
3189 5630 3428 5700 illudque
3460 5630 3812 5700 manifestum

2211 5711 2467 5771 putamus
2491 5699 2772 5767 mendum,
2805 5717 2910 5754 non
2935 5699 3272 5771 Hieronymi,
3303 5699 3398 5758 sed
3420 5703 3734 5759 scribarum
3764 5699 3811 5753 in

2214 5771 2512 5826 numericis
2560 5772 2704 5826 notis
2731 5773 2930 5842 passim
2965 5775 3296 5838 errantium;
3330 5773 3463 5829 nihil
3503 5783 3691 5831 tamen
3722 5773 3818 5828 im-

2214 5850 2488 5898 mutamus
2517 5854 2708 5898 contra
2741 5858 2872 5900 mss.
2906 5842 3092 5899 ﬁdem.
