3962 6338
231 283 318 356 489
672 281 1324 348 COMMENTARIORUM
1361 288 1430 347 IN
1470 287 1861 350 EPISTOLAM
1901 292 1994 352 AD
2035 295 2374 356 EPHESIOS
2414 297 2544 356 LIB.
2589 299 2654 357 ll.
2695 299 2848 358 CAP.
2895 300 2987 358 Ill.

3367 303 3474 362 ιιιο

233 409 346 460 mus,
371 407 519 449 causa
548 409 563 452 :
591 396 718 465 quia
736 406 932 455 caatera
957 409 1010 454 ut
1030 400 1161 466 sint,
1195 402 1288 458 Dei
1312 417 1594 474 sumpsere
1614 405 1782 462 bene-
1808 411 1856 467 Α
1890 416 1980 462 et:
2015 407 2192 472 Filia,
2225 411 2355 481 ﬁdes
2398 423 2487 466 tua
2515 421 2564 467 te
2593 413 2792 470 salvam
2818 416 2942 485 fecit
2983 413 3170 486 (Matt.
3209 432 3292 480 tx,
3335 418 3476 492 22);

232 486 350 542 ﬁcio.
378 485 511 542 Deus
555 504 689 544 vero
728 491 822 554 qui
849 507 1066 562 semper
1097 503 1198 559 est,
1240 510 1342 551 nec
1379 495 1542 554 habet
1569 497 1788 556 aliunde

229 583 514 655 principium
540 625 556 646 ,
600 585 760 660 ωι
802 597 858 644 et
910 589 1027 660 ipse
1066 589 1154 646 sui
1196 591 1350 664 origo
1393 602 1510 661 est,
1563 608 1788 664 sumque

227 690 364 732 causa
403 676 745 748 substantize,
784 695 896 736 non
937 690 1119 752 potest
1159 683 1390 755 intelligi
1428 684 1650 742 aliunde
1691 686 1788 741 ha-

225 769 334 826 bere
347 770 479 840 quod
493 769 757 828 substitit.
772 772 908 830 Nam
928 783 988 832 et
1017 775 1072 832 in
1092 775 1220 848 igne
1242 777 1388 833 aliud
1415 789 1499 834 est
1524 779 1782 850 calidum,

226 862 348 919 aliud
375 862 706 920 calefactum.
749 865 896 937 Ignis
934 867 1144 938 absque
1185 869 1374 927 calore
1412 870 1639 944 intelligi
1675 888 1785 929 non

227 963 394 1028 potest.
418 956 629 1013 Caetera
656 973 779 1029 quae
815 974 882 1015 ex
911 960 1035 1032 igne
1061 960 1341 1030 caleﬁunt,
1363 963 1608 1020 calorem
1639 965 1787 1021 illius

226 1058 532 1115 mutuantur,
565 1060 625 1107 et
655 1052 914 1122 paulatim
942 1055 987 1111 si
1019 1055 1164 1125 ignis
1193 1055 1560 1125 abscesserit,
1601 1060 1785 1117 calore

225 1151 442 1209 tenuato,
479 1145 715 1202 redeunt
757 1147 811 1203 in
855 1157 1107 1206 naturam
1148 1165 1326 1216 suam,
1358 1160 1413 1208 et
1443 1169 1784 1225 nequaquam

222 1234 369 1292 calida
398 1249 802 1308 nuncupantur.
832 1238 997 1296 Juxta
1021 1240 1168 1298 hunc
1195 1257 1416 1299 sensum
1441 1252 1500 1301 et
1526 1245 1581 1301 in
1607 1246 1786 1301 Evan-

221 1333 340 1404 gelio
363 1333 558 1390 dicitur
586 1334 656 1390 ad
686 1352 810 1392 eum
842 1336 934 1408 qui
967 1337 1316 1395 Salvatorem
1354 1357 1464 1396 non
1491 1341 1649 1412 quasi
1686 1341 1785 1397 Dei

221 1426 412 1494 Filium,
443 1428 540 1485 sed
563 1431 720 1502 quasi
756 1432 1078 1502 magistrum
1102 1432 1306 1490 bonum
1340 1435 1564 1503 putabat
1594 1452 1605 1487 :
1642 1433 1785 1499 Quid

222 1537 288 1575 me
309 1520 532 1592 appellas
555 1522 791 1579 bonum?
819 1542 968 1580 nemo
997 1536 1072 1580 est
1111 1526 1306 1592 bonus,
1335 1527 1438 1582 nisi
1479 1544 1613 1582 unus
1643 1525 1785 1582 Deus

223 1612 362 1685 (Luc.
391 1631 548 1684 xvtu,
599 1616 725 1691 19).
775 1617 844 1673 Et
887 1627 1043 1676 certe
1082 1629 1286 1676 terram
1321 1621 1519 1678 bonam
1552 1622 1784 1693 legimus

220 1706 354 1777 (Lac.
386 1710 547 1779 vut),
586 1719 646 1766 et
678 1710 962 1769 hominem
993 1712 1178 1784 (Matt.
1226 1713 1354 1788 xtt),
1404 1725 1462 1772 et
1504 1727 1781 1789 pastorem

1890 509 1948 556 et
1971 518 1983 555 :
2017 499 2201 557 Filioli
2222 504 2344 569 mei,
2375 505 2550 559 adhuc
2569 507 2836 562 modicum
2863 507 3123 563 vobiscum
3151 526 3268 564 sum
3291 508 3479 584 (Joan.

1887 608 2016 661 xttt,
2061 594 2195 664 15);
2237 605 2292 650 et
2331 610 2432 668 per
2469 598 2736 668 Spiritum
2781 607 3067 668 sanctum,
3110 601 3242 671 justi
3281 603 3483 674 quique

1888 685 2228 755 adoptantur
2255 687 2309 742 itt
2344 688 2508 745 ﬁlios.
2548 679 2871 748 Valentinus
2900 693 3228 749 saeculorum
3259 709 3484 751 suorum

1890 785 1916 814 η
1944 777 2201 848 probolas
2225 790 2391 852 atque
2425 784 2676 856 conjugia
2697 830 2710 854 ,
2745 802 2811 840 ex
2845 787 2950 842 hoc
2973 787 3061 842 vel
3095 788 3332 844 maxime
3362 789 3485 844 loco

1887 871 2290 930 conﬁrmandas
2312 885 2498 945 putat:
2519 893 2858 951 nequaquam
2883 879 3219 952 intelligens,
3237 891 3298 938 ut
3316 898 3485 954 supra

1887 963 2156 1033 diximus,
2200 967 2268 1023 ad
2299 968 2722 1026 similitudinem
2755 972 2850 1028 Dei
2880 972 3096 1041 Patris,
3127 985 3180 1030 et
3223 976 3274 1029 in
3306 977 3484 1043 coelo,

1887 1069 1943 1116 et
1973 1060 2025 1114 in
2049 1068 2191 1117 terra
2210 1104 2225 1128 ,
2257 1064 2614 1132 paternitates
2642 1080 2750 1120 non
2785 1066 2932 1130 ﬁeri.
2961 1067 3058 1123 sed
3086 1068 3370 1140 appellari.

1960 1154 2141 1226 (Vera.
2178 1155 2244 1210 16
2289 1157 2469 1229 seqq.)
2506 1157 2574 1214 Ut
2615 1161 2700 1213 det
2729 1160 2901 1226 vobis,
2949 1163 3235 1216 secundum
3270 1163 3483 1218 divitias

1888 1245 2072 1318 gloria
2100 1263 2243 1310 suae,
2275 1250 2460 1304 uirtute
2487 1249 2779 1320 confortari
2802 1269 2893 1323 per
2915 1254 3158 1325 spiritum
3181 1259 3294 1328 ejus
3322 1257 3374 1310 in
3403 1257 3484 1310 in-

1887 1342 2124 1396 teriorem
2155 1343 2412 1398 hatttinem
2443 1358 2461 1396 :
2500 1343 2736 1399 habitare
2780 1344 3044 1400 Christum
3093 1364 3184 1419 per
3230 1349 3389 1416 ﬁdem
3421 1351 3475 1403 in.

1888 1434 2133 1488 cordibus
2162 1435 2381 1490 uestris:
2407 1437 2461 1490 in
2508 1436 2762 1491 charitate
2800 1437 3023 1492 radicati
3052 1448 3099 1493 et
3143 1442 3391 1509 fundati:
3425 1453 3479 1494 ut

1888 1527 2095 1599 possitis
2129 1529 2570 1598 comprehendere
2606 1546 2723 1584 cum
2765 1532 3005 1586 omnibus
3046 1534 3238 1587 sanctis
3273 1550 3390 1604 qua:
3417 1534 3488 1588 sit

1891 1621 2146 1688 latitudo,
2187 1631 2234 1676 et
2277 1621 2585 1693 longitudo,
2634 1632 2681 1677 et
2725 1624 3076 1693 profundum,
3123 1636 3170 1678 et
3217 1626 3441 1680 altitudo
3469 1643 3488 1681 :

1890 1717 2205 1774 Scireetiam
2222 1720 2689 1788 supereminentem
2703 1721 2935 1774 scientiw
2951 1718 3259 1776 charitate":
3275 1721 3488 1789 Christi,

219 1798 389 1855 bonum
415 1800 608 1873 (Joan.
641 1804 739 1876 x);
773 1805 870 1862 sed
899 1821 1063 1863 nemo
1095 1808 1254 1878 juxta
1290 1818 1544 1866 naturam
1575 1812 1782 1880 bonus,
1814 1799 1864 1862 Β
1892 1820 1947 1866 ut
1973 1812 2300 1881 impleamini
2327 1815 2383 1868 in
2409 1813 2554 1867 omni
2582 1813 2912 1883 plenitudine
2941 1811 3050 1886 [ΑΙ.
3093 1830 3295 1869 omnem
3323 1814 3492 1888 pleni-

220 1892 304 1949 nisi
327 1894 465 1949 solus
495 1895 663 1952 Deus.
690 1896 904 1954 Cretera
931 1907 991 1955 ut
1012 1899 1273 1956 dicantur
1308 1901 1452 1957 bona
1471 1945 1487 1970 ,
1532 1903 1785 1960 bonitate

220 1985 344 2043 illius
368 1999 802 2059 consequuntur.
830 1991 987 2048 Sicut
1015 2008 1148 2064 ergo
1173 1994 1327 2049 solus
1360 1994 1535 2050 bonus
1558 2039 1572 2062 ,
1610 1995 1786 2053 bonos

219 2086 348 2152 facit,
379 2095 433 2145 et
462 2089 620 2145 solus
662 2089 994 2147 immortalis
1014 2137 1030 2161 ,
1061 2091 1535 2148 immortalitatem
1561 2093 1782 2161 tribuit,

219 2188 264 2235 et
279 2179 410 2234 solus
426 2195 618 2248 verus,
640 2181 891 2238 veritatis
917 2197 1116 2240 nomen
1143 2184 1426 2254 impertit:
1459 2185 1531 2240 ita
1556 2194 1609 2241 et
1635 2186 1786 2241 solus

218 2268 378 2339 Pater,
422 2273 553 2342 quia
602 2272 836 2330 Creator
863 2283 948 2331 est
986 2276 1270 2342 omnium,
1304 2286 1362 2331 et
1402 2276 1784 2332 universorum

215 2377 356 2420 causa
380 2365 722 2429 substantiae.
751 2375 986 2438 praestat
1013 2369 1234 2424 caeteris
1257 2377 1318 2424 ut
1339 2378 1522 2438 patres
1551 2383 1676 2425 esse
1706 2369 1792 2424 di-

214 2469 400 2514 cantur.
427 2459 503 2515 De
543 2462 784 2516 terrenis
813 2461 1064 2517 caelestia
1092 2461 1538 2531 contemplemur
1564 2481 1579 2518 :
1610 2461 1786 2519 Adam

214 2567 349 2622 quem
380 2553 617 2622 primum
641 2553 933 2624 plasmavit
961 2554 1126 2621 Deus,
1153 2563 1212 2611 et
1239 2554 1474 2611 Creator
1503 2555 1698 2626 ipsius,
1733 2565 1789 2611 et

215 2643 352 2702 Pater
377 2645 497 2713 fuit,
532 2655 688 2704 certe
719 2646 833 2704 Deo
861 2646 1008 2702 Patri
1033 2649 1142 2703 scit
1165 2663 1227 2704 se
1250 2647 1456 2704 debere
1485 2648 1630 2718 quod
1658 2649 1791 2705 sub-

213 2739 352 2792 stitit.
390 2739 630 2796 Rursum
665 2741 720 2794 hi
748 2739 840 2812 qui
876 2742 1051 2811 geniti
1081 2750 1210 2797 sunt
1241 2757 1308 2797 ex
1337 2741 1539 2807 Adam,
1575 2751 1784 2812 patrem

213 2830 345 2885 illum
397 2832 755 2904 intelligunt,
806 2849 875 2889 ex
918 2849 1028 2904 quo
1082 2835 1188 2890 orti
1240 2840 1393 2890 sunt.
1443 2832 1602 2890 Unde
1646 2834 1789 2890 etin

213 2921 480 2996 Erangelio
505 2927 812 2983 secundum
829 2926 1062 2994 Lucam,
1085 2941 1208 2982 cum
1235 2922 1502 2998 paulatim
1520 2943 1550 2983 a
1567 2925 1790 2984 Christo

215 3017 384 3086 David,
415 3030 471 3076 et
503 3019 789 3076 Abraham
823 3030 1126 3076 retrorsum
1158 3029 1306 3076 esset
1334 3021 1626 3091 generatio
1653 3035 1787 3092 sup-

212 3123 399 3182 putata,
427 3114 496 3169 ad
527 3123 837 3170 extremum
861 3113 1152 3184 Scriptura
1179 3113 1296 3168 ait:
1329 3111 1462 3167 Filii
1487 3111 1653 3178 Seth,
1688 3112 1788 3182 ﬁlii

1893 1902 2154 1976 tudinem]
2186 1902 2308 1960 Dei.
2338 1903 2636 1975 Propterea
2657 1948 2671 1971 ,
2706 1905 2912 1973 inquit,
2949 1921 3118 1961 curvo
3151 1922 3329 1976 genua
3367 1924 3486 1964 mea

1891 1997 1956 2052 ad
1978 1997 2222 2064 Patrem,
2255 1999 2321 2053 ad
2349 1999 2506 2070 cujus
2528 1999 2944 2056 similitudinem
2973 2000 3154 2056 omnis
3187 2001 3238 2055 in
3265 2001 3407 2058 cmlo
3435 2012 3491 2057 et

1890 2091 1944 2146 in
1973 2100 2118 2148 terra
2147 2092 2447 2162 paternitas
2474 2094 2805 2158 nominatur,
2833 2092 3138 2163 deprecans
3171 2109 3296 2149 eum
3324 2104 3492 2166 atque

1889 2181 2207 2246 obsecrans.
2235 2192 2296 2238 ut
2336 2183 2542 2239 tribuat
2571 2184 2725 2239 vobis
2750 2184 3007 2240 virtutem
3037 2185 3225 2256 gloria:
3253 2201 3366 2242 sua:
3386 2229 3402 2254 ,
3436 2187 3489 2242 id

1889 2283 2007 2341 est,
2035 2274 2337 2346 majestatis
2375 2290 2488 2332 suae
2528 2275 2732 2332 habere
2761 2279 3095 2333 consortium
3123 2297 3135 2333 :
3167 2295 3373 2350 vosque
3401 2297 3493 2336 ro-

1890 2365 2049 2422 boret
2077 2375 2241 2436 atque
2273 2365 2560 2424 conﬁrmet
2598 2384 2694 2438 per
2724 2369 2989 2440 Spiritum
3032 2379 3276 2426 sanctum
3307 2391 3317 2427 :
3362 2375 3487 2442 quia

1890 2458 2036 2514 nulla
2077 2457 2338 2514 fortitudo
2379 2459 2582 2529 absque
2621 2461 2828 2530 Spiritu
2857 2472 3044 2518 sancto
3087 2473 3211 2519 est:
3246 2465 3490 2522 Rohorct

1889 2559 2073 2606 autem
2093 2558 2258 2621 atque
2286 2551 2572 2607 conﬁrmet
2599 2550 2652 2606 in
2687 2551 3005 2609 interiorem
3042 2555 3340 2613 hominem.
3367 2557 3487 2614 Non

1891 2643 2037 2700 enim
2065 2643 2315 2714 corporis
2344 2644 2520 2710 vires,
2550 2643 2645 2699 sed
2673 2645 2868 2699 animm
2894 2646 3227 2714 quaerimus:
3261 2664 3362 2703 nec
3387 2665 3488 2705 ex-

1893 2737 2180 2803 teriorem,
2233 2736 2329 2792 sed
2375 2737 2689 2792 interiorem
2737 2735 3013 2792 hominem
3044 2738 3294 2809 cupimus
3321 2741 3488 2796 robo-

1891 2829 2040 2886 rari:
2085 2839 2145 2884 ut
2174 2840 2460 2900 postquam
2501 2828 2828 2886 habitaverit
2869 2829 3120 2887 Christus
3152 2833 3204 2888 in
3228 2833 3488 2890 interiore

1891 2923 2142 2990 homine,
2172 2923 2226 2978 in
2271 2923 2441 2993 ipsius
2484 2923 2732 2980 interiori
2760 2923 2994 2980 hominis
3045 2925 3253 2981 habitet
3284 2929 3489 2998 princi-

1893 3017 2032 3086 pali,
2085 3015 2138 3071 id
2183 3024 2304 3082 est,
2353 3017 2407 3071 itt
2445 3015 2704 3072 cordibus
2735 3015 2937 3072 nostris
2968 3034 2982 3070 :
3017 3032 3354 3089 nequaquam
3390 3036 3487 3090 per

1893 3117 2084 3164 cuncta
2114 3109 2232 3180 ejus
2273 3109 2514 3164 membra
2555 3107 2906 3175 discurrens,
2949 3109 3048 3165 sed
3093 3110 3147 3164 in
3178 3113 3489 3169 rationabili

215 3180 387 3270 ddum,
428 3208 533 3280 ﬁlii
584 3205 680 3262 Dei
723 3207 886 3279 (Luc.
921 3180 1018 3274 tu,
1054 3206 1199 3278 58);
1240 3215 1301 3263 ut
1337 3180 1697 3277 patet-uitatis
1725 3207 1782 3262 in
1814 3180 1859 3244 (ἶ
1892 3196 2011 3271 ejus
2037 3200 2325 3256 habitans:
2359 3202 2497 3257 etin
2525 3217 2592 3257 eo
2620 3201 2977 3268 domicilium,
3007 3203 3307 3275 sedemque
3329 3220 3482 3261 suam

215 3307 343 3355 terra
369 3300 706 3356 vocabulum
728 3341 742 3367 ,
769 3316 799 3354 a
833 3299 945 3356 Deo
980 3298 1217 3370 primum
1260 3309 1442 3354 ortum
1478 3313 1600 3355 esse
1627 3314 1787 3354 mou-

216 3401 412 3450 straret.
438 3394 725 3463 Qumritur
751 3409 887 3447 vero
912 3407 1080 3464 quam
1105 3392 1177 3446 ob
1204 3406 1450 3457 causam,
1477 3401 1531 3448 et
1556 3393 1610 3446 in
1629 3391 1786 3448 cmlis

213 3482 270 3538 ab
291 3500 351 3541 eo
387 3486 572 3542 omnis
603 3486 908 3556 paternitas
953 3484 1286 3556 appelletur.
1332 3485 1620 3554 Quomodo
1650 3499 1782 3553 nos,

213 3579 288 3650 qui
312 3596 412 3636 non
439 3595 639 3638 sumus
669 3582 740 3636 de
773 3594 978 3652 genere
1016 3580 1297 3637 Abraham
1319 3623 1334 3648 ,
1369 3578 1418 3636 si
1447 3580 1610 3636 fidem
1643 3581 1786 3636 illius

212 3670 569 3738 habuerimus.
625 3674 722 3729 lilii
770 3687 1034 3729 vocamur
1077 3671 1393 3727 Abraham:
1444 3670 1786 3741 patriarchas

213 3779 403 3838 quoque
429 3777 485 3824 et
533 3769 834 3839 prophetas
873 3765 957 3839 (si
1003 3775 1184 3820 tamen
1215 3779 1316 3820 nos
1354 3763 1421 3819 ab
1450 3762 1531 3820 eis
1561 3773 1782 3833 peccata

211 3874 304 3916 non
331 3860 624 3933 separent)
665 3871 886 3917 nostros
919 3868 1106 3931 patres
1153 3856 1388 3915 dicimus
1419 3874 1431 3911 :
1467 3855 1541 3911 ita
1568 3862 1699 3927 puto
1729 3864 1786 3912 et

212 3955 440 4024 angelos,
477 3965 838 4026 ceterasque
879 3952 1114 4008 virtutes
1157 3949 1362 4007 habere
1395 3948 1670 4020 principes
1700 3949 1786 4004 sui

210 4048 410 4117 generis
435 4048 490 4104 in
521 4045 872 4114 coelestibus,
901 4059 1039 4116 quos
1067 4050 1257 4114 patres
1287 4040 1563 4113 gaudeant
1601 4039 1788 4110 appel-

211 4136 328 4194 lare.
368 4139 751 4210 Archangelus
789 4137 969 4204 enim,
1007 4134 1118 4190 nisi
1157 4133 1479 4205 angelorum
1521 4131 1628 4188 dici
1679 4148 1785 4188 non

212 4239 399 4300 potest,
438 4241 497 4288 et
531 4230 867 4294 dominatio,
910 4236 970 4285 et
1013 4228 1385 4298 principatus,
1420 4234 1474 4281 et
1505 4235 1781 4298 potestas,

210 4323 353 4398 ωε
377 4325 480 4382 nisi
510 4323 810 4380 inferiores
837 4321 1115 4392 subjectos
1147 4320 1414 4387 habeant,
1445 4335 1553 4376 non
1586 4334 1785 4375 vocan-

212 4425 306 4474 tur.
335 4421 525 4476 Potest
553 4433 686 4489 ergo
716 4425 774 4473 et
799 4415 904 4472 hoc
931 4413 1071 4479 dici,
1100 4429 1168 4469 ex
1193 4429 1262 4470 eo
1290 4413 1434 4484 quod
1465 4412 1606 4469 Deus
1627 4412 1788 4468 Pater

211 4509 406 4568 Domini
439 4513 616 4569 nostri
645 4510 777 4568 Jesu
805 4509 1010 4567 Christi
1046 4508 1204 4578 juxta
1236 4506 1594 4563 substantiam
1621 4505 1786 4563 Pater

213 4609 299 4669 est,
318 4605 702 4676 etunigenitus
714 4618 821 4658 non
835 4613 917 4657 est
936 4575 1229 4671 adoptione
1242 4599 1435 4665 Filius,
1453 4599 1548 4655 sed
1562 4607 1782 4654 natura:
1811 4575 1865 4636 D

209 4704 400 4753 cetera:
429 4713 654 4769 quoque
699 4705 968 4751 creatura:
1010 4695 1360 4766 pateruitatis
1391 4707 1588 4750 nomen
1615 4694 1788 4766 adep-

210 4785 341 4846 tione
379 4798 733 4846 meruerunt.
764 4787 1041 4858 Quidquid
1072 4795 1254 4844 autem
1283 4787 1354 4842 de
1380 4785 1542 4843 Patre
1569 4797 1624 4843 et
1649 4785 1789 4844 Filio

208 4876 442 4949 dicimus,
473 4883 579 4938 hoc
607 4883 848 4938 sciamus
869 4881 1075 4936 dictum
1104 4893 1226 4936 esse
1252 4879 1320 4935 de
1341 4878 1549 4949 Spiritu
1569 4889 1784 4936 sancto.

209 4967 325 5028 Nam
367 4983 424 5031 et
454 4975 716 5032 Salvator
747 4983 933 5030 noster
964 4973 1178 5028 Patrem
1230 4987 1355 5028 esse
1393 4986 1454 5028 se
1485 4974 1672 5040 novit,
1701 4971 1786 5027 di-

209 5079 364 5125 cens:
394 5067 540 5138 Fili,
576 5070 916 5125 dimittuntur
953 5068 1045 5122 tibi
1073 5077 1286 5139 peccata
1321 5067 1340 5140 (
1361 5066 1529 5123 Marc.
1562 5082 1634 5134 tt,
1677 5067 1786 5139 5);

272 5251 295 5278 ⁸
332 5241 536 5314 Supino
573 5255 783 5314 errore
835 5237 1100 5294 hactenus
1153 5237 1428 5314 obtinuit,
1476 5237 1780 5314 «iaculorum

208 5309 729 5388 suarum'parabolas,
764 5325 863 5388 pro
884 5325 992 5380 quo
1022 5325 1141 5375 nos,
1177 5309 1442 5388 probolas,
1475 5311 1638 5388 etiam
1661 5309 1785 5362 abs-

207 5398 301 5454 que
323 5381 453 5440 mss.
479 5383 764 5454 suﬂragio,
788 5383 864 5437 rei
888 5391 1117 5454 cogente
1140 5383 1394 5454 veritate,
1423 5381 1778 5454 restituimus.

207 5451 330 5510 Erat
368 5450 1085 5528 enimvero'Yalentiniana
1125 5453 1386 5528 πρεϐολὴ,
1430 5450 1571 5506 idem
1597 5459 1781 5528 _atque

206 5529 630 5595 productio,cum
650 5526 858 5581 scilicet
879 5521 1188 5595 conSIitutd
1210 5523 1539 5590 Pleromate,
1575 5521 1780 5577 IEones

206 5594 296 5668 pro
323 5615 417 5653 sua
445 5599 674 5668 quisque
700 5597 980 5652 voluntate
999 5636 1014 5661 ,
1051 5594 1196 5666 quod
1233 5596 1337 5668 sibi
1372 5604 1490 5668 erat
1519 5603 1781 5668 pr:_estan-

209 5664 337 5734 tius,
386 5664 703 5726 conferebat
749 5668 816 5723 ad
867 5664 1081 5722 novum
1126 5665 1530 5735 producendum
1587 5664 1777 5720 fetum.

208 5735 365 5808 Hulta
394 5757 493 5796 nos
522 5757 583 5797 ea
612 5740 682 5794 de
705 5753 838 5794 voce
864 5737 1240 5806 congessimus
1269 5737 1337 5794 ad
1358 5738 1455 5794 lib.
1484 5751 1521 5793 tt
1547 5736 1776 5808 Apolog.

209 5807 635 5884 Hieronymiana:
664 5819 860 5866 contra
903 5810 1181 5876 Ruﬁnum,
1223 5825 1370 5865 num.
1421 5808 1522 5876 19,
1570 5808 1660 5864 ubi
1707 5808 1781 5862 ait

505 5909 781 5970 ΡΑτιιοι.
832 5902 1070 5966 Χχνι.

1889 3310 2116 3367 ponens.
2162 3295 2327 3368 603
2369 3296 2482 3351 Hoc
2521 3304 2701 3351 autem
2743 3303 2912 3350 totum
2945 3310 3041 3366 per
3075 3296 3232 3351 ﬁdem
3265 3297 3392 3364 ﬁet,
3439 3300 3485 3353 si

1886 3390 2178 3446 credamus
2208 3390 2260 3445 in
2295 3405 2443 3444 ettm.
2480 3389 2847 3458 Quamobrem
2885 3388 3000 3444 ait:
3045 3387 3301 3446 Habitare
3329 3389 3486 3444 Chri-

1887 3495 2026 3538 stum
2053 3499 2142 3554 per
2181 3482 2338 3552 ﬁdem
2382 3485 2434 3536 in
2482 3481 2724 3536 cordibus
2753 3482 2955 3536 vestris.
2993 3482 3271 3538 llabitatio
3303 3493 3484 3540 autem

1890 3578 1990 3634 ista
2021 3593 2143 3648 quae
2177 3593 2271 3648 per
2300 3576 2586 3633 exordium
2629 3575 2754 3631 ﬁdei
2807 3575 3120 3644 fabricatur,
3176 3577 3390 3634 radices
3434 3591 3490 3635 et

1888 3671 2298 3728 fundamentum
2321 3670 2374 3726 in
2389 3669 2653 3726 charitate
2667 3669 2830 3725 habet
2847 3687 2860 3724 :
2877 3680 2932 3724 ut
2945 3671 3200 3739 quoniam
3217 3670 3318 3727 Dei
3345 3673 3485 3740 agri-

1888 3765 2096 3820 cultura
2124 3777 2341 3828 sumus,
2374 3763 2470 3820 Dei
2512 3761 2804 3818 mdiﬁcatio
2825 3761 2880 3834 (Ι
2908 3760 3028 3818 Cor.
3064 3761 3180 3834 ut).
3215 3763 3397 3818 omnia
3429 3764 3483 3818 in

1887 3857 2153 3914 charitate
2181 3865 2530 3913 succrescant
2557 3864 2720 3925 atque
2749 3854 3106 3910 aediﬁcentur.
3135 3855 3268 3910 Cum
3299 3866 3479 3912 autem

1891 3950 2118 4007 radicati
2145 3958 2202 4006 et
2237 3949 2444 4006 fundati
2474 3949 2527 4004 in
2558 3948 2822 4004 charitate
2863 3947 3083 4018 (Ephes.
3117 3948 3229 4018 ttt),
3259 3949 3312 4003 in
3345 3949 3483 4005 inte-

1890 4043 2035 4099 riore
2066 4042 2285 4098 homine
2315 4041 2566 4098 habitare
2596 4039 2872 4096 Christum
2907 4047 3016 4094 tota
3043 4039 3247 4094 mentis
3284 4039 3482 4096 fiducia

1889 4133 2252 4190 noverimus:
2300 4143 2427 4189 tunc
2481 4131 2798 4202 incipiemus
2851 4146 2972 4186 cum
3021 4130 3233 4185 caeteris
3280 4134 3483 4189 sanctis

1889 4229 2051 4285 etiam
2078 4227 2146 4283 ad
2177 4227 2266 4282 illa
2296 4241 2396 4283 nos
2425 4224 2652 4282 tendere
2678 4242 2690 4278 :
2722 4233 2782 4279 ut
2819 4224 2996 4296 sagaci
3027 4223 3211 4278 animo
3233 4241 3482 4296 compre-

1890 4319 2193 4376 hendamus
2231 4333 2354 4390 quze
2393 4319 2464 4374 sit
2505 4316 2768 4383 latitudo,
2814 4324 2872 4370 et.
2915 4315 3230 4387 longitudo,
3261 4319 3484 4388 profun-

1887 4417 2048 4484 dum,
2099 4425 2158 4472 et
2201 4414 2472 4470 altitudo:
2529 4422 2584 4468 et
2638 4428 2744 4468 non
2797 4411 2968 4467 solum
3012 4411 3145 4478 hoc,
3179 4414 3275 4469 sed
3315 4415 3481 4471 etiam

1890 4509 2387 4581 supereminentem
2437 4505 2678 4562 scientiae
2725 4503 3044 4560 charitatem
3090 4505 3290 4560 Christi
3340 4509 3484 4562 scire

1892 4606 2210 4676 cupiemus;
2245 4614 2304 4658 ut
2332 4613 2618 4675 postquam
2653 4603 2768 4657 hmc
2797 4602 2980 4658 omnia
3015 4601 3215 4658 fuerint
3245 4605 3296 4658 in
3327 4606 3484 4662 nobis

1891 4697 2088 4754 ordine
2130 4709 2187 4753 et
2234 4697 2444 4752 ratione
2490 4694 2788 4764 completa,
2838 4703 2968 4750 tunc
3011 4695 3336 4766 impleamur
3363 4697 3389 4736 ι)
3429 4699 3484 4753 in

1890 4790 2142 4847 omnibus
2173 4786 2507 4859 plenitudine
2539 4787 2660 4843 Dei.
2693 4787 3056 4844 Latitudinem
3089 4798 3142 4844 et
3184 4789 3479 4862 longitudi-

1892 4898 2049 4950 nem,
2083 4880 2412 4953 profundum
2451 4888 2508 4935 et
2545 4880 2888 4936 altitudinem
2913 4923 2927 4944 ,
2976 4881 3044 4936 de
3097 4885 3486 4953 corporalibus

1893 4983 2018 5030 ante
2049 4973 2328 5028 discamus
2353 5013 2367 5037 ,
2397 4980 2454 5026 ut
2486 4986 2581 5040 per
2608 4986 2674 5027 ea
2704 4973 2768 5027 ad
2801 4972 3102 5042 Spiritualia
3132 4976 3367 5030 transire
3392 4990 3485 5030 va-

1895 5067 2122 5123 leamus.
2178 5064 2339 5121 Verbi
2388 5063 2592 5135 gratia,
2647 5063 2720 5120 sit
2770 5066 3002 5123 latitudo
3054 5067 3178 5122 (ιωιί
3233 5068 3386 5122 istius
3431 5078 3488 5123 et

1892 5235 2194 5309 S._Docto_r
2215 5233 2414 5309 :“Dicit
2441 5235 2713 5309 Candidus
2756 5237 3178 5309 (Valentinianm
3212 5239 3490 5301 hazreseos

1889 5305 2181 5376 defensor)
2218 5304 2417 5360 Filium
2454 5307 2520 5361 de
2560 5307 2740 5362 Patris
2766 5304 2892 5363 esse
2941 5311 3260 5374 substantia,
3306 5326 3488 5370 errans

1889 5379 2056 5456 iunco
2105 5378 2242 5456 quod
2268 5379 2568 5456 _1rpo6o)wiv,
2619 5379 2674 5432 id
2721 5390 2832 5448 est,
2887 5383 3228 5456 prolationem
3273 5387 3484 5442 asserit.

1888 5448 2027 5575 lVide
2059 5463 2184 5531 quae
2208 5448 2280 5504 ibi
2311 5448 2669 5516 annotamus,
2719 5464 2787 5506 ne
2814 5451 3009 5508 eadem
3058 5451 3146 5508 hic
3175 5467 3488 5524 recoquere

1912 5535 2109 5575 onstum
2141 5529 2232 5574 su.

1912 5535 2109 5576 onstum
2141 5529 2232 5574 Sil.

1959 5536 2232 5663 2333131.
2259 5590 2562 5659 Victorius,
2611 5592 2665 5644 in
2716 5605 2916 5663 omnem
2966 5593 3376 5663 plenitudinem,
3431 5606 3489 5655 ut

1889 5661 2194 5789 ianulgata
2227 5672 2282 5718 et
2311 5663 2501 5719 Graeco
2532 5680 2543 5716 :
2575 5670 2666 5717 aut
2690 5701 2703 5725 ,
2749 5661 2802 5714 in
2844 5661 2986 5716 omni
3032 5661 3390 5734 plenitudine,
3425 5678 3486 5727 ut

1889 5749 1942 5789 tn
1971 5747 2050 5789 ra.

1888 5735 2050 5790 infra.

3002 5901 3078 5962 Hi
