3962 6338
231 356 321 416 ιθῗῖ
685 351 1338 411 COMMENTARIORUM
1379 350 1445 409 IN
1486 347 1889 410 EPISTULA!"
1923 349 2014 410 AD
2056 346 2393 415 EPHESIOS
2431 355 2563 414 LIB.
2607 357 2669 415 Il.
2708 357 2862 417 CAP.
2907 359 2999 416 IV.
3385 353 3496 424 ιῡι

229 474 334 529 Post
360 481 424 539 te,
458 470 652 542 inquit,
687 479 963 544 sequentur
992 472 1170 526 cinctis
1215 472 1352 542 ferro
1381 469 1620 526 manibus
1644 465 1774 539 (Ps.
1810 475 1854 532 Α
1884 483 1988 540 quc
2033 471 2315 542 subjecto;
2349 482 2405 530 et
2429 473 2545 530 haec
2575 475 2646 530 sit
2686 475 2802 546 ejus
2853 475 3030 546 prima
3063 467 3380 548 hereditas,
3432 483 3486 536 in

224 571 348 636 cu).
377 566 472 634 Qui
503 565 646 621 enim
679 565 962 621 Christum
1011 565 1263 635 diligunt,
1315 575 1620 636 sequuntur
1659 578 1780 619 eum

223 661 470 718 charitat’is
514 659 748 716 vinculis
788 661 1051 730 Colligati.
1095 659 1191 713 Est
1235 669 1291 714 et
1335 659 1438 713 alia
1482 659 1781 729 expositio,

218 772 320 826 qua:
344 753 643 822 recipienda
669 753 761 820 sit,
797 768 989 820 necne,
1019 754 1125 808 erit
1157 754 1208 808 in
1235 762 1502 822 potestate
1537 752 1782 808 lectoris:

221 847 476 905 Vinculum
509 850 728 911 animat,
777 861 978 918 corpus
1007 845 1112 900 hoc
1144 846 1275 910 dici,
1311 855 1365 902 ct
1407 845 1531 916 quia
1584 843 1783 900 Paulus

217 942 276 998 ob
296 941 646 996 ministerium
681 939 956 1010 Evangelii
987 953 1186 1008 corpus
1209 939 1312 994 hoc
1334 938 1629 1009 acceperit,
1653 953 1785 992 con-

215 1046 483 1106 sequenter
508 1033 712 1090 Christi
742 1034 960 1090 vinctus
989 1033 1062 1088 sit
1085 1033 1415 1104 appellatus.
1446 1031 1657 1103 Corpus
1681 1031 1783 1087 hoc

215 1128 460 1184 vinculum
484 1128 616 1194 dici,
645 1140 693 1184 et
722 1145 816 1184 eos
846 1129 938 1198 qui
970 1131 1022 1184 in
1049 1144 1277 1199 corpore
1305 1129 1465 1185 vini-ti
1493 1138 1638 1198 sunt,
1664 1128 1783 1183 vin-

213 1235 313 1278 ctos
337 1232 487 1278 terra;
513 1225 805 1293 appellari,
837 1221 1104 1280 Jeremias
1137 1240 1355 1295 quoque
1393 1225 1445 1279 in
1480 1235 1503 1260 ά
1538 1224 1782 1279 secundo

210 1315 466 1389 alphabcto
495 1326 744 1387 testatur,
774 1318 963 1375 dicens
992 1339 1005 1374 :
1035 1317 1101 1375 Ut
1128 1319 1433 1374 Immiliaret
1455 1318 1546 1372 sub
1570 1319 1782 1388 pedibus

214 1411 306 1464 suis
323 1427 484 1465 omnes
509 1407 705 1466 vinctos
729 1422 879 1467 terrm
903 1409 1135 1482 (Thren.
1166 1427 1245 1478 tu,
1276 1411 1396 1481 34).
1434 1412 1498 1466 Et
1527 1413 1653 1469 alibi
1681 1412 1780 1467 huc

215 1495 364 1574 ipsum
396 1503 626 1574 legimus
655 1519 718 1559 ex
755 1503 953 1560 Christi
986 1519 1245 1576 persona,
1276 1503 1543 1561 dicentis:
1574 1501 1671 1559 His
1693 1505 1782 1574 qui

212 1607 333 1652 erant
361 1601 410 1652 in
444 1599 690 1665 vinculis,
725 1600 882 1667 exite,
916 1611 964 1655 et
988 1602 1076 1670 qui
1110 1603 1161 1655 in
1191 1600 1435 1664 tenebris,
1473 1600 1773 1656 revelamini

209 1685 348 1764 (hui.
373 1707 519 1760 sus,
551 1691 640 1763 9).
677 1687 1110 1763 Potestquidem
1141 1693 1414 1748 vinculum
1435 1691 1522 1747 hic
1546 1693 1774 1762 peccati,

209 1791 254 1838 et
297 1777 546 1840 tenebras
585 1784 944 1855 ignorantiae,
1000 1782 1238 1841 adventu
1286 1794 1342 1841 et
1388 1785 1778 1855 prtedicatione

1888 577 2053 619 carne
2086 581 2190 620 non
2223 567 2512 622 carnaliter
2540 567 2750 623 vivere.
2787 565 3040 623 Nonnulli
3070 581 3260 641 rugata
3287 571 3486 638 fronte,

1887 655 2127 713 demisso
2160 658 2482 730 supercilio,
2524 659 2814 730 verbisque
2857 661 3158 730 trutiriatis,
3191 663 3488 720 auctorita-

1893 755 2000 802 tem
2034 747 2136 805 sibi
2185 751 2494 817 doctorum,
2527 761 2587 808 et
2614 751 2863 822 jndieum
2896 753 3199 809 vindicant.
3234 754 3350 811 Non
3382 773 3492 827 quo

1887 843 1988 912 ipsi
2031 843 2253 914 dignum
2295 845 2496 916 aliquid
2539 847 2846 918 arrogantia
2901 848 3157 903 noverint
3191 867 3202 902 :
3238 851 3334 904 sed
3381 866 3488 920 quo

1886 935 2162 1006 simplices
2213 953 2459 1009 quosque
2513 937 2778 1005 fratrum,
2835 939 2924 995 sui
2969 941 3214 1011 qutedam
3268 943 3491 998 videant

1886 1033 2298 1102 comparatione
2326 1035 2559 1091 nescire.

1960 1125 2290 1195 Sufferentes
2321 1129 2541 1184 invicem
2571 1129 2624 1184 in
2655 1129 2924 1186 charitate.
2971 1129 3031 1187 Si
3071 1133 3190 1203 quis
3223 1134 3482 1207 intelligit

1884 1218 2016 1288 quid
2043 1219 2132 1283 sit,
2163 1217 2470 1286 sufferentes
2490 1220 2712 1275 invicem
2741 1223 2796 1276 in
2826 1221 3098 1291 cllaritate,
3127 1240 3233 1280 non
3273 1227 3487 1296 putabit

1886 1309 1938 1366 in
1966 1321 2186 1368 sanctos
2221 1313 2371 1367 viros
2417 1311 2521 1368 hoc
2567 1313 2863 1370 convenire
2901 1316 3215 1372 mandatum
3249 1334 3263 1372 :
3296 1333 3484 1373 verum

1887 1403 1938 1458 in
1966 1418 2065 1461 eos
2095 1405 2186 1476 qui
2219 1414 2346 1459 sunt
2377 1399 2437 1459 i'n'
2466 1405 2722 1461 virtutum
2754 1405 2921 1462 initiis
2954 1407 3263 1462 constituti.
3296 1409 3486 1466 Sancti

1884 1497 2083 1569 quippe
2130 1511 2238 1554 non
2273 1499 2560 1556 habebunt
2584 1497 2711 1572 [AL
2761 1498 3008 1572 habent]
3047 1499 3202 1572 quod
3241 1503 3384 1558 inter
3425 1521 3486 1560 se
3555 1544 3564 1551 .

1885 1590 2117 1648 invicem
2151 1590 2419 1648 sufferant
2443 1610 2456 1647 :
2482 1593 2582 1648 sed
2611 1593 2662 1647 hi
2697 1594 2788 1664 qui
2821 1594 2976 1664 quasi
3021 1593 3271 1651 homines
3302 1596 3483 1666 aliqua

1883 1683 2058 1738 adhuc
2107 1685 2362 1752 passione
2393 1693 2744 1752 superantur.
2801 1685 2910 1739 Nec
2958 1684 3151 1740 mirum
3197 1685 3246 1740 si
3286 1683 3486 1756 Ephesi

1885 1774 2001 1830 hare
2040 1777 2283 1837 audiant,
2337 1789 2461 1830 eum
2496 1775 2548 1830 in
2599 1775 2958 1831 multitudine
2999 1777 3340 1832 credentium
3384 1778 3493 1833 sint

207 1871 384 1934 Christi
425 1880 698 1949 prOpheta
730 1879 1025 1934 OStendere
1049 1879 1365 1934 dissiilutas.
1399 1879 1505 1935 Sed
1539 1889 1594 1934 et
1614 1894 1776 1950 supe-
1810 1873 1860 1934 B’
1881 1868 2048 1938 ³η(ιυὶ
2077 1870 2168 1940 qui
2212 1869 2390 1924 adhuc
2436 1870 2671 1925 invicem
2724 1867 2952 1925 SUﬂbt’re
2991 1885 3050 1927 se
3081 1871 3335 1927 debeant.
3376 1873 3489 1929 ll‘oc

206 1970 302 2025 rior
339 1986 528 2026 sensus
569 1971 734 2028 habet
774 1972 953 2027 locum
987 1989 1000 2026 :
1035 1973 1178 2043 quod
1227 1971 1526 2036 vinculum,
1579 1987 1778 2042 corpus

205 2061 280 2124 sit,
309 2071 357 2117 et
386 2061 655 2126 tenebrae,
690 2071 907 2117 terrena
944 2061 1060 2117 haec
1090 2057 1381 2127 habitatio,
1418 2063 1505 2117 ubi
1547 2072 1672 2117 sunt
1698 2078 1782 2118 re-

206 2163 360 2210 ctores
407 2156 786 2221 tenebrarum,
834 2169 889 2212 et
936 2164 1148 2212 montes
1189 2157 1492 2223 tenebrosi,
1533 2158 1600 2212 ad
1640 2172 1778 2226 quius

204 2243 345 2315 pedes
390 2248 752 2318 prohibemur
799 2245 1097 2306 oﬂ‘endere.
1139 2249 1298 2318 Quod
1333 2259 1513 2304 autem
1557 2252 1676 2304 ait:
1715 2247 1788 2305 Ut

203 2341 333 2412 digne
356 2346 632 2398 ambuletis
673 2345 941 2398 vocatione.
969 2360 1073 2415 qua
1103 2343 1440 2398 vocatiestis.
1486 2343 1656 2415 Digne
1690 2362 1783 2398 vo-

211 2435 398 2490 catione
427 2438 712 2492 ambulare
743 2435 1048 2492 credendus
1081 2447 1183 2500 est,
1233 2437 1324 2506 qui
1355 2435 1656 2507 ingreditur
1687 2450 1782 2506 per

204 2545 306 2585 eum
343 2533 428 2600 qui
477 2528 618 2586 dicit
649 2547 664 2585 :
701 2525 812 2603 Ego
846 2547 960 2584 sum
985 2531 1067 2584 via
1099 2527 1292 2601 (Joan.
1328 2546 1440 2594 xrv,
1475 2527 1530 2588 6.
1567 2539 1614 2584 et
1647 2527 1779 2584 Isui.

202 2622 348 2692 ut),
375 2633 430 2678 et
459 2639 571 2679 non
601 2619 866 2687 declinat,
901 2637 1080 2692 neque
1114 2621 1177 2675 ad
1209 2619 1482 2686 dextram,
1517 2637 1693 2691 neque
1715 2623 1782 2676 ad

203 2713 478 2784 sinistram,
532 2715 736 2770 avertit
785 2709 974 2785 pedem
1023 2729 1182 2770 suum
1230 2713 1299 2770 ab
1342 2714 1491 2769 omni
1524 2715 1610 2769 via
1643 2716 1781 2769 mala

203 2801 374 2879 (Prov.
404 2822 454 2862 tv
477 2810 524 2878 ),
558 2805 978 2877 completurque
1011 2807 1061 2860 in
1095 2820 1162 2860 eo
1193 2823 1206 2860 :
1233 2806 1276 2859 Α
1316 2801 1537 2860 Domino
1576 2823 1783 2877 gressus

203 2894 397 2955 hominis
423 2897 731 2971 diriguntur
763 2898 784 2968 (
802 2895 896 2952 Ps.
924 2913 1111 2965 xxxvi,
1132 2898 1259 2970 22).

263 2987 438 3060 (νει-ε.
475 2991 534 3047 2.
564 2996 585 3064 )
625 2992 756 3047 Cum
796 2993 934 3046 omni
961 2992 1262 3047 humilitate
1288 3003 1340 3047 et
1361 2996 1781 3059 mansuetudine,

203 3101 299 3139 cum
325 3086 602 3157 patientia.
633 3085 734 3154 Qui
773 3091 972 3140 terram
1001 3096 1054 3140 et
1081 3086 1323 3140 cinerem
1355 3101 1478 3142 esse
1504 3101 1563 3142 se
1606 3087 1777 3151 novit,

205 3186 385 3248 etpost
421 3177 704 3250 paululum
738 3179 788 3233 in
830 3179 1110 3249 pulverem
1157 3179 1588 3244 dissolvendum,
1625 3196 1782 3235 num-

1888 1964 2062 2034 ipsum
2093 1965 2223 2018 mihi
2258 1963 2473 2019 videtur
2505 1963 2822 2034 signiﬁcare
2844 1959 3082 2020 et‘ilhrd'
3108 1966 3252 2035 quod
3283 1965 3356 2019 ad
3380 1966 3490 2022 Ga-

1887 2059 2022 2113 latas
2055 2058 2314 2113 scribitur
2349 2076 2362 2113 :
2396 2059 2721 2112 Alterutrum
2749 2075 2911 2113 onera
2944 2071 3106 2114 vestra
3136 2069 3339 2130 portate
3359 2058 3487 2132 (Ga-

1888 2154 1982 2208 lat.
2019 2170 2088 2219 vt,
2120 2153 2216 2223 2).
2251 2147 2554 2207 Possumus
2603 2167 2734 2223 ergo
2775 2164 3069 2224 utrumque
3110 2155 3492 2209 testimonium"

1887 2255 1943 2302 et
1974 2246 2135 2300 aliter
2164 2245 2520 2316 interpretari-
2551 2263 2562 2298 :
2591 2255 2645 2300 ut
2673 2246 2758 2299 Vel
2793 2247 3123 2300 alterutrum
3155 2261 3321 2301 onera
3357 2261 3483 2316 por-

1888 2351 2028 2409 tare,
2061 2340 2143 2395 vel
2173 2339 2404 2395 sullerre
2447 2339 2680 2394 invicem
2733 2341 2783 2392 in
2815 2339 3100 2402 charitate,
3133 2347 3189 2394 et
3220 2355 3315 2396 eos
3342 2356 3494 2395 eom-

1889 2438 2039 2506 plere
2066 2437 2332 2504 dicamus,
2366 2436 2454 2506 qui
2485 2436 2682 2490 divites
2724 2447 2872 2503 sunt,
2919 2447 2974 2491 et
3001 2437 3243 2507 inopiam
3280 2452 3483 2508 paupe-

1887 2547 2002 2586 rum
2035 2532 2348 2586 sublevant.
2387 2530 2441 2586 Si
2479 2531 2598 2600 quis
2631 2533 2918 2601 u'grulanli
2967 2531 3120 2586 fratri
3151 2532 3354 2601 praebet
3384 2532 3486 2586 ob-

1886 2625 2157 2697 sequium,
2181 2623 2375 2679 sull‘ert
2395 2639 2522 2678 eum
2547 2623 2598 2677 in
2622 2623 2912 2680 charitate.
2939 2625 2992 2679 Si
3017 2625 3138 2696 quis
3159 2625 3210 2678 in
3235 2624 3490 2680 caelibatu

1887 2719 2102 2776 beatam
2127 2720 2430 2790 transigens
2457 2717 2644 2784 vitam,
2675 2717 2841 2772 alium
2869 2719 3038 2789 quiet
3069 2734 3290 2774 uxorem
3318 2718 3485 2773 habet

1885 2823 1940 2868 et
1966 2813 2189 2879 liberos,
2224 2822 2278 2868 et
2305 2812 2543 2884 scipsum
2573 2811 2664 2866 vix
2698 2819 2874 2878 potest
2904 2825 3148 2880 pascere,
3183 2811 3483 2880 adiuverit,

1885 2919 1942 2961 et
1968 2911 2258 2974 utcumque
2287 2914 2490 2976 potcSt,
2516 2902 2679 2958 fuerit
2705 2903 3048 2966 consolatus,
3077 2901 3315 2958 alienum
3350 2918 3490 2957 onus

1888 3009 2134 3070 portasse
2162 2997 2327 3072 608
2355 2999 2686 3054 laudabitur.
2734 2995 2829 3052 Est
2866 2999 2957 3066 qui
2999 3009 3228 3054 matrem
3273 3000 3360 3054 vel
3393 3013 3485 3054 so-

1885 3107 2066 3149 rorem
2096 3093 2313 3148 viduam
2353 3107 2588 3148 cernens
2629 3100 2872 3160 egestate
2907 3093 3206 3158 tabescere,
3243 3106 3354 3146 non
3393 3107 3487 3162 po-

1889 3193 1991 3239 test
2041 3185 2298 3256 adjuvare
2323 3201 2338 3239 :
2366 3185 2490 3239 lntic
2528 3185 2572 3239 si
2605 3185 2729 3252 quis
2766 3183 3078 3252 porrexerit
3109 3199 3350 3249 manum,
3396 3200 3487 3239 su-

204 3286 344 3340 quam
373 3249 637 3343 superbia
669 3267 832 3343 π
860 3267 1178 3327 elevabitur.
1215 3269 1276 3327 Et
1305 3274 1394 3343 qui
1428 3271 1521 3328 Dei
1564 3273 1785 3328 a-terni-
1812 3249 1865 3320 δ
1890 3276 2085 3330 stinuit
2108 3249 2254 3331 ’eum
2310 3277 2361 3328 in
2415 3249 2706 3329 cliaritate.
2761 3249 2888 3330 Sive
2921 3283 3101 3328 autem
3143 3276 3486 3342 superiorem

205 3369 295 3417 tate
318 3373 627 3435 perspecta,
675 3363 840 3419 breve
880 3371 934 3418 et
965 3379 1102 3433 pene
1145 3363 1210 3418 ad
1244 3365 1426 3434 puneti
1470 3365 1644 3419 instar
1679 3360 1786 3420 bu-

204 3472 354 3514 manaa
381 3460 512 3514 vita:
540 3453 780 3527 spatium
810 3457 1078 3529 cogitarit,
1114 3468 1239 3513 ante
1269 3458 1456 3513 oculos
1489 3473 1617 3513 suos
1643 3473 1785 3514 sem-

205 3563 284 3616 per
307 3549 525 3607 habebit
550 3549 852 3615 interitum,
877 3559 932 3605 et
955 3551 1060 3606 erit
1082 3549 1304 3605 humilis
1325 3557 1488 3621 atque
1514 3551 1779 3621 dejectus.

208 3637 545 3713 Corruptiliile
575 3643 714 3696 enim
754 3657 944 3710 corpus
979 3653 1226 3716 aggravet
1255 3645 1505 3708 animam,
1539 3655 1583 3698 et
1616 3655 1782 3699 terre-

204 3741 306 3788 num
323 3733 414 3788 hoc
435 3733 860 3801 tabernaculum,
894 3750 1100 3790 sensum
1126 3734 1374 3807 opprimit
1405 3738 1567 3790 multa
1595 3754 1783 3792 curau-

203 3832 284 3877 tent
313 3823 485 3898 (Sap.
517 3841 605 3892 lx,
641 3825 761 3897 l5).
799 3821 1030 3896 Propter
1056 3826 1202 3897 quod
1233 3844 1355 3882 cum
1388 3831 1532 3883 omni
1565 3827 1784 3883 humili-

203 3925 294 3975 lale
318 3917 566 3976 dicamus
592 3937 607 3974 :
635 3917 878 3988 Domine,
911 3938 1012 3974 non
1043 3929 1124 3976 est
1140 3923 1430 3977 exaltatum
1470 3939 1559 3975 cor
1592 3940 1776 3990 meum,

200 4028 342 4084 neque
364 4009 502 4068 elati
521 4013 810 4070 suntoculi
848 4014 947 4067 mei
970 4013 990 4086 (
1016 4011 1106 4066 Ps.
1141 4029 1305 4079 cxxx,
1341 4012 1430 4084 Ι).
1464 4014 1651 4070 Omnis
1683 4030 1781 4069 au-

201 4113 292 4160 tem
315 4105 618 4171 humilitas,
653 4121 760 4160 non
793 4115 901 4159 tarn
931 4107 983 4159 in
1016 4119 1292 4171 sermone,
1319 4121 1482 4176 quam
1517 4107 1568 4160 in
1600 4117 1782 4164 mente

199 4208 288 4267 est,
318 4205 378 4254 ut
414 4199 650 4254 humiles
684 4214 784 4252 nos
812 4213 936 4254 esse
965 4199 1326 4266 conscientia,
1356 4199 1590 4265 noverit,
1626 4214 1784 4253 num-

201 4304 343 4360 quam
370 4305 473 4348 nos
501 4292 589 4349 vel
610 4289 776 4362 scire,
806 4293 894 4348 vel
925 4291 1251 4363 intelligere,
1297 4293 1383 4348 vel
1409 4307 1531 4348 esse
1574 4293 1782 4364 aliquid

201 4381 545 4439 aestimemus.
577 4381 936 4439 Mansuetudo
966 4399 1183 4455 quoque
1217 4383 1306 4440 illa
1331 4395 1434 4452 est,
1468 4400 1588 4455 quae
1631 4387 1778 4442 nulla

202 4475 440 4542 passione
472 4475 765 4531 turbatur:
794 4485 847 4532 et
886 4477 1206 4547 specialiter
1250 4479 1326 4532 ira
1359 4487 1414 4532 et
1442 4477 1627 4532 lurore
1672 4494 1779 4534 non

1887 3383 2133 3435 sensum,
2173 3369 2287 3423 sive
2333 3368 2697 3436 posteriorem
2742 3379 3037 3437 sequantur
3067 3387 3076 3417 :
3112 3381 3213 3422 nec
3264 3382 3490 3435 peccan-

1886 3473 1994 3520 tem
2027 3462 2273 3527 fratrem,
2311 3477 2411 3517 nec
2438 3463 2652 3530 inopem
2685 3461 3026 3524 consolarer,
3052 3461 3145 3531 qui
3181 3476 3288 3515 non
3326 3462 3490 3515 habet

1885 3553 2230 3621 charitatem,
2259 3563 2313 3609 et
2333 3553 2634 3607 contemnit
2663 3552 2824 3606 verba
2855 3552 3100 3621 Apostoli
3133 3566 3484 3609 commonen-

1890 3646 1956 3700 tis
1983 3664 1995 3698 :
2023 3646 2272 3701 Debemus
2300 3655 2470 3700 autem
2493 3661 2608 3712 nos,
2640 3646 2725 3714 qui
2751 3645 2993 3714 fortiores
3023 3659 3220 3713 smnus,
3254 3646 3475 3714 inﬁrmi-

1886 3744 2022 3792 tales
2054 3733 2450 3791 imbecilliorunt
2482 3744 2714 3806 portare,
2742 3746 2788 3791 et
2820 3753 2923 3790 non.
2954 3737 3328 3808 nobismetipsis
3357 3741 3475 3808 pla-

1887 3848 1998 3887 cere
2034 3832 2225 3901 (Rom.
2272 3845 2362 3896 xv,
2397 3829 2475 3902 Ι).

1961 3926 1981 3995 (
1997 3923 2150 3980 Vers.
2176 3925 2229 3992 3,
2264 3923 2356 3994 4.)
2398 3921 2633 3978 Solliciti
2661 3938 2864 3977 servare
2895 3924 3143 3975 unitatem
3175 3923 3384 3993 spiritus
3431 3924 3484 3977 in

1887 4019 2090 4072 vinculo
2126 4018 2288 4089 pacis.
2327 4012 2500 4071 Unum
2539 4033 2746 4082 corpus,
2777 4023 2830 4069 ct
2853 4032 2985 4069 unus
3013 4015 3249 4086 spiritus,
3283 4017 3414 4069 sicut
3439 4027 3487 4069 et.

1885 4109 2052 4163 vocati
2079 4111 2199 4163 estis
2229 4110 2283 4162 in
2321 4125 2426 4161 una
2451 4124 2541 4179 spe
2569 4105 2846 4160 vocationis
2869 4114 3069 4160 vestrm.
3106 4105 3355 4178 Ephesiis
3392 4107 3484 4172 qui

1880 4199 1990 4272 iam
2016 4204 2278 4256 unitatem
2304 4199 2541 4271 Spiritus
2567 4202 2740 4256 sancti
2773 4197 2987 4255 fuerant
3007 4201 3309 4266 consecuti,
3337 4212 3486 4257 recte

1884 4297 2080 4352 dicitur
2112 4315 2123 4350 :
2153 4296 2362 4350 solliciti
2390 4311 2591 4349 servare
2633 4296 2888 4348 unitatem
2925 4296 3138 4362 spiritus
3179 4295 3232 4348 in
3277 4294 3482 4351 vincula

1885 4389 2046 4458 paris.
2077 4385 2177 4456 Qui
2217 4387 2362 4441 enim
2391 4387 2516 4456 quid
2553 4387 2736 4452 habet,
2772 4385 3030 4441 servandi
3064 4385 3140 4440 illi
3174 4384 3485 4441 sollicitudo

1884 4481 2218 4551 praecipitur.
2245 4479 2342 4549 Qui
2373 4492 2555 4535 autem
2585 4495 2690 4534 non
2722 4479 2908 4544 habet,
2939 4479 3176 4533 studium
3204 4479 3278 4533 illi
3306 4491 3365 4533 ut
3391 4479 3487 4533 ha-

201 4569 475 4638 t'tmrpittrr.
522 4570 697 4635 Quam
741 4569 832 4639 qui
876 4563 1150 4635 habuerit,
1197 4567 1612 4635 beatitudinem,
1657 4587 1779 4642 quae
1825 4641 1828 4643 Α
1883 4575 2010 4631 bere
2060 4574 2261 4640 valeat,
2311 4574 2634 4643 imperatur.
2669 4569 2768 4626 llic
2812 4570 2965 4626 locus
2994 4567 3082 4626 vel
3116 4571 3356 4626 maxime
3389 4571 3484 4626 ad-

204 4651 406 4716 bomini
433 4673 572 4715 voce
615 4661 879 4730 promissa
925 4672 1030 4726 est,
1072 4674 1476 4732 consequetur;
1509 4671 1568 4717 ut
1601 4641 1776 4732 possi-
1807 4641 1861 4706 9
1891 4682 2102 4722 versum
2139 4641 2430 4721 haereticos
2465 4663 2611 4727 facit,
2644 4664 2761 4734 qui,
2793 4657 2940 4733 pacis
2971 4662 3192 4717 vinculo
3223 4662 3488 4734 dissipato

201 4742 311 4805 deat
333 4759 554 4821 terram,
586 4751 640 4806 id
662 4761 768 4819 est,
804 4753 1036 4822 imperet
1061 4753 1280 4823 corpOri
1297 4770 1418 4817 suo,
1447 4753 1780 4810 dominetur-

264 4901 287 4927 ⁸
317 4892 428 4946 Pro
453 4892 682 4946 secundo
719 4891 988 4946 Marianas
1019 4892 1200 4960 posuit
1235 4892 1409 4954 tertio,
1454 4891 1578 4960 quia
1624 4908 1778 4947 men-

206 4969 300 5017 tem
329 4964 388 5020 S.
439 4962 759 5034 Hieroiiymi
804 4978 1146 5034 nequaquam
1201 4972 1487 5034 asse-ontus
1518 4972 1601 5017 est
1637 4979 1651 5017 :
1694 4962 1780 5017 hic

202 5035 334 5088 enim
363 5041 586 5090 sanctus
623 5031 825 5088 Doctor
874 5035 924 5088 in
973 5031 1226 5089 Ieremia!
1276 5031 1784 5090 Lamentationibus

203 5103 300 5157 duo
319 5115 528 5161 tantum
545 5106 798 5176 agnoscit
822 5107 1102 5175 alpha'bet'a
1113 5150 1126 5172 ,
1151 5114 1372 5175 propter
1386 5105 1655 5175 duplicem
1667 5121 1783 5175 spe-

204 5176 329 5230 ciem
362 5180 526 5234 metri
542 5185 600 5232 et
630 5177 936 5232 litterarum
959 5177 1232 5232 diversam
1265 5177 1689 5232 connexionem.
1725 5178 1780 5232 lu

207 5249 373 5326 primo
394 5251 576 5326 itaque
593 5248 965 5326 ,_)secundo_et_
987 5259 1182 5326 quarto
1205 5248 1382 5326 capite
1414 5247 1778 5326 :l‘hreuorum,

207 5313 358 5384 idem,
389 5336 448 5374 ac
477 5313 711 5388 simplex
743 5330 830 5375 est
855 5313 1204 5388 alphabetum
1238 5313 1430 5388 viginti
1455 5319 1664 5374 duabus
1698 5320 1784 5375 lit-

207 5389 352 5461 teris,
385 5403 670 5461 uicti-aque
698 5393 852 5460 quasi
886 5391 1130 5459 Saphico
1148 5391 1548 5461 compositam;
1583 5390 1636 5444 in
1669 5401 1783 5444 ter-

206 5460 284 5514 tio
306 5473 481 5518 autem
521 5461 938 5530 capisttlotatliud
975 5474 1060 5516 est
1088 5460 1470 5530 alphabetum,
1495 5461 1651 5530 quasi
1686 5463 1784 5516 tri-

207 5540 371 5586 metro
409 5535 655 5588 carmine
703 5535 991 5602 scriptum,
1042 5544 1155 5587 tres
1205 5533 1412 5586 habens
1462 5533 1786 5602 versnssub

207 5615 516 5675 unaquaque
538 5606 717 5660 littera
733 5601 996 5675 Hebraica
1024 5613 1106 5659 ter
1131 5608 1306 5671 posita
1330 5619 1628 5675 connertos.
1649 5601 1788 5658 Vide

208 5671 577 5742 mentiones
625 5687 841 5730 nostras
872 5677 926 5730 in
962 5671 1475 5729 Lamentatiouibus
1506 5671 1781 5729 Ieremia).

209 5740 539 5803 Μωρέ-11³
567 5759 626 5803 et
646 5748 840 5820 nostri,
874 5757 997 5817 post
1018 5746 1412 5820 Martianteuui,
1433 5745 1673 5820 codices.
1701 5745 1788 5800 ld-

209 5833 310 5886 uue
335 5821 566 5874 omnium
593 5816 915 5873 verissime:
942 5819 1241 5872 secundum
1267 5823 1412 5872 enim
1437 5816 1785 5886 alphahettmi

212 5884 339 5944 illud
367 5891 721 5962 Hieronymus
755 5890 1014 5960 appellat,
1048 5889 1188 5958 quod
1213 5890 1279 5941 ah
1307 5887 1477 5942 altero
1498 5884 1785 5942 diversum

1889 4767 2050 4827 atque
2078 4764 2362 4826 corrupto,
2391 4764 2579 4824 putant
2604 4770 2662 4811 se
2695 4765 2888 4810 tenere
2923 4754 3146 4823 spiritus
3179 4755 3442 4810 unitatem
3474 4775 3485 4810 ;

1885 4902 1987 4949 est.
2023 4893 2194 4946 Porro
2222 4907 2292 4947 ex
2321 4901 2558 4961 quatuor
2589 4888 2924 4960 alphabetis.
2958 4890 3160 4959 quibus
3191 4888 3485 4961 Lamenta.

1887 4966 2063 5019 tiones
2089 4959 2350 5019 Jeretnite
2365 4959 2654 5026 constant,
2675 4967 2791 5030 ipsn
2823 4961 3153 5032 Hieronymo
3179 4971 3336 5022 teste.
3366 4959 3484 5012 Duo

1886 5038 2056 5107 prima
2086 5039 2232 5106 quasi
2259 5035 2489 5105 Saphico
2518 5046 2680 5087 metro
2703 5034 3060 5107 scriptasunt‘,
3093 5033 3216 5101 quia
3249 5045 3349 5107 tres
3375 5046 3485 5082 rer-

1886 5103 2106 5174 sicarios,
2128 5109 2220 5176 qui
2247 5103 2346 5159 sibi
2372 5107 2589 5159 connexi
2619 5113 2760 5167 sunt,
2792 5103 2842 5157 et
2866 5103 2929 5156 ab
2957 5119 3063 5176 una
3082 5113 3279 5176 tantum
3311 5103 3482 5176 littera

1886 5173 2164 5245 incipiunt,
2203 5177 2410 5230 Heroici
2439 5192 2642 5230 coactura
2670 5175 2952 5229 concludit.
2999 5174 3085 5234 Et,
3118 5173 3372 5245 Quartum
3406 5173 3486 5245 ul-

1887 5242 2159 5319 pltabctunt
2191 5249 2357 5302 simile
2377 5260 2447 5302 est
2473 5249 2641 5318 primo
2683 5255 2729 5298 et
2735 5246 2978 5319 ~secundo
3010 5262 3028 5298 :
3064 5244 3201 5296 unde
3234 5242 3482 5319 ltaictri't

1889 5315 1989 5390 pro
2015 5336 2120 5373 uno
2157 5329 2360 5373 tantum
2396 5315 2482 5373 hic
2515 5319 2696 5371 habet.
2732 5315 2961 5390 Tertium
2992 5331 3126 5390 rere,
3151 5315 3288 5390 quod
3311 5315 3484 5367 trime-

1889 5385 1974 5444 ἓ·νο
1999 5393 2247 5460 scripturn
2273 5399 2368 5454 est,
2393 5400 2437 5442 et
2461 5406 2494 5442 α
2534 5390 2692 5441 ternis
2727 5388 2936 5460 litteris,
2962 5385 3480 5460 sediisd'ensterws

1892 5462 2080 5531 incipit
2105 5457 2326 5524 versus,
2359 5461 2444 5512 hic
2472 5474 2575 5529 pro
2595 5458 2851 5531 secundo
2889 5457 3208 5531 mihabeto,
3239 5457 3481 5531 sivepco

1889 5549 1954 5586 eo
1977 5526 2163 5602 [quod
2194 5541 2277 5586 est
2318 5531 2383 5584 ab
2419 5526 2540 5602 aliis
2572 5530 2847 5583 diversum
2873 5566 2885 5582 .
2933 5526 3480 5602 rectissimeaccipit.

1890 5604 2006 5658 Hoc
2029 5597 2206 5659 autem
2238 5619 2268 5656 a
2298 5602 2458 5656 tertio
2487 5601 2836 5655 Threnorum
2867 5598 3044 5666 capite
3081 5597 3364 5650 exordium
3389 5613 3483 5649 sn-

1894 5677 1991 5729 init
2025 5693 2036 5727 :
2069 5692 2186 5744 qua:
2221 5673 2391 5728 fraudi
2425 5689 2510 5727 res
2543 5671 2637 5724 luit
2687 5670 2954 5744 Victoria,
3002 5678 3054 5721 ut
3086 5667 3222 5744 adeo
3269 5677 3482 5721 lt'l‘lth

1891 5744 1978 5800 hic
2028 5740 2236 5802 laudari
2265 5744 2611 5815 alphabetum
2658 5740 2984 5794 existimarit
3017 5758 3028 5791 ;
3063 5740 3244 5810 sicque
3282 5751 3483 5794 temere

1893 5816 1944 5870 in
1980 5827 2127 5872 textu
2160 5816 2520 5886 vesci-ip-erit.
