3962 6338
428 328 536 388 895

1685 326 1742 386 S.
1766 323 2067 385 'EUSEBII
2102 321 2490 383 HIERDNYMI

3623 317 3723 378 £96

425 454 552 499 cum
597 442 775 499 unitas
819 440 1045 515 spiritus
1091 441 1145 499 in
1186 440 1334 514 pacis
1380 440 1597 499 vinculo
1641 451 2021 498 conservetur.
2051 445 2104 506 Α
2130 455 2327 511 omnes,
2347 451 2394 495 et
2421 442 2477 494 in
2503 439 2763 495 omnibus.
2796 435 3195 508 Quomodoaiia
3212 443 3299 494 est
3324 435 3726 507 ﬁdesabaptis-

425 532 659 603 Quando
683 536 827 592 enim
857 551 964 591 non
1004 536 1236 607 idipsum
1259 549 1450 619 omnes
1479 533 1774 605 loquimur,
1802 541 1857 589 et
1887 533 2024 587 alius

425 626 561 684 dicit
591 645 605 683 :
630 626 745 702 Ego
773 646 889 685 sum
919 628 1093 694 Pauli,
1121 645 1215 701 ego
1245 627 1454 699 Apollo,
1484 645 1577 700 ego
1604 627 1794 699 Cepltae
1822 626 2021 701 (lCor.

421 734 466 788 ι,
502 721 630 792 12),
660 721 958 778 dividimus
975 722 1198 793 spiritus
1227 724 1511 791 unitatem,
1542 730 1599 777 et
1618 736 1737 778 eam
1769 721 1821 776 in
1842 729 2026 792 partes

424 829 493 872 ac
534 817 773 871 membra
824 814 1207 887 discerpimus.
1259 815 1369 871 Nec
1414 816 1600 870 statim
1649 816 1845 886 aliquis
1893 813 2024 869 illud

423 918 670 981 opponat
696 926 709 963 :
732 909 1017 978 Quomodo
1038 924 1170 981 ergo
1197 908 1430 965 diVersae
1462 920 1586 964 sunt
1611 908 1821 980 gratiae,
1849 915 1905 962 et
1932 921 2027 961 va-

420 1003 501 1060 ria
529 1003 884 1073 charismata,
917 1019 1041 1058 cum
1070 1002 1250 1057 unitas
1279 1000 1636 1058 custodienda
1676 1002 1747 1056 sit
1769 998 2026 1071 spiritus?

423 1096 570 1153 Sunt
598 1097 817 1168 quidem
850 1098 1017 1152 variae
1060 1096 1412 1175 donationes,
1462 1095 1556 1151 sed
1589 1095 1643 1150 in
1684 1093 1880 1150 eodem
1913 1093 2026 1162 spi-

422 1191 534 1248 ritu
564 1210 577 1246 :
609 1201 665 1246 et
692 1192 913 1248 diversa
947 1191 1287 1252 ministeria,
1321 1190 1417 1245 sed
1459 1191 1598 1245 idem
1643 1189 1940 1244 Dominus:
1974 1194 2030 1242 et

425 1285 759 1356 multiplices
787 1285 1163 1355 operationes,
1195 1285 1288 1340 sed
1318 1285 1434 1354 ipse
1466 1283 1609 1339 Deus
1647 1282 1737 1353 qui
1771 1288 2030 1349 Operatur

425 1382 609 1437 omnia
646 1382 696 1435 in
731 1382 986 1436 omnibus
1013 1380 1064 1449 (l
1090 1380 1208 1436 Cor.
1238 1395 1339 1445 xu,
1368 1380 1403 1434 4
1430 1395 1568 1448 seqq.
1589 1379 1631 1448 ).
1664 1376 1819 1445 Quod
1848 1384 2026 1430 autem

420 1475 543 1528 ait:
573 1470 749 1529 Unum
790 1490 1002 1543 corpus,
1038 1480 1086 1527 et
1112 1489 1246 1526 unus
1290 1472 1527 1543 spiritus,
1577 1470 1661 1525 vel
1708 1468 2028 1537 simpliciter

424 1578 593 1620 linum
638 1580 839 1636 corpus
863 1564 1062 1620 Christi
1112 1562 1461 1635 intelligitur,
1491 1577 1614 1633 quae
1644 1575 1727 1617 eat
1760 1559 2027 1625 Ecclesia,

424 1660 517 1715 rel
548 1668 699 1715 certe
726 1659 868 1730 quod
909 1675 977 1714 ex
1028 1658 1250 1729 Virgine
1294 1667 1379 1713 est
1422 1657 1677 1726 dignatus
1707 1669 2026 1710 assumere:

424 1766 497 1807 ne
539 1752 691 1807 illum
724 1752 941 1822 quidem
976 1758 1163 1819 putent
1204 1752 1369 1806 toties
1409 1760 1783 1819 corporatum,
1814 1746 2029 1818 quoties

2129 542 2296 600 male,
2316 532 2431 589 Deo
2449 545 2505 589 et
2531 533 2760 589 Domino
2777 552 2788 587 :
2804 536 2883 588 sic
2904 531 3197 603 baptisma,
3217 532 3481 588 Dominus
3495 538 3552 586 et
3565 530 3722 595 Dens,

2125 624 2232 679 alia
2271 632 2400 681 sunt
2427 641 2455 679 a
2478 626 2649 681 tribus
2677 624 2927 698 singulis,
2967 641 3086 696 qua:
3117 625 3323 695 pariter
3351 625 3722 681 nominantur.

2129 715 2241 772 Hoc
2261 729 2443 774 autem
2460 719 2581 774 dico
2598 727 2818 789 propter
2833 717 2899 774 Sa
2909 719 3154 783 bellium,
3179 719 3271 789 qui
3290 717 3544 773 eumdem
3560 716 3728 772 Deum

2129 808 2343 865 Patrem
2366 811 2661 865 arbitratur
2681 820 2737 866 et
2754 809 2949 866 Filiqu
2968 852 2984 877 ,
3018 808 3416 881 confunditque
3445 822 3730 878 personas,

2128 899 2256 956 dum
2303 903 2555 958 eamdem
2587 901 2928 958 divinitatem
2980 902 3033 956 in
3075 911 3312 972 utroque
3350 899 3728 971 deprehendit.

2130 995 2275 1052 Ecce
2307 997 2750 1053 manifestissime
2772 1012 2909 1051 unus
2945 996 3208 1051 Dominus
3240 995 3414 1050 Filius
3440 1036 3457 1061 ,
3504 1003 3561 1048 et
3594 1007 3732 1049 unus

2130 1087 2271 1144 Deus
2304 1089 2466 1145 Pater
2496 1100 2780 1145 vocantur.
2820 1089 2974 1157 Quod
3026 1089 3096 1144 ad
3144 1086 3465 1144 Corinthios
3511 1100 3733 1158 quoque

2129 1183 2347 1253 plenius
2374 1184 2638 1255 scriptum
2665 1193 2781 1241 est:
2816 1184 2922 1239 Sed
2950 1182 3096 1238 nobis
3126 1198 3261 1237 unus
3285 1180 3420 1237 Deus
3457 1180 3639 1247 Pater,
3677 1195 3738 1233 es

2129 1292 2231 1347 quo
2260 1278 2465 1342 omnia,
2499 1287 2546 1331 et
2569 1294 2703 1332 unus
2722 1275 2975 1331 Dominus
2999 1272 3337 1329 nosterJesus
3350 1271 3621 1338 Christus,
3649 1287 3738 1344 per

2130 1383 2277 1438 quem
2310 1369 2484 1422 omnia
2509 1411 2524 1433 ,
2568 1378 2619 1422 et
2648 1386 2739 1423 nos
2764 1385 2857 1441 per
2880 1368 3050 1440 ipsum
3072 1365 3135 1439 (Ι
3160 1362 3281 1421 Cor.
3306 1380 3421 1428 vtu.
3451 1367 3546 1436 6).
3577 1364 3735 1421 Sicut

2130 1463 2275 1517 enim
2303 1461 2471 1535 διο
2498 1464 2609 1519 Deo
2634 1462 2785 1519 Patri
2816 1478 2922 1518 non
2957 1462 3151 1517 adimit
3178 1460 3352 1516 Filius
3381 1476 3449 1515 ne
3475 1458 3740 1515 Dominus

2131 1554 2222 1619 sit,
2255 1555 2658 1612 cutttDomittus
2684 1554 2963 1625 solusipse
2989 1554 3241 1609 dicatur:
3277 1553 3419 1608 itaet
3441 1550 3586 1606 Filio
3617 1565 3728 1605 non

2130 1650 2315 1707 aufert
2342 1650 2503 1707 Pater
2533 1662 2589 1705 ut
2621 1650 2762 1706 Deus
2800 1651 2872 1704 sit
2901 1693 2916 1719 ,
2968 1649 3094 1720 quia
3126 1647 3290 1703 Pater
3319 1647 3462 1703 Deus
3498 1657 3740 1701 tantum-

2138 1745 2301 1799 modo
2325 1744 2656 1799 nominatur.
2693 1743 2948 1814 Legimus
2979 1740 3110 1797 etin
3134 1740 3241 1796 alio
3266 1741 3425 1795 loco:
3460 1736 3529 1792 Et
3552 1738 3739 1791 scitote

422 1843 479 1900 in
508 1845 677 1902 veteri
707 1846 960 1916 apparuit
986 1844 1361 1900 Testamento.
1395 1842 1463 1898 Et
1482 1856 1624 1898 unus
1647 1840 1885 1912 Spiritus
1907 1856 2031 1894 san—
2061 1843 2110 1904 Β
2135 1839 2377 1905 quoniam
2402 1837 2653 1892 Dominus
2668 1837 2779 1908 ipse
2802 1847 2877 1891 est
2905 1835 3039 1891 Deus
3066 1835 3343 1909 (Ριιοιχ.
3367 1834 3456 1907 2);
3482 1845 3539 1890 et
3568 1833 3703 1888 alibi
3726 1848 3740 1888 :

423 1944 547 1993 ctus
575 1953 591 1993 :
625 1951 767 1993 unus
795 1938 994 2007 quippe
1026 1935 1272 2005 largitor,
1308 1944 1364 1990 et
1390 1933 1770 1987 sanctiﬁcator
1796 1938 1881 1985 est
1909 1945 2027 1985 om-

425 2031 601 2088 nium.
637 2029 734 2086 Vel
765 2038 913 2085 certe
955 2044 1120 2084 unum
1147 2043 1368 2097 corpus,
1415 2025 1481 2080 ad
1508 2025 1677 2079 vitam
1711 2023 1944 2092 refertur
1974 2028 2030 2076 et

427 2137 599 2194 opera
628 2138 752 2193 quae
790 2120 983 2177 Graece
1014 2120 1272 2176 dicuntur
1307 2118 1582 2195 πρακτικὸς
1622 2116 1772 2192 piae:
1806 2127 1861 2171 et
1891 2129 2028 2169 unus

424 2217 680 2289 spiritus,
705 2218 772 2272 ad
796 2216 1077 2271 scientiam
1107 2224 1165 2271 et
1178 2215 1721 2283 contemplationem,
1750 2225 1873 2281 qua:
1898 2225 2023 2279 pro-

428 2315 546 2382 prie
586 2320 837 2369 versatur
879 2313 930 2365 in
955 2309 1143 2368 corde.
1174 2319 1228 2364 et
1256 2307 1326 2363 ab
1356 2307 1460 2362 illis
1491 2306 1793 2374 appellatur
1836 2305 2023 2379 θεορία.

425 2405 563 2463 (lum
585 2421 718 2477 ergo
740 2408 1042 2461 membrum
1067 2404 1192 2472 quis
1212 2403 1372 2459 luerit
1399 2400 1682 2466 Ecclesiae,
1710 2414 1810 2456 nec
1832 2401 1901 2453 ab
1923 2413 2030 2452 uno

428 2499 551 2570 ejus
579 2500 775 2565 spiritu
803 2510 1109 2567 separatus,
1138 2503 1537 2563 consequenter
1575 2495 1680 2549 erit
1705 2494 1759 2547 in
1795 2508 1898 2547 una
1932 2504 2030 2560 spe

428 2592 761 2649 vocatioiiis.
807 2594 1079 2658 Quaeritur
1120 2587 1396 2661 quomodo
1425 2603 1530 2642 una
1560 2601 1686 2658 spes
1723 2586 2031 2641 vocationis

414 2685 501 2744 .sit
529 2701 687 2741 :cum
717 2685 858 2750 apud
886 2684 1102 2740 Patrem
1131 2680 1541 2755 diversa-609
1565 2684 1678 2737 sint
1700 2681 2027 2735 mansiones.

428 2778 515 2837 Ad
542 2778 713 2848 quod,
744 2792 907 2832 unam
930 2791 1081 2842 suem
1111 2775 1439 2841 vacationis,
1475 2788 1699 2844 regnum
1730 2774 2025 2838 caelorum,

424 2874 582 2946 quasi
617 2880 643 2908 ιι
673 2887 831 2925 unam
874 2869 1091 2924 domum
1137 2869 1231 2923 Dei
1262 2865 1436 2923 Patris
1488 2882 1612 2923 esse
1636 2866 1878 2922 dicemus
1905 2863 2028 2939 [ΑΙ.

427 2961 731 3036 dicimus].
764 2973 821 3017 et
869 2963 923 3016 in
957 2976 1063 3017 una
1107 2961 1271 3015 domo
1314 2961 1491 3015 varias
1542 2960 1873 3016 mansioiies.
1908 2957 2031 3014 Alia

430 3060 571 3114 enim
593 3059 761 3131 gloria
785 3056 935 3120 solis,
964 3056 1071 3110 alia
1094 3053 1253 3118 lunw,
1278 3053 1388 3108 alia
1407 3054 1674 3109 stellarum
1705 3053 1724 3122 (
1746 3054 1761 3107 l
1792 3050 1913 3108 Cor.
1937 3068 2028 3118 xv,

431 3152 501 3208 M
523 3154 563 3224 ).
597 3150 708 3207 Aut
727 3160 877 3206 certe
908 3150 1041 3205 illud
1071 3149 1323 3204 subtilius
1354 3147 1645 3214 indicatur,
1668 3147 1812 3219 quod
1844 3149 1895 3202 in
1927 3146 2031 3204 line

2129 1931 2389 1987 Dominus
2415 1929 2558 1987 Deus
2586 1942 2703 1985 tuus
2730 1973 2745 1999 ,
2793 1928 2940 1985 Deus
2982 1947 3116 1985 unus
3143 1937 3218 1983 est
3249 1926 3433 2002 (Deut.
3461 1942 3534 1996 vt,
3556 1923 3644 1999 4).
3686 1925 3742 1982 Si

2130 2027 2309 2091 enim,
2355 2035 2413 2080 ut
2460 2025 2779 2080 existimant
2803 2023 3027 2092 Ariani,
3080 2023 3225 2080 Deus
3256 2022 3418 2079 Pater
3460 2020 3614 2077 solus
3660 2029 3743 2076 est

2132 2121 2293 2188 Deus,
2322 2120 2511 2177 eadem
2543 2119 2959 2191 Consequentia,
2992 2118 3143 2173 solus
3163 2117 3272 2174 erit
3296 2116 3559 2172 Dominus
3572 2114 3740 2171 Jesus

2130 2216 2404 2285 Christus,
2432 2226 2485 2271 et
2506 2231 2607 2271 nec
2633 2214 2911 2270 Patererit
2937 2212 3222 2277 Dominus,
3252 2224 3352 2267 nec
3365 2208 3539 2265 Filius
3565 2207 3735 2263 Deus.

2131 2310 2242 2368 Sed
2268 2312 2432 2379 absit,
2465 2321 2523 2365 ιιι
2553 2326 2659 2365 non
2690 2310 2781 2377 sit,
2809 2309 2890 2364 vel
2925 2309 2979 2363 in
3007 2306 3384 2362 dominatione
3408 2303 3613 2368 deitas,
3651 2301 3739 2358 vel

2131 2405 2188 2460 in
2214 2402 2417 2460 deitate
2446 2402 2768 2459 dominatio.
2809 2400 2963 2458 Unus
2986 2407 3071 2456 est
3087 2398 3373 2464 Dominus,
3409 2405 3467 2454 et
3489 2411 3637 2451 unus
3659 2405 3740 2451 est

2131 2495 2302 2563 Deus,
2356 2495 2477 2566 quia
2512 2494 2693 2550 Patris
2719 2503 2775 2549 et
2804 2490 2927 2547 Filii
2952 2490 3257 2547 dominatio
3277 2532 3292 2557 ,
3337 2505 3443 2546 una
3470 2487 3741 2545 divinitas

2131 2598 2236 2647 est.
2269 2588 2561 2659 Propterea
2587 2596 2643 2643 et
2666 2587 2804 2643 ﬁdes
2834 2602 2938 2642 una
2967 2585 3200 2652 dicitur,
3230 2585 3356 2656 quia
3389 2582 3657 2639 similiter
3687 2582 3740 2637 in

2132 2684 2367 2741 Patrem.
2396 2692 2452 2739 et
2472 2684 2523 2738 in
2557 2682 2782 2749 Filium,
2812 2692 2866 2739 et
2898 2684 2951 2737 in
2981 2681 3244 2752 Spiritum
3272 2689 3522 2736 sanctum
3553 2677 3742 2735 credi-

2133 2793 2278 2833 mus.
2338 2776 2408 2832 Et
2438 2777 2711 2847 baptisma
2737 2791 2933 2839 unum,
2967 2774 3159 2831 eodem
3190 2773 3339 2830 enim
3364 2771 3551 2839 modo,
3606 2772 3742 2828 etin

2132 2869 2373 2934 Patrem,
2400 2869 2524 2924 etin
2542 2869 2758 2938 Filium,
2784 2880 2840 2924 et
2860 2867 2914 2923 in
2929 2867 3194 2939 Spiritum
3218 2877 3466 2922 sanctum
3488 2864 3743 2934 baptiza-

2134 2977 2278 3016 mur.
2324 2961 2387 3016 Et
2417 2971 2498 3016 ter
2525 2960 2827 3031 mergimur
2846 3004 2861 3030 ,
2887 2966 2946 3013 ut
2976 2957 3265 3014 Trinitatis
3295 2972 3458 3013 unum
3478 2962 3746 3026 appareat

2133 3062 2559 3110 sacramentum.
2596 3053 2659 3107 Et
2684 3069 2789 3108 non
2824 3052 3167 3125 baptizamur
3200 3052 3253 3107 in
3287 3050 3607 3106 nominibus
3635 3048 3741 3104 Pa-

2136 3147 2258 3212 tris,
2287 3154 2342 3202 et
2372 3146 2514 3208 Filii.
2547 3158 2600 3200 et
2631 3145 2872 3215 Spiritus
2898 3145 3077 3201 sancti
3104 3188 3120 3214 ,
3150 3144 3246 3201 sed
3278 3144 3331 3200 in
3356 3159 3464 3200 uno
3493 3144 3748 3210 nomine.

434 3254 491 3301 et
522 3244 998 3300 consummatione
1025 3256 1208 3298 rerum
1241 3241 1295 3296 in
1327 3240 1614 3311 pristinum
1645 3251 1841 3297 statum
1874 3242 2035 3297 resti-
2062 3240 2108 3304 C
2138 3239 2279 3311 quod
2310 3238 2631 3310 intelligitur
2648 3238 2812 3295 Dens.
2844 3239 2913 3296 Et
2941 3240 3113 3295 miror
3130 3253 3237 3309 qua
3264 3239 3665 3308 consequentia
3693 3238 3748 3293 in

431 3338 634 3395 tuenda
664 3340 774 3393 sint
800 3338 1003 3404 omnia,
1032 3335 1250 3407 quando
1275 3351 1462 3391 omnes
1487 3351 1650 3390 unum
1673 3350 1876 3406 corpus
1894 3334 1924 3375 δ
1950 3334 2030 3392 ef-

435 3432 705 3490 ﬁciemur.
740 3436 794 3484 et
840 3429 892 3483 in
941 3429 1113 3482 virum
1152 3428 1445 3496 perfectum
1498 3425 2034 3484 reformabimurwt

440 3524 625 3581 oratio
658 3538 755 3592 pro
796 3520 954 3577 nobis
987 3520 1290 3577 Salvatoris
1321 3518 1636 3591 implebitur
1667 3535 1682 3577 :
1710 3518 1889 3588 Pater,
1938 3519 2030 3586 da,

438 3625 497 3671 ut
528 3614 786 3685 quomodo
812 3629 909 3686 ego
940 3621 987 3666 et
1016 3622 1070 3667 tu
1099 3627 1261 3668 unum
1290 3626 1491 3681 sumus,
1514 3612 1588 3664 sic
1613 3619 1659 3665 et
1693 3612 1781 3665 isti
1805 3612 1859 3665 in
1889 3610 2037 3665 nobis

440 3721 606 3760 unum
632 3705 735 3759 sint
768 3702 966 3779 (Joan.
1002 3718 1133 3766 xvn,
1173 3702 1300 3774 21).
1337 3701 1453 3757 Non
1485 3702 1680 3773 ignoro
1705 3703 1755 3757 in
1796 3718 1864 3758 eo
1890 3702 2036 3774 quod

441 3812 591 3854 nunc
621 3796 845 3867 exposui
883 3794 1135 3849 :solliciti
1176 3810 1382 3849 serrare
1423 3796 1678 3851 unitatem
1726 3796 1943 3863 spiritus
1983 3796 2039 3850 in

436 3889 648 3946 vinculo
676 3888 841 3959 pacis,
871 3886 1136 3957 Spiritum
1157 3901 1188 3942 a
1217 3886 1498 3963 plerisque
1529 3903 1637 3944 non
1667 3898 1916 3943 sanctum
1950 3903 2041 3944 ac-

450 3984 582 4054 cipi,
625 3981 721 4038 sed
769 3980 1022 4037 allectum
1062 3980 1263 4036 mentis
1308 3990 1471 4050 atque
1508 3981 1856 4047 sententiam,
1884 3980 2042 4052 juxta

447 4092 612 4149 quam
645 4076 887 4131 omnium
916 4074 1260 4131 credentium
1289 4082 1406 4129 erat
1445 4075 1627 4129 anima
1651 4084 1706 4130 et
1743 4090 1839 4130 cor
1875 4091 2041 4130 unum

449 4170 663 4243 (Actor.
695 4168 806 4238 tv).
842 4168 911 4224 Et
953 4168 1020 4222 ab
1048 4167 1317 4238 Apostolo
1343 4169 1540 4239 virgini
1585 4169 1899 4241 praecipitur
1926 4186 1942 4226 :
1975 4168 2044 4225 Ut

444 4263 516 4319 sit
542 4276 721 4316 saneta
750 4272 797 4315 et
820 4277 1037 4332 corpore
1060 4271 1107 4316 et
1128 4262 1321 4333 spiritu
1352 4262 1404 4332 (ι
1425 4261 1548 4316 Cor.
1571 4277 1668 4326 νη,
1698 4262 1804 4335 54)
1827 4279 1840 4319 :
1866 4264 2045 4319 carnis

446 4356 705 4412 videlicet
733 4372 923 4426 opere,
952 4366 1008 4413 et
1038 4356 1237 4412 mentis
1276 4355 1494 4411 allectu.
1539 4356 1644 4412 Sed
1686 4367 1742 4411 et
1771 4358 2047 4427 generalis

2134 3346 2246 3388 uno
2273 3331 2566 3398 vocabulo,
2597 3331 2795 3388 eodem
2819 3346 3017 3401 opere,
3051 3339 3108 3387 et
3136 3329 3331 3387 eodem
3365 3341 3749 3399 sacramento,

2137 3431 2346 3478 naturte
2369 3421 2775 3487 diversitatem,
2825 3420 3022 3487 Arius,
3052 3421 3437 3490 Macedonius,
3466 3431 3525 3477 et
3561 3421 3752 3477 Euno-

2136 3517 2280 3570 mius
2310 3514 2662 3587 suspicentur
2693 3514 3088 3587 (concordante
3121 3515 3176 3569 in
3213 3514 3496 3585 impietate
3527 3513 3751 3570 discor-

2135 3608 2249 3681 dia)
2271 3617 2326 3664 et
2344 3619 2607 3665 creatura:
2638 3611 2689 3664 in
2718 3608 2884 3677 Filio,
2917 3618 2973 3665 et
3004 3608 3219 3681 Spiritu
3245 3620 3438 3664 sancto
3459 3623 3756 3666 annosum

2134 3704 2341 3758 fontem
2368 3713 2642 3772 tenentes,
2659 3703 2909 3759 diversos
2939 3705 3220 3759 hmreseos
3245 3703 3449 3759 rivulos
3465 3701 3757 3759 duxerint.

2144 3793 2321 3851 Unum
2352 3794 2627 3868 baptisma,
2655 3804 2709 3849 et
2734 3804 2925 3849 contra
2956 3793 3304 3849 Valentinum
3335 3792 3490 3857 facit,
3518 3793 3623 3864 qui
3649 3792 3760 3846 duo

2140 3890 2464 3961 baptismata
2478 3906 2603 3946 esse
2616 3888 2918 3957 contendit,
2933 3897 3188 3944 etcontra
3201 3902 3398 3943 omnes
3420 3885 3760 3943 hteretieos:

2144 3993 2203 4039 ut
2227 3984 2402 4040 sciant
2434 3999 2538 4038 non
2560 3982 2762 4039 habere
2790 3998 2850 4039 se
2875 3981 3227 4052 baptismata,
3260 3978 3357 4036 sed
3379 3979 3434 4034 in
3459 3994 3569 4035 una
3594 3977 3763 4035 Chri-

2142 4077 2214 4133 sti
2230 4076 2478 4133 Ecclesia
2503 4076 2704 4131 fontem
2733 4090 2857 4132 esse
2876 4074 3122 4131 vitalem.
3153 4074 3523 4131 Potestunum
3552 4070 3767 4141 baptis-

2146 4186 2231 4227 ma
2261 4180 2316 4227 et
2346 4172 2417 4225 ita
2442 4170 2551 4226 dici
2576 4211 2592 4235 ,
2637 4170 2782 4242 quod
2808 4170 2935 4226 licet
2966 4178 3048 4225 ter
3085 4167 3433 4239 baptizemur
3455 4208 3472 4235 ,
3535 4176 3769 4238 propter

2148 4264 2471 4335 mysterium
2503 4261 2786 4318 Trinitatis
2818 4280 2831 4316 :
2865 4269 3047 4317 tamen
3080 4275 3247 4315 unum
3271 4259 3547 4330 baptisma
3590 4274 3769 4328 repu—

2150 4364 2317 4413 tetur.
2351 4355 2530 4412 Unum
2555 4371 2773 4427 quoque
2800 4355 3064 4421 baptisma
3076 4362 3162 4410 est
3190 4353 3421 4423 inaqua,
3448 4353 3501 4408 in
3527 4354 3761 4424 spiritu,

448 4448 762 4520 explanatio
795 4448 863 4503 ad
892 4448 1185 4518 specialem
1232 4447 1741 4517 interpretationem
1782 4447 1919 4503 trahi
1953 4464 2051 4517 po-
2151 4455 2208 4503 et
2234 4448 2285 4502 in
2312 4448 2455 4519 igne.
2505 4447 2573 4502 Et
2609 4448 2677 4502 de
2708 4462 2817 4517 quo
2851 4445 3120 4501 Dominus
3143 4444 3424 4516 loquitur:
3476 4442 3772 4516 Baptism

453 4550 581 4607 test,
609 4540 751 4612 quod
786 4547 969 4595 servet
992 4542 1262 4595 unitatem
1291 4541 1515 4607 spiritus
1546 4538 1599 4594 in
1629 4538 1850 4594 vinculo
1881 4540 2048 4609 pacis,
2155 4542 2317 4599 habeo
2346 4543 2601 4615 baptizari
2628 4542 2779 4615 (Luc.
2814 4558 2913 4608 xu,
2946 4541 3075 4609 50);
3130 4551 3189 4598 et
3216 4540 3377 4596 alibi:
3439 4540 3775 4614 Baptismate

454 4633 549 4706 qui
578 4647 680 4688 non
706 4633 947 4704 rapiatur
975 4634 1124 4688 omni
1153 4644 1316 4688 vento
1335 4632 1624 4701 doctrina},
1654 4648 1831 4703 neque
1858 4634 1910 4686 in
1938 4648 2053 4687 mo-
2082 4635 2129 4695 Ι)
2156 4652 2267 4691 meo
2318 4637 2699 4709 baptizabimini
2732 4634 2928 4708 (Marc.
2958 4651 3010 4700 ι,
3060 4633 3176 4705 59).
3228 4634 3539 4690 Diversitas
3579 4645 3774 4692 autem

454 4741 577 4783 rem
611 4724 763 4781 stulti
790 4725 943 4795 quasi
1003 4726 1128 4780 luna
1160 4735 1402 4781 mutetur
1431 4724 1628 4796 (Eccli.
1654 4725 1858 4796 xxvu),
1910 4741 2056 4781 nunc
2158 4729 2603 4802 praepositionum
2626 4728 2683 4785 in
2714 4729 2918 4802 quibus
2946 4729 3185 4785 dicitur:
3223 4726 3554 4798 UnusDeus,
3589 4739 3645 4785 et
3666 4727 3779 4784 Pa-

458 4816 682 4873 diabolo
696 4818 963 4884 serviens,
985 4832 1128 4872 nunc
1144 4816 1273 4873 Deo.
1292 4816 1640 4872 Habeatvero
1669 4831 1834 4872 unum
1859 4831 2058 4887 corpus
2158 4833 2234 4878 ter
2264 4824 2516 4887 omnium,
2537 4823 2629 4893 qui
2658 4837 2811 4895 super
2832 4836 3029 4887 omnes,
3060 4832 3108 4875 et
3139 4837 3233 4893 per
3254 4836 3453 4884 omnes,
3486 4830 3543 4875 ει
3572 4821 3636 4877 εκ
3665 4838 3780 4877 om.

458 4910 730 4968 Ῑιοῐιοτυηι
759 4924 1011 4980 ορθτιιηιν
1043 4920 1096 4966 el
1119 4925 1335 4980 semper
1361 4924 1580 4964 carnem
1605 4925 1756 4965 suam
1781 4907 1898 4963 De"
1922 4921 2059 4965 lem-
2162 4916 2331 4983 nibus,
2374 4916 2643 4971 diversam
2679 4914 3097 4987 intelligentiam
3149 4914 3323 4985 sapit.
3365 4915 3546 4984 Super
3577 4930 3782 4971 omnes

457 5003 616 5076 plum
647 5000 924 5056 exhibeat.
980 5001 1043 5055 Et
1086 5016 1255 5056 unum
1296 5001 1547 5072 spiritum
1575 5018 1589 5059 :
1616 5000 1805 5057 eadem
1842 5016 2061 5072 semper
2162 5009 2306 5063 enim
2331 5016 2408 5062 est
2447 5005 2586 5061 Deus
2616 5005 2818 5072 Pater,
2867 5004 2991 5076 quia
3032 5015 3225 5059 anetor
3244 5012 3328 5059 est
3348 5002 3631 5061 omnium.
3674 5004 3783 5063 Per

462 5094 707 5152 sentiens
736 5109 751 5148 ε
788 5094 840 5148 in
889 5109 992 5148 una
1022 5109 1120 5165 spe
1161 5096 1505 5159 vocationis,.
1536 5105 1595 5149 ut
1621 5110 1963 5167 nequaquam
1994 5097 2060 5153 de
2166 5114 2358 5154 omnes
2383 5097 2575 5165 Filius,
2609 5095 2735 5168 quia
2762 5106 2957 5153 cuncta
2987 5095 3316 5152 transcurrit
3344 5136 3361 5163 ,
3392 5095 3665 5166 vaditque
3687 5112 3787 5169 per

459 5184 988 5258 repromissionihus
1026 5185 1328 5255 ambigens,
1372 5185 1425 5240 in
1457 5188 1863 5244 resurrectione
1891 5200 1945 5244 et
1977 5204 2065 5244 re-
2166 5194 2369 5247 omnia.
2393 5189 2451 5244 In
2475 5190 2728 5246 omnibus
2749 5188 2911 5262 611
2934 5187 3171 5256 Spiritus
3194 5196 3442 5256 sanctus,
3470 5188 3611 5260 quia
3642 5188 3786 5246 nihil

465 5281 754 5339 stitutione
788 5280 1058 5348 omnium,
1093 5278 1263 5332 solida
1297 5287 1483 5334 mcnte
1512 5280 1775 5336 confidat.
2168 5283 2374 5355 absque
2401 5299 2469 5340 eo
2491 5292 2596 5338 est.
2626 5281 2738 5338 Nec
2769 5296 2901 5337 vero
2928 5278 3249 5351 putandum,
3279 5295 3452 5336 unum
3488 5280 3698 5348 Deum,
3731 5290 3790 5337 et

521 5369 776 5445 (Vers.5,
804 5370 884 5442 6.)
907 5368 1055 5426 Unus
1068 5367 1345 5437 Dominus,
1383 5387 1487 5425 una
1507 5371 1668 5443 ﬁdes,
1698 5390 1861 5429 unum
1874 5375 2067 5449 baptis-
2172 5377 2387 5434 Patrem
2418 5378 2660 5434 omnium
2690 5390 2816 5432 esse
2840 5374 3227 5441 communiter,
3259 5384 3321 5430 ut
3358 5374 3586 5432 scilicet
3613 5377 3689 5433 ad
3715 5377 3791 5434 ir-

466 5482 576 5535 ma,
599 5481 734 5520 unus
755 5463 899 5521 Deus
911 5474 959 5519 et
971 5461 1394 5529 Pateromm’um,
1425 5465 1681 5537 quisuper
1697 5477 1956 5533 omnes,et
1978 5477 2069 5540 per
2173 5468 2529 5526 rationabilis
2576 5467 2820 5540 jumenta
2839 5512 2853 5537 ,
2917 5481 3119 5523 nomen
3149 5466 3330 5522 Patris
3350 5466 3525 5539 possit
3552 5469 3785 5540 aptari;

555 5635 583 5665 α
615 5624 762 5681 Nihil
804 5624 1177 5680 dubitavimus
1224 5622 1289 5676 ad
1320 5622 1500 5677 Rullni
1541 5622 1832 5681 lectionem
1865 5625 1953 5682 hic
1980 5642 2076 5682 re-

474 5698 741 5765 scribere,
769 5697 917 5767 quasi
942 5712 1101 5750 unam
1133 5694 1345 5750 domum
1370 5735 1384 5759 ,
1411 5693 1531 5764 ipso
1554 5695 1634 5767 sic
1665 5698 1917 5766 exigente
1941 5712 2073 5754 con-

479 5779 657 5835 testu,
706 5764 807 5840 pro
838 5784 944 5836 quo
972 5777 1133 5821 antea
1164 5767 1316 5840 quasi
1345 5782 1511 5819 unum
1555 5764 1743 5822 bonum
1762 5764 2074 5840 legebatur,

477 5840 662 5901 minus
690 5838 1004 5895 Cohaerente
1026 5838 1244 5895 caeteris
1270 5850 1456 5892 sensu.

2263 5627 2287 5666 δ
2322 5627 2423 5683 llic
2445 5627 2925 5695 quoqueRulinum
2940 5622 3329 5696 prmlegentent
3354 5624 3526 5681 secuti
3554 5639 3788 5685 sumus:

2185 5707 2345 5756 antea
2404 5715 2508 5756 non
2556 5704 2689 5755 satis
2734 5709 2880 5754 recte
2907 5737 2922 5762 ,
2982 5695 3037 5750 in
3068 5696 3296 5770 instanti
3354 5696 3792 5770 lect_um,e[ﬁci-

2183 5788 2303 5845 ritur
2333 5811 2348 5827 .
2374 5813 2395 5845 Α.
2439 5812 2450 5824 .
2481 5814 2495 5827 .
2529 5777 2874 5845 reformantur
2908 5807 2921 5822 .
2949 5806 2964 5821 .
2998 5807 3011 5823 .
3050 5806 3060 5820 .
3094 5808 3109 5824 .
3137 5768 3404 5841 impletur.
3452 5767 3578 5825 Vid.
3630 5767 3733 5828 lib.
3772 5788 3793 5833 ι

2185 5841 2506 5900 Invectivar.
2539 5841 2687 5899 num.
2710 5841 2801 5900 41.
