3962 6338
246 302 331 361 497

690 293 1340 353 COMMENTARlURUM
1379 294 1446 352 IN
1484 293 1878 354 EPISTOLAII
1914 295 2008 354 AD
2047 295 2385 358 EPHESIOS
2425 299 2555 357 LIB.
2599 298 2667 357 ll.
2708 300 2863 358 CAP.
2912 301 3000 358 IV.

3388 305 3497 366 498

241 413 317 471 sed
338 411 598 486 quomodo
626 412 671 468 si
705 414 756 467 iu
790 410 977 467 decen:
1005 410 1342 479 hominibus,
1374 411 1616 483 quinque
1646 410 1793 481 filiis,
1821 410 1871 474 Α
1899 427 2020 470 esse
2048 413 2248 470 donata
2274 457 2289 482 ,
2346 417 2717 473 testimonium
2751 417 2821 474 de
2868 420 3217 490 sexagesimo
3258 421 3497 487 septimo

239 517 281 563 et
298 509 509 577 quinque
536 506 738 573 servis,
766 505 971 575 pariter
991 504 1298 561 diceremus
1324 523 1338 560 :
1367 504 1788 574 borumdecem,

236 613 349 654 unus
370 606 449 653 est
483 596 737 653 dominus
769 643 783 667 ,
833 607 889 652 et
911 613 1054 652 unus
1080 605 1164 652 est
1192 606 1388 668 pater:
1449 613 1555 654 non
1608 600 1794 670 utique

235 690 437 747 omnium
468 699 700 761 patrem,
735 706 836 748 nec
859 691 1142 746 dominum
1171 694 1414 748 omuiuut
1429 709 1752 750 vocaremus
1776 709 1793 748 :

232 788 296 844 sic
316 794 364 843 et
391 787 440 841 in
480 801 551 842 eo
576 785 724 858 quod
757 786 834 841 ait
860 804 874 840 :
928 784 1074 842 Unus
1094 784 1238 841 Deus
1267 795 1318 842 et
1350 786 1509 841 Pater
1535 789 1791 858 omnium,

231 879 424 935 aliorum
453 876 615 933 Pater
635 918 651 943 ,
680 875 912 932 aliorum
939 876 1083 932 Deus
1113 878 1491 946 accipiendum
1519 887 1623 934 est.
1665 879 1794 935 Tale

229 970 333 1044 quid
372 969 434 1026 de
460 970 730 1026 creaturis
756 1012 772 1036 ,
822 978 880 1027 et
907 970 977 1027 de
1003 970 1116 1026 Deo
1144 973 1307 1027 etiam
1332 971 1482 1027 Zeno
1521 989 1645 1029 cum
1677 974 1795 1030 suis

232 1064 395 1123 Stoicis
444 1063 777 1134 suspicatur.
861 1064 1033 1133 Quem
1105 1076 1323 1120 secutus
1384 1065 1648 1137 Virgilius
1715 1066 1792 1122 ait

232 1155 441 1233 (antiit.
459 1155 535 1227 νι)
552 1175 567 1213 ε

598 1249 762 1302 Deum
784 1263 997 1315 namque
1017 1252 1095 1301 ire
1117 1264 1210 1314 per
1228 1263 1400 1306 omnes

378 1311 657 1379 Terrasque
681 1311 968 1377 tractusque
999 1311 1168 1377 marist,
1194 1323 1323 1378 etc.;

225 1404 303 1454 et:

299 1490 535 1558 frincipio
555 1490 737 1558 omium
760 1503 819 1558 ac
834 1496 1012 1558 terras,
1043 1505 1343 1558 camposque
1367 1491 1636 1558 liquentes,

298 1551 658 1620 Lucentemqne
680 1553 883 1620 globum
906 1556 1060 1618 lunai,
1084 1551 1378 1620 Titaniaque
1405 1551 1554 1620 astra,

298 1616 496 1680 Spiritus
520 1619 658 1667 intus
680 1616 794 1680 alit,
816 1616 1067 1680 totamque
1093 1618 1252 1668 infusa
1276 1616 1365 1678 per
1389 1626 1524 1668 artus

340 1690 423 1728 ens
444 1680 606 1743 agitat
624 1679 826 1744 molem,
852 1686 906 1731 et
928 1679 1106 1744 magno
1126 1693 1185 1731 se
1207 1692 1417 1744 corpore
1438 1681 1631 1731 miscet.

1898 506 2106 577 psalmo
2136 508 2434 577 assumpsit
2459 550 2475 576 ,
2535 520 2594 564 ut
2641 512 2882 566 sciamus
2908 510 3030 567 illas
3057 527 3183 570 esse
3210 513 3499 570 manubias

1896 598 2203 655 hominibus
2225 602 2571 671 distributas,
2599 618 2735 674 quas
2756 604 3007 660 Christus
3037 606 3215 661 victor
3233 607 3494 663 emeruit.

1893 689 2210 747 Ascendens
2239 694 2438 763 quippe
2463 695 2514 749 in
2547 696 2736 763 altum,
2778 698 3049 764 captivam
3082 698 3238 753 duxit
3263 698 3496 769 captivi-

1896 792 2081 837 tatem.
2108 783 2218 839 Nos
2237 785 2326 853 qui
2351 802 2493 842 nunc
2518 787 2570 841 iit
2599 789 2819 843 Christo
2846 789 3123 845 credtmus
3140 789 3209 845 de
3237 790 3494 860 gentibus

1895 876 2249 946 congregati,
2296 892 2418 932 cum
2464 894 2715 934 essemus
2742 891 2996 935 creatura
3029 881 3165 948 Dei,
3213 897 3241 935 a
3271 881 3493 938 diabolo

1894 969 2037 1038 capti
2061 983 2269 1033 sumus,
2297 978 2353 1025 et
2373 968 2492 1040 ejus
2516 972 2847 1026 satellitibus
2878 972 3179 1027 distributi.
3205 972 3368 1029 Venit
3392 974 3494 1044 igi-

1895 1071 1982 1118 tur
2011 1063 2269 1119 Dominus
2316 1075 2508 1120 noster
2528 1064 2686 1121 Jesus
2713 1066 2968 1122 Christus
3013 1068 3315 1121 secundum
3348 1067 3489 1123 Eze-

1894 1152 2129 1209 cliielem
2154 1151 2309 1225 (Cap.
2344 1170 2397 1210 ix
2428 1164 2477 1211 et
2508 1162 2631 1225 xu),
2668 1172 2796 1212 vasa
2818 1172 3006 1214 secum
3033 1159 3365 1230 captivitatis
3394 1173 3491 1229 ap-

1893 1254 2153 1318 portans,
2229 1257 2285 1303 et
2339 1258 2534 1319 operto
2597 1249 2813 1320 capite,
2882 1266 2949 1306 ne
3013 1250 3084 1306 ab
3148 1250 3488 1306 adversariis

1893 1350 2343 1411 cognosceretur,
2370 1341 2685 1412 prmdicavit
2709 1342 2794 1398 bis
2815 1343 2908 1412 qui
2932 1344 3080 1413 capti
3107 1353 3265 1399 erant
3294 1343 3491 1399 remis-

1896 1432 2103 1490 sionem
2130 1478 2145 1501 ,
2180 1441 2238 1487 ct
2266 1435 2356 1504 qui
2391 1435 2720 1491 tenebantur
2748 1435 2800 1489 in
2834 1435 3030 1490 viculis
3060 1476 3076 1503 ,
3124 1436 3482 1500 solutionem,

1895 1538 2077 1589 clJIOS
2097 1527 2166 1582 tle
2191 1529 2404 1583 catenis
2424 1528 2685 1593 hostium,
2716 1539 2772 1586 et
2798 1531 2868 1585 de
2894 1530 3253 1603 compedibus
3280 1531 3488 1587 libera-

1895 1620 1975 1675 vit
2003 1666 2017 1690 ,
2051 1619 2193 1675 sicut
2219 1621 2367 1677 illam
2403 1623 2457 1677 in
2474 1623 2777 1694 Evangelio
2810 1624 3121 1688 mulierem,
3150 1623 3219 1680 de
3239 1639 3345 1695 qua
3372 1624 3492 1695 ipse

1895 1724 2325 1770 Commemorat:
2390 1715 2540 1771 Hanc
2564 1727 2736 1772 autem
2784 1717 2949 1787 ﬁliam
2980 1716 3245 1772 Abraham
3270 1760 3287 1786 ,
3329 1735 3490 1784 quam

222 1803 417 1881 Quidam
450 1804 557 1861 boc
578 1805 725 1876 quod
756 1813 842 1861 est
859 1806 1155 1875 scriptum:
1187 1802 1361 1874 Super
1378 1821 1578 1873 omnes,
1610 1814 1660 1860 et
1692 1820 1783 1873 per
1812 1799 1861 1861 Β
1888 1804 2062 1878 ligavit
2086 1805 2314 1862 Satanas
2337 1811 2454 1880 jam
2480 1809 2659 1863 decem
2688 1818 2735 1863 et
2767 1819 2883 1863 octo
2913 1810 3100 1878 annis,
3135 1825 3238 1864 non
3261 1808 3494 1875 oportuit

220 1913 384 1965 omnes,
414 1905 464 1950 et
488 1897 546 1951 in
567 1897 829 1962 omnibus,
859 1896 926 1953 ad
951 1898 1191 1967 Patrem,
1218 1905 1273 1953 et
1301 1896 1516 1957 Filium.
1548 1909 1599 1951 et
1618 1897 1790 1967 Spiri-

220 1998 312 2044 tum
334 1998 573 2044 sanctum
605 1989 686 2044 sic
707 1991 981 2045 aestimant
1002 2003 1123 2045 esse
1154 1988 1525 2052 referendum,
1549 1997 1604 2043 ut
1634 2004 1788 2061 super

220 2079 366 2134 etauio
388 2078 550 2135 Pater
580 2080 676 2147 sit,
706 2080 832 2150 quia
850 2089 1043 2135 auctor
1061 2089 1146 2135 est
1167 2081 1445 2135 omnium:
1478 2097 1569 2151 per
1589 2096 1785 2150 omnes,

220 2168 379 2235 Filius,
407 2170 535 2240 quia
560 2184 662 2241 per
692 2169 893 2226 Filium
916 2183 1097 2227 creata
1129 2183 1256 2226 sunt
1286 2173 1468 2227 omnia
1493 2189 1507 2225 :
1536 2172 1592 2226 in
1620 2172 1790 2227 omni-

220 2262 313 2328 lttts,
340 2261 574 2334 Spiritus
603 2273 827 2319 sanctus
854 2305 869 2328 ,
903 2265 1020 2335 ipse
1050 2264 1197 2320 enim
1220 2264 1575 2320 credentibus
1605 2265 1786 2334 datur,

214 2366 261 2412 et
284 2354 530 2428 templum
553 2373 748 2414 sumus
770 2358 1010 2430 Spiritus
1026 2359 1201 2416 sancti
1227 2374 1242 2416 :
1275 2369 1332 2416 et
1357 2360 1517 2415 Pater
1541 2369 1595 2415 et
1619 2358 1791 2416 Filius

217 2449 429 2509 habitant
457 2454 515 2509 in
545 2454 733 2510 nobis.

276 2544 439 2618 (Vers.
464 2546 548 2618 7.)
574 2544 872 2617 Unicuique
896 2555 1067 2601 autem
1096 2553 1331 2601 nostrum
1361 2547 1485 2600 data
1515 2555 1588 2600 est
1620 2547 1789 2618 gratia

214 2637 472 2692 secundum
501 2654 805 2693 mensuram
843 2636 1143 2692 donationis
1175 2634 1388 2691 Christi.
1449 2636 1606 2693 Licet
1647 2637 1789 2692 Deus

214 2729 350 2785 Pater
369 2744 533 2802 super
561 2731 746 2786 omnia
769 2731 875 2797 sit,
901 2738 958 2785 et
982 2745 1079 2800 per
1106 2743 1324 2795 omnes,
1354 2731 1473 2785 etin
1495 2731 1782 2785 omnibus:

215 2832 367 2880 tamen
386 2824 560 2895 gratia
574 2824 731 2894 juxta
749 2838 1064 2879 mensuram
1089 2822 1441 2878 credentibus
1461 2822 1644 2878 datur.
1670 2822 1786 2877 Non

214 2917 407 2988 quodad
432 2930 752 2973 mensuram
775 2916 1051 2986 spiritum,
1083 2924 1138 2971 et
1159 2916 1390 2986 gratiam
1417 2916 1628 2971 tribuat
1645 2915 1788 2971 Deus

215 3007 646 3081 (magniﬁcentiae
691 3009 837 3066 enim
866 3008 985 3080 ejus
1028 3023 1137 3065 non
1166 3019 1252 3064 est
1283 3007 1466 3079 linis),
1515 3008 1610 3063 sed
1641 3006 1787 3079 quod

211 3101 342 3173 juxta
388 3117 710 3160 mensuram
750 3105 1102 3159 vasculorum
1132 3143 1147 3168 ,
1202 3100 1451 3159 infundat
1491 3102 1784 3171 liquorem,

1888 1894 2019 1950 solui
2045 1896 2109 1951 de
2131 1898 2332 1953 vinculo
2362 1900 2457 1954 hoc
2483 1901 2536 1954 in
2566 1899 2651 1955 die
2675 1901 2875 1955 sabbati
2906 1899 3043 1972 (Luc
3070 1916 3187 1963 xm,
3227 1900 3364 1972 l6)?
3401 1901 3495 1957 Li-

1892 1987 2220 2059 beratosque
2251 2006 2371 2059 nos,
2403 2000 2460 2047 et
2486 2007 2584 2062 per
2610 2009 2805 2048 novam
2827 1994 3198 2063 captivitatem
3223 1995 3293 2052 de
3316 1995 3493 2066 capti-

1890 2080 2060 2136 vitate
2107 2082 2280 2137 vt-teri
2304 2096 2490 2139 erutos
2514 2128 2528 2153 ,
2561 2098 2746 2140 secum
2778 2086 2934 2141 duxit
2964 2084 3020 2141 in
3051 2087 3249 2143 omium
3275 2104 3289 2140 :
3321 2095 3378 2143 et
3404 2087 3491 2143 bis

1891 2175 2024 2244 ipsis
2054 2190 2195 2245 quos
2235 2174 2304 2231 de
2329 2175 2676 2233 inimicorum
2708 2194 2873 2233 manu
2905 2180 3081 2233 victor
3109 2181 3313 2249 eripuit
3336 2222 3351 2243 ,
3406 2180 3491 2236 di-

1889 2280 2043 2319 versa
2057 2266 2354 2334 gratiarum
2372 2266 2514 2322 dona
2533 2269 2763 2340 largitus
2780 2280 2884 2326 est.
2903 2269 2973 2325 Et
2997 2271 3277 2341 eleganter
3293 2270 3382 2327 hic
3393 2286 3492 2342 po-

1889 2356 2018 2424 suit,
2034 2356 2324 2411 deditdoua
2335 2359 2390 2413 in
2404 2360 2719 2424 hominibus,
2737 2377 2860 2415 cunt
2879 2361 2932 2415 in
2949 2361 3213 2417 Psalterio
3225 2372 3490 2434 scriptum

1888 2449 1989 2503 sit:
2015 2450 2211 2518 accepit
2225 2450 2362 2505 dona
2375 2451 2431 2504 in
2451 2449 2743 2506 hominibus
2758 2450 2934 2525 (Psal.
2960 2470 3129 2517 vatt,
3154 2454 3270 2525 19).
3289 2453 3490 2511 Verum

1889 2542 1988 2610 ibi,
2003 2543 2126 2614 quia
2143 2544 2376 2599 necdum
2392 2544 2591 2601 factum
2605 2555 2749 2612 erat,
2765 2546 2859 2603 sed
2877 2546 2928 2601 l'u
2938 2557 3118 2603 turum
3135 2547 3493 2614 promitteba-

1889 2648 2000 2701 tur,
2016 2648 2302 2711 propterea
2315 2639 2539 2709 dicitur,
2552 2643 2833 2712 accepisse.
2852 2641 2893 2697 Η
2906 2657 2954 2698 ιε
2967 2657 3099 2699 vero
3118 2657 3242 2697 cum
3259 2644 3299 2697 A
3310 2652 3496 2713 posto-

1887 2731 1969 2787 lus
1998 2731 2163 2804 613
2193 2733 2414 2798 scribit,
2445 2734 2568 2803 quia
2593 2735 2704 2802 jam
2731 2731 2982 2798 dederat,
3022 2743 3078 2788 et
3126 2735 3182 2788 in
3232 2734 3495 2791 universo

1888 2824 2019 2880 orbe
2061 2824 2324 2880 Ecclesiae
2364 2824 2600 2880 fundata!
2638 2834 2826 2881 erant:
2858 2825 3066 2881 idcirco
3095 2842 3205 2882 non
3233 2827 3495 2899 accepisse

1885 2916 2164 2983 scribitur,
2183 2917 2279 2973 sed
2302 2917 2523 2973 dedisse.
2548 2917 2651 2973 Alii
2677 2917 2824 2973 hunc
2846 2918 3023 2972 locum
3049 2919 3118 2973 ita
3148 2917 3487 2985 edisserunt,

1886 3009 2030 3081 quod
2062 3010 2132 3066 ob
2161 3009 2214 3065 id
2246 3011 2506 3066 Dominus
2535 3020 2719 3066 noster
2744 3010 2904 3067 Jesus
2927 3008 3181 3066 Christus
3206 3012 3273 3067 ad
3311 3013 3491 3069 oculos

1886 3104 2061 3159 victor
2089 3104 2420 3170 ascenderit,
2453 3115 2510 3159 ut
2538 3103 2663 3159 inde
2692 3103 2923 3174 angelos
2950 3113 3291 3175 cmterasque
3320 3105 3497 3159 virtu-

219 3206 397 3253 tantum
423 3197 675 3253 muneris
707 3196 967 3267 largiens,
998 3206 1262 3266 quantum
1280 3193 1667 3265 potestillecui
1694 3193 1785 3247 do-
1809 3185 1855 3249 C
1890 3204 1971 3251 les
2000 3195 2067 3250 ad
2094 3196 2396 3252 custodiam
2425 3196 2792 3252 Ecclesiarum
2843 3211 3064 3251 suarum
3106 3199 3375 3252 mitteret.
3425 3196 3495 3252 Et

215 3299 388 3357 natur,
443 3290 725 3360 accipere.
759 3286 871 3345 Nec
909 3291 1054 3345 enim
1086 3288 1152 3342 ad
1186 3302 1493 3343 mensuram
1527 3285 1614 3341 dat
1650 3287 1788 3341 Deus
1891 3288 2019 3344 dum
2047 3289 2302 3361 indignus
2332 3290 2401 3343 sit
2430 3291 2581 3344 locus
2616 3290 2717 3344 iste
2746 3299 3022 3353 terrenus,
3048 3287 3363 3344 sublimium
3396 3302 3495 3359 po-

218 3381 477 3451 spiritum:
508 3390 607 3438 aut
627 3390 811 3454 potest
832 3382 1035 3438 habere
1068 3394 1403 3446 mensuram,
1435 3380 1578 3450 quod
1606 3392 1791 3449 atqua-
1894 3389 2150 3438 testatum
2181 3381 2383 3437 habere
2411 3382 2786 3451 praesentiam,
2811 3380 3213 3452 quodammodo
3239 3380 3349 3437 illa:
3374 3393 3498 3435 sus-

216 3472 322 3530 liter
347 3475 550 3547 ubique
577 3474 835 3532 diﬂusum
884 3482 986 3531 est.
1029 3474 1182 3543 Quod
1226 3484 1283 3529 ut
1308 3472 1650 3530 manifestius
1674 3470 1787 3541 fiat,

219 3565 573 3638 imperfectum
594 3569 726 3624 licet
753 3576 813 3624 et
838 3584 944 3623 non
978 3568 1212 3637 implens
1243 3564 1679 3634 similitudinem,
1707 3575 1790 3618 ta-

217 3673 322 3717 men
352 3677 445 3733 per
471 3662 622 3736 quod
650 3661 823 3736 possit
852 3661 1087 3732 intelligi
1115 3660 1257 3732 quod
1290 3659 1491 3715 dicitur
1512 3673 1792 3714 sumamus

216 3733 527 3829 exciitplutn.
570 3759 721 3814 Mare
746 3733 895 3814 certe
943 3758 1268 3813 immensum
1291 3765 1406 3825 est,
1437 3766 1491 3812 et
1518 3758 1794 3827 capacitas

216 3847 318 3919 ejus
344 3850 452 3906 Deo
483 3849 589 3909 soli
619 3847 787 3922 612
818 3858 974 3904 nota:
1006 3864 1078 3904 ex
1111 3849 1217 3903 ltoc
1244 3849 1288 3901 si
1311 3848 1434 3917 quis
1455 3847 1587 3902 velit
1610 3847 1794 3901 multis

218 3940 513 4000 hominibus
544 3944 846 3998 secundum
898 3942 948 3997 id
976 3940 1121 4012 quod
1150 3951 1364 4012 gestare
1388 3949 1597 4009 quettnt
1620 3981 1635 4006 ,
1681 3949 1792 3993 tra-

217 4034 352 4104 dere,
385 4049 613 4093 necesse
635 4045 719 4090 est
747 4043 809 4090 ut
828 4034 895 4089 ad
917 4049 1225 4090 mensuram
1250 4034 1540 4103 unicuique
1568 4032 1792 4098 tribuat,

219 4137 264 4184 et
287 4141 463 4201 partes
490 4130 611 4200 ejus
634 4146 945 4185 mensuram
970 4128 1242 4195 recipiant
1267 4170 1280 4192 ,
1320 4127 1476 4197 cujus
1508 4135 1534 4163 ι
1560 4125 1794 4181 solidum

217 4218 654 4278 immensurabile
667 4229 773 4277 est.
800 4220 875 4276 lta
908 4230 963 4276 et
984 4220 1225 4290 Spiritus
1246 4229 1473 4274 sanctus
1497 4218 1796 4273 immensus

217 4314 416 4383 quidem
443 4323 626 4379 est,et
648 4314 800 4369 nullo
831 4313 941 4369 line
967 4311 1312 4368 concluditur
1338 4328 1352 4367 :
1378 4320 1557 4366 tamen
1582 4312 1796 4366 unicui-

216 4423 311 4480 que
327 4409 485 4465 datur
509 4409 811 4465 secundum
839 4408 981 4479 quod
1028 4406 1270 4478 expedit.
1302 4406 1370 4461 Et
1411 4406 1575 4461 simul
1605 4414 1798 4461 notan-

219 4498 333 4557 dum
353 4547 368 4572 ,
400 4502 546 4573 quod
575 4502 696 4556 lt:st
725 4500 918 4557 eadem
946 4502 1118 4571 gratia
1138 4540 1153 4565 ,
1208 4515 1331 4571 quae
1360 4515 1505 4555 nunc
1541 4500 1799 4555 attributa

1895 3477 2156 3533 tinuerint
2188 3477 2579 3548 captivitatem.
2618 3477 2744 3533 Ideo
2765 3480 2910 3532 enim
2943 3476 3268 3550 (inquiunt)
3302 3491 3497 3533 ascen-

1894 3569 1974 3625 dit
2001 3570 2054 3625 in
2084 3570 2275 3637 altum,
2308 3578 2364 3624 ttt
2390 3573 2674 3639 captivans
2699 3571 3100 3640 captivitatem,
3127 3572 3270 3624 dona
3314 3571 3498 3624 homi-

1894 3666 2055 3721 nibus
2096 3665 2404 3736 largiretur.
2441 3664 2554 3720 lluc
2600 3674 2781 3720 autem
2824 3675 2994 3719 totum
3027 3666 3154 3719 itll‘O
3195 3662 3495 3732 Apostolus

1891 3758 2137 3828 replicat,
2161 3768 2218 3812 ιιι
2239 3759 2361 3828 quia
2383 3756 2634 3827 superius
2655 3756 2905 3812 dixerat:
2937 3754 3255 3824 Suﬂ'erentes
3278 3756 3496 3810 invicem

1892 3853 1946 3906 in
1977 3850 2246 3921 charitate,
2275 3849 2485 3905 solliciti
2513 3868 2716 3906 servare
2738 3853 2986 3905 unitatem
3029 3851 3245 3917 spiritus
3286 3851 3338 3903 in
3381 3850 3498 3903 ttin-

1895 3943 2013 3998 culo
2035 3944 2197 4016 pacis,
2229 3942 2453 3998 doceret
2482 3944 2533 3996 itt
2567 3944 2797 3998 diversis
2837 3941 3265 4003 charismatibus
3308 3940 3501 3996 E(Ci8-

1895 4037 2031 4092 siam
2066 4050 2188 4090 esse
2232 4036 2584 4103 concordem,
2616 4044 2673 4092 et
2700 4050 2805 4089 non
2837 4036 3023 4088 Statim
3055 4035 3409 4089 scitisntatum
3443 4040 3502 4090 et

1895 4131 2291 4186 dissensionum
2321 4130 2669 4185 occasimtem
2694 4128 2836 4195 dari,
2857 4130 2986 4200 quia
3015 4127 3319 4183 secundum
3345 4142 3501 4182 meu-

1896 4239 2079 4281 suram
2108 4221 2419 4278 donationis
2446 4219 2654 4277 Christi
2692 4223 3070 4293 unusquisque
3118 4232 3366 4279 nostrum
3410 4234 3504 4278 ac-

1897 4316 2135 4386 cepisset
2163 4314 2306 4369 dona
2332 4331 2345 4368 :
2376 4329 2489 4370 non
2533 4312 2748 4378 eadem,
2781 4312 2879 4369 sed
2910 4314 2961 4367 iu
2995 4329 3162 4368 unum
3189 4328 3415 4383 corpus,
3442 4321 3502 4369 et

1899 4408 1953 4465 in
1976 4424 2139 4464 unum
2164 4408 2415 4477 spiritum
2437 4421 2628 4462 omnes
2650 4417 2873 4463 vocatos
2896 4422 3037 4476 esse,
3065 4408 3119 4463 id
3144 4417 3250 4475 est,
3279 4419 3338 4463 ut
3359 4411 3505 4464 sicut

1900 4518 2039 4559 unus
2065 4502 2326 4559 Dominus
2352 4510 2458 4566 est,
2491 4512 2545 4557 et
2570 4516 2676 4556 una
2704 4501 2861 4569 lides,
2892 4510 2949 4558 et
2990 4518 3157 4559 unum
3204 4503 3498 4572 baptisma,

221 4595 542 4664 perhibetur.
575 4595 877 4652 secundum
906 4610 1218 4650 mensuram
1251 4593 1565 4651 donationis
1594 4590 1797 4649 Christi
1823 4576 1879 4636 Ῑ)
1902 4607 1957 4655 et
1983 4613 2122 4655 unus
2156 4600 2298 4653 Deus
2327 4597 2525 4653 Pater:
2554 4599 2629 4651 ita
2659 4605 2711 4653 et
2742 4611 2846 4652 uos
2876 4598 2928 4651 in
2957 4597 3227 4653 charitate
3265 4596 3507 4669 idipsum

219 4689 331 4747 data
360 4695 435 4749 sit
454 4692 636 4749 nobis.

284 4785 461 4857 (Vera.
494 4787 578 4856 8.)
607 4785 838 4856 Propter
865 4786 1002 4853 quod
1031 4785 1187 4840 dicit:
1210 4783 1505 4840 Ascendens
1528 4784 1581 4837 in
1610 4781 1799 4850 altum,

221 4880 463 4945 captivam
484 4878 637 4934 duxit
666 4876 1034 4951 captivitatem,
1078 4877 1219 4931 dedit
1244 4876 1387 4931 dona
1418 4878 1472 4930 in
1493 4875 1801 4930 hominibus.

1903 4694 2094 4757 simus,
2128 4694 2181 4747 in
2213 4693 2365 4762 pacis
2392 4691 2606 4746 vinculo
2635 4703 2926 4747 servantes
2951 4689 3178 4761 spiritus
3208 4690 3502 4748 unitatem.

1979 4785 2174 4857 (Vers.
2206 4784 2287 4855 9.)
2319 4785 2470 4852 Quod
2500 4793 2674 4839 autem
2704 4785 2952 4853 ascendit,
2986 4785 3113 4856 quid
3140 4794 3232 4853 est,
3258 4786 3359 4841 nisi
3385 4786 3513 4856 quia

1904 4887 1953 4935 et
1981 4878 2240 4932 descendit
2284 4878 2337 4931 in
2362 4876 2620 4947 inferiora
2650 4880 2839 4933 term?
2862 4878 2964 4945 Qui
2996 4879 3313 4935 ascendisse
3362 4892 3510 4935 nunc

222 4970 344 5038 Quia
378 4988 544 5044 supra
565 4972 817 5029 dixerat:
855 4970 1147 5043 Unicuique
1185 4981 1353 5025 autem
1410 4979 1643 5025 nostrum
1681 4969 1806 5024 data
1907 4972 2126 5039 dicitur,
2180 4980 2471 5041 propterea
2512 4970 2781 5035 ascendit,
2810 4970 2937 5041 quia
2966 4980 3091 5026 ante
3119 4970 3507 5027 descenderat.

223 5074 286 5117 est
312 5067 485 5137 gratia
516 5068 804 5121 secundum
825 5080 1119 5120 mensuram
1145 5063 1442 5118 donationis
1469 5060 1664 5116 Christi
1691 5102 1706 5127 ,
1746 5068 1809 5116 ut
1909 5064 2021 5120 Hoc
2044 5063 2190 5118 enim
2222 5072 2413 5118 sonat:
2448 5062 2602 5129 Quod
2624 5072 2795 5117 autem
2822 5063 3079 5128 ascendit,
3101 5063 3228 5129 quid
3254 5072 3332 5118 est
3353 5105 3368 5129 ,
3411 5063 3515 5119 nisi

223 5157 560 5216 conﬁrmaret
588 5158 705 5214 haec
727 5160 845 5229 ipsa
867 5157 1030 5221 dona,
1062 5172 1185 5227 quas
1214 5168 1335 5227 post
1364 5155 1643 5227 paululum
1668 5171 1798 5226 quo-
1906 5158 2028 5229 quia
2054 5167 2101 5211 et
2122 5155 2404 5211 descendit.
2438 5155 2844 5227 Requirendutn
2876 5156 3059 5229 itaque
3086 5171 3250 5226 super
3275 5171 3343 5213 eo
3363 5157 3516 5229 quod

224 5263 325 5320 que
351 5263 653 5320 enumerat,
681 5251 915 5307 dicens:
944 5248 1013 5303 Et
1034 5252 1144 5317 ipse
1164 5248 1307 5304 dedit
1322 5248 1575 5321 quosdam
1601 5248 1809 5317 quidem
1910 5252 2037 5307 alibi
2064 5251 2332 5313 scriptum
2363 5261 2488 5307 est:
2526 5250 2692 5305 Nemo
2720 5250 2953 5305 ascendit
2982 5252 3037 5306 in
3059 5251 3264 5311 calum.
3292 5253 3394 5307 nisi
3427 5255 3518 5324 qui

226 5344 499 5410 apostolos,
514 5345 953 5416 quosdamautem
974 5342 1275 5415 prophetas,
1295 5341 1426 5397 alios
1442 5343 1808 5413 evangelistas,
1911 5344 1976 5398 de
1992 5343 2120 5397 cwlo
2142 5342 2420 5409 descendit,
2451 5340 2623 5398 Filius
2645 5342 2866 5396 hominis
2897 5340 3093 5413 (Joan.
3122 5357 3203 5407 ιιι,
3238 5340 3352 5415 13),
3383 5357 3522 5413 quo—

225 5435 348 5495 alios
378 5451 608 5511 pastores
631 5450 681 5497 et
710 5440 984 5511 magistros
1005 5480 1021 5506 ,
1071 5448 1126 5494 et
1178 5437 1387 5509 reliqua
1413 5480 1429 5506 ,
1460 5452 1491 5492 a
1523 5436 1812 5494 Salvatore
1916 5433 2079 5490 modo
2100 5432 2407 5489 ascenderit
2431 5444 2558 5490 ante
2578 5431 2958 5489 descendens?
2977 5432 3211 5502 Quando
3234 5439 3381 5491 enim
3403 5434 3523 5493 haec

1932 5599 2106 5655 tium:
2152 5614 2263 5672 quo
2288 5613 2479 5666 sensu,
2508 5601 2610 5671 ipsi
2632 5597 3156 5672 viderintErasmus
3175 5606 3235 5672 et
3249 5598 3526 5672 Marianus

1930 5670 2224 5728 editores:
2259 5673 2439 5729 Mser.
2469 5670 2541 5716 -έ
2583 5672 2717 5729 Cuttt
2764 5670 2974 5742 pridem
3034 5670 3269 5742 vulgatis
3315 5671 3529 5727 Cister—

1931 5746 2148 5800 cienses
2187 5759 2321 5799 mss.
2347 5748 2557 5803 solium.
2591 5745 2934 5801 Martianatus
2962 5743 3017 5800 in
3050 5742 3176 5802 aliis
3213 5742 3392 5811 libris,
3440 5758 3527 5799 so-

1935 5815 2066 5884 lum,
2100 5818 2323 5872 invenit.

298 5615 323 5644 ι
353 5606 437 5663 Ita
478 5608 606 5680 legit
658 5605 869 5680 codex.
889 5619 996 5660 ms.
1020 5604 1225 5677 Regius
1247 5605 1383 5680 :Aita
1405 5620 1625 5680 quoque
1648 5603 1822 5673 prima

230 5692 395 5749 manu
417 5674 674 5749 scriptum
704 5689 825 5734 erat
858 5678 910 5732 in
941 5674 1612 5747 pervetustoCluniaccnsi
1635 5690 1823 5733 exem-

267 5748 365 5805 iari
398 5768 411 5805 :
466 5752 553 5808 sed
601 5749 878 5807 recentior
908 5764 1102 5805 manus
1133 5750 1363 5806 mutavit
1387 5750 1610 5804 solidum
1641 5750 1692 5803 in
1736 5763 1825 5802 so-

252 5837 359 5879 um.
390 5820 531 5882 Editi
558 5837 663 5880 nec
688 5819 944 5887 solidum,
978 5835 1080 5878 nec
1109 5821 1283 5877 solum
1311 5822 1582 5879 retinent:
1618 5819 1711 5876 sed
1742 5836 1829 5873 so-
