3962 6338
242 333 322 386 iiut
707 323 844 380 (ἒοΜ
856 320 1363 378 MENTABIORUM
1403 319 1467 384 ΙΝ
1503 317 1794 384 ΕΡιιδξΠᾈ,

1901 319 1904 371 ζ
1940 315 2035 375 ΔΙ)
2068 311 2411 381 EPUESlOS
2452 309 2582 368 LIB.
2627 311 2691 366 ll.
2737 253 2901 366 CAP:
2934 311 3022 366 l\'.

3382 307 3489 374 502

231 442 421 506 instruit
434 441 529 514 (μί
549 438 625 502 de
651 435 1138 510 sub}ec.to,p0pulo,
1164 433 1372 496 Christi
1391 431 1792 498 Ecclesiacou-
1813 436 1867 502 Δ
1891 429 2048 500 juxta
2073 426 2439 492 humilitatem
2461 471 2478 496 ,
2527 441 2630 482 non
2652 425 2836 490 solum
2873 423 3152 495 parvulum
3189 422 3485 494 Apostolus

231 533 484 604 struatur),
500 532 600 588 iste
623 546 721 586 nec
742 529 1039 598 apostolus,
1066 543 1166 584 nec
1190 525 1475 598 propheta,
1493 539 1604 588 nec
1625 539 1788 582 evan-

223 630 410 701 gelista,
434 643 537 692 nec
559 635 768 700 pastor,
799 633 904 682 nec
925 624 1184 694 magister
1210 630 1294 689 est
1318 617 1703 690 appellandus.

279 723 303 792 .(
323 720 461 776 Vers.
491 719 755 788 13.5eqq.)
789 715 963 780 Donec
975 729 1500 778 occurrantnaontnes
1521 712 1575 770 in
1595 710 1791 778 unitate

225 814 330 883 Mei
347 822 394 868 et
421 811 694 884 agnitionis
713 809 816 879 [itii
841 807 959 878 Dei,
977 809 1040 874 in
1061 807 1225 872 uirum
1247 805 1550 878 perfectum,
1573 805 1627 867 in
1649 819 1793 866 uten-

233 922 385 962 ntratu
412 905 572 964 aetati;
600 902 941 974 plenitudinis
973 900 1182 958 Christi.
1221 898 1291 956 Ut
1322 898 1462 954 ultra
1493 913 1595 953 non
1629 898 1790 962 sintne

221 1000 399 1073 parvuli
419 1001 746 1069 linamenta,
769 1007 823 1058 ,ει
845 994 1132 1054 circwnlati
1161 994 1303 1059 omni
1335 1004 1478 1052 tento
1515 992 1788 1056 doctrinm,

215 1095 266 1152 in
287 1092 484 1163 fallacia
529 1090 794 1152 hominum
833 1100 886 1142 .et
931 1088 1150 1154 astutia,
1195 1088 1262 1142 ad
1305 1086 1790 1148 circumveittionem

222 1187 402 1242 erroris.
434 1184 907 1252 Veritatrmautem
937 1181 1184 1250 facientes
1213 1181 1267 1242 in
1297 1177 1572 1246 cantitant,
1602 1193 1792 1252 augea-

215 1299 315 1342 mus
336 1283 384 1334 in
403 1280 709 1350 ipsoomnia
735 1278 820 1350 qui
845 1287 923 1342 est
945 1287 1103 1348 caput
1134 1274 1387 1332 Christus.
1413 1272 1788 1340 .Quzeroudum

215 1389 334 1444 quos
345 1388 526 1428 omnes
549 1371 1048 1430 dixeritoccurrere
1064 1370 1124 1424 .iu
1143 1369 1350 1432 unitate
1373 1366 1497 1424 ﬁdei
1522 1383 1536 1422 :
1561 1365 1788 1426 Utrum.-

214 1481 325 1532 ,nam
347 1479 530 1530 omnes
545 1445 862 1531 homian
877 1479 944 1524 an
992 1477 1190 1524 attines
1239 1470 1476 1527 sanctos,
1529 1475 1597 1513 an
1642 1467 1791 1520 certe

219 1572 382 1612 euntes
399 1559 484 1627 qui
514 1557 740 1616 rationis
761 1569 988 1625 capaces
1014 1553 1174 1620 sunt?
1206 1553 1429 1610 Videtur
1450 1562 1629 1610 autem
1649 1551 1788 1608 mihi

211 1648 274 1704 .de
296 1648 538 1708 omnibus
563 1647 876 1710 homini-bus
905 1645 1110 1716 dicere,
1137 1648 1267 1717 .quia
1301 1646 1465 1712 .multi
1508 1645 1652 1700 venti
1693 1644 1791 1710 do-

209 1743 482 1798 .ctrinarutn
505 1750 638 1802 sunt
664 1757 678 1795 :
712 1749 765 1794 et
793 1739 924 1793 ﬁatu
956 1755 1147 1802 eorum
1175 1738 1435 1796 ﬂuctibus
1472 1737 1785 1801 concitatis,

1894 537 1954 578 se
1981 535 2108 586 esse
2128 519 2338 580 dixerit
2363 561 2378 584 ,
2411 517 2510 586 sed
2537 517 2924 583 ﬂuctuantem,
2955 527 3011 582 _et
3037 515 3185 584 omni
3209 514 3486 583 doctrina-

1893 632 2012 676 rum
2029 616 2167 676 ﬂatu
2191 616 2244 699 in
2275 615 2779 684 diversaraptattun
2801 656 2818 684 ,
2846 610 2905 666 in
2930 610 3143 664 lallacia
3177 607 3481 688 hominum,

1892 713 1947 780 in
1991 713 2267 792 nequitia.
2297 711 2363 776 ad
2411 708 2937 774 circumventionein
2981 706 3209 768 cruoris.
3251 703 3355 776 Qui
3385 717 3485 756 au-

1893 815 2002 863 tem
2027 805 2142 868 .vult
2173 805 2288 862 haec
2325 818 2456 868 eum
2499 817 2612 864 non
2657 798 2727 860 de
2769 799 3101 866 humilitate,
3137 796 3231 862 sed
3262 797 3329 852 de
3349 811 3487 852 con:-

1891 897 2119 962 scientia
2147 897 2445 976 protulisse
2471 939 2484 962 ,
2527 894 2663 959 dicit
2688 912 2698 946 :
2733 892 2940 956 Paulus
2971 891 3288 968 apostolus,
3319 889 3486 948 homo

1892 1004 2012 1050 erat
2045 992 2188 1050 acuti
2215 1003 2269 1046 et
2292 989 2435 1045 acris
2466 989 2690 1058 ingenii,
2721 994 2776 1040 ct
2800 986 2891 1060 qui
2911 985 2977 1042 ad
3003 987 3212 1056 primos
3237 998 3486 1054 quosque

1885 1084 2284 1160 disputantium
2316 1092 2563 1149 conatus,
2592 1079 2769 1150 sagaci
2798 1087 2978 1134 mente
3006 1092 3127 1148 qua:
3154 1083 3313 1131 erant
3341 1074 3488 1130 infe-

1893 1177 2087 1242 renda,
2119 1184 2506 1246 praenosceret.
2543 1170 2956 1248 Videbatigitur
2984 1184 3130 1240 saepe
3162 1184 3228 1224 ex
3253 1178 3486 1237 utraque

1895 1279 2047 1340 parte
2071 1269 2152 1324 sic
2177 1268 2314 1333 dici,
2345 1274 2402 1321 et
2433 1276 2539 1319 tam
2564 1261 2883 1320 verisimilia
2915 1263 2964 1315 iu
2999 1261 3164 1316 rebus
3193 1258 3486 1314 contrariis

1892 1363 2065 1419 asseri
2091 1405 2104 1429 ,
2130 1370 2198 1426 _ut
2218 1358 2506 1429 ambigere
2536 1357 2779 1411 iacerent
2803 1354 3117 1409 audientem
3145 1369 3156 1405 :
3193 1351 3396 1417 idcirco
3428 1356 3488 1404 ut

1893 1459 2057 1520 homo
2085 1500 2099 1524 ,
2151 1463 2208 1512 et
2252 1453 2428 1510 adhuc
2469 1452 2522 1506 in
2561 1449 2738 1518 fragili
2765 1447 3102 1520 corpusculo
3130 1447 3484 1510 constitutus,

1893 1549 2376 1612 circumlerebatur
2401 1545 2620 1620 quidem
2647 1543 2794 1606 omni
2826 1551 2989 1606 vento
3012 1539 3298 1603 doctrinae,
3319 1535 3487 1616 613

1894 1647 1988 1706 sed
2022 1659 2127 1699 non
2155 1641 2466 1702 elidebatur
2488 1637 2540 1692 iu
2564 1651 2716 1702 saxa,
2736 1650 2839 1690 nec
2861 1633 3017 1688 navis
3037 1632 3153 1700 ejus
3180 1629 3486 1700 gurgitibus

1896 1739 2263 1811 implebatnr:
2312 1735 2494 1792 stabat
2535 1732 2735 1802 quippe
2781 1729 2831 1782 in
2857 1728 3024 1797 puppi
3056 1722 3485 1795 gubernaculum

211 1833 304 1890 huc
329 1843 482 1904 atque
511 1834 641 1892 illuc
665 1833 914 1890 homines
945 1835 1151 1894 incerto
1181 1848 1368 1900 cursu,
1417 1840 1473 1888 et
1522 1832 1670 1888 vario
1701 1835 1788 1892 .ie-
1817 1827 1867 1898 Β
1896 1845 2108 1901 tenens,
2143 1841 2198 1888 et
2226 1837 2545 1904 spumantes
2573 1825 2850 1886 haereseos
2877 1821 3096 1885 ﬂuctus,
3126 1815 3252 1874 ﬁdei
3281 1813 3490 1870 securi-

219 1937 383 1986 ntntttr
427 1943 638 1984 errore.
679 1927 840 1984 .Unde
868 1927 1014 1988 omni
1041 1925 1224 1983 studio
1257 1925 1634 1992 laborandum,
1671 1926 1783 1995 pr't-

1892 1937 2003 1984 tate
2037 1924 2345 1995 frangebat.
2387 1921 2504 1976 Non
2547 1928 2731 1980 tamen
2769 1912 3077 1984 intrepidus
3116 1918 3173 1966 et
3217 1922 3488 1974 securus,

216 2037 338 2076 mum
359 2022 412 2080 in
445 2020 577 2077 ﬁdei
623 2036 913 2080 occurrere
961 2020 1199 2080 unitate;
1244 2019 1442 2074 deinde
1491 2018 1548 2073 in
1586 2019 1785 2074 eadem
1883 2036 1993 2080 nec
2037 2019 2254 2090 quietus
2303 2026 2357 2078 et
2409 2012 2656 2082 placidus
2682 2053 2695 2076 ,
2735 2007 3116 2088 prospiciebat
3142 2011 3331 2058 ventos
3361 1999 3488 2054 hinc

215 2117 412 2184 unitate,
453 2113 663 2176 habere
709 2114 1036 2184 agnitionem
1083 2113 1208 2170 Filii
1233 2112 1355 2176 Dei.
1386 2112 1629 2180 Quorum
1661 2125 1785 2166 cum

215 2211 550 2266 iueritsecura
571 2207 867 2278 possessio,
887 2207 1096 2277 parvuli
1116 2221 1239 2262 esse
1256 2215 1550 2268 cessantes.
1571 2214 1624 2259 et
1640 2218 1790 2262 nien-

213 2317 366 2358 suram
393 2302 668 2362 interioris
697 2301 930 2366 hominis
963 2299 1287 2369 recipientes
1330 2301 1488 2370 (quae
1535 2313 1787 2358 mensura

217 2396 564 2464 plenitudinis,
585 2411 848 2452 mensura
875 2392 1076 2449 Christi
1095 2394 1227 2465 est),
1255 2391 1480 2461 perfecti
1502 2392 1600 2447 viri
1624 2405 1790 2446 voca:

215 2489 368 2544 bulum
382 2488 794 2552 sortiemnr:.ita
816 2497 991 2548 tamen
1013 2497 1068 2546 ut
1083 2484 1338 2558 [At..tacet
1357 2483 1435 2558 ut]
1449 2484 1514 2538 ad
1535 2499 1790 2540 consum-

212 2591 385 2637 matam
415 2591 641 2646 atatem
681 2579 1029 2650 plenitudinis
1063 2577 1301 2647 Christi,
1341 2577 1523 2631 omnis
1564 2574 1791 2634 creden-

217 2676 329 2731 tium
375 2674 533 2732 tur-ba
565 2674 873 2744 perveniat,
915 2684 966 2728 et
997 2685 1334 2741 nequaquam
1363 2670 1416 2724 in
1447 2668 1791 2739 dogmatibus

217 2767 475 2838 ﬂuctuans,
512 2769 579 2827 ad
611 2767 784 2828 instar
815 2765 1163 2837 parvulorum
1196 2763 1410 2835 gurgite
1451 2761 1792 2826 inﬁdelitatis

215 2859 392 2917 feratur
419 2861 656 2922 incerto.
683 2861 812 2916 dum
842 2859 988 2920 ,venti
1015 2859 1141 2914 hinc
1177 2857 1302 2922 inde
1333 2855 1647 2926 peril-antes,
1671 2855 1792 2911 ha:-

217 2957 480 3010 reticorum
512 2954 687 3030 .617
720 2954 979 3010 videlicet
1005 2998 1019 3022 ,
1050 2952 1174 3012 sive
1201 2949 1530 3021 sapientium
1560 2947 1746 3003 saeculi
1773 2988 1790 3013 ,

217 3046 423 3103 diversa:
455 3056 1012 3119 compugnantesque
1039 3046 1302 3111 rationes,
1335 3044 1673 3113 naufragium
1697 3057 1795 3098 au-

218 3140 462 3196 dientibus
483 3155 587 3204 _aut
613 3140 888 3206 inierunt,
921 3152 1010 3194 aut
1035 3139 1352 3200 minantur:
1383 3138 1511 3198 dum
1547 3136 1636 3190 alii
1669 3135 1794 3198 abs-

218 3248 305 3303 que
343 3233 624 3296 voluntate
667 3233 936 3297 fallaciae,
982 3247 1045 3292 ea
1095 3244 1274 3296 tamen
1310 3249 1430 3302 qua:
1464 3230 1597 3288 falsa
1640 3238 1789 3299 sunt,
1813 3219 1864 3282 C

219 3327 530 3395 pradicant;
559 3326 652 3392 alii
682 3343 814 3382 vero
841 3325 988 3382 omni
1011 3324 1308 3388 calliditate
1336 3323 1541 3386 erroris
1570 3323 1794 3393 laqueos

219 3430 633 3490 componentes,
691 3435 793 3480 nos
842 3419 1099 3490 decipere
1148 3431 1201 3474 et
1246 3420 1465 3474 vincere
1513 3418 1793 3473 festinant.

219 3512 331 3569 Cum
355 3524 540 3578 autem
585 3511 934 3576 occurrerint
959 3523 1122 3583 atque
1155 3514 1510 3583 pervenerint
1535 3512 1710 3573 sanati
1733 3511 1793 3576 _in

220 3621 514 3670 mensuram
551 3609 860 3678 supradicti
900 3608 1035 3677 viri,
1066 3617 1195 3664 tunc
1223 3607 1591 3680 intelligentcs
1617 3605 1797 3670 chari-

221 3711 365 3760 tatein
407 3701 650 3772 Christi,
687 3701 964 3772 augebunt
1005 3703 1056 3754 in
1083 3715 1158 3756 .eo
1197 3701 1379 3758 omnia
1412 3715 1533 3769 qua:
1567 3713 1798 3769 accepe-

218 3803 323 3848 rant
357 3797 575 3859 semina
610 3794 856 3854 veritatis
879 3835 894 3859 ,
943 3791 1212 3848 habentes
1253 3792 1501 3860 corporis
1534 3788 1797 3846 Ecclesiae

219 3897 356 3955 caput
384 3885 681 3950 Dominum
712 3886 922 3946 .lesum.
953 3883 1090 3952 Quia
1125 3900 1253 3940 vero
1282 3884 1357 3940 ait
1383 3899 1396 3936 :
1433 3881 1499 3938 Ut
1525 3883 1663 3937 ultra
1694 3897 1797 3935 non

220 3980 360 4034 simus
381 3980 591 4052 parvuli
615 3980 932 4049 ﬁttctuantes
958 4019 973 4046 ,
1013 3989 1070 4034 et
1100 3978 1328 4045 reliqua,
1359 3990 1668 4046 aequeque
1695 3975 1797 4032 llu-

218 4081 480 4132 ctuantem
506 4080 561 4134 et
575 4073 871 4147 rparvulum
885 4085 1007 4127 esse
1025 4067 1797 4135 .contcstans,netractandum

221 4167 432 4236 videtur,
453 4166 850 4234 utnumnehaic
879 4164 1176 4229 secundum
1204 4163 1564 4222 humilitatem
1585 4163 1800 4220 locutus

217 4261 279 4315 sit
299 4279 310 4314 ;
334 4276 399 4318 an
417 4272 579 4317 certe
607 4276 675 4322 ex
705 4269 860 4330 parte
889 4260 1243 4326 videns,etcx
1267 4267 1417 4329 parte
1434 4270 1798 4332 cognoscens,

219 4351 825 4423 intellexeritquantum
853 4369 884 4406 a
919 4351 1156 4421 perfecta
1185 4353 1330 4408 absit
1355 4353 1585 4410 scientia
1611 4393 1625 4415 ,
1659 4364 1714 4408 et
1745 4350 1800 4408 in

224 4462 330 4502 tera
353 4448 717 4510 conscientia:
742 4460 857 4501 suae
880 4445 1042 4500 verba
1071 4447 1404 4515 proruperit.
1455 4445 1510 4504 Si
1547 4445 1672 4515 quis
1697 4443 1801 4518 igi-

223 4548 298 4594 tur
332 4541 446 4605 τμη
479 4556 608 4604 eum
626 4539 754 4598 inec
781 4539 1086 4606 secundum
1131 4538 1494 4596 humilitatem
1528 4539 1795 4604 locutum,

1891 2115 2021 2172 inde
2053 2112 2373 2184 perﬂantes,
2402 2118 2458 2168 et
2478 2107 2709 2170 sollicita
2739 2118 2874 2159 aure
2904 2098 3180 2170 captabat,
3207 2094 3490 2150 vincebat-

1892 2224 1998 2279 que
2041 2205 2354 2262 contraria:
2407 2200 2505 2256 sed
2549 2215 2657 2256 non
2709 2205 2829 2260 erat
2866 2194 2949 2250 illi
2996 2203 3192 2252 secura
3233 2185 3486 2242 victoria.

1890 2300 2025 2369 Quia
2075 2297 2240 2366 igitur
2278 2291 2720 2352 adversariorum
2769 2285 2933 2348 verba
2961 2324 2976 2351 ,
3005 2296 3171 2354 atque
3213 2279 3480 2343 rationes,

1893 2397 2090 2465 quibus
2126 2389 2407 2445 veritatem
2451 2393 2701 2440 evertere
2749 2380 3083 2440 nitebantur,
3129 2372 3348 2428 videbat
3384 2387 3490 2425 non

1893 2487 2054 2546 facile
2099 2498 2260 2555 posse
2299 2477 2594 2551 superari,
2637 2485 2693 2531 et
2744 2474 2888 2532 ottini
2932 2467 3226 2524 calliditate
3273 2465 3489 2538 plenas,

1895 2582 2197 2638 dialecticae
2245 2588 2500 2646 quoque,
2551 2572 2717 2626 immo
2764 2564 2971 2624 diaboli
3016 2570 3136 2616 arte
3180 2565 3490 2619 contextus,

1893 2676 2150 2749 sperabat
2191 2673 2290 2730 Dei
2333 2669 2600 2732 auxilium
2629 2709 2642 2730 ,
2692 2671 2751 2720 ut
2789 2675 3004 2715 omnem
3037 2651 3491 2711 deliberationem

1896 2772 1965 2828 de
1987 2779 2172 2828 mente
2196 2780 2294 2822 sua
2325 2761 2682 2838 propelleret,
2705 2766 2759 2812 et
2784 2766 2950 2810 certa:
2965 2761 3128 2819 atque
3149 2746 3340 2801 deﬁxa:
3367 2743 3496 2796 abs-

1895 2881 2002 2936 que
2045 2862 2151 2918 ulla
2199 2856 2449 2920 molestia
2476 2851 2730 2910 crederet
2757 2843 3010 2909 veritati,
3042 2851 3096 2897 et
3124 2846 3345 2909 augeret
3373 2849 3492 2889 eam

1898 2927 1951 3011 in
1982 2952 2270 3010 dilectione
2291 2946 2497 3010 Christi
2525 2961 2537 2996 :
2570 2957 2729 3012 quem
2787 2936 2990 2993 sciebat
3027 2945 3081 2988 et
3110 2930 3191 2988 sui
3220 2940 3274 2985 et
3313 2927 3476 2982 totius

1897 3045 2160 3102 Ecclesia:
2203 3037 2454 3110 corporis
2477 3043 2663 3108 caput.
2719 3029 3016 3087 Sciendum
3045 3023 3188 3098 quod
3215 3023 3303 3076 hic
3343 3021 3498 3075 locus

1899 3142 1953 3200 in
1983 3140 2176 3194 Graeco
2207 3130 2552 3190 manifestior
2583 3127 2655 3180 sit
2680 3167 2693 3188 .
2733 3124 2861 3180 dum
2892 3133 3072 3185 autem
3103 3118 3158 3172 in
3189 3113 3440 3170 Latinum
3465 3127 3497 3166 e

1901 3233 2065 3292 verbo
2121 3226 2447 3285 transfertur
2485 3223 2562 3286 .ad
2605 3221 2827 3276 verbum
2855 3257 2870 3284 ,
2906 3228 3100 3270 sensus
3143 3207 3488 3266 sermonibus

1902 3322 2164 3387 involuti,
2195 3322 2488 3378 obscurum
2523 3317 2704 3376 iecere
2733 3310 2843 3383 [Αι.
2871 3303 3072 3387 facere]
3104 3303 3245 3374 quod
3276 3300 3496 3356 dicitur.

1972 3417 2152 3490 (vers.
2192 3411 2303 3483 16.)
2349 3410 2440 3474 ,Ex
2481 3424 2583 3478 quo
2634 3414 2798 3460 totum
2843 3418 3032 3470 corpus
3051 3385 3422 3466 compactum,
3453 3402 3501 3445 et

1893 3509 2312 3582 conglutinatam
2337 3519 2434 3572 per
2478 3513 2680 3554 omnem
2706 3500 3012 3572 juncturam
3059 3487 3499 3544 subministratio-

1902 3603 1979 3656 nis
2025 3599 2309 3658 secundum
2343 3593 2704 3667 operationem
2739 3589 2793 3642 in
2839 3600 3133 3640 mensuram
3161 3579 3502 3659 uniuscujus-

1901 3710 1998 3765 que
2026 3691 2238 3748 membri
2261 3695 2594 3760 augmentum
2617 3682 2849 3752 rorporis
2871 3679 2998 3751 facit
3022 3679 3076 3730 in
3095 3673 3501 3744 wdiﬁcationem

1902 3788 1982 3842 sui
2013 3788 2064 3841 in
2093 3783 2364 3838 charitate.
2420 3780 2473 3833 In
2507 3779 2615 3832 ﬁne
2640 3791 2846 3838 rerum,
2890 3786 3017 3826 cum
3050 3770 3217 3823 Deum
3253 3765 3389 3820 (acie
3416 3762 3497 3816 \‘i-

1903 3880 2033 3936 dere
2063 3875 2390 3946 coeperimus
2420 3871 2485 3926 ad
2505 3869 2708 3932 _iaciem
2739 3909 2753 3932 ,
2788 3875 2842 3921 et
2871 3867 2922 3918 in
2954 3872 3267 3920 mensuram
3303 3868 3500 3925 perre-

1906 3971 2150 4026 nerimus
2190 3965 2365 4020 aetatis
2395 3961 2744 4034 plenitudinis
2774 3955 2978 4011 Christi
3011 3952 3103 4023 (de
3131 3950 3289 4019 cujus
3319 3944 3496 4016 pleni-

1907 4062 2093 4117 tudine
2125 4069 2151 4096 ἰ
2189 4072 2334 4112 nunc
2385 4068 2572 4110 omnes
2613 4048 2923 4120 accepimus
2969 4042 3169 4112 (Joau.
3216 4038 3291 4109 ι),
3326 4041 3396 4090 ita
3441 4046 3500 4089 ut

1906 4152 2156 4210 Christus
2205 4165 2314 4204 non
2343 4163 2410 4203 ex
2440 4153 2593 4216 parte
2626 4144 2729 4206 sit,
2782 4138 2876 4193 sed
2933 4143 3078 4190 totus
3121 4133 3173 4187 in
3219 4129 3414 4184 nobis:
3450 4136 3506 4182 et

1909 4245 2118 4303 relictis
2151 4241 2322 4298 initiis
2360 4238 2713 4310 parvulorum
2746 4274 2758 4296 ,
2813 4227 3149 4285 crcverimus
3181 4224 3234 4278 in
3266 4237 3389 4278 eum
3423 4220 3503 4274 vi-

1909 4357 2054 4407 rum,
2084 4338 2151 4393 de
2182 4353 2288 4408 quo
2313 4331 2587 4403 Propheta
2611 4326 2751 4384 dicit
2778 4341 2791 4380 :
2821 4322 2954 4377 Ecce
2982 4321 3081 4389 vir,
3114 4318 3301 4374 Oriens
3320 4331 3505 4369 nomen

1910 4436 1989 4491 illi
2022 4432 2208 4508 (Zach.
2238 4446 2308 4494 v1,
2353 4427 2465 4498 12).
2526 4425 2591 4479 Et
2638 4422 2879 4478 Joannes
2906 4415 3147 4487 Baptista
3172 4425 3506 4469 commemo-

1912 4540 1993 4586 rat
2022 4503 2204 4598 (Joan.
2235 4540 2273 4590 ι,
2305 4521 2436 4594 50):
2487 4517 2618 4574 Post
2661 4531 2741 4569 me
2779 4514 2910 4568 venit
2944 4510 3050 4584 [AL
3085 4505 3274 4580 veniet]
3316 4506 3388 4560 vir
3419 4503 3506 4574 qui

221 4635 302 4691 illo
327 4647 513 4701 utetur
533 4634 790 4704 exemplo
813 4651 828 4688 :
873 4633 1095 4704 Quando
1125 4650 1266 4688 erant
1295 4631 1541 4702 parvulus
1565 4674 1580 4700 ,
1610 4633 1798 4703 loque-
1823 4624 1880 4687 ί)
1904 4633 2020 4678 αιιιϐ
2043 4637 2118 4675 ἠε
2147 4619 2316 4691 factus
2337 4629 2432 4682 εει,
2458 4611 2704 4684 (Ιιιίὶηίίυη
2732 4617 2855 4662 αητε
2879 4621 2958 4658 me
2987 4603 3143 4673 erm)»
3178 4611 3306 4655 “me
3332 4598 3384 4651 ί¹¹
3409 4611 3506 4650 οε·

219 4728 376 4796 bar-ut
397 4729 690 4802 paruulus,
720 4728 1019 4800 agitabam
1049 4737 1110 4790 ,ιιι
1133 4725 1410 4798 parvulus,
1433 4725 1706 4794 sepiebant
1744 4734 1798 4780 ut

219 4827 476 4892 permuta.
523 4823 746 4894 Quando
775 4838 904 4882 ,ιπενο
941 4821 1110 4891 {actus
1139 4836 1262 4882 sum
1301 4820 1399 4884 vir,
1453 4817 1696 4872 evacuavi
1741 4833 1804 4872 ea

219 4926 502 4986 quaerant
540 4915 746 4984 pannuli
783 4912 997 4986 ,μίτρη
1031 4927 1145 4976 iuit,
1182 4912 1239 4965 11
1271 4912 1310 4980 ).
1384 4909 1537 4964 Alius
1565 4926 1696 4964 vero
1730 4907 1798 4964 ad

221 5009 314 5064 ista
357 5009 688 5080 respondeat
713 5047 729 5073 ,
776 5005 1188 5075 comparatione
1222 5003 1557 5068 multorum,
1595 5003 1646 5055 in
1679 5012 1806 5055 aeta-

223 5113 318 5159 tetn
339 5104 576 5178 perfecti
605 5102 708 5158 viri
739 5101 1058 5170 Apostolum
1092 5097 1408 5168 pervenisse
1434 5115 1447 5151 :
1483 5096 1549 5150 ad
1582 5111 1641 5151 ea
1670 5113 1802 5151 vero

221 5212 330 5267 quae
357 5197 596 5268 reposita
626 5193 835 5252 sanctis
862 5202 1028 5260 sunt,
1069 5192 1246 5246 adhuc
1280 5190 1560 5260 parvulum
1587 5207 1800 5246 nuncu-

227 5291 350 5360 pari.
400 5289 685 5361 Siquidetn
746 5286 970 5352 omnes}
1013 5283 1294 5353 apostolos
1325 5283 1430 5353 .qui
1481 5283 1532 5336 in
1579 5279 1804 5338 Christo

223 5384 441 5439 credant
466 5428 479 5452 ,
532 5381 789 5454 parvulos
827 5376 1087 5449 propheta
1118 5385 1536 5438 commemorat,
1565 5375 1760 5431 dicens
1788 5393 1799 5430 :

224 5472 352 5531 Ecce
382 5494 476 5548 ego
505 5487 550 5530 et
581 5473 793 5544 parvuli
836 5488 964 5541 quos
989 5469 1129 5524 dedit
1155 5467 1282 5522 mihi
1320 5467 1458 5535 Dens
1479 5467 1645 5540 (lani.
1681 5483 1800 5537 Vill,

227 5569 329 5641 18).
360 5570 488 5626 Post
511 5568 630 5626 haec
669 5563 938 5632 attentius
965 5561 1381 5631 disserendum,
1416 5576 1484 5615 ne
1512 5558 1654 5615 forte
1679 5575 1807 5617 vere

303 5766 328 5796 ⁸
357 5757 550 5814 ‘Verius
578 5773 672 5840 nos
696 5772 912 5841 omnes,
935 5753 1164 5809 Ruﬁnus
1203 5752 1415 5823 legerit,
1456 5751 1545 5807 ubi
1581 5759 1640 5806 et
1678 5751 1808 5806 sub-

227 5843 424 5887 nexam
481 5829 876 5903 expositionem
937 5842 1158 5883 omnem
1209 5839 1468 5897 perquam
1536 5823 1802 5880 invidiose

1908 4729 2070 4771 cursu
2097 4712 2259 4769 unius
2293 4708 2437 4773 ﬁdei,
2466 4713 2519 4768 et
2549 4703 2707 4758 unius
2731 4697 3031 4782 agnitionis
3055 4695 3176 4749 Filii
3205 4693 3506 4760 Dei,quem

1914 4826 2057 4868 nunc
2102 4821 2201 4879 pro
2249 4805 2514 4864 varietate
2565 4796 2862 4861 mentium,
2916 4809 3021 4846 non
3059 4805 3161 4845 una
3190 4803 3287 4843 nec
3315 4784 3508 4839 eadem

1914 4904 2018 4960 ﬁde
2069 4911 2125 4958 et
2171 4899 2445 4971 agnitione
2483 4891 2890 4972 cognoscimus,
2920 4897 3090 4942 totum
3113 4898 3331 4954 corpus,
3363 4876 3506 4948 quod

1914 4996 2060 5067 prius
2091 4993 2408 5061 dissipatum
2440 4969 2636 5054 fuerat,
2665 4995 2721 5040 et
2753 4985 2805 5037 in
2835 4981 3046 5036 diversa
3084 4977 3415 5038 laceratum,
3451 4969 3508 5022 in

1913 5105 2065 5146 snam
2117 5097 2431 5156 compagem
2476 5081 2900 5152 juncturamque
2960 5069 3282 5138 redigetur:
3334 5063 3404 5115 ita
3452 5068 3512 5114 ut

1915 5202 2020 5240 una
2064 5177 2498 5238 subministra-tio
2543 5173 2845 5240 eademque
2899 5164 3148 5237 operatio
3176 5201 3189 5226 ,
3239 5166 3296 5213 et
3349 5155 3508 5208 unius

1915 5277 2089 5334 inlatis
2114 5279 2488 5331 consummata
2523 5263 2788 5337 perfectio
2810 5303 2824 5328 ,
2861 5247 3030 5315 totum
3062 5265 3312 5312 crescere
3347 5246 3510 5301 faciat

1906 5386 2110 5440 corpus
2140 5366 2446 5438 aequaliter,
2489 5371 2544 5418 et
2587 5357 2771 5420 omnia
2800 5352 3046 5408 membra
3088 5348 3243 5419 juxta
3287 5357 3509 5398 mensu-

1913 5480 2030 5520 ram
2080 5437 2231 5517 suam
2266 5460 2657 5512 incrementum
2691 5445 2870 5504 aetatis
2893 5443 3191 5512 accipiant.
3243 5437 3381 5491 =liuet:
3415 5449 3511 5490 au-

1911 5569 2024 5616 tem
2075 5565 2184 5611 tota
2215 5550 2535 5616 aediﬁcatio,
2575 5559 2679 5618 per
2726 5553 2886 5614 quam
2917 5534 3084 5616 619
3101 5528 3367 5597 Ecclesiae
3413 5539 3509 5594 per

1915 5746 2172 5822 suggiilat
2200 5742 2295 5801 lib.
2318 5757 2367 5812 -ι,
2399 5752 2548 5796 num.
2577 5733 2673 5799 Διί,
2704 5743 2864 5802 quem
2892 5723 3119 5782 videsis.
