3962 6338
450 335 560 393 803

1719 338 1780 395 S.
1821 335 2087 394 EUSEBII
2128 335 2507 396 HIERONYMI

3636 330 3740 394 θοι

453 458 640 520 partes
669 465 872 523 corpus
900 461 1148 525 augetur,
1193 461 1381 509 mutua
1414 453 1467 508 in
1499 467 1558 508 se
1593 451 1864 510 cbaritate
1893 467 2050 508 com-
2076 455 2131 513 A
2158 452 2310 521 bum,
2342 453 2663 525 quibusdam
2696 455 2853 527 quasi
2880 456 3150 522 sentibus,
3182 456 3457 512 orationis
3472 469 3666 514 sensus
3689 463 3743 512 et

453 544 715 615 plebitur.
759 545 927 602 Totas
954 546 1303 604 rationabiles
1332 555 1613 604 creaturas
1645 549 1746 603 sub
1774 548 1934 602 unius
1960 561 2048 603 ra-

453 640 732 696 tionabilis
776 643 1028 698 animalis
1074 642 1444 713 intelligamus
1473 643 1756 713 exemplo,
1799 651 1855 699 et
1879 642 2052 714 quod-

455 749 692 806 cumque
737 734 806 790 de
850 733 1010 804 hujus
1060 736 1318 791 membris
1358 735 1657 791 dixerimus
1689 745 1744 791 et
1772 735 2043 806 partibus,

455 825 563 882 hoc
594 827 829 882 sciamus
856 842 981 884 esse
1009 826 1358 884 referendum
1402 828 1467 884 ad
1501 841 1937 899 unamquamque
1965 843 2049 882 ra-

453 919 771 975 tionabilem
803 929 1132 976 creaturam.
1183 920 1448 976 Putemus
1474 920 1577 976 hoc
1617 921 1819 976 animal
1851 921 1922 975 ita
1955 935 2050 990 per

453 1021 604 1065 artus
631 1052 646 1076 ,
684 1027 854 1067 venas
880 1055 894 1079 ,
926 1029 1232 1084 carnesque
1278 1014 1573 1069 laceratum
1605 1054 1620 1079 ,
1650 1022 1833 1070 utnec
1855 1028 1918 1069 os
1938 1013 2048 1069 ossi

456 1105 681 1168 haereat.
717 1121 818 1160 nec
847 1121 1046 1162 nervus
1064 1105 1327 1178 jungatur
1359 1106 1426 1160 ad
1462 1122 1685 1161 nervum
1713 1124 1726 1160 :
1756 1106 2049 1176 separatim

454 1198 596 1252 oculi
645 1199 901 1268 iaceant,
937 1213 1184 1254 seorsum
1225 1213 1413 1262 nares,
1450 1213 1643 1254 manus
1672 1198 1836 1253 alium
1870 1197 2048 1253 locum

452 1300 698 1356 teneant,
726 1292 834 1346 alio
860 1292 1096 1363 projecti
1127 1293 1233 1348 sint
1259 1293 1457 1364 pedes,
1492 1300 1548 1347 et
1570 1292 1775 1362 reliqua
1810 1291 2051 1346 membra

448 1381 506 1437 in
559 1381 701 1436 hunc
753 1383 972 1438 modum
1021 1385 1164 1440 inter
1209 1399 1268 1439 se
1308 1384 1555 1455 dispersa
1603 1385 1739 1450 sint,
1773 1393 1828 1439 et
1850 1383 2047 1438 divisa.

454 1471 628 1544 Finge
659 1473 896 1544 aliquem
927 1473 1116 1529 venire
1146 1484 1314 1531 tautae
1346 1475 1590 1531 scientiae
1623 1475 1919 1541 medicum,
1960 1475 2051 1545 qui

447 1568 602 1638 juxta
629 1568 838 1624 fabulas
888 1570 1234 1630 ethnicorum
1261 1612 1276 1637 ,
1307 1569 1681 1640 Esculapium
1728 1570 1899 1639 possit
1924 1569 2052 1625 imi-

455 1663 582 1734 tari,
613 1663 708 1718 et'
743 1665 795 1719 in
820 1679 1017 1720 novam
1052 1663 1278 1737 ﬁguram
1313 1680 1623 1736 novumque
1654 1679 1853 1721 nomen
1877 1706 1892 1731 ,
1929 1664 2052 1719 Vir—

459 1755 604 1810 bium
647 1758 953 1812 suscitare:
988 1758 1076 1812 ltic
1113 1772 1343 1812 necesse
1379 1756 1601 1813 habebit
1631 1757 2052 1829 unumquodque

2150 547 2396 616 germina
2424 546 2784 604 suti'ocantur.

2223 638 2407 711 (Vers.
2439 641 2507 696 17
2537 642 2718 713 seqq.)
2751 640 2871 697 Hoc
2893 658 3014 715 ergo
3044 643 3181 709 dico,
3204 652 3256 700 et
3276 653 3535 700 contestor
3555 646 3614 698 in
3635 642 3743 698 Do-

2152 732 2292 786 mino
2314 775 2328 799 ,
2371 743 2426 786 ut
2457 749 2561 787 non
2586 735 2812 803 amplius
2839 734 3110 791 ambuletis
3133 777 3148 802 ,
3187 736 3321 791 sicut
3350 747 3396 791 et
3423 745 3602 810 gentes
3629 753 3743 790 am-

2153 823 2336 878 bulant
2364 827 2418 878 in
2445 827 2673 881 vanitate
2691 844 2878 884 sensus
2905 829 3012 896 sui,
3045 829 3308 884 obscurati
3338 839 3524 895 mente,
3548 828 3746 883 abalie-

2152 920 2261 972 nati
2303 935 2335 972 a
2364 920 2442 974 ria
2479 917 2579 974 Dei
2608 931 2816 993 prapter
2847 922 3200 994 ignorantiam
3223 964 3237 987 ,
3290 937 3408 993 qui:
3429 931 3508 978 est
3537 923 3592 976 in
3618 921 3745 990 illis,

2152 1023 2362 1084 prapter
2389 1015 2674 1070 ca’citatem
2703 1016 2877 1070 cordis
2897 1032 3098 1070 eorum.
3145 1015 3249 1084 Qui
3276 1015 3610 1089 desperantes
3631 1057 3648 1082 ,
3671 1031 3752 1070 se-

2153 1108 2395 1176 metipsos
2447 1106 2774 1160 tradiderunt
2818 1109 3164 1178 impudicitia:
3204 1108 3261 1162 in
3308 1109 3607 1180 operatione
3650 1108 3751 1161 int-

2155 1199 2422 1252 munditiw
2447 1199 2616 1254 omnis
2637 1199 2692 1253 in
2719 1200 2961 1254 avaritia.
2989 1199 3101 1256 Hoc
3128 1216 3284 1271 ergo,
3304 1202 3400 1267 ait,
3423 1199 3548 1256 dico
3571 1198 3751 1265 vobis,

2153 1305 2187 1344 ο
2216 1289 2468 1361 Ephesii,
2500 1306 2706 1363 vosque
2731 1301 3037 1358 contestor,
3069 1302 3126 1348 ut
3153 1293 3281 1363 quia
3304 1291 3591 1348 occursuri
3615 1289 3753 1346 estis

2154 1381 2208 1438 in
2232 1398 2543 1439 mensuram
2566 1385 2744 1439 aetatis
2771 1384 3134 1455 plenitudinis
3160 1381 3390 1452 Christi,
3424 1397 3531 1438 non
3561 1381 3755 1437 ambu-

2155 1476 2281 1532 letis
2308 1478 2455 1532 sicut
2493 1476 2775 1532 ambulant
2809 1487 3038 1548 gentes,
3074 1491 3196 1547 qua:
3226 1475 3388 1531 idolis
3417 1475 3752 1540 servientes,

2155 1577 2214 1624 et
2254 1583 2420 1625 sensu
2470 1577 2526 1625 et
2567 1578 2754 1625 mente
2801 1569 3104 1625 abutuntur
3152 1570 3203 1623 in
3239 1583 3424 1639 prava.
3465 1567 3601 1635 Quae
3631 1581 3758 1621 cum

2160 1661 2288 1719 ideo
2337 1663 2655 1733 acceperint
2699 1662 2936 1718 animam
2983 1672 3039 1718 et
3078 1662 3440 1728 intellectum,
3465 1670 3526 1717 ut
3550 1675 3760 1731 cogno-

2157 1767 2376 1813 scerent
2408 1755 2602 1823 Deum,
2628 1755 2918 1812 abalienati
2943 1765 3069 1811 sunt
3090 1769 3120 1809 a
3145 1757 3226 1809 via
3245 1755 3363 1826 ejus
3382 1757 3568 1826 (quam
3594 1756 3762 1810 aliam

460 1847 766 1903 membrum
800 1863 898 1905 suo
926 1849 1046 1906 loco
1075 1841 1369 1906 reStituere
1397 1891 1412 1917 ,
1457 1858 1515 1907 et
1541 1865 1860 1922 compagem
1887 1866 2050 1921 copu-
2083 1838 2131 1898 Β
2160 1850 2371 1921 absque
2399 1850 2623 1906 Christo
2651 1865 2759 1906 non
2777 1850 3076 1920 novimus)
3123 1859 3178 1904 et
3221 1849 3273 1904 in
3312 1851 3396 1905 sui
3428 1849 3610 1904 cordis
3645 1863 3764 1903 am—

450 1941 570 1997 lare
598 1943 870 2013 compagi,
903 1952 958 1998 et
987 1942 1221 2015 quodam
1245 1944 1458 2014 glutino
1482 1944 1730 2014 partibus
1761 1945 2049 2011 restitutis,

453 2048 622 2088 unum
654 2049 856 2104 corpus
878 2036 1123 2092 efficere.
1183 2036 1295 2091 Huc
1325 2051 1495 2106 usque
1525 2037 1687 2092 nobis
1724 2053 1827 2092 una
1863 2037 2054 2094 simili-

461 2126 591 2180 tudo
621 2129 976 2198 proceSserit:
1009 2145 1152 2184 nunc
1183 2131 1235 2184 in
1265 2129 1516 2186 eamdem
1539 2128 1952 2186 similitudinem
1985 2129 2052 2186 ad

456 2219 512 2275 id
542 2219 687 2290 quod
715 2220 946 2292 intelligi
978 2223 1247 2289 volumus,
1279 2222 1422 2277 aliud
1448 2226 1694 2277 trahatur
1716 2224 2049 2290 exemplum.

455 2311 719 2368 Parvulus
754 2325 985 2382 crescat,
1019 2326 1074 2370 et
1104 2318 1322 2371 occulto
1345 2330 1483 2382 aevo,
1514 2316 1565 2370 in
1592 2315 1890 2385 perfectam
1922 2315 2054 2370 ado-

452 2405 624 2461 lescat
672 2417 924 2462 aetatem:
969 2422 1125 2461 suum
1176 2422 1368 2462 manus
1412 2416 1763 2477 augmentum
1807 2406 2049 2474 habebit,

460 2515 555 2553 sua
588 2499 759 2570 pedes
787 2501 1030 2556 sentient
1067 2503 1442 2558 incrementa:
1482 2513 1673 2558 venter
1702 2502 1829 2558 dum
1879 2503 2053 2558 nesci-

459 2607 603 2652 mus.
637 2593 933 2663 impletur:
966 2593 1203 2660 humeri,
1234 2594 1363 2649 dum
1399 2594 1660 2650 falluntur
1687 2595 1832 2650 oculi
1861 2638 1876 2663 ,
1909 2597 2051 2652 dila-

457 2693 641 2740 tantur
667 2703 680 2740 :
724 2697 781 2740 et
822 2688 1002 2742 omnia
1035 2690 1283 2744 membra
1313 2703 1412 2759 per
1441 2698 1625 2759 partes
1650 2689 1808 2760 juxta
1837 2706 2053 2746 mensu-

455 2793 571 2832 ram
606 2794 759 2834 suam
799 2780 879 2835 sic
920 2790 1174 2836 crescunt
1212 2794 1264 2836 ul
1303 2795 1484 2838 tamen
1515 2797 1622 2837 non
1654 2782 1778 2848 sibi,
1806 2783 1902 2838 sed
1926 2798 2047 2838 cor-

457 2871 572 2939 pori
601 2871 899 2927 videantur
925 2873 1132 2944 augeri.
1188 2872 1266 2928 Ita
1291 2871 1320 2910 ι)
1353 2873 1518 2944 igitur
1542 2883 1597 2928 et
1622 2874 1674 2928 itt
1705 2875 2052 2931 restitutione

455 2963 706 3018 omnium
729 3005 742 3028 ,
796 2964 1014 3034 quando
1045 2979 1245 3035 corpus
1292 2967 1456 3020 totius
1506 2965 1772 3022 Ecclesia:
1801 2982 1940 3023 nunc
1971 2969 2053 3022 di-

453 3070 700 3121 spersum
748 3066 910 3126 atque
962 3058 1256 3114 laceratum
1284 3102 1300 3125 ,
1344 3075 1504 3116 verus
1536 3061 1778 3117 medicus
1804 3061 2051 3118 Christus

454 3147 616 3203 Jcsus
663 3159 954 3205 sanaturus
992 3151 1308 3216 advenerit.
1349 3155 1722 3225 unusquisque
1749 3156 2048 3212 secundum

458 3256 767 3296 mensuram
803 3243 966 3310 ﬁdei,
1001 3253 1055 3299 et
1089 3245 1383 3316 agnitionis
1425 3246 1550 3302 Filii
1582 3247 1676 3304 Dei
1708 3249 1898 3321 (quem
1930 3250 2052 3308 ideo
2080 3231 2126 3295 (ἶ

461 3349 764 3404 agnoscere
811 3334 1028 3407 dicitur,
1085 3339 1212 3408 quia
1258 3338 1410 3409 prius
1459 3352 1722 3410 noverat,
1766 3354 1820 3399 et
1868 3355 2053 3413 postea

458 3442 621 3483 nosse
669 3428 911 3499 desivit)
955 3445 1110 3487 suum
1160 3432 1388 3504 recipiet
1417 3434 1596 3491 locum
1618 3476 1634 3502 ,
1665 3445 1719 3493 et
1750 3437 1973 3508 incipiet
2003 3438 2056 3495 id

454 3534 580 3574 esse
629 3521 776 3592 quod
817 3522 1010 3578 fuerat.
1083 3524 1162 3579 fta
1204 3533 1386 3582 tamen
1421 3537 1613 3584 utnon
1639 3527 1798 3599 juxta
1834 3540 1855 3569 ε
1892 3530 2055 3586 aliam

453 3612 708 3668 lmresim
732 3655 746 3678 ,
799 3630 993 3671 omnes
1038 3617 1092 3672 in
1130 3632 1236 3672 una
1283 3627 1446 3675 aetate
1475 3619 1588 3675 sint
1617 3622 1814 3691 positi,
1848 3622 1902 3677 id
1929 3633 2052 3678 est:

456 3718 648 3761 omnes
697 3707 750 3760 in
786 3708 1011 3778 angelos
1056 3709 1427 3767 reformentur
1457 3730 1470 3766 :
1508 3713 1605 3768 sed
1633 3717 2057 3786 unumquodque

458 3797 764 3854 membrum
792 3801 949 3870 juxta
981 3817 1293 3858 mensuram
1328 3812 1384 3862 et
1415 3804 1653 3861 ofﬁcium
1683 3822 1843 3862 suum
1870 3809 2053 3879 perfe-

455 3900 602 3947 ctum
629 3893 728 3948 sit:
759 3894 926 3967 620
957 3895 1110 3951 verbi
1140 3899 1314 3967 gratia
1344 3940 1359 3964 ,
1403 3908 1463 3954 ut
1501 3901 1731 3972 angelus
1777 3902 1966 3974 refuga
2002 3905 2055 3960 id

453 4001 576 4044 esse
604 3988 827 4058 incipiat
851 3990 998 4061 quod
1025 4002 1244 4047 creatus
1270 4003 1392 4049 est:
1421 4004 1476 4049 et
1501 3995 1664 4050 homo
1686 4040 1699 4064 ,
1747 3998 1837 4068 qui
1862 3998 1930 4054 de
1960 4014 2054 4069 pa—

454 4082 637 4138 radiso
683 4082 864 4138 fuerat
902 4085 1145 4154 ejectus,
1189 4086 1258 4141 ad
1285 4088 1556 4144 culturam
1585 4088 1783 4146 iterum
1813 4092 2052 4162 paradisi

454 4176 795 4231 restituatur.
820 4176 923 4231 Ista
953 4187 1132 4234 autem
1163 4182 1418 4238 universa
1448 4183 1528 4238 sic
1558 4183 1711 4251 ﬁent,
1739 4195 1798 4240 ut
1823 4187 2052 4244 invicem

456 4267 603 4321 inter
655 4282 715 4322 se
763 4268 1032 4326 charitate
1077 4272 1416 4342 jungantur:
1470 4287 1526 4332 et
1576 4277 1704 4334 dum
1745 4282 2054 4351 congaudet

456 4359 764 4414 membrum
800 4363 1066 4429 membro,
1100 4376 1154 4418 et
1180 4366 1232 4419 in
1267 4366 1496 4422 alterius
1525 4372 1875 4439 provectione
1902 4373 2052 4430 laata-

458 4465 567 4522 tur,
605 4453 806 4510 (lhristi
835 4470 1064 4524 corpus,
1130 4458 1378 4515 Ecclesia
1410 4462 1809 4532 primitivorum
1845 4466 2053 4525 habitet

453 4546 507 4600 in
539 4546 756 4603 caelesti
785 4551 1085 4606 Jerusalem
1106 4592 1122 4619 ,
1171 4569 1330 4622 quam
1366 4556 1418 4610 in
1451 4555 1560 4610 alio
1590 4556 1712 4612 loco
1749 4560 2051 4629 Apostolus

2159 1943 2346 1999 bulant
2376 1945 2643 1999 Caecitate.
2705 1943 2888 2014 Atque
2928 1945 3137 1998 utinam
3165 1956 3424 2014 peccasse
3455 1941 3761 2010 sufficeret,

2157 2048 2213 2095 et
2261 2038 2345 2094 vel
2394 2053 2521 2094 sero
2563 2047 2790 2110 agerent
2837 2039 3272 2109 paenitudinem,
3325 2037 3768 2110 damnarentque

2159 2134 2290 2187 vitia
2340 2131 2394 2185 in
2448 2129 2646 2202 quibus
2673 2132 2878 2203 jugiter
2907 2130 3188 2186 iubiarunt
3212 2171 3227 2197 ,
3275 2138 3424 2186 esset
3453 2131 3768 2186 remedium

2159 2225 2489 2295 resipiscere
2533 2235 2658 2295 post
2700 2239 2968 2280 errorem.
3026 2223 3178 2278 Nunc
3219 2238 3351 2277 vero
3381 2224 3763 2291 desperantes,

2155 2335 2218 2376 se
2242 2360 2257 2385 ,
2285 2327 2340 2374 et
2370 2317 2424 2373 in
2457 2317 2618 2372 ritum
2649 2309 3108 2372 irrationabilium
3132 2315 3455 2381 bestiarum,
3481 2329 3649 2372 anno
3681 2330 3772 2371 vo-

2157 2410 2436 2482 raginique
2467 2418 2775 2480 mergentes
2799 2448 2817 2474 ,
2849 2406 3196 2463 tradiderunt
3217 2405 3574 2476 impudicitia:
3602 2415 3770 2477 atque

2156 2504 2387 2559 luxuriae
2413 2547 2427 2572 ,
2483 2510 2775 2575 operantes
2813 2499 3073 2571 quidquid
3101 2514 3300 2571 corpus
3341 2498 3513 2554 voluit
3537 2543 3554 2567 ,
3606 2513 3772 2553 mens

2155 2594 2529 2660 desideravit,
2576 2594 2746 2649 libido
2771 2593 3062 2664 suggessit.
3124 2592 3343 2647 Etcum
3375 2589 3508 2647 nihil
3539 2591 3773 2647 omnino

2159 2688 2612 2759 praetermiserim
2631 2686 2778 2757 quod
2795 2683 3136 2741 immundum
3162 2686 3257 2749 sit,
3276 2685 3377 2739 Itoc
3391 2693 3564 2739 totum
3588 2684 3773 2740 fecere

2157 2787 2210 2838 in
2241 2785 2491 2852 avaritia,
2521 2785 2647 2839 dum
2676 2798 2968 2852 nun‘tquam
2998 2782 3322 2838 luxuriando
3347 2781 3644 2850 satiantur,
3672 2794 3773 2837 nec

2153 2881 2318 2955 εει
2365 2896 2556 2935 eorum
2617 2879 2914 2935 terminum
2962 2878 3125 2933 habet
3155 2876 3430 2947 voluptas.
3457 2875 3572 2932 Aut
3619 2882 3772 2932 certe

2154 2974 2296 3029 ultra
2330 2987 2650 3029 concessam
2680 2973 2780 3026 viri
2813 2972 2880 3025 ad
2909 2970 3164 3026 feminam
3194 2968 3671 3040 conjunctiouem,
3699 2968 3770 3024 ad

2156 3066 2360 3136 majora
2381 3064 2781 3129 conscendunt,
2814 3064 3045 3118 masculi
3076 3063 3127 3117 in
3159 3062 3434 3118 masculos
3466 3061 3772 3132 turpitudi-

2157 3174 2278 3214 nem
2325 3169 2639 3226 0perantes,
2673 3167 2729 3213 et
2776 3155 3089 3211 mercedem
3120 3155 3326 3210 erroris
3352 3155 3437 3209 sui
3465 3154 3524 3208 in
3559 3162 3772 3210 semet-

2159 3255 2296 3324 ipsis
2328 3251 2675 3322 recipientes.
2719 3251 2948 3307 Vanitas
2983 3264 3200 3316 sensus,
3249 3257 3304 3304 et
3335 3248 3538 3303 mentis
3572 3249 3776 3303 obscu-

2159 3349 2292 3404 ritas
2318 3388 2334 3412 ,
2367 3345 2619 3401 bifariam
2649 3344 2943 3411 dividitur,
2987 3345 3042 3399 in
3072 3342 3260 3398 saeculi
3307 3341 3472 3411 hujus
3519 3341 3772 3413 negotia,

2159 3453 2213 3499 et
2240 3443 2292 3497 in
2321 3441 2648 3511 sapientiam
2672 3441 2991 3496 saecularem
3029 3457 3042 3493 :
3073 3437 3293 3509 quando
3316 3447 3410 3492 aut
3439 3437 3493 3493 itt
3527 3436 3619 3493 bis
3648 3451 3773 3509 qua:

2158 3535 2342 3592 mundi
2372 3535 2534 3605 hujus
2560 3547 2709 3602 sunt,
2743 3543 2798 3589 et
2823 3533 2936 3589 cito
2961 3541 3272 3597 transeunt,
3300 3531 3649 3593 detinemur.
3681 3541 3776 3586 aut

2160 3645 2265 3686 nun
2301 3627 2579 3698 profutura
2606 3629 3013 3700 cognoscimus.
3040 3625 3237 3682 Nonne
3268 3624 3422 3680 vobis
3452 3625 3682 3681 videtur
3719 3625 3773 3681 in

2161 3721 2407 3778 vanitate
2462 3736 2656 3777 sensus
2697 3731 2751 3776 et
2788 3719 3125 3775 obscuritate
3168 3718 3371 3774 mentis
3403 3717 3652 3788 ingredi,
3683 3719 3780 3790 qui

2157 3816 2352 3872 diebus
2387 3829 2449 3870 ac
2477 3813 2726 3869 noctibus
2758 3813 2810 3868 in
2832 3812 3118 3868 dialectica
3149 3821 3268 3866 arte
3302 3819 3597 3880 torquetur
3626 3827 3642 3864 :
3678 3811 3774 3882 qui

2158 3909 2416 3982 physicus
2447 3915 2819 3978 perscrutator
2851 3906 3042 3961 oculos
3071 3915 3225 3960 trans
3259 3904 3459 3959 caalum
3495 3903 3653 3959 levat
3674 3945 3690 3970 ,
3724 3916 3780 3960 et

2158 4003 2299 4059 ultra
2332 4000 2659 4072 profundum
2693 4009 2961 4056 terrarum
2993 4007 3049 4054 et
3076 3997 3260 4071 abyssi
3295 3995 3574 4068 quoddam
3609 3998 3779 4052 inane

2159 4095 2426 4166 demergit
2455 4092 2565 4166 [ΑΙ.
2611 4090 2999 4164 demergitur],
3029 4091 3122 4162 qui
3169 4089 3410 4144 iambum
3449 4089 3650 4157 struit,
3683 4088 3778 4159 qui

2159 4199 2365 4245 tantam
2412 4197 2714 4242 metrorum
2765 4186 2954 4241 silvam
3005 4186 3058 4240 in
3105 4198 3206 4239 suo
3259 4183 3540 4239 studiosus
3600 4183 3777 4239 corde

2158 4279 2441 4352 distinguit
2472 4288 2526 4334 et
2551 4278 2801 4348 congerit
2832 4296 2843 4332 :
2872 4288 2927 4334 et
2955 4279 3041 4347 (ut
3069 4277 3299 4332 alteram
3332 4284 3547 4346 partem
3584 4285 3778 4330 trans-

2157 4374 2301 4446 eam)
2335 4373 2426 4443 qui
2452 4372 2666 4428 divitias
2695 4387 2792 4441 per
2828 4370 2909 4425 fas
2938 4381 2992 4425 et
3024 4368 3176 4426 nefas
3221 4368 3417 4440 quau-it
3449 4385 3464 4422 :
3494 4367 3606 4440 qui
3639 4368 3778 4424 adu-

2158 4469 2296 4524 latur
2325 4466 2566 4537 regibus,
2613 4463 2961 4520 haarcditates
3007 4470 3190 4534 captat
3235 4462 3464 4526 alienas,
3517 4471 3582 4518 et
3635 4477 3780 4533 Opes

2158 4570 2474 4632 congregat.
2506 4574 2641 4631 quas
2665 4560 2718 4614 in
2749 4567 3030 4614 momento
3056 4557 3145 4613 cui
3173 4558 3244 4612 sit
3272 4557 3591 4622 relicturus,
3625 4559 3782 4629 igno-

458 4650 690 4696 matrem
715 4655 1034 4700 sanctorum
1062 4656 1220 4702 vocat
1251 4646 1453 4720 (Galat.
1486 4648 1584 4720 tv).
1622 4622 1830 4707 Idcirco
1858 4653 1938 4724 (ut
1962 4667 2053 4708 su-
2081 4622 2130 4683 ί)
2157 4622 2662 4722 τειῖνριῖοάειιιειη
2689 4653 2785 4722 ait,
2829 4654 2917 4723 qui
2965 4652 3294 4723 desperantes
3337 4622 3690 4722 semetipsos:
3725 4651 3780 4708 id

457 4748 557 4801 pra
589 4733 849 4808 diximus)
899 4737 1020 4794 haec
1050 4740 1195 4809 apud
1236 4755 1337 4796 nos
1377 4741 1697 4799 obscuriora
1724 4755 1850 4800 sunt
1874 4787 1889 4812 ,
1922 4747 2048 4816 quia

454 4836 808 4904 μεταφορικῶς
835 4829 1089 4885 dicuntur
1139 4832 1192 4885 in
1220 4831 1432 4888 Grieco.
1467 4834 1535 4890 Et
1558 4837 1737 4893 omnis
1765 4840 2050 4911 metapho-

454 4933 538 4987 ra,
583 4921 628 4975 si
657 4921 725 4977 de
754 4923 858 4978 alia
889 4924 941 4980 in
965 4924 1130 4980 aliam
1162 4925 1401 4997 linguam
1436 4934 1805 4990 transferatur
1834 4935 1901 4992 ad
1933 4953 2052 4994 ver--

527 5156 552 5185 ι
593 5147 746 5233 ldc'm.
769 5147 1031 5233 Eufinus‘.
1065 5159 1329 5233 et'novam
1357 5154 1600 5233 ﬁguram,
1639 5175 1926 5233 novumque
1954 5165 2048 5217 ho-

453 5221 648 5296 minem
680 5217 937 5296 lfirbium,
960 5227 1066 5277 etc.
1099 5221 1315 5281 Videsis
1345 5217 1469 5296 quae.
1498 5229 1571 5284 ibi
1585 5217 1922 5289 'annotanius
1944 5235 2046 5290 sub

454 5290 654 5362 prioris
686 5290 803 5345 libri
839 5291 1023 5346 ﬁnem.

532 5360 557 5400 ι)
599 5361 714 5415 Non
747 5378 847 5438 suo
879 5363 965 5418 hic
1003 5378 1062 5419 se
1088 5365 1238 5436 loqui
1263 5381 1462 5438 sensu,
1509 5371 1605 5428 sed
1631 5389 1696 5430 ex
1727 5375 2041 5433 Adamantii

454 5448 722 5516 persona,
772 5433 1131 5516 liieronymus
1163 5433 1457 5516 significat
1480 5444 1530 5498 in
1563 5444 1842 5516 Apologia}
1873 5448 1969 5502 lib.
2000 5465 2039 5516 ι,

455 5521 608 5584 num.
648 5504 744 5584 26,
774 5505 869 5584 ubi
913 5504 990 5561 de
1027 5509 1135 5584 hoc
1166 5504 1317 5566 Pa'uli
1353 5513 1474 5568 loco
1505 5532 1518 5568 :
1550 5504 1906 5584 Latissi'mam,
1960 5504 2043 5576 in:-

452 5581 603 5647 quit,
641 5574 882 5662 Orilgenis
910 5581 1297 5662 expositionem
1329 5592 1376 5638 et
1402 5588 1605 5642 eosdem
1638 5606 1818 5645 sensus
1844 5574 1924 5662 per
1962 5574 2044 5647 di-

451 5646 598 5734 uersa
637 5646 1120 5734 verbanvoltie'ntem
1161 5654 1297 5734 ρι’εῇ
1345 5673 1576 5734 sermone
1610 5646 2038 5734 constrinim'mus,

451 5720 584 5772 nihil
613 5720 878 5800 exemplis,
910 5729 956 5774 et
986 5725 1364 5802 assertionibus
1377 5727 1524 5784 illius
1548 5732 1860 5802 auferentes.
1884 5720 2044 5789 Cum;

450 5805 548 5877 que
584 5791 988 5877 peruenissemus
1013 5795 1080 5846 ad
1122 5797 1310 5877 ﬁnem,
1344 5800 1453 5856 lucc
1481 5791 1835 5872 subjécimus:
1868 5803 2042 5877 Igitur

446 5871 496 5916 et
526 5867 580 5917 in
608 5867 987 5917 restitutionem
1009 5867 1261 5938 omnium,
1291 5879 1397 5926 etc.

2157 4759 2260 4818 est,
2290 4749 2641 4822 ἀπηλγηκότες
2686 4747 2925 4810 ἑαυτοὺς,
2977 4744 3151 4800 multo
3178 4743 3324 4800 aliud
3368 4743 3421 4799 in
3459 4742 3673 4800 Graeco
3703 4747 3780 4800 8i-

2153 4842 2374 4916 gniﬁcat
2398 4858 2560 4913 quam
2595 4841 2646 4896 in
2693 4840 2932 4896 Latino:
2973 4841 3308 4911 desperantes
3347 4839 3555 4911 quippe
3606 4842 3783 4901 ἀπηλ-

2153 4938 2365 5013 γηκότες
2397 4935 2777 5001 nominantur;
2808 4934 3156 5008 ἀπηλγηκότες
3179 4942 3363 4989 autem
3397 4932 3450 4988 bi
3481 4942 3650 5005 sunt,
3681 4934 3778 5007 qui

2231 5173 2253 5201 θ
2297 5161 2410 5218 Hoc
2450 5161 2584 5217 satis
2615 5157 2834 5216 abunde
2862 5167 2981 5213 erat
3007 5156 3075 5214 ad
3107 5158 3447 5230 purgandam
3475 5159 3531 5214 in
3565 5160 3780 5217 Hiero—

2155 5249 2318 5306 nymo
2346 5231 3073 5306 0rigenismi_suspicionem
3093 5270 3108 5296 ,
3141 5232 3287 5300 quod
3322 5232 3436 5306 haec
3460 5235 3671 5306 omnia
3699 5250 3773 5290 ex

2154 5300 2538 5362 ltmreticorum
2572 5302 2816 5373 profecta
2843 5301 3066 5372 ingenio
3099 5301 3435 5370 pronuntiet.
3460 5300 3543 5357 Ita
3581 5308 3775 5360 enim-

2153 5394 2280 5434 vero
2307 5378 2423 5446 ipse
2454 5377 2671 5444 reponit
2707 5374 2942 5446 ltutino:
2977 5373 3200 5440 Quando
3228 5374 3344 5446 dico
3375 5389 3391 5425 :
3424 5373 3498 5429 Ita
3537 5382 3774 5442 tamen,

2154 5459 2208 5504 ut
2235 5444 2510 5518 nonjuxta
2535 5447 2699 5501 aliam
2733 5444 2982 5518 haeresim
3010 5458 3202 5518 omnes
3229 5444 3282 5500 in
3315 5461 3419 5500 una
3451 5455 3631 5502 relate
3663 5447 3780 5503 sint

2151 5523 2337 5592 positi,
2359 5516 2580 5592 ostendo
2601 5529 2649 5592 et
2670 5534 2751 5592 ea,
2786 5516 2850 5571 de
2876 5517 3068 5592 quibus
3091 5516 3326 5585 disputo,
3347 5533 3456 5572 esse
3481 5519 3772 5592 haeretica.

2152 5588 2198 5648 ct
2230 5595 2293 5648 ab
2327 5591 2434 5647 alia
2464 5591 2644 5645 haeresi
2675 5589 2993 5660 discrepare.
3029 5588 3159 5651 Qum
3188 5598 3309 5642 sunt
3341 5606 3460 5659 ergo
3489 5588 3629 5644 dua!
3662 5593 3778 5647 hee.

2147 5667 2324 5718 reses?
2355 5663 2473 5718 Una
2493 5703 2506 5725 ,
2534 5677 2649 5732 qum
2677 5661 2805 5715 dicit
2829 5675 3003 5714 omnes
3034 5660 3366 5714 rationabiles
3399 5673 3690 5717 creaturas
3719 5664 3775 5718 in

2145 5737 2358 5807 angelos
2393 5734 2668 5804 reformari
2693 5748 2711 5786 :
2740 5733 2905 5807 altera
2929 5775 2943 5798 ,
2979 5748 3096 5801 qua:
3124 5732 3308 5807 asserit
3331 5733 3775 5807 unumquodque

2143 5807 2198 5861 in
2216 5802 2560 5860 'restitutione
2603 5805 2863 5877 mundiid
2893 5807 3005 5875 fore
3034 5802 3176 5877 quod
3202 5805 3465 5862 conditum
3489 5814 3575 5859 est
3599 5850 3616 5870 ,
3653 5802 3769 5864 etc.

2143 5893 2263 5949 quae
2289 5877 2634 5936 consuluisse
2657 5874 2890 5947 juvabit.
