3962 6338
245 339 334 402 503

240 463 493 532 postquam
519 452 889 525 peccaverint,
931 463 1038 506 non
1076 447 1302 504 dolent:
1334 447 1424 520 qui
1458 461 1798 520 nequaquam
1825 445 1874 505 A

237 548 507 607 sentientes
548 545 756 602 ruinam
807 559 984 610 suam,
1040 542 1291 600 feruntur
1337 544 1391 598 in
1440 558 1695 614 pronum,
1742 551 1798 598 et

238 654 478 713 tamquam
513 640 699 696 bestia:
731 639 933 694 ferrum
959 639 1228 704 videntes,
1259 639 1311 694 in
1344 647 1575 695 mortem
1609 649 1791 694 ruunt.

237 734 362 791 Pone
389 731 515 788 mihi
543 732 678 788 duos
707 733 760 787 in
797 749 903 788 uno
934 733 1062 788 vitio
1107 732 1490 801 deprehensos
1517 750 1531 787 :
1564 733 1792 788 alterum

234 827 307 898 qui
334 824 613 895 intelligat.
648 826 974 896 plangatqne
1023 825 1166 896 quod
1211 823 1344 880 fecit
1377 841 1389 879 :
1422 825 1660 880 alterum
1701 826 1792 896 qui

231 919 500 975 delectetur
520 918 574 973 in
599 918 828 984 scelere,
850 927 906 974 et
934 932 1039 973 non
1065 917 1240 973 solum
1261 934 1367 972 non
1383 917 1585 981 doleat,
1605 933 1792 974 verum

231 1010 370 1065 etiam
391 1011 667 1080 glorietur,
716 1019 771 1066 et
808 1020 963 1080 putet
990 1025 1048 1066 se
1073 1010 1362 1081 quamdam
1397 1009 1792 1077 turpitudinum

232 1101 438 1173 palmam
467 1110 521 1157 et
543 1103 826 1159 victoriam
850 1112 1205 1159 consecutum
1241 1121 1256 1159 :
1288 1118 1468 1159 nonne
1514 1103 1609 1159 tibi
1644 1102 1793 1159 vide-

219 1204 304 1248 tur
323 1193 403 1248 ille
430 1193 639 1261 dolere,
660 1204 717 1250 et
739 1195 823 1250 hic
859 1197 1076 1266 penitus
1099 1213 1205 1252 non
1246 1197 1476 1254 dolere?
1505 1196 1794 1269 Exprima-

232 1301 350 1352 mus,
367 1287 409 1340 si
425 1288 713 1356 possimus,
740 1290 962 1344 verbum
982 1289 1050 1345 de
1076 1289 1266 1356 verbo,
1290 1299 1344 1345 et
1360 1290 1607 1346 dicamus
1629 1291 1792 1350 ἀπηλ-

229 1381 428 1454 γηπὸτις,
461 1381 765 1448 indolentes,
792 1382 930 1446 sive,
974 1384 1279 1438 indolorios.
1329 1383 1463 1439 Nam
1494 1394 1546 1438 et
1573 1383 1788 1455 quidam

229 1477 250 1508 ³
274 1472 706 1543 philosophorum
741 1476 1067 1550 ἀναλγησίαν,
1102 1473 1152 1529 id
1180 1483 1284 1541 est,
1313 1476 1624 1531 indoloriam
1656 1493 1790 1546 prte-

223 1565 415 1622 dicavit.
457 1566 520 1622 Hi
569 1566 664 1639 qui
713 1581 940 1623 naturas
984 1567 1163 1623 varias
1211 1569 1584 1633 introducunt,
1619 1569 1793 1625 sciant

223 1669 478 1728 pr0pterea
507 1668 702 1729 gentes
732 1661 784 1714 in
810 1661 1048 1716 vanitate
1076 1674 1272 1716 sensus
1297 1661 1608 1718 obscuratis
1641 1678 1789 1717 men-

220 1750 343 1804 tibus
365 1751 642 1806 ambulare
680 1770 693 1806 :
721 1753 850 1823 quia
883 1753 1208 1824 ignorantiae
1239 1769 1299 1810 se
1342 1763 1398 1810 et
1429 1755 1659 1810 cmcitati
1688 1755 1784 1811 de-

687 327 1346 390 COMMENTARIORUM
1385 327 1453 386 IN
1495 325 1882 386 EPISTULAM
1926 328 2017 382 AD
2061 325 2394 384 EPIIESIOS
2434 325 2563 382 LIB.
2607 325 2672 384 ll.
2715 325 2868 383 CAP.
2911 325 3004 384 ιν.

3391 326 3499 385 506

1975 445 2155 514 (Vers.
2183 445 2298 515 20.)
2331 445 2433 501 Vos
2462 455 2633 501 autem
2664 464 2767 502 non
2799 447 2875 502 ita
2913 445 3168 502 didicistis
3199 446 3502 515 Christum;

1897 539 1944 592 si
1971 547 2141 592 tamen
2162 537 2313 592 illum
2349 539 2568 593 audistis
2591 547 2639 593 et
2671 539 2723 593 in
2763 539 2856 594 illo
2886 538 3023 594 docti
3052 540 3197 594 estis.
3228 539 3286 595 Si
3309 553 3501 596 omnes

1897 632 1991 703 qui
2036 631 2312 687 Christum
2343 633 2533 688 audire
2573 633 2848 696 videntur,
2882 633 3168 698 audirent,
3202 649 3497 704 numquam

1897 725 1963 778 ad
1994 724 2283 795 Ephesios,
2318 735 2372 780 et
2399 736 2550 782 certe
2580 726 2706 781 illos
2737 727 2933 798 quibus
2971 737 3314 784 sacramenta
3342 726 3502 784 Chri-

1897 818 1964 872 sti
2008 816 2272 871 revelarat
2301 817 2595 887 Apostolus
2644 819 2856 875 diceret
2888 837 2900 872 :
2933 818 2996 874 Si
3026 830 3196 874 tamen
3224 819 3373 875 illum
3403 838 3501 876 au-

1897 909 2067 964 distis.
2107 911 2326 966 Discere
2371 921 2550 966 autem
2594 909 2894 982 Christum,
2929 913 3160 982 idipsum
3212 925 3319 982 est,
3351 914 3498 987 quod

1898 1021 2057 1063 nosse
2097 1008 2355 1063 virtutem
2388 1025 2401 1062 :
2449 1017 2504 1062 et
2534 1007 2715 1064 audite
2747 1009 2918 1066 illum.
2953 1023 3060 1064 non
3105 1008 3288 1065 dillert
3332 1011 3402 1065 ab
3432 1024 3498 1066 eo

1895 1101 1938 1154 si
1971 1099 2198 1164 diceret,
2229 1100 2424 1156 audire
2454 1103 2800 1172 sapientiam,
2835 1102 2997 1176 623
3024 1103 3312 1171 justitiam,
3345 1103 3502 1160 forti-

1896 1193 2165 1256 tudinem,
2212 1194 2653 1263 temperantiam,
2687 1206 2741 1252 et
2783 1207 2980 1251 cmtera
3022 1196 3218 1266 quibus
3242 1196 3498 1254 Christus

1897 1297 2139 1343 vocatur.
2173 1287 2228 1342 Si
2262 1288 2383 1358 quis
2420 1304 2552 1359 ergo
2601 1289 2876 1346 Christum
2929 1291 3141 1346 audivit
3189 1303 3241 1348 et
3283 1291 3495 1362 didicit,

1898 1398 2004 1436 non
2035 1382 2337 1436 ambulabit
2370 1382 2421 1436 in
2458 1383 2699 1438 vanitate
2731 1399 2925 1439 seu~us
2955 1385 3036 1440 sui
3073 1403 3086 1440 :
3114 1399 3213 1440 nec
3237 1386 3500 1441 obscura-

1896 1485 1984 1530 tus
2031 1483 2212 1529 mente
2239 1473 2516 1542 gradietur
2549 1491 2561 1528 :
2597 1490 2772 1544 neque
2816 1475 2921 1530 erit
2952 1475 3292 1532 abalienatus
3330 1493 3356 1529 a
3389 1477 3499 1532 vita

1898 1567 1990 1624 Dei
2021 1586 2034 1623 :
2061 1567 2286 1623 habebit
2318 1568 2485 1622 etiam
2512 1567 2818 1633 scientiam,
2852 1568 3195 1638 ignoratione
3227 1569 3497 1637 discussa,

1893 1674 1948 1722 et
1976 1667 2224 1722 immisso
2275 1665 2518 1722 tenebris
2547 1665 2774 1732 lumine,
2798 1666 2978 1720 omnis
3008 1666 3076 1722 de
3116 1666 3290 1721 oculis
3316 1666 3498 1724 cordis

1894 1760 2013 1829 ejus
2042 1761 2264 1816 caecitas
2293 1759 2592 1816 auferetur.
2635 1760 2792 1829 Quod
2832 1777 2954 1816 cum
3000 1759 3270 1824 habuerit,
3301 1775 3407 1816 non
3438 1775 3498 1817 se

221 1842 390 1898 derint.
423 1843 598 1899 Nemo
622 1846 771 1900 enim
803 1846 1090 1916 imperitus
1130 1846 1443 1918 appellatur
1487 1856 1541 1903 et
1584 1863 1785 1916 cmcus,
1820 1847 1867 1908 B
1896 1854 2069 1910 tradet
2098 1854 2489 1924 impudicitiae:
2530 1869 2632 1911 nec
2671 1855 2990 1925 operabitur
3013 1870 3229 1910 omnem
3266 1853 3504 1909 immun-

219 1935 304 1992 nisi
347 1936 390 1992 is
415 1937 504 2008 qui
549 1953 883 2009 cognoscere
915 1949 1094 2011 potest
1121 1949 1176 1996 et
1199 1941 1404 1996 videre.
1429 1941 1536 1998 Nec
1565 1942 1793 1998 dicimus

218 2046 395 2086 caecum
433 2047 562 2088 esse
605 2033 837 2102 lapidem
863 2077 879 2101 ,
913 2045 966 2089 et
997 2035 1212 2090 brutum
1254 2036 1458 2091 animal
1490 2038 1742 2106 ignorare
1777 2056 1787 2090 :

217 2124 321 2194 quia
350 2141 452 2180 non
485 2125 562 2181 ab
591 2143 657 2181 eo
702 2129 982 2197 quaeritur,
1031 2143 1130 2184 nec
1174 2129 1294 2199 ejus
1339 2137 1546 2185 naturae
1583 2139 1690 2195 est,
1737 2139 1795 2184 ιιι

216 2229 477 2287 cognoscat
532 2230 587 2275 et
637 2218 835 2276 videat.
887 2220 983 2277 Sin
1030 2232 1209 2277 autem
1243 2222 1296 2276 in
1324 2232 1515 2278 natura
1551 2223 1790 2292 gentium

217 2308 316 2377 luit,
357 2321 412 2367 ut
451 2311 554 2368 Dei
592 2313 756 2388 622
801 2316 965 2370 vitam
1004 2314 1370 2386 intelligerent
1397 2326 1451 2370 et
1501 2316 1788 2371 viderent:

217 2419 306 2458 non
334 2406 651 2462 cboicorum
685 2421 737 2464 et
761 2410 1123 2480 spiritualium
1148 2419 1336 2464 natura
1364 2413 1533 2479 varia,
1569 2411 1662 2466 sed
1699 2427 1793 2464 vo-

214 2497 391 2553 luntas.
443 2499 779 2558 Dixeramus
830 2519 990 2573 supra
1025 2503 1399 2574 Operationetu
1431 2504 1792 2572 immunditiis

214 2591 367 2647 omnis
400 2593 452 2648 in
485 2595 742 2660 avaritia,
776 2613 884 2651 non
925 2597 992 2653 ad
1035 2600 1318 2653 avaritiam
1339 2644 1352 2668 ,
1389 2609 1445 2653 ut
1475 2608 1637 2655 sonat
1665 2600 1793 2654 sim-

214 2685 425 2755 pliciter,
455 2689 778 2760 pertinere;
805 2691 899 2746 sed
917 2693 980 2748 ad
1008 2692 1288 2748 libidinem
1310 2702 1473 2763 atque
1501 2693 1789 2748 luxuriam.

212 2777 460 2837 Debemus
489 2781 639 2838 hunc
666 2797 884 2839 sensum
916 2785 1140 2840 alterius
1165 2786 1267 2841 loci
1303 2786 1616 2841 testimonio
1639 2801 1788 2840 com-

214 2874 442 2942 probare.
497 2873 564 2930 In
617 2877 792 2948 prima
857 2878 924 2932 ad
988 2877 1504 2935 Thesaalonicenses
1551 2877 1790 2948 Epistola

214 2967 486 3023 scribitur:
534 2967 666 3026 Hac
692 2980 767 3025 est
814 2973 948 3026 enim
986 2971 1223 3025 voluntas
1277 2971 1393 3034 Dei,
1444 2971 1792 3039 sanctiﬁcatio

212 3073 374 3130 vestra,
403 3070 458 3116 ut
485 3061 792 3119 abstineatis
819 3081 906 3119 vos
927 3083 957 3118 a
982 3067 1362 3136 fornicatione:
1392 3077 1446 3119 ut
1476 3064 1605 3118 sciat
1632 3080 1792 3117 unus-

213 3155 400 3225 quisque
427 3166 661 3210 veslrum
688 3174 838 3212 suum
880 3175 968 3214 vas
997 3160 1262 3232 possidere
1301 3159 1354 3212 in
1385 3157 1790 3225 sanctiﬁcatione

1897 1947 2082 2003 ditiam
2138 1950 2188 2002 in
2219 1949 2466 2014 avaritia,
2515 1962 2812 2004 concessus
2852 1948 2994 2003 lines
3044 1946 3499 2018 praetergrediens

1899 2041 2224 2110 nuptiarum.
2272 2042 2327 2094 Si
2375 2051 2554 2095 autem
2585 2039 2876 2111 aliquando
2907 2038 3203 2110 contigerit
3230 2047 3289 2094 ut
3319 2038 3500 2110 aliqua

1899 2134 2148 2202 passione
2179 2142 2490 2198 superetur,
2525 2133 2734 2188 dolebit
2783 2147 2953 2202 super
3003 2131 3229 2187 vulnere
3277 2147 3396 2199 sno,
3446 2140 3502 2187 et

1896 2227 2243 2282 conscientia:
2291 2236 2564 2282 tormenta
2599 2226 2835 2296 patietur
2868 2243 2881 2279 :
2912 2224 3042 2297 quia
3084 2223 3312 2280 liberam
3346 2223 3498 2280 iron-

1900 2329 2028 2384 tem,
2059 2331 2112 2374 et
2139 2320 2426 2388 puritatem
2462 2320 2825 2374 immaculata:
2867 2320 3067 2374 mentis
3110 2318 3371 2374 amiserit.
3409 2317 3504 2373 Di-

1896 2429 2112 2468 scamus
2144 2411 2308 2483 igitur
2336 2410 2635 2475 Christum,
2669 2421 2723 2466 et
2755 2412 3043 2466 audiamus
3073 2410 3226 2465 illum
3255 2426 3270 2475 ;
3300 2412 3344 2464 si
3375 2410 3501 2480 quis

1896 2517 1979 2562 est
2004 2506 2098 2577 qui
2133 2513 2313 2576 potest
2335 2504 2518 2560 dicere
2543 2522 2555 2558 :
2587 2503 2667 2559 An
2697 2506 3105 2571 experimentum
3133 2502 3362 2574 quaeritis
3385 2504 3499 2573 ejus

1893 2602 1982 2672 qui
2011 2599 2064 2655 in
2090 2617 2166 2654 me
2196 2600 2421 2671 loquitur
2444 2597 2683 2653 Christus
2708 2598 2747 2668 (1
2780 2595 2900 2651 Cor.
2929 2612 3054 2659 xm.
3083 2594 3496 2667 3)?Curramus

1891 2693 1958 2748 ad
1991 2709 2115 2748 eum
2157 2693 2349 2747 diebus
2379 2708 2443 2746 ac
2473 2691 2724 2746 noctibus
2753 2733 2768 2756 ,
2799 2690 2867 2744 ad
2919 2705 2982 2744 os
3023 2690 3142 2757 ejus
3172 2699 3225 2745 et
3256 2687 3322 2744 ad
3368 2688 3486 2743 elo-

1895 2788 2082 2858 quium
2106 2787 2456 2858 pendeamus.
2482 2783 2732 2840 Christus
2758 2784 2914 2839 nobis
2944 2783 3187 2854 loquitur
3217 2799 3230 2835 :
3260 2780 3495 2849 Spiritus

1897 2882 2070 2937 sancti
2095 2892 2222 2936 sunt
2247 2880 2411 2935 verba
2460 2895 2584 2949 qum
2634 2878 2855 2947 promit.
2904 2876 3108 2932 Statuit
3155 2875 3298 2930 enim
3353 2872 3497 2929 Deus

1896 2974 1949 3030 in
1985 2974 2226 3030 Ecclesia
2275 2975 2508 3041 primum
2551 2969 2850 3041 apostolos,
2884 2967 3124 3022 secundo
3166 2964 3489 3036 prophetas,

1895 3068 2057 3124 tertio
2079 3067 2353 3122 doctores.
2382 3064 2489 3121 Sed
2513 3079 2614 3119 nec
2639 3062 2770 3118 illud
2794 3071 2877 3118 est
2900 3061 3325 3130 deSperaudnm,
3348 3057 3494 3130 quod

1895 3160 2186 3232 aliquando
2220 3160 2336 3229 ipse
2383 3161 2434 3214 in
2471 3157 2748 3212 mentibus
2780 3157 2985 3210 nostris
3012 3152 3268 3209 Christus
3300 3151 3491 3222 loqua-

210 3247 452 3304 ctbouore
477 3266 498 3306 :
532 3266 636 3304 non
667 3251 720 3304 in
759 3249 976 3306 libidine
1022 3252 1286 3316 desiderii,
1333 3253 1464 3306 sicut
1509 3261 1557 3304 et
1592 3261 1787 3319 gentes,
1819 3243 1865 3308 C
1900 3262 2010 3319 tur,
2043 3263 2097 3307 et
2129 3268 2225 3322 per
2252 3251 2608 3320 semetipsum
2643 3265 2741 3302 nos
2763 3247 2976 3314 doceat,
3010 3255 3064 3300 et
3095 3258 3357 3315 organum
3385 3241 3499 3298 oris

213 3353 309 3407 qua,-
337 3357 434 3394 non
469 3351 726 3397 noverunt
777 3343 939 3398 Deum
966 3359 984 3398 :
1011 3353 1066 3397 ut
1097 3360 1158 3398 ne
1187 3345 1300 3414 quis
1346 3342 1789 3415 supergrediatur,

210 3431 717 3490 ctrircumscribatin
739 3437 942 3506 negotio
967 3439 1178 3508 fratrem
1200 3453 1352 3491 suum
1382 3452 1398 3489 :
1428 3437 1671 3506 quoniam
1692 3435 1791 3488 vin-

211 3521 295 3578 dex
316 3535 386 3580 est
411 3525 676 3582 Dominus
705 3529 770 3583 de
797 3530 875 3584 his
900 3531 1138 3584 omnibus
1161 3548 1179 3585 :
1205 3531 1338 3584 sicut
1374 3537 1420 3584 et
1458 3528 1793 3598 praediximus

211 3619 349 3687 vobis,
381 3629 427 3674 et
458 3622 732 3692 testiﬁcati
762 3641 960 3678 sumus.
993 3623 1114 3678 Non
1143 3623 1279 3677 enim
1312 3623 1506 3677 vocavit
1532 3638 1623 3676 nos
1654 3620 1794 3675 Deus

208 3709 252 3764 in
277 3713 628 3780 inmunditia,
670 3717 763 3770 sed
806 3718 858 3771 in
909 3719 1319 3786 sanctiﬁcatione
1349 3716 1390 3785 (ι
1423 3715 1602 3770 Thess.
1643 3730 1719 3780 tv,
1761 3716 1796 3769 5

209 3813 249 3858 et
268 3807 443 3879 scqq.).
479 3809 794 3882 Diligenter
824 3815 1080 3876 observa,
1112 3813 1235 3883 quin
1267 3812 1332 3866 ad
1355 3811 1663 3866 castitatem
1696 3823 1796 3864 nos

212 3915 524 3971 provocans,
555 3915 612 3960 et
641 3907 830 3961 volens
858 3907 1122 3962 uxoribus
1163 3916 1371 3960 tantum
1405 3920 1526 3962 esse
1570 3915 1796 3960 conten-

212 3999 302 4058 tos,
327 3995 530 4052 dixerit
556 4013 570 4052 :
608 3997 692 4051 Ne
719 3999 833 4069 quis
860 3999 1305 4070 supergrediotur,
1339 4008 1385 4052 ct
1407 3999 1795 4053 circumscribat

209 4084 255 4137 in
311 4091 519 4162 negotio
575 4095 793 4162 fratrem
832 4110 1024 4161 suum,
1087 4095 1137 4148 id
1183 4102 1298 4158 est,
1351 4108 1419 4148 ne
1464 4107 1614 4147 suam
1665 4107 1796 4147 con-

205 4175 370 4246 iugem
444 4181 884 4255 derelinquens,
957 4187 1193 4242 alterius
1271 4187 1518 4256 polluere
1590 4192 1800 4256 qumrat

209 4283 443 4329 uxorem.
518 4274 620 4332 Ubi
681 4293 781 4332 nos
839 4279 1143 4346 habemus,
1204 4291 1250 4336 et
1307 4283 1697 4336 circumscribat
1743 4283 1795 4335 in

209 4367 397 4432 negotio
449 4368 668 4436 fratrem
713 4389 896 4442 suum,
933 4375 984 4428 in
1032 4373 1223 4430 Graeco
1271 4375 1485 4445 legitur,
1532 4381 1618 4431 καὶ
1646 4377 1797 4432 πλεο-

207 4467 377 4516 νεκτεῖν
419 4463 471 4516 ἐν
512 4471 587 4536 τῷ
635 4467 905 4542 πράγματι
948 4468 1036 4524 τὸν
1082 4467 1293 4543 ἀδελφὸν
1328 4470 1508 4532 αὐτοῦ.
1540 4469 1799 4534 Πλεονεξία

209 4561 373 4607 autem
421 4557 646 4610 avaritia
699 4571 1064 4631 nuncupatur,
1110 4579 1269 4632 quam
1313 4577 1412 4617 nos
1465 4578 1794 4632 possamus,

1897 3364 2005 3402 non
2037 3356 2248 3418 quaerat
2290 3346 2453 3401 alieni
2490 3363 2500 3398 :
2533 3353 2742 3398 tantum
2779 3357 2884 3394 non
2929 3340 3104 3393 simus
3138 3336 3340 3393 subditi
3375 3349 3500 3406 pec-

1896 3450 2054 3507 cato;
2088 3456 2188 3495 nec
2217 3454 2420 3508 corpus
2452 3448 2698 3492 nostrum
2728 3434 2928 3489 delicta
2959 3430 3301 3502 possideant,
3332 3435 3386 3484 et
3417 3427 3498 3481 in-

1895 3535 2178 3606 gredietur
2205 3534 2258 3588 in
2289 3533 2419 3587 illud
2451 3529 2744 3602 sapientia.

1971 3627 2156 3699 (Vers.
2189 3627 2309 3697 21.)
2346 3625 2494 3681 Sicut
2535 3633 2606 3679 est
2639 3623 2829 3677 veritas
2867 3621 2920 3674 in
2963 3616 3110 3673 Jesu.
3139 3613 3494 3680 Vocabulum,

1897 3721 2070 3782 Jcsus,
2102 3719 2376 3775 interdum
2419 3735 2541 3774 eum
2572 3717 2846 3772 hominem
2880 3710 3172 3785 signiﬁcat,
3205 3707 3296 3779 qui
3325 3721 3354 3761 a
3392 3707 3501 3762 Deo

1899 3817 2080 3872 Verbo
2104 3828 2188 3872 est
2221 3823 2538 3881 assumptus
2568 3829 2635 3866 ex
2667 3811 2912 3879 Virgine,
2941 3808 3094 3877 juxta
3123 3803 3254 3858 illud
3289 3821 3303 3856 :
3332 3799 3502 3854 Voca-

1899 3912 1974 3965 bis
2003 3927 2185 3965 nomen
2228 3911 2343 3980 ejus
2378 3907 2530 3960 Jesus
2563 3922 2580 3960 :
2609 3905 2719 3973 ipse
2763 3903 2899 3957 enim
2945 3897 3163 3953 salvabit
3195 3891 3443 3962 populum
3468 3907 3502 3946 a

1899 4005 2122 4078 peccatis
2149 4004 2259 4070 ejus
2282 4000 2432 4073 (Luc.
2464 4016 2500 4066 ι,
2539 3998 2654 4067 ⁸51).
2690 4000 2751 4051 lit
2775 3995 2936 4050 alibi:
2966 3990 3118 4046 Jcsus
3147 4003 3268 4058 ergo
3307 3985 3500 4054 fatiga-

1901 4106 1980 4150 tus
2004 4095 2065 4148 de
2089 4097 2174 4147 via
2203 4091 2385 4161 (Joan.
2441 4107 2519 4156 Iv,
2553 4092 2632 4160 6),
2679 4097 2733 4143 et
2779 4087 3008 4152 reliqua.
3062 4078 3338 4134 Interdum
3370 4091 3503 4129 vero

1903 4194 2072 4248 Deum
2113 4190 2389 4244 Verbum:
2435 4186 2606 4241 Nobis
2651 4185 2793 4239 enim
2845 4195 2980 4233 unus
3032 4175 3294 4230 Dominus
3341 4170 3504 4224 Jesus

1899 4285 2153 4341 Christus
2180 4297 2274 4350 per
2300 4296 2462 4350 quem
2490 4278 2694 4334 omnia.
2725 4275 2784 4329 Si
2815 4271 3029 4344 quando
3069 4283 3202 4338 ergo
3245 4263 3381 4320 dicit
3408 4263 3502 4318 Je-

1900 4395 1993 4434 sos
2026 4396 2038 4432 :
2072 4376 2184 4448 Ego
2210 4392 2325 4429 sum
2356 4375 2458 4441 uia,
2491 4383 2534 4426 et
2574 4372 2758 4425 ueritas
2789 4365 2970 4440 (Joan.
3006 4378 3114 4426 xtv,
3138 4360 3220 4427 6),
3252 4358 3403 4428 juxta
3451 4353 3520 4408 id'

1902 4473 2032 4528 dicit
2054 4471 2200 4542 quod
2227 4468 2392 4524 Filius
2419 4468 2512 4523 Dei
2546 4476 2648 4522 est.
2677 4465 2814 4518 Cum
2839 4469 3016 4514 autem
3043 4455 3237 4512 scribit
3267 4451 3466 4506 Paulus
3499 4466 3513 4502 :

1907 4569 2050 4620 Sicut
2082 4575 2154 4618 est
2179 4564 2361 4616 veritas
2386 4563 2435 4615 in
2455 4558 2581 4614 Jcsu
2613 4599 2628 4624 ,
2657 4557 2947 4622 detetnplo
2972 4543 3499 4618 corporisloquitur,

207 4645 302 4702 vitn
333 4650 484 4706 verbi
530 4653 948 4725 transferentes,
987 4658 1068 4714 sic
1099 4659 1150 4714 in
1179 4661 1437 4730 prtesenti
1467 4661 1587 4716 loco
1617 4661 1799 4731 cxpri-
1829 4650 1958 4719 Din
2013 4679 2120 4734 quo
2175 4660 2386 4714 habitat
2417 4657 2654 4712 Verbum
2705 4654 2866 4708 Deus.
2931 4647 3148 4702 Verbum
3199 4643 3344 4699 enim
3379 4655 3502 4694 caro

208 4755 344 4799 mere
373 4762 387 4798 :
420 4755 480 4801 ut
508 4765 571 4802 ne
597 4750 719 4820 quis
747 4753 1185 4826 supergrediatur,
1221 4764 1267 4808 et
1290 4771 1477 4808 avsrrus
1509 4756 1716 4824 frondet
1744 4756 1796 4808 in

206 4839 396 4907 negotio
426 4841 644 4910 fratrem
685 4861 856 4900 suum.
903 4845 1038 4914 Qua:
1080 4848 1226 4902 enim
1257 4850 1645 4918 consequentia
1691 4857 1794 4912 est,

207 4930 285 4985 vel
312 4933 364 4987 in
396 4935 492 4990 illo
523 4939 766 5008 capitulo
795 4942 937 5012 quod
971 4958 1113 4997 nunc
1140 4943 1209 4997 ad
1238 4943 1552 5013 exemplum
1581 4943 1796 4998 νοσηκί-

207 5043 336 5093 mus,
371 5031 462 5087 vel
494 5032 548 5087 in
575 5029 682 5088 hoc
723 5035 866 5104 quod
913 5037 1286 5109 principaliter
1311 5037 1378 5094 ad
1413 5039 1680 5110 Ephesios
1707 5056 1800 5096 cn-

209 5136 394 5181 namur
429 5143 735 5199 exponere,
784 5130 929 5188 inter
971 5132 1364 5204 impudicitiam
1419 5146 1474 5190 et
1510 5135 1798 5190 immundi-

209 5218 361 5287 tiam,
404 5225 717 5282 castitatem
768 5242 982 5296 quoque
1027 5238 1083 5283 et
1131 5229 1391 5285 allectum
1439 5229 1798 5301 conjugalem,

209 5316 638 5372 extraordinaria
695 5331 921 5388 repente
977 5321 1252 5377 avaritiam
1312 5323 1628 5378 nominari?
1684 5325 1798 5379 Non

209 5409 353 5463 vobis
381 5411 672 5467 molestum
700 5413 793 5479 sit,
827 5413 872 5468 si
899 5413 989 5468 ditt
1020 5416 1070 5469 in
1103 5414 1514 5470 obscurioribus
1539 5416 1800 5471 immore-

209 5516 360 5556 mur:
388 5508 598 5562 eausati
629 5507 779 5562 enim
812 5509 862 5562 in
888 5507 1153 5578 principio
1196 5522 1405 5576 sumus,
1440 5510 1584 5565 inter
1613 5525 1803 5566 omnes

210 5594 356 5653 Pauli
383 5598 678 5667 Epistolas,
711 5600 856 5658 hanc
879 5600 962 5658 vel
993 5602 1232 5658 maxime
1263 5611 1318 5659 et
1353 5604 1556 5672 verbis,
1600 5614 1654 5660 et
1682 5620 1806 5660 sen-

209 5689 354 5748 sibus
387 5694 704 5751 involutam.

279 5819 302 5844 δ
322 5810 573 5889 Dionysii
595 5821 966 5884 cognomento
990 5813 1358 5889 Metathemeni
1374 5861 1386 5884 ,
1417 5817 1516 5889 fuit
1541 5826 1661 5872 ante
1684 5836 1802 5874 sen-

213 5882 393 5952 tentia,
427 5882 801 5942 dolorenfnon
852 5902 963 5944 esse
1011 5887 1228 5945 malum.
1284 5882 1510 5948 llieron.
1555 5905 1708 5961 supr.
1744 5893 1797 5948 in

1910 4762 2103 4828 factum
2143 4763 2238 4820 est,
2274 4764 2318 4807 et
2359 4751 2602 4806 habitarit
2635 4750 2686 4802 in
2727 4747 2872 4802 nobis
2907 4743 3086 4809 (Joan.
3139 4755 3177 4804 ι,
3228 4735 3338 4806 14).
3391 4734 3506 4828 Nisi

1909 4825 2049 4907 lorte
2081 4861 2372 4918 utrumque
2402 4846 2469 4901 de.
2503 4845 2612 4899 Deo
2644 4841 2823 4898 Verbo
2853 4831 3311 4905 intelligendum,
3360 4825 3504 4896 quod

1909 4942 2181 5016 quomodo
2207 4941 2415 4996 habitet
2446 4939 2498 4993 in
2531 4954 2598 4994 eo
2629 4938 2762 4995 vita.
2797 4943 2849 4990 et
2877 4933 2992 5002 ipse
3021 4929 3093 4982 sit
3138 4925 3248 4979 vita
3292 4940 3307 4978 :
3358 4919 3507 4975 Sicut

1905 5046 2044 5099 enim
2073 5041 2219 5094 habet
2255 5037 2412 5092 Pater
2438 5037 2590 5089 vitam
2620 5037 2673 5088 in
2716 5032 2989 5101 semetipso
3021 5043 3038 5082 :
3067 5026 3141 5079 ita
3171 5032 3217 5076 et
3248 5017 3389 5072 Filio
3411 5016 3474 5068 de
3494 5041 3506 5064 .-

1907 5137 1980 5189 dit
2006 5136 2193 5189 habere
2217 5134 2374 5187 vitam
2397 5132 2447 5184 in
2473 5127 2746 5195 semetipso
2770 5123 2947 5196 (Joan.
2977 5137 3032 5184 v,
3055 5116 3173 5189 26).
3205 5114 3297 5171 Sic
3328 5118 3384 5168 et
3404 5123 3502 5166 ve-

1908 5229 2042 5284 ritas
2062 5227 2278 5282 dicatur
2312 5225 2501 5287 Filius,
2533 5232 2584 5277 et
2625 5221 2738 5287 ipsa
2776 5221 2829 5272 in
2867 5232 2933 5272 eo
2967 5215 3212 5269 habitare
3238 5215 3510 5264 monstre-

1909 5335 2021 5380 tur.
2053 5324 2179 5378 Harc
2209 5331 2386 5376 autem
2417 5319 2670 5379 dicimus,
2707 5331 2812 5370 non
2853 5312 3040 5367 Jcsum
3092 5325 3122 5364 a
3165 5305 3386 5363 Christo
3426 5317 3514 5357 se-

1913 5425 2165 5487 parantes
2200 5434 2212 5468 :
2255 5411 2423 5485 624
2463 5424 2564 5465 nec
2595 5422 2814 5462 rursum
2847 5405 3010 5459 Deum
3042 5401 3284 5457 Verbum
3333 5397 3403 5452 ab
3445 5409 3513 5450 eo

1912 5527 2073 5583 quem
2103 5509 2418 5578 assumpsit,
2450 5504 2724 5558 hominem
2770 5499 3003 5554 alterum
3052 5509 3175 5551 esse
3224 5492 3511 5547 dicentes:

1911 5607 2003 5661 sed
2047 5603 2346 5661 secundum
2397 5596 2789 5670 intelligentias
2812 5593 3100 5650 ell'ectuum
3129 5591 3212 5645 vel
3247 5588 3512 5650 locorum,

1913 5703 2064 5758 illum
2085 5715 2241 5772 quem
2261 5712 2424 5753 unum
2450 5709 2570 5750 esse
2583 5691 2862 5749 credimus
2881 5687 3077 5742 Filium
3103 5683 3408 5750 hominiset
3431 5679 3519 5736 Fi-

1911 5833 2035 5890 cap.
2064 5833 2078 5873 ι
2107 5817 2174 5873 ad
2206 5813 2386 5872 Galat.
