3962 6338
224 335 309 394 515

653 325 1303 387 COMMENTARIORUM
1346 327 1412 385 IN
1451 309 1840 386 EPISTOLAM
1882 329 1974 386 AD
2016 328 2350 390 EPHICSIOS
2388 328 2518 387 LIB.
2560 329 2649 391 IIl.
2688 331 2845 392 CAP.
2887 334 2979 392 IV.

3345 337 3453 396 5N

219 453 403 514 bonum,
439 455 488 503 et
507 458 762 516 operatur
789 449 840 502 in
874 463 1003 520 agro
1024 451 1219 504 anima:
1243 463 1378 515 sum,
1411 456 1467 503 ut
1497 448 1750 518 spiritua-
1778 453 1826 513 Α
1855 447 1920 503 cii
1954 449 2168 522 (Matth.
2205 450 2322 521 xu).
2356 451 2424 506 Et
2453 453 2619 507 etiam
2648 453 2695 508 si
2727 469 2834 508 non
2881 453 3164 519 laudamus,
3219 468 3327 510 non
3375 465 3457 509 ta-

216 544 326 600 libus
353 540 554 610 panibus
600 540 908 611 impleatur,
941 552 990 596 ct
1039 542 1211 612 possit
1239 541 1585 596 commodare
1631 556 1755 596 esu-

214 637 374 703 rienti,
400 643 449 687 ct
477 636 854 690 necessitatem
907 634 1227 703 sustinenti,
1256 635 1392 691 dans
1424 636 1476 690 in
1507 645 1753 706 tempore

212 729 374 787 cibaria
399 728 667 783 conservis
711 729 826 784 suis
860 746 873 782 :
917 729 962 784 si
993 739 1176 785 autem
1219 729 1343 784 talis
1372 738 1458 785 est
1494 730 1582 800 qui
1625 744 1754 800 ope-

211 835 332 880 ratur
356 824 540 879 bonum
570 839 582 876 :
613 839 744 890 ergo
782 832 836 880 et
875 825 918 879 is
948 825 1040 895 qui
1072 824 1302 888 iuratur,
1350 835 1755 895 consequenter

210 919 340 973 verba
368 916 563 970 iuratur
589 924 643 971 et
674 916 929 986 dogmata
949 962 963 984 ,
991 916 1061 972 de
1092 916 1237 972 furto
1267 918 1478 983 vivens,
1512 917 1578 972 de
1609 919 1756 972 furto

210 1009 292 1065 sibi
330 1009 595 1064 cervicalia
643 1023 912 1064 consuens
938 1053 952 1078 ,
1000 1019 1054 1065 et
1093 1009 1501 1078 Scripturarum
1548 1024 1755 1078 pannos

209 1104 310 1158 hinc
336 1102 446 1158 inde
485 1103 764 1173 colligens,
815 1113 872 1156 ut
915 1103 1085 1174 possit
1134 1103 1370 1159 tunicam
1406 1104 1584 1159 facere
1627 1120 1757 1157 con-

208 1198 422 1261 scissam,
447 1213 560 1268 qua:
593 1197 852 1252 deorsum
910 1207 996 1253 est
1040 1213 1147 1252 non
1188 1197 1500 1254 desursum.
1547 1197 1753 1253 Tunica

206 1293 323 1348 enim
361 1290 638 1356 Ecclesiae,
674 1292 777 1346 hoc
831 1301 935 1361 est,
995 1307 1196 1360 corpus
1248 1291 1487 1360 Christi,
1521 1293 1758 1362 desuper

207 1393 419 1440 contexta
458 1394 576 1449 est,
609 1393 662 1440 et
698 1384 843 1440 nulla
890 1401 955 1440 ex
997 1398 1149 1456 parte
1179 1386 1495 1451 consutilis,
1528 1401 1647 1456 quae
1690 1400 1760 1440 ne

207 1477 261 1532 ab
295 1477 501 1533 inimlcis
549 1477 769 1548 quidem
805 1479 977 1533 scindi
1012 1489 1213 1550 potest.

257 1570 394 1643 632
419 1569 602 1643 (νει-ε.
636 1570 754 1642 ‘29.)
785 1570 966 1628 Omnis
991 1589 1160 1628 sermo
1192 1573 1358 1628 malus
1395 1573 1459 1627 de
1481 1588 1570 1627 ore
1592 1583 1758 1628 vestro

205 1677 286 1715 non
329 1663 573 1732 procedat.
630 1663 738 1720 Sed
788 1665 834 1718 si
874 1665 991 1735 quis
1033 1665 1231 1732 bonus,
1265 1667 1333 1718 ad
1363 1666 1759 1736 indi/irationem

205 1759 587 1828 Opportunitatis,
620 1769 672 1810 ut
701 1757 782 1811 det
812 1761 1036 1829 gratiam
1059 1758 1410 1813 audientibus.
1443 1758 1628 1814 Bonus
1648 1775 1761 1815 Scr-

1859 555 1982 595 mcn
2007 542 2375 610 aediﬁcemus,
2410 544 2537 601 mali
2567 545 2719 601 verbi
2749 547 2906 601 nobis
2936 546 3131 602 luenda
3163 547 3236 602 sit
3267 561 3451 618 pmna.

1927 633 2106 704 (Vers.
2135 635 2248 695 30.)
2301 635 2370 691 Et
2399 636 2560 691 nolite
2591 639 2902 693 contristare
2933 637 3192 710 Spiritum
3216 650 3456 694 sanetum

1855 723 1976 793 Dei,
2009 729 2060 780 iu
2088 743 2187 795 quo
2223 730 2418 800 signati
2441 731 2565 786 estis
2603 732 2658 784 in
2702 731 2785 785 die
2824 732 3220 802 redemptionis.
3253 732 3457 790 Maeror

1856 821 2027 876 sancti
2054 820 2293 890 Spiritus
2323 824 2401 878 sic
2426 823 2836 896 intelligendus,
2860 827 3139 897 quomodo
3168 827 3246 882 ira
3282 829 3374 884 Dei
3402 839 3460 885 et

1857 927 2102 979 somnus,
2129 925 2183 969 et
2213 927 2425 972 czetera:
2457 918 2513 972 in
2549 918 2838 974 humanam
2889 919 3306 978 similitudinem
3336 938 3460 992 pas-

1858 1009 2064 1059 siones.
2097 1005 2215 1061 Non
2244 1023 2352 1078 quo
2381 1009 2740 1066 Contristetur
2771 1009 3035 1081 Spiritus,
3062 1021 3116 1066 et
3145 1011 3308 1068 ullam
3337 1029 3462 1084 per-

1859 1099 2222 1155 turbationem
2264 1101 2526 1157 divinitas
2555 1103 2754 1159 sentiat
2791 1121 2803 1159 :
2852 1104 2948 1160 sed
3007 1120 3114 1176 quo
3163 1121 3231 1161 ex
3276 1107 3462 1162 verbis

1859 1191 2091 1260 nostris,
2127 1193 2220 1248 Dei
2270 1194 2548 1250 discamus
2595 1195 2846 1266 affectus,
2879 1196 3027 1268 quod
3067 1207 3299 1255 mwreat
3323 1215 3461 1270 quo-

1861 1287 2199 1358 tiescumque
2249 1303 2576 1358 peccamus,
2628 1299 2685 1345 et
2730 1288 2927 1346 deﬂeat
2955 1303 3291 1363 peccatores.
3325 1291 3458 1348 Nam

1861 1388 1915 1436 et
1937 1378 2189 1435 Salvnlor
2219 1380 2273 1435 in
2317 1396 2556 1450 corpore
2585 1385 2940 1450 constitutus,
2972 1383 3122 1440 licvit
3151 1384 3458 1441 Jerusalem

1862 1473 2017 1547 (Luc.
2046 1478 2184 1546 xxx),
2207 1489 2262 1532 et
2287 1492 2451 1532 omne
2482 1477 2762 1533 hominum
2788 1493 2962 1548 genus
2988 1480 3041 1533 in
3074 1481 3341 1550 prOpheta
3365 1480 3463 1536 de-

1861 1568 2082 1638 plorat,
2115 1569 2306 1624 dicens
2339 1589 2350 1623 :
2383 1569 2505 1624 Heu
2534 1570 2680 1634 mihi,
2715 1572 2914 1639 anima,
2946 1574 3071 1642 quia
3106 1573 3260 1640 petiit
3288 1589 3464 1628 rever-

1863 1669 1972 1713 tens
2002 1659 2110 1732 [AL
2147 1661 2403 1734 reverens]
2432 1681 2461 1716 a
2490 1672 2650 1719 terra.
2686 1662 2756 1717 Et
2800 1664 2891 1736 qui
2919 1664 3178 1736 corrigat,
3213 1666 3347 1720 inter
3374 1667 3468 1720 lto—

1865 1753 2027 1806 mines
2057 1771 2159 1808 non
2187 1764 2261 1808 est
2294 1771 2312 1808 :
2339 1772 2514 1810 omnes
2557 1757 2611 1810 in
2649 1757 2900 1828 sanguine
2934 1757 3242 1826 iudicantur
3265 1757 3350 1828 (Μ
3358 1760 3463 1813 icit.

205 1863 274 1904 mo
298 1848 453 1903 estad
501 1848 930 1906 aediﬁcationem
981 1850 1432 1920 Opportunitatis,
1464 1851 1599 1905 dans
1632 1867 1756 1923 gra-
1794 1845 1842 1907 B
1867 1845 1983 1916 vu).
2016 1848 2080 1902 Et
2113 1848 2166 1901 in
2199 1848 2490 1904 Ezechiele
2537 1864 2704 1919 opera
2737 1851 3009 1920 quondam
3045 1861 3250 1906 saneta:
3279 1853 3467 1907 civita-

205 1939 304 1995 tiam
323 1939 681 2006 audientibus,
712 1942 804 2012 qui
828 1941 987 1997 docet
1020 1944 1250 1999 virtutes
1277 1943 1605 2013 sequendas,
1637 1944 1762 1998 vitia

205 2032 434 2104 fugienda.
466 2034 666 2098 Malus,
704 2036 794 2105 qui
823 2035 890 2090 ad
923 2046 1141 2107 peccata
1174 2047 1453 2107 provocat,
1483 2046 1536 2093 et
1563 2053 1764 2108 pronos

203 2127 343 2198 magis
366 2128 556 2183 incitat
594 2127 660 2184 ad
706 2129 941 2183 ruinam.
991 2128 1098 2184 Pro
1140 2143 1206 2184 eo
1252 2139 1432 2184 autem
1478 2129 1620 2201 quod
1666 2144 1767 2186 nos

204 2220 459 2290 posuimus,
492 2221 568 2274 ad
616 2222 1018 2292 aedificationem
1048 2223 1478 2293 opportunitatis,
1532 2224 1636 2278 hoc
1685 2231 1769 2278 est

203 2312 318 2382 quod
342 2312 537 2368 dicitur
568 2312 780 2384 Graece,
813 2323 907 2377 τῆς
934 2315 1121 2391 χρείας
1153 2315 1206 2368 in
1237 2313 1447 2370 Latinis
1488 2314 1768 2370 codicibus

204 2417 390 2476 prapter
439 2409 777 2480 euphoniam
829 2410 1063 2464 mutavit
1111 2409 1403 2478 interpres,
1455 2419 1512 2465 et
1561 2411 1762 2482 posuit,

203 2499 660 2571 adadi/icationem
703 2502 847 2570 ﬁdei.
899 2500 1358 2574 Quotiescumque
1405 2517 1472 2557 ex
1515 2517 1769 2560 sermone

203 2603 360 2648 nostro
381 2594 580 2666 aliquis
603 2594 857 2666 prolicit,
901 2603 956 2650 ει
990 2595 1148 2665 juxta
1185 2596 1649 2664 opportunitatem
1683 2595 1766 2652 Io-

201 2683 258 2751 ci,
282 2685 529 2756 temporis
550 2698 604 2743 et
636 2702 883 2756 persona:
910 2685 1140 2742 aediﬁcat
1168 2687 1472 2752 audientes,
1503 2687 1677 2742 bonus
1703 2687 1771 2744 dc

201 2793 280 2836 Ore
308 2792 482 2838 nostro
515 2797 704 2839 sermo
735 2783 1028 2854 processit.
1063 2782 1289 2849 Quoties
1313 2799 1444 2839 vero
1474 2784 1768 2854 loquimur,

204 2880 282 2928 aut
307 2889 402 2928 non
437 2876 486 2930 in
530 2884 798 2945 tempore,
827 2885 920 2932 aut
949 2875 1266 2948 importuno
1292 2876 1433 2944 loco,
1457 2884 1552 2932 aut
1578 2893 1683 2932 non
1715 2885 1776 2933 ut

203 2969 423 3024 convenit
453 2969 834 3036 audientibus,
883 2970 1050 3026 toties
1095 2985 1276 3026 sermo
1325 2970 1504 3027 malus
1533 2971 1776 3041 procedit

205 3058 262 3116 de
286 3076 370 3116 ore
389 3071 606 3129 nostro,
638 3062 706 3118 ad
727 3061 1155 3120 destructionem
1183 3078 1372 3119 eorum
1405 3065 1494 3134 qui
1526 3063 1772 3120 audiunt.

203 3150 601 3213 Consideremus
630 3156 812 3227 itaque
840 3156 970 3228 quid
997 3157 1301 3226 loquamur,
1333 3155 1457 3228 quia
1497 3174 1593 3228 pro
1624 3157 1777 3214 omni

1871 1941 1938 1994 tis
1966 1956 2322 2009 enumerans,
2349 1944 2426 1997 ait
2459 1961 2472 1999 :
2502 1940 2570 1998 In
2601 1945 2836 1999 omnibus
2874 1945 2989 1999 istis
3017 1946 3360 2001 contristabat
3388 1963 3470 2003 me

1873 2031 2112 2104 (Ezeclt.
2170 2051 2237 2089 xx
2263 2034 2307 2106 ).
2368 2036 2574 2106 Signati
2629 2045 2810 2093 autem
2870 2052 3058 2094 sumus
3115 2037 3322 2110 Spiritu
3375 2039 3468 2096 Dei

1871 2139 2085 2191 sancto,
2117 2139 2174 2182 ut
2203 2137 2258 2184 et
2287 2131 2511 2198 spiritus
2541 2139 2730 2187 noster
2758 2141 2813 2187 et
2859 2133 3042 2186 anima
3089 2133 3472 2203 imprimantur

1873 2222 2154 2292 signaculo
2187 2224 2303 2292 Dei,
2346 2235 2400 2280 et
2431 2225 2578 2280 illam
2626 2227 2960 2298 recipiamus
2991 2228 3285 2298 imaginem
3317 2237 3372 2283 et
3399 2226 3471 2283 si-

1872 2317 2235 2374 militudinem
2269 2327 2294 2356 α
2323 2319 2390 2373 ad
2419 2335 2582 2390 quam
2631 2322 2681 2376 in
2734 2321 2962 2378 exordio
3008 2321 3215 2377 conditi
3257 2336 3468 2392 sumus,

1872 2408 1987 2464 Hoc
2042 2411 2382 2481 signaculum
2440 2413 2614 2469 sancti
2669 2413 2932 2484 Spiritus,
2983 2414 3137 2485 juxta
3193 2413 3472 2486 eloquium

1873 2503 2203 2574 Salvatoris,
2239 2505 2352 2562 Deo
2378 2507 2762 2577 imprimente,
2796 2509 3059 2580 signatur.
3110 2509 3269 2564 Hunc
3319 2511 3474 2576 enim,

1874 2597 1971 2663 ait,
2002 2597 2223 2670 signavit
2253 2598 2414 2655 Pater
2438 2599 2580 2654 Deus
2607 2599 2788 2674 (Joan.
2821 2617 2894 2669 Vl,
2919 2602 3040 2674 27).
3065 2603 3325 2673 Signatur
3343 2616 3476 2672 ergo

1875 2704 1903 2744 a
1929 2690 2114 2758 Patre,
2145 2692 2346 2762 Spiritu
2374 2704 2564 2750 sancto
2583 2737 2597 2762 ,
2626 2695 2806 2752 omnis
2853 2697 2945 2768 qui
2977 2711 3042 2752 ex
3065 2712 3131 2752 eo
3177 2697 3321 2768 quod
3350 2711 3476 2752 cre-

1876 2781 2014 2838 didit
2043 2783 2178 2852 Deo,
2208 2787 2466 2857 signavit,
2497 2789 2621 2860 quia
2643 2805 2809 2847 verus
2837 2800 2921 2846 est
2942 2791 3106 2847 Deus.
3136 2789 3242 2858 Qui
3274 2790 3477 2847 idcirco

1877 2877 2142 2948 signatur,
2181 2887 2237 2933 ut
2279 2890 2464 2937 servet
2491 2883 2829 2954 signaculum
2875 2892 2931 2940 et
2975 2884 3230 2940 ostendat
3257 2883 3388 2939 illud
3420 2881 3477 2939 in

1879 2970 1974 3026 die
2005 2971 2400 3044 redemptionis
2426 3014 2441 3039 ,
2473 2990 2671 3046 purum
2700 2985 2868 3048 atque
2894 2977 3170 3034 sincerum
3197 3017 3214 3044 ,
3245 2985 3300 3033 et
3331 2976 3480 3032 nulla

1882 3078 1949 3118 ex
1979 3066 2133 3133 parte
2161 3067 2469 3122 mutilatum
2499 3108 2514 3136 ,
2549 3079 2605 3126 et
2631 3070 2700 3128 ob
2729 3069 2784 3127 id
2815 3071 3093 3128 numerari
3122 3085 3244 3127 cum
3275 3068 3364 3127 his
3388 3085 3481 3125 va-

1883 3156 1993 3212 leat
2018 3159 2112 3230 qui
2145 3159 2412 3232 redetnpti
2441 3171 2618 3236 suntg

205 3244 352 3304 Otiose
389 3250 583 3315 verbo,
613 3247 881 3304 reddituri
911 3264 1099 3306 sumus
1128 3251 1396 3306 rationem
1435 3250 1489 3305 in
1520 3250 1610 3306 die
1633 3250 1775 3321 judi-
1804 3243 1850 3307 C

265 3416 286 3445 "
317 3409 535 3466 Sentire
561 3409 784 3466 videtur
811 3409 988 3477 ipsum
1015 3409 1183 3466 fuisse
1213 3409 1304 3465 Dei
1327 3409 1611 3480 Spiritum,
1636 3409 1780 3481 quod

207 3479 310 3536 vitae
335 3482 670 3552 Spiraculum
705 3482 1048 3551 protOplasto
1087 3481 1232 3537 Deus
1283 3481 1592 3548 inspiravit.
1625 3479 1776 3536 Non-

208 3553 356 3608 nullos
383 3553 502 3623 ejus
551 3553 843 3610 sententiae
889 3553 1080 3610 Patres
1128 3552 1316 3609 laudat
1358 3552 1627 3625 Georgius
1653 3553 1780 3609 Bul-

1888 3411 2224 3554 ἒιέῗῶξᾶξιιε.
2251 3413 2371 3472 Fid.
2403 3415 2665 3492 Nicaemg
2710 3417 2812 3489 21,
2841 3419 2934 3492 qui
2984 3427 3038 3476 et
3078 3427 3185 3476 stat
3230 3433 3262 3476 a
3304 3416 3492 3475 Ruﬁni

1199 3827 1672 3936 LIBER
1754 3826 2068 3939 TER
2091 3829 2256 3937 T1
2277 3828 2501 3942 US.

271 4155 618 4232 633635
640 4157 789 4215 Satis
817 4157 1172 4231 abundeque,
1220 4172 1254 4213 ο
1297 4155 1458 4212 Paula
1501 4167 1558 4214 et
1601 4156 1796 4212 Eusto-

211 4246 392 4318 chium,
424 4252 495 4307 de
530 4260 858 4324 argumento
891 4251 1158 4323 .Epistoltc
1189 4249 1338 4306 Pauli
1385 4251 1450 4306 ad
1493 4249 1795 4320 Ephesios,

221 4343 266 4400 in
291 4348 441 4416 primi
471 4349 603 4403 libri
648 4346 966 4416 praefatione
994 4345 1226 4401 disserui
1259 4363 1272 4399 :
1306 4353 1364 4401 et
1406 4344 1643 4417 sparsim
1678 4345 1798 4400 ubi-

214 4451 427 4514 cumque
476 4442 702 4499 occasio
755 4441 882 4497 data
929 4448 1046 4509 est,
1094 4439 1223 4497 licet
1267 4439 1528 4506 breviter,
1586 4439 1803 4496 ostendi

218 4533 345 4603 quod
377 4535 573 4591 beatus
622 4535 918 4606 Apostolus
944 4534 1012 4589 ad
1054 4533 1258 4589 nullam
1293 4533 1659 4589 Ecclesiarum
1691 4544 1798 4589 tam

216 4628 430 4698 mystice
458 4629 752 4700 scripserit
793 4637 848 4684 et
890 4627 1208 4683 abscondita
1237 4628 1454 4683 smculis
1477 4628 1802 4683 revelaverit

219 4731 580 4777 sacramenta.
609 4720 764 4776 Nunc
794 4735 932 4792 ergo
963 4719 1215 4791 quoniam
1259 4719 1566 4774 orationum
1596 4728 1804 4774 vestra-

218 4824 326 4868 rum
354 4827 409 4871 et
436 4824 648 4871 sanctae
687 4813 959 4870 Marcella:
1003 4814 1169 4869 fultus
1199 4813 1429 4879 auxilio,
1461 4813 1716 4876 tertium,
1753 4810 1806 4866 id

220 4913 294 4956 est
317 4915 627 4961 extremum
650 4947 664 4969 ,
692 4905 744 4959 in
770 4903 1020 4960 eamdem
1054 4902 1352 4975 Epistolam
1389 4903 1539 4958 dicto
1576 4903 1806 4970 librum,

217 4995 408 5068 justum
442 5001 575 5057 mihi
609 5000 846 5068 videtur,
878 5008 935 5056 ut
960 4998 1198 5054 nominis
1225 5013 1442 5069 quoque
1485 4997 1658 5070 ipsius
1686 5007 1808 5069 ety-

224 5095 510 5167 mologiam
537 5110 661 5152 cum
686 5108 847 5151 sensu
871 5107 1214 5178 quem‘supra
1238 5092 1813 5162 exposui,congruerc

291 5229 307 5248 '
328 5228 652 5301 Hujnsmodi
673 5228 1030 5301 etymologias
1052 5228 1332 5301 nominum
1355 5227 1668 5301 Graecmum
1693 5242 1809 5301 mu-

228 5297 522 5371 tuatus'est
565 5297 937 5371 Hieronymus
960 5302 1028 5353 ab
1049 5299 1309 5371 0rigene,
1333 5297 1688 5371 qui_Lexicon
1708 5298 1809 5352 lIc-

225 5367 531 5428 braicorum
584 5367 864 5429 nominum
908 5367 1213 5426 condidit'e
1253 5367 1394 5424 novo
1427 5368 1810 5432 TeSIamento,

229 5444 420 5515 quique
450 5445 583 5498 satis
625 5444 863 5499 absurde
900 5442 1087 5515 Graeca
1132 5451 1185 5495 et
1215 5441 1402 5515 Latina
1431 5443 1597 5515 quasi
1625 5449 1814 5515 essent

230 5512 453 5579 Hebraea
475 5515 823 5584 interpretari
853 5514 1049 5584 voluit.
1074 5514 1308 5584 Consule
1332 5513 1526 5566 librum
1557 5512 1813 5584 Hebraeo-

231 5600 346 5641 rum
376 5581 667 5642 Nominum
707 5596 855 5640 tomo
890 5584 974 5639 lll.
1005 5583 1333 5639 Manu—In
1357 5599 1424 5637 eo
1454 5583 1665 5637 scilicet
1707 5581 1806 5636 No-

233 5657 436 5712 minum
471 5659 628 5721 libro,
653 5656 748 5728 qui
776 5659 936 5728 vulgo
965 5655 1265 5721 obtinebat,
1298 5666 1349 5708 et
1379 5653 1572 5710 Latine
1597 5655 1664 5707 ab
1694 5654 1812 5728 ipso

235 5730 529 5800 explicitus
557 5725 893 5801 Hieronymo
914 5737 1016 5801 est.
1046 5729 1158 5782 Nec
1187 5735 1390 5801 tamen.
1417 5736 1475 5801 ut
1503 5740 1647 5794 saepe
1675 5725 1814 5801 d_ixi-_

234 5796 375 5863 tntis,
407 5801 536 5856 hinc
566 5811 717 5858 recte
746 5796 868 5871 quis
899 5799 1153 5870 colligat,
1179 5814 1290 5871 eas
1341 5796 1560 5866 ipsimet
1601 5796 1817 5871 probari

238 5872 623 5944 etymologias,
647 5867 878 5944 quarum
904 5879 960 5927 et
984 5867 1276 5926 nonnullas
1301 5883 1561 5940 expresse
1587 5867 1817 5938 respuit.

1901 4157 2150 4214 doceam.
2179 4165 2203 4194 ει
2234 4155 2472 4228 Ephesus
2528 4156 2581 4211 in
2631 4154 2880 4211 Latinam
2910 4154 3145 4225 linguam
3176 4152 3500 4228 interpreta-

1903 4258 2010 4316 tur,
2070 4249 2340 4316 voluntas,
2373 4249 2490 4304 sive
2521 4249 2800 4303 consilium
2826 4263 2992 4302 meum
3019 4248 3074 4301 in
3113 4264 3205 4316 ea,
3237 4247 3323 4304 vel
3351 4256 3504 4306 certe

1903 4342 2079 4395 anima
2114 4357 2226 4395 utea
2253 4342 2412 4395 inea.
2441 4339 2707 4397 Voluntas
2748 4348 2803 4395 et
2851 4339 3172 4409 consilium,
3216 4349 3271 4396 ει
3319 4340 3498 4396 anima

1906 4432 2002 4489 Dei
2037 4434 2086 4486 in
2117 4448 2182 4488 eo
2209 4441 2326 4498 est,
2349 4432 2441 4504 qui
2471 4441 2654 4503 potest
2679 4429 2864 4488 dicere
2889 4448 2900 4486 :
2930 4428 3054 4500 Ipse
3081 4431 3223 4485 enim
3248 4431 3378 4485 mihi
3405 4433 3499 4487 tte-

1909 4529 1986 4582 dit
2021 4528 2262 4584 notitiam
2289 4528 2521 4582 omnium
2544 4526 2721 4600 (Eccl.
2775 4542 2824 4592 ι,
2854 4525 2941 4581 etl
2969 4523 3132 4581 Joan.
3160 4526 3216 4596 ν)
3241 4567 3255 4592 ,
3289 4535 3346 4581 ει
3379 4541 3501 4582 cum

1910 4620 2115 4675 incerta
2141 4630 2192 4674 et
2225 4621 2436 4675 occulta
2466 4616 2748 4688 sapientim
2768 4617 2982 4683 Dei,illi
3008 4616 3214 4673 fuerint
3241 4619 3504 4686 revelata,

1914 4714 2281 4769 testimonium
2331 4721 2703 4782 consequetur
2739 4709 3055 4781 loquentis:
3103 4706 3286 4763 Inveni
3334 4707 3507 4764 David

1911 4806 1976 4860 de
2004 4804 2263 4860 Bethleem
2296 4803 2464 4874 [ilium
2489 4800 2656 4865 Iesse,
2693 4804 2860 4858 virum
2888 4801 3168 4857 secundum
3198 4818 3288 4856 cor
3312 4819 3502 4869 meum,

1915 4900 2004 4970 qui
2032 4899 2187 4968 faciet
2211 4898 2318 4969 [AL
2343 4895 2532 4969 faciat]
2557 4912 2733 4952 omnes
2755 4897 3048 4951 voluntates
3068 4910 3209 4949 meas
3230 4894 3369 4963 (Act.
3388 4909 3510 4962 xm,

1917 4989 2035 5062 2‘2).
2071 4989 2378 5046 Istiusmodi
2409 4989 2583 5043 virum
2629 4998 2687 5044 et
2725 4990 2864 5043 Osce
2907 4985 3168 5056 propheta
3218 4986 3511 5056 signiﬁcat,

1921 5086 2110 5140 dicens
2153 5103 2165 5139 :
2215 5081 2344 5149 Quis
2383 5083 2592 5154 sapiens
2636 5091 2683 5135 et
2728 5079 2980 5150 intelliget
3016 5078 3127 5151 [ΑΙ.
3173 5077 3414 5148 intelligit
3460 5085 3520 5134 et

1920 5223 1978 5278 Id
2007 5237 2176 5293 genus
2205 5221 2321 5275 lucc
2350 5230 2456 5293 est,
2486 5233 2590 5290 qua
2619 5217 2880 5293 Ephesus,
2911 5216 3173 5282 voluntas,
3191 5215 3325 5293 _sive
3356 5215 3519 5270 consi-

1921 5285 2295 5349 liummeumin
2309 5308 2368 5346 ea
2400 5285 2808 5360 interpretatur.
2837 5287 3087 5360 Notatum
3116 5285 3313 5360 quippe
3341 5295 3396 5342 et
3420 5302 3517 5342 no-

1921 5366 2006 5420 bis
2051 5364 2118 5418 ad
2167 5364 2442 5418 laudatum
2473 5358 2759 5416 Nominum
2794 5359 3022 5423 Ilbl'lllll,
3053 5374 3116 5412 ex
3140 5358 3334 5413 Grch
3363 5373 3513 5412 enm-

1921 5437 2137 5491 modius
2185 5434 2421 5489 derivari
2467 5435 2609 5488 hanc
2646 5447 2833 5487 Vocem
2868 5445 3026 5500 posse
3057 5448 3070 5484 :
3100 5444 3163 5482 ac
3195 5429 3406 5494 videri,
3457 5439 3517 5484 ut

1921 5507 2240 5564 Heraclides
2283 5505 2482 5568 tradit,
2525 5505 2605 5560 sic
2655 5504 2885 5569 dictam,
2937 5501 3078 5573 quod
3129 5514 3247 5555 eam
3300 5511 3513 5573 terram

1919 5579 2287 5635 Amazonibus
2345 5575 2603 5631 Hercules
2660 5569 3022 5646 permiserit}
3050 5569 3252 5646 Ἐφεσιν
3286 5569 3476 5646 Graece
3497 5614 3513 5639 ,

1922 5651 2309 5723 permissionem
2335 5663 2539 5723 sonare
2549 5642 2740 5723 omnes
2753 5645 2966 5723 _sciu‘nt_.
2982 5642 3396 5723 Paus'atuas_lib.
3416 5657 3511 5723 vn,

1922 5713 1992 5777 ab
2022 5721 2260 5792 Epheso,
2309 5735 2470 5791 quem
2500 5719 2716 5792 Caystri
2749 5715 2986 5771 ﬂuminis
3019 5716 3192 5770 lilium
3225 5715 3391 5770 luisse
3423 5713 3508 5769 la-

1923 5790 2205 5860 bulantur,
2239 5790 2436 5848 nomen
2467 5790 2764 5860 accepisse,
2795 5798 2986 5844 auctor
3013 5794 3116 5842 est.
