3962 6338
190 303 276 368 Si?
643 316 1304 380 COMMENTARIORUM
1344 311 1423 376 ut
1454 306 1754 375 nrtsrm

1884 310 1977 374 RD
2010 309 2350 381 EPIIESIOS
2389 321 2520 380 LIB.
2564 319 2651 384 Ill.
2693 327 2844 388 CAP.
2889 333 2952 387 ν.
3337 331 3448 394 518

189 432 269 502 εξ)
299 450 310 485 ε
340 433 508 490 omnis
553 435 645 506 qni
685 438 968 503 irascitur,
1014 448 1202 506 peccat
1245 454 1257 490 :
1299 434 1389 489 Ira
1432 437 1625 506 quippe
1655 435 1752 490 viri
1783 437 1822 496 ,ξ
1856 434 2018 490 etiam
2072 447 2260 493 nostro
2314 440 2503 496 studio
2543 453 2954 515 comparamus,
2984 455 3040 504 et
3087 449 3292 507 habere
3343 470 3442 509 nos

193 526 412 589 iustitiam
436 526 530 584 Dei
561 547 666 584 non
697 542 946 603 aperatur
982 527 1186 604 (Iacob.
1215 547 1262 600 ι,
1294 529 1404 594 20).
1445 527 1570 584 Post
1596 541 1744 582 ama-
1851 524 2109 594 faciams,
2146 543 2279 602 quas
2321 531 2466 590 Deus
2493 531 2646 592 nobis
2674 539 2896 594 donavit
2927 542 2977 596 in
3009 542 3250 599 Christo.
3293 549 3442 601 Alius

187 617 463 686 ritudinem,
496 620 735 679 furorem
767 634 821 680 et
845 623 1002 690 iram,
1038 633 1190 680 recte
1219 623 1427 679 clamor
1447 635 1659 694 quoque
1691 630 1750 677 et
1847 631 1978 676 vero
2006 621 2108 678 hoc
2132 626 2274 695 quod
2299 625 2403 692 ait,
2428 629 2679 686 donantes
2706 633 3101 707 nobismetipsis,
3124 639 3446 709 simpliciter

186 713 480 781 blasphemia
529 716 900 784 prohibemur
949 718 1002 773 in
1054 719 1231 772 nobis.
1265 715 1396 786 Quia
1441 718 1528 788 qui
1573 713 1750 770 semel
1846 715 2118 786 accipiet,
2148 726 2209 772 ut
2256 723 2528 791 quomodo
2576 735 2735 795 supra
2768 728 2968 784 dicitur
3009 747 3021 783 :
3067 729 3247 787 Estote
3276 741 3443 788 autem

188 807 318 862 fuerit
357 808 538 864 furore"
578 817 891 882 s‘uperatus,
941 823 1170 868 necesse
1194 823 1277 867 est
1310 822 1366 867 ut
1404 805 1644 882 prosiliat
1689 810 1742 865 in
1845 809 2058 863 invicem
2086 827 2310 867 suat-es:
2341 816 2419 870 sic
2462 826 2517 870 et
2551 833 2690 872 nunc
2732 821 2968 888 dicatur,
3003 823 3253 880 donantes
3279 827 3448 880 vobis-

187 903 442 959 clamorem
467 951 481 975 ,
527 911 582 962 et
613 904 830 964 turbide
863 909 1102 962 fremens
1125 950 1139 973 ,
1189 907 1294 962 huc
1327 918 1486 976 atque
1517 905 1644 961 illuc
1689 906 1751 960 ξπ
1845 902 2076 974 ηιειῑρεὶε
2103 920 2122 957 .'
2156 918 2256 974 pro
2283 920 2356 962 eo
2378 909 2524 978 quod
2555 921 2668 977 est,
2693 913 2965 970 donantes
2993 918 3147 972 vobis
3175 919 3440 976 invicem:

187 996 372 1050 modum
397 993 857 1068 foliive‘ntiletur,
889 999 1109 1055 ctdicat
1141 1001 1424 1055 :Orerutn
1451 995 1749 1068 iniquitas!
1847 1005 1903 1050 ut
1949 997 2224 1067 quomodo
2258 1001 2397 1055 Deus
2445 1003 2600 1058 nobis
2647 1007 2699 1061 in
2749 1008 2964 1064 Christo
2999 1021 3182 1066 nostra
3224 1021 3444 1083 peccata

188 1103 213 1144 ο
237 1089 415 1158 iniusta
452 1089 659 1159 judicia
694 1087 828 1147 Dei!
857 1103 913 1147 et
941 1105 1137 1148 cmtera
1167 1103 1288 1164 qna:
1335 1092 1517 1146 sttl‘ent
1564 1085 1740 1162 loqui,
1845 1090 2074 1147 donavit
2103 1113 2114 1147 :
2149 1091 2228 1150 sic
2259 1096 2423 1151 etiam
2461 1116 2558 1153 nos
2603 1103 2684 1155 eis
2716 1105 2804 1172 qui
2841 1105 2889 1160 in
2924 1123 3020 1160 nos
3055 1112 3402 1177 peccaverint
3425 1154 3438 1174 ,

188 1183 260 1254 qui
280 1198 362 1254 per
391 1183 779 1254 indignationis
821 1181 1058 1240 furorem
1107 1187 1303 1241 mentis
1329 1181 1590 1256 judicium
1622 1195 1745 1252 per-
1845 1181 2204 1243 dim'ittamtts.
2244 1187 2311 1242 Et
2335 1185 2409 1244 ad
2437 1191 2777 1260 probandum
2807 1197 2957 1267 quod
2977 1201 3224 1257 d'itnissio
3257 1220 3443 1273 pecca-

189 1274 426 1331 diderunl.
466 1271 635 1332 Porro
666 1277 1003 1349 blasphemia
1053 1289 1162 1334 non
1200 1277 1380 1334 solum
1411 1287 1596 1348 aperta
1628 1288 1739 1345 est,
1846 1285 2027 1334 torum‘
2048 1281 2100 1335 in
2131 1281 2430 1352 Scriptnris'
2451 1281 2676 1342 donatio
2706 1305 3072 1363 nttttcupetur,
3100 1291 3234 1352 illud
3258 1271 3442 1355 sumet

189 1367 310 1423 etde
333 1368 400 1422 ira
431 1369 673 1424 n'tscitur
697 1387 710 1425 :
736 1371 830 1426 scd
863 1381 916 1426 et
948 1372 1155 1443 absque
1188 1369 1288 1437 ira,
1318 1371 1504 1427 sedata
1535 1381 1740 1438 mente,
1843 1373 2151 1442 exemplum
2180 1376 2322 1445 quod
2358 1376 2409 1432 in
2442 1375 2584 1433 Luca
2618 1382 2894 1449 scribitur,
2946 1385 3032 1440 ubi
3067 1389 3154 1442 uni
3184 1391 3442 1447 credituri

189 1463 422 1534 profertur
451 1483 462 1522 :
493 1467 535 1520 si
568 1471 661 1520 aut
690 1466 760 1523 de
788 1465 973 1522 mttnd'i
1006 1468 1164 1524 istius
1187 1463 1459 1538 quispiam
1483 1468 1744 1539 guberna-
1844 1463 1988 1518 alius
2017 1465 2255 1552 debebat
2281 1470 2606 1540 quingentos
2629 1473 2887 1530 denarios
2907 1520 2919 1541 ,
2947 1490 2993 1532 et
3027 1481 3164 1536 alius
3184 1484 3443 1552 quinqua-

188 1560 307 1615 tione
331 1571 592 1628 causetur,
629 1569 684 1615 et
724 1561 908 1616 dicat:
942 1555 1076 1617 lilud
1109 1564 1188 1618 sic
1231 1573 1353 1618 esse
1380 1575 1487 1617 non
1520 1562 1739 1629 debuit,
1843 1557 1990 1626 ginta
2039 1551 2177 1630 (Luc
2209 1562 2326 1633 vn),
2371 1573 2510 1634 quos
2562 1567 2810 1635 utrisque
2865 1551 3233 1641 cencesserit,
3277 1551 3344 1629 et,
3379 1577 3442 1630 ad

185 1650 269 1709 hoc
289 1670 407 1709 vero
437 1669 556 1710 esse
583 1655 662 1710 sic
691 1655 882 1711 debuit
911 1674 926 1711 :
951 1665 1044 1711 aut
1072 1665 1221 1712 certe
1260 1656 1312 1710 in
1344 1649 1582 1710 Ecclesia
1613 1667 1743 1711 eon-
1844 1648 2327 1722 interrogationem
2399 1647 2698 1714 salvatoris
2761 1661 2850 1715 ille
2910 1664 3000 1733 qui
3079 1667 3448 1738 interrogatus

183 1747 388 1813 stitutus,
413 1756 466 1801 et
495 1747 731 1802 credens
759 1748 808 1802 in
849 1749 1040 1812 Deum,
1074 1748 1284 1802 labatur
1318 1747 1370 1802 in
1400 1743 1742 1818 dogmatibus
1845 1742 2047 1809 fuerat,
2099 1743 2473 1816 responderit,
2501 1752 2761 1820 majorem
2790 1756 3015 1824 gratiam
3043 1756 3192 1812 illum
3237 1760 3443 1818 habere

185 1853 281 1908 qua:
324 1840 568 1909 ignomre
620 1855 726 1894 non
783 1841 988 1895 licitum
1020 1851 1102 1894 est
1129 1859 1140 1894 :
1167 1842 1338 1896 aliter
1357 1840 1424 1896 de
1457 1839 1649 1910 Patre,
1683 1851 1737 1896 et
1768 1825 1925 1893 Belli
1961 1838 2079 1904 plus
2124 1837 2380 1894 donatum
2415 1841 2500 1895 sit.
2543 1841 2748 1898 Dicitur
2780 1859 2830 1900 et
2868 1848 2919 1901 in
2969 1849 3226 1908 O‘ratioue
3263 1847 3445 1907 Domi-

183 1929 316 1999 Filio,
345 1942 394 1987 et
417 1929 617 2003 Spiritu
648 1941 844 1989 sancto
867 1935 1136 1998 sentiens,
1161 1947 1318 2006 quam
1354 1935 1436 1989 rei
1466 1929 1638 2003 ipsius
1657 1949 1739 1990 ve.
1847 1930 1964 1984 nica
1995 1947 2006 1982 :
2042 1929 2260 1985 Dimitte
2290 1936 2434 1990 nobis
2460 1937 2630 1991 debita
2665 1949 2868 2004 nostra,
2905 1943 3040 1996 sint!
3065 1953 3112 1998 cl
3140 1962 3233 1999 nos
3274 1948 3449 2002 dimit-

184 2025 294 2082 t'itas
318 2028 468 2083 habet
493 2047 507 2085 :
535 2045 643 2084 non
679 2030 752 2084 ita
787 2029 1016 2085 credens
1057 2029 1108 2084 in
1143 2023 1552 2085 resurrectione
1592 2041 1740 2084 mor-
1847 2023 2002 2078 limus
2026 2023 2342 2081 deﬁit’ofibu's
2374 2033 2566 2083 nostris
2597 2027 2780 2099 (Matt.
2805 2043 2879 2096 vt,
2919 2037 3028 2106 12).
3067 2036 3212 2093 Dens
3260 2052 3442 2096 autem

186 2125 388 2186 tuorum,
413 2133 468 2177 ut.
494 2123 788 2194 Scriptura:
818 2121 1048 2188 docent;
1085 2124 1166 2178 vel
1198 2135 1350 2180 certe
1373 2124 1566 2178 alienat
1604 2125 1740 2178 invi-
1847 2117 2007 2172 "(illis
2051 2117 2273 2174 donaVil
2323 2121 2375 2176 in
2433 2122 2675 2190 Christo,
2713 2145 2817 2181 non
2871 2140 3022 2184 extra
3077 2135 3316 2202 positus,
3350 2138 3444 2191 sed

184 2212 296 2269 dens
322 2213 621 2286 sapientiae,
654 2231 780 2272 eum
806 2216 950 2273 male
983 2216 1188 2272 sentire
1211 2221 1624 2284 commemoret,
1651 2213 1740 2286 qui
1849 2205 2100 2266 habmus
2145 2209 2198 2267 in
2242 2223 2344 2268 εστ
2379 2217 2503 2286 quin
2541 2211 2700 2273 Pater
2749 2219 2802 2274 in
2857 2218 3031 2288 Filio,
3072 2235 3126 2279 et
3172 2226 3342 2283 Filius
3394 2230 3445 2284 in

186 2307 428 2363 catholica:
455 2309 574 2363 fidei
601 2315 706 2376 est,
735 2317 789 2363 et
818 2318 1033 2364 rursum
1069 2305 1386 2364 htcreticum
1420 2325 1519 2380 pro
1555 2309 1743 2364 adula-
1847 2303 2026 2360 Patre.
2058 2299 2168 2363 Nec
2197 2309 2379 2365 statim
2413 2308 2504 2366 ille
2549 2312 2598 2364 in
2625 2328 2736 2383 quo
2763 2315 3022 2381 donatur,
3056 2319 3235 2375 minor
3267 2332 3351 2375 est
3377 2323 3446 2379 ab

185 2400 310 2456 tione
342 2418 437 2471 qua
489 2403 590 2458 sibi
643 2401 984 2470 obsequitur,
1018 2403 1351 2460 catholicum
1383 2418 1510 2460 esse
1556 2413 1743 2459 conte-

1883 2407 1916 2452 θ’
1938 2395 2033 2468 qu‘i‘
2072 2398 2124 2453 in
2179 2411 2237 2454 se
2267 2397 2436 2456 donat
2463 2423 2474 2455 ;
2507 2405 2629 2474 quia
2675 2414 2726 2459 ct
2756 2408 3050 2477 Apostolus
3073 2407 3240 2484 639
3267 2409 3397 2469 dicit
3434 2433 3447 2470 :

185 2503 311 2550 stans
346 2513 358 2551 :
388 2495 474 2567 qui
508 2496 639 2552 dicit
665 2496 822 2552 dulce
849 2509 1126 2564 amarum,
1171 2503 1226 2554 et
1266 2507 1508 2552 amarum
1556 2498 1739 2553 du‘l'ce.
1849 2485 1924 2542 ΕΙ
1942 2504 2034 2563 ego
2063 2492 2110 2545 εἰ
2135 2494 2262 2562 quid
2309 2495 2497 2550 donaci
2537 2498 2708 2564 vobis,
2757 2501 2806 2552 in
2861 2501 2992 2569 facie
3033 2501 3225 2557 Christi
3252 2515 3300 2559 et
3348 2505 3449 2562 Dei

191 2583 314 2646 Unde
333 2592 471 2646 omni
502 2593 682 2648 studio
718 2591 962 2663 legendas
994 2587 1150 2648 nobis
1176 2593 1476 2665 Scripturre
1513 2599 1660 2658 sunt,
1690 2603 1744 2649 ct
1849 2577 1916 2652 (π
1945 2577 2066 2640 εστι
2097 2599 2156 2650 ην
2187 2583 2297 2657 f0)-

188 2680 229 2735 in
264 2682 368 2754 lege
399 2679 607 2740 Domini
641 2685 1010 2740 meditandum
1056 2685 1142 2740 die
1183 2702 1243 2742 ac
1277 2699 1437 2743 nocte
1481 2706 1490 2738 ε
1529 2697 1588 2741 ιη
1621 2701 1746 2756 pro-
1924 2673 2105 2732 Estote
2158 2691 2276 2752 ergo
2327 2677 2614 2736 ittWﬂtO'es
2651 2677 2764 2751 Dii,
2818 2685 3080 2755 sicut/itii
3128 2687 3442 2743 citatissimi.

193 2773 610 2848 batitrapezitm,
656 2777 894 2834 sciamus
938 2781 1060 2851 quis
1107 2793 1360 2837 nummus
1405 2773 1604 2851 probus
1635 2781 1741 2849 sit,
1849 2765 1956 2838 (Μ
1987 2768 2241 2844 illum!“
2288 2775 2558 2844 quomodo
2588 2777 2793 2831 dictum
2841 2779 2951 2832 sit:
2987 2778 3164 2833 Estote
3210 2782 3443 2853 perfecti,

188 2870 287 2938 quis
313 2865 530 2926 adulter.
568 2863 740 2927 Porro
781 2871 1198 2929 amaritudinem
1226 2918 1238 2938 ,
1267 2873 1506 2930 furorem
1528 2916 1542 2940 ,
1575 2874 1742 2940 iram,

1880 2863 1984 2916 ind
2009 2867 2064 2918 et
2075 2860 2230 2919 Pater
2246 2867 2646 2936 vesterjc‘aelettt‘s
2660 2869 2913 2941 perfectus
2937 2881 3012 2926 est
3038 2870 3216 2944 (.ifatt.
3244 2890 3294 2938 v,
3319 2875 3437 2943 i8),

189 2961 471 3032 clamorem,
505 2973 668 3036 atque
704 2966 1094 3034 blasphemiam
1125 2965 1204 3022 sic
1229 2967 1484 3023 mllamus
1509 2981 1539 3021 a
1567 2963 1743 3032 nobis,

1884 2953 2120 3014 nesciet
2166 2955 2444 3028 quom‘od‘o
2487 2973 2542 3016 et
2574 2975 2716 3016 nunc
2748 2963 2960 3020 dicatur
2995 2983 3008 3018 :
3057 2959 3230 3020 It'stote
3279 2967 3448 3022 imita-

190 3063 236 3109 ut
268 3069 376 3111 cum
404 3057 546 3112 omni
577 3057 781 3111 malitia
825 3056 1159 3113 auferantur.
1191 3053 1400 3112 Malitia
1439 3068 1622 3113 autem
1662 3058 1745 3112 vel
1853 3056 1987 3105 (om
2016 3043 2123 3106 Πινῖ
2143 3047 2192 3124 (l‘
2217 3049 2337 3108 Cor.
2369 3063 2443 3122 ιν,
2476 3054 2588 3126 f6).
2622 3054 2690 3110 Et
2728 3053 3027 3112 Corinthiis
3057 3059 3275 3130 quidem
3317 3060 3450 3115 scri-

191 3151 429 3205 contraria
462 3145 651 3205 virtuti
688 3150 1038 3222 intelligenda
1067 3162 1172 3217 est,
1199 3163 1359 3223 quam
1390 3151 1500 3205 alio
1526 3150 1749 3205 nomine
1810 3223 1828 3226 _
1854 3144 1991 3202 hens
2020 3148 2095 3202 ait
2130 3160 2149 3201 :'
2193 3147 2490 3204 Imita'tores
2532 3153 2635 3204 mci
2677 3162 2869 3221 estote,
2903 3154 3032 3206 sicut
3063 3161 3114 3207 et
3138 3165 3231 3226 ego
3260 3152 3453 3207 Clu-isti

201 3243 348 3297 ritittm
379 3245 726 3299 nominamus
752 3261 764 3296 :
788 3243 876 3299 vel
908 3243 1224 3316 malignitas,
1253 3250 1308 3298 et
1336 3243 1597 3310 nequitia,
1631 3255 1752 3313 qua:
1780 3223 1828 3296 C
1859 3237 1900 3310 (1
1927 3235 2050 3294 Cor.
2101 3249 2173 3307 tt,
2206 3237 2284 3311 η.
2318 3240 2434 3298 Non
2467 3244 2610 3298 enim
2638 3249 2892 3316 poterant
2922 3241 3102 3301 statim
3153 3223 3452 3302 imitatores

194 3335 237 3389 in
264 3339 697 3408 tergiversatione
725 3347 774 3393 et
806 3339 1104 3394 calliditate
1131 3339 1388 3393 sentitur.
1855 3326 2060 3388 Christi
2106 3333 2252 3400 ﬁeri;
2301 3334 2396 3390 sed
2451 3337 2656 3407 grande
2691 3336 2798 3392 illis
2843 3343 2989 3404 erat,
3043 3339 3086 3392 si
3148 3339 3452 3396 imitatores

252 3429 386 3502 (Cap.
413 3431 551 3485 V.—
571 3431 727 3487 \‘ers.
761 3432 840 3501 1.)
866 3427 1044 3486 Estote
1069 3442 1240 3485 autem
1285 3431 1501 3485 invicem
1526 3430 1749 3502 benigni,
1855 3435 2078 3497 possem
2106 3426 2397 3484 imitatorls
2438 3430 2701 3486 existere.
2742 3429 2992 3500 Ephesiis
3023 3445 3156 3486 vero
3185 3433 3338 3503 quasi
3374 3433 3458 3488 his

194 3521 514 3578 misericordes
550 3542 568 3579 :
598 3527 849 3579 donantes
878 3521 1277 3596 nobismetipsis,
1301 3525 1436 3578 sicut
1455 3533 1502 3578 et
1535 3518 1679 3578 Deus
1701 3523 1753 3577 in
1857 3531 1992 3590 quos
2019 3519 2126 3590 iam
2161 3521 2422 3594 mysteria
2455 3531 2597 3577 tanta
2631 3523 2920 3592 docuerat,
2970 3541 3076 3578 non
3133 3523 3229 3590 ait,
3277 3525 3457 3581 imita—

195 3609 368 3669 Cltn'sto
397 3617 608 3671 donavi!
630 3615 792 3672 nobis.
837 3619 1011 3688 Supra
1042 3617 1388 3672 amaritudiui
1419 3618 1752 3673 cumrat’tam
1861 3620 2009 3668 tores
2040 3614 2144 3669 mei
2170 3623 2376 3684 estote,
2410 3625 2539 3680 nec,
2570 3615 2874 3672 imitatores
2901 3611 3104 3673 Christi
3132 3627 3152 3684 ;‘
3175 3617 3300 3682 sed,
3337 3619 3459 3674 imi-

194 3706 500 3766 tlulccdinem
533 3710 881 3776 dixeramus,
914 3722 1078 3782 quam
1128 3725 1268 3766 nunc
1309 3709 1606 3782 Apostolus
1646 3710 1756 3765 aiio
1861 3715 2066 3764 latores
2101 3707 2214 3765 Dei.
2252 3709 2366 3763 Non
2398 3709 2542 3781 quod
2573 3710 2755 3765 minus
2782 3711 2846 3765 sit
2879 3712 3206 3767 imitatorem
3249 3711 3458 3767 Christi

198 3800 344 3854 verba
373 3805 735 3880 χρηστότητα,
770 3804 820 3858 id
863 3813 981 3870 ρετ,
1017 3807 1316 3860 suavitatem
1360 3807 1563 3876 magis,
1593 3801 1758 3876 638
1861 3811 2010 3867 esse,
2044 3815 2203 3873 quam
2229 3802 2324 3858 Dei
2354 3804 2520 3874 (Deus
2545 3803 2754 3875 quippe
2769 3803 3017 3860 Christus
3043 3808 3171 3876 est),
3200 3806 3299 3860 sed
3314 3806 3457 3876 quod

198 3907 337 3964 quam
383 3898 737 3970 benignitatem
771 3895 979 3954 voravit
1033 3917 1044 3952 :
1105 3899 1458 3970 prmcipicns,
1517 3908 1571 3953 ut
1604 3899 1751 3954 omni
1861 3893 2008 3950 aliud
2036 3894 2108 3951 sit
2133 3895 2432 3951 secundum
2467 3896 2746 3953 hominem
2779 3899 3010 3967 imitari,
3061 3897 3214 3954 aliud
3257 3909 3455 3954 secon-

194 3989 555 4057 amaritndine,
587 4002 641 4046 et
675 3990 892 4056 furore,
938 3992 1016 4046 ira
1039 4033 1054 4058 ,
1087 3991 1354 4057 clamore,
1401 3995 1456 4046 et
1500 3990 1756 4062 hlaSplte—
1860 3987 1992 4042 dum
2044 3985 2236 4044 Deum.
2269 3988 2400 4045 Nam
2448 3990 2554 4044 cts't
2597 3987 2875 4045 Christum
2907 3990 3205 4046 secundum
3239 4003 3457 4046 carnem

192 4079 320 4147 mia,
343 4091 391 4137 et
438 4097 581 4140 motu
617 4077 834 4140 turbido
858 4128 871 4150 ,
904 4097 1025 4141 cum
1068 4087 1299 4158 quadam
1335 4085 1530 4141 frentis
1575 4096 1756 4142 auste-
1862 4091 2021 4136 antea
2065 4095 2394 4137 noveramus
2420 4098 2434 4144 ς
2464 4081 2745 4152 nunciam
2782 4097 3118 4153 nequaquam
3161 4097 3284 4136 cum
3307 4083 3465 4136 ηονί*

190 4175 338 4232 ritate
363 4178 622 4234 damnatis
649 4224 662 4246 ,
697 4177 998 4235 clementes
1029 4179 1232 4247 simus,
1260 4183 1313 4235 et
1343 4175 1527 4234 blandi
1563 4195 1576 4232 :
1610 4188 1662 4234 et
1694 4177 1760 4233 ad
1865 4189 1987 4228 mus
2025 4171 2320 4228 secundum
2374 4183 2616 4229 carnem.
2652 4173 2918 4244 Loquitur
2943 4183 2997 4228 ct
3043 4175 3159 4245 ipse
3189 4175 3460 4242 Salvator,

188 4268 588 4328 familiaritatem
623 4284 866 4328 nostram
897 4273 1041 4328 ultro
1071 4272 1322 4328 homines
1351 4271 1678 4340 invitemus,
1705 4279 1762 4326 ut
1865 4265 2224 4322 humilitatem
2256 4267 2688 4338 dispensationis
2737 4267 3025 4323 ostendens
3062 4283 3075 4321 :
3111 4267 3465 4339 Qitteeumque

189 4365 356 4421 nullus
396 4367 458 4422 ait
497 4377 598 4424 nes
648 4366 904 4423 formidet
934 4363 1196 4423 accedere
1231 4384 1242 4420 :
1277 4377 1396 4433 qme
1429 4363 1764 4420 familiaritas
1865 4360 2050 4415 viderit
2081 4357 2293 4414 Patrem
2342 4360 2648 4430 facientem,
2679 4361 2788 4415 hiet:
2818 4362 2994 4414 eat/em
3029 4355 3201 4414 Filias
3243 4362 3369 4431 facit
3401 4361 3511 4416 sio-

192 4463 412 4519 maxime
464 4479 525 4517 ex
577 4461 949 4518 misericordia
1002 4471 1370 4530 comparatur.
1421 4457 1536 4514 Nec
1578 4458 1761 4512 statim
1866 4455 2060 4511 militet
2089 4451 2271 4525 (Joan.
2300 4467 2352 4524 ν,
2386 4453 2497 4528 19).
2533 4449 2648 4509 Non
2677 4465 2785 4526 quo
2815 4455 2962 4509 aliud
2991 4457 3274 4511 cmlumet
3302 4455 3466 4510 aliam

193 4565 500 4625 prtestantes
540 4559 660 4613 aliis
683 4599 696 4618 ,
733 4556 834 4626 ipsi
884 4553 1028 4628 quod
1057 4555 1340 4621 dedimus,
1373 4549 1574 4609 habere
1618 4550 1766 4607 desi-
1794 4611 1836 4628 Δ
1870 4556 2074 4604 terram
2118 4549 2282 4608 Pater
2332 4549 2555 4618 fecerit,
2591 4553 2644 4606 et
2684 4549 2752 4605 ad
2799 4551 3215 4605 similitudinem
3248 4563 3472 4618 eorum,

190 4611 371 4704 ;timus
408 4668 419 4703 ε
481 4611 926 4720 sequitur'enim
969 4667 980 4702 :
1019 4645 1284 4703 Donantes
1326 4645 1700 4714 vobismetipsis
1745 4660 1764 4699 :
1794 4611 1843 4678 θ
1869 4640 2014 4696 aﬁud
2064 4642 2264 4698 cadum
2296 4649 2350 4697 et
2379 4643 2486 4698 alia
2536 4652 2710 4709 terra,
2743 4649 2797 4696 et
2846 4641 3114 4698 elementa
3168 4657 3195 4696 a
3249 4641 3470 4699 Christo

189 4742 305 4810 quia
334 4743 466 4814 quod
511 4743 648 4798 bene
693 4745 744 4796 in
775 4742 940 4797 alium
975 4742 1064 4809 tit,
1094 4741 1262 4812 magis
1293 4739 1342 4795 ei
1369 4739 1650 4810 reponitur
1674 4739 1767 4810 qui
1871 4734 2009 4790 facta
2059 4735 2172 4790 sint
2219 4745 2417 4790 caetera
2453 4750 2468 4796 ;
2501 4729 2603 4791 sed
2647 4749 2760 4806 quo
2803 4749 3168 4807 quaecumque
3217 4745 3474 4807 operetur

187 4835 457 4904 praestitit,
490 4853 651 4908 quam
684 4835 770 4891 cui
822 4836 1005 4892 datum
1038 4846 1140 4890 est.
1173 4835 1271 4902 Qui
1315 4834 1607 4891 miseretur
1639 4847 1770 4904 pau-
1871 4822 2053 4897 Pater,
2088 4831 2204 4886 haec
2236 4831 2423 4888 eadem
2452 4843 2508 4888 et
2539 4827 2709 4888 Filius
2743 4843 3024 4904 Operetur.
3056 4829 3109 4890 in
3142 4847 3250 4906 quo
3287 4845 3468 4892 autem

191 4929 360 4997 peris,
401 4931 508 5002 ipse
541 4923 876 4986 saturabitur
907 4939 924 4984 :'
953 4940 1004 4986 et
1033 4930 1125 5000 qui
1153 4928 1246 4984 dat
1274 4929 1355 4998 ei,
1392 4925 1506 4983 Deo
1533 4920 1766 4983 fenerat.
1872 4925 2078 4980 similes
2112 4921 2221 4980 Deo
2256 4934 2546 4997 possumus
2573 4926 2723 4994 fieri,
2772 4941 2942 4998 supra
2971 4939 3199 4984 testatus
3238 4939 3350 4997 est,
3385 4931 3472 4985 di-

187 5019 278 5077 νει
297 5034 444 5079 certe
465 5025 540 5080 ita
562 5023 971 5094 accipiendum,
996 5021 1144 5094 quod
1163 5023 1216 5076 in
1240 5038 1309 5078 eo
1329 5021 1472 5092 quod
1495 5037 1691 5078 suaves
1714 5031 1769 5077 et
1872 5034 2005 5076 cens
2035 5035 2050 5074 :
2097 5017 2371 5075 Danaam
2401 5019 2544 5076 vobis
2564 5060 2582 5086 ,
2627 5022 2761 5076 sicut
2805 5031 2850 5075 et
2880 5021 3020 5077 Deus
3069 5024 3119 5076 in
3150 5022 3355 5078 Christo
3382 5024 3478 5077 ἀοι

184 5115 552 5174 misericordes
601 5131 819 5182 sumus,
867 5128 921 5172 et
973 5116 1477 5186 perturbationum
1523 5129 1642 5184 qua;
1672 5125 1770 5170 nos
1876 5115 2018 5170 nat-it
2063 5114 2223 5170 vobis.
2259 5115 2382 5170 Non
2429 5116 2576 5172 enim
2611 5124 2738 5187 puto
2769 5117 2982 5187 quodin
3017 5118 3233 5173 ca-teris
3257 5133 3477 5189 quoque

181 5205 541 5278 iuquietabant
598 5209 836 5274 relictis,
886 5207 952 5263 ad
1001 5209 1472 5263 mansuetudinem
1498 5249 1513 5274 ,
1567 5219 1772 5278 tempe-
1873 5217 2230 5280 meumque
2260 5209 2414 5265 Deus
2437 5208 2600 5275 fecit,
2633 5209 2793 5264 homo
2823 5210 2994 5266 Deum
3026 5213 3202 5282 possit
3223 5211 3431 5267 imitari
3460 5223 3475 5268 :

182 5303 520 5374 radiantque-
565 5304 952 5372 transivimus,
1001 5301 1132 5373 ipsis
1185 5303 1340 5359 nobis
1380 5302 1566 5358 datum
1598 5303 1670 5356 sit
1716 5311 1771 5358 et
1875 5301 1968 5356 scd
2013 5302 2163 5358 verbi
2195 5312 2381 5371 causa,
2421 5308 2478 5358 u‘t
2528 5304 2802 5374 quomodo
2851 5303 2942 5359 ille
2989 5305 3235 5360 clemens
3286 5315 3390 5375 cst,
3425 5313 3480 5362 ει

182 5393 469 5461 donatum,
501 5401 628 5454 dum
667 5399 734 5452 de
779 5399 936 5454 malis
966 5399 1024 5453 in
1053 5397 1225 5454 homo
1252 5400 1540 5465 vertimur,
1571 5407 1626 5454 et
1655 5397 1769 5453 haec
1877 5395 2010 5466 pluit
2039 5411 2202 5466 super
2248 5395 2421 5452 bonos
2449 5407 2503 5452 et
2545 5395 2750 5463 malos,
2800 5408 2852 5451 et
2895 5397 3100 5468 reliqua
3135 5414 3148 5452 :
3183 5398 3263 5453 sic
3313 5399 3476 5454 etiam

183 5487 292 5557 ipsa
341 5485 602 5548 donamus
648 5491 804 5548 nobis
829 5537 843 5561 ,
885 5501 1004 5564 qute
1055 5492 1194 5547 Deus
1244 5491 1404 5547 Pater
1449 5489 1670 5545 donavit
1714 5491 1769 5546 in
1876 5504 1978 5546 nos
2009 5490 2306 5546 bonitatem
2340 5499 2584 5545 nostram
2619 5504 2783 5560 super
2809 5506 3002 5545 omnes
3029 5491 3279 5547 homines
3306 5491 3479 5548 eli-um

181 5579 424 5642 Christo.
448 5587 512 5642 Si
534 5588 681 5642 cuitu
704 5627 720 5652 ,
750 5586 966 5644 omissis
995 5586 1158 5651 vitiis,
1193 5586 1420 5640 virtutes
1451 5583 1765 5655 sequimur:
1875 5584 2083 5641 damus.
2119 5584 2274 5653 Quod
2303 5599 2428 5640 cum
2459 5583 2776 5655 fecerimus,
2809 5586 3011 5640 erimus
3053 5585 3150 5640 filii
3181 5586 3287 5659 [AL
3335 5587 3476 5642 sient

180 5689 376 5736 omnes
398 5690 572 5737 unum
614 5682 852 5736 virtutes
870 5717 889 5742 τ
928 5680 1193 5750 sapientia
1214 5715 1232 5742 τ
1261 5679 1496 5746 veritas,
1520 5675 1766 5748 iustitia,
1877 5674 1996 5750 ﬁlii]
2018 5676 2222 5743 dilecti,
2244 5677 2360 5734 sive
2389 5678 2556 5748 ipsius
2579 5675 2754 5743 Pauli,
2780 5678 2916 5745 sive,
2940 5678 3082 5748 quod
3107 5679 3301 5736 melius
3326 5689 3475 5750 puto,

182 5775 535 5831 mansuetudo
561 5817 573 5840 ,
607 5787 662 5831 et
687 5781 881 5829 cmtcra
913 5766 984 5828 ad
1007 5766 1289 5829 Christum
1323 5771 1602 5828 intellecta
1631 5770 1772 5827 refe~
1879 5770 1993 5826 Dei.

185 5877 378 5924 runtur
411 5885 424 5922 ι
455 5881 578 5925 cum
605 5866 705 5924 has
748 5867 974 5924 virtutes
1018 5864 1396 5932 habuerimus,
1435 5867 1578 5936 ipsas
1612 5865 1769 5922 nobis
1951 5860 2614 5936 (139.1.)Etzanrb'afat'c
2635 5863 2688 5917 in
2712 5863 2982 5934 Maritum,
3011 5866 3146 5922 sicut
3171 5875 3218 5921 et
3245 5864 3478 5920 Cariam
