3962 6338
477 296 586 357 519

1730 284 1789 343 S.
1831 278 2104 342 EUSEBII
2138 278 2520 341 HIERONYMI

3667 271 3764 333 520

479 414 659 471 dilexit
702 427 827 481 nos,
860 414 908 466 et
952 407 1169 465 tradidit
1214 405 1543 480 semetipsum
1592 420 1686 477 pro
1743 402 1887 458 nobis
1935 401 2076 456 obla—
2104 399 2441 467 Acircuitu,
2499 399 2592 471 qui
2638 395 2823 456 verbis
2853 394 3096 470 jubentis
3156 394 3567 467 obtemperent,
3620 399 3675 448 et
3717 393 3763 448 in

476 507 699 574 tionem,
726 516 772 560 et
797 504 1024 559 hostiam
1047 500 1158 555 Deo
1189 499 1244 554 in
1272 498 1481 554 odorem
1512 497 1800 553 suavitatis.
1845 495 1944 563 Qui
1978 509 2075 565 pro

477 603 707 659 aliorum
750 599 927 655 salute
957 611 1131 668 usque
1175 595 1241 650 ad
1293 593 1610 665 sanguinem
1642 601 1834 646 contra
1886 602 2076 659 pecca-

480 704 595 752 tum
635 694 886 760 dimicat,
937 690 1008 745 ita
1042 698 1101 744 ut
1147 696 1200 743 et
1254 688 1492 742 animam
1543 700 1699 741 suam
1753 681 1929 738 tradat
1974 695 2076 751 pro

479 788 559 845 eis
601 802 617 842 :
651 787 752 842 iste
800 783 1039 841 ambulat
1074 782 1125 834 in
1159 778 1426 844 charitate
1454 820 1468 845 ,
1502 778 1717 832 imitans
1765 773 2074 841 Christum,

477 879 570 951 qui
611 893 711 933 nos
742 878 1006 931 intamum
1054 871 1275 938 dilexit,
1312 880 1370 926 ut
1391 885 1607 926 crucem
1638 883 1737 940 pro
1759 868 1935 923 salute
1962 880 2078 919 om—

478 971 628 1028 nium
661 970 981 1026 sustineret.
1010 965 1299 1034 Quomodo
1327 963 1474 1020 enim
1503 963 1593 1017 ille
1619 978 1679 1018 se
1725 960 1948 1016 tradidit
1980 974 2077 1029 pro

478 1062 637 1121 nobis
671 1081 682 1118 :
713 1064 790 1118 sic
822 1072 876 1118 et
905 1063 1007 1117 iste
1040 1076 1138 1130 pro
1164 1058 1361 1130 quibus
1390 1066 1567 1128 potest
1598 1056 1832 1111 libenter
1856 1057 2077 1109 oecu’m-

478 1157 645 1225 bens,
699 1154 1000 1211 imitabitur
1033 1169 1157 1209 eum
1205 1151 1299 1224 qui
1357 1151 1691 1207 oblationem
1741 1155 1796 1203 et
1846 1145 2077 1201 hostiam

477 1250 645 1326 6&0
670 1253 724 1308 iu
755 1250 979 1306 odorem
1013 1247 1298 1303 suavitatis
1337 1260 1401 1300 se
1442 1244 1586 1299 Patri
1629 1240 1879 1305 tradidit,
1905 1248 1959 1295 et
1989 1237 2081 1292 fiet

480 1348 645 1402 etiam
692 1344 811 1415 ipse
837 1342 1039 1400 oblatio
1091 1349 1148 1396 et
1196 1339 1368 1395 hostia
1418 1336 1513 1394 Dei
1544 1337 1597 1392 in
1639 1336 1862 1390 odorent
1893 1331 2078 1387 suavi-

482 1439 633 1495 tatis.

559 1530 742 1605 (Vers.
764 1532 819 1599 5,
843 1530 925 1604 4.)
950 1527 1256 1583 Fornicatio
1273 1534 1443 1580 autem
1463 1533 1513 1578 et
1530 1521 1698 1578 omnis
1723 1517 2078 1582 immunditia,

484 1634 574 1680 aut
612 1623 834 1679 avaritia
854 1663 870 1690 ,
909 1637 1002 1676 nec
1032 1621 1322 1676 nominetur
1344 1618 1397 1672 in
1426 1615 1594 1683 vobis,
1628 1614 1759 1668 sicut
1790 1611 1930 1664 decet
1960 1624 2081 1663 san-

483 1726 592 1773 ctos
614 1733 635 1772 :
675 1724 723 1771 et
774 1714 1043 1785 turpitudo
1064 1757 1078 1782 ,
1108 1720 1154 1766 et
1190 1708 1564 1779 stultiloquium
1585 1748 1599 1772 ,
1629 1712 1721 1758 aut
1760 1700 2076 1767 scurrilitas,

2178 493 2390 550 diversa
2423 493 2708 549 mittantur
2755 490 2937 546 ofﬁcia
2984 487 3158 562 (lsai.
3202 487 3318 560 vt).
3358 486 3466 544 Sed
3520 485 3650 556 quia
3692 499 3766 538 se-

2176 586 2361 657 quitur
2414 585 2812 656 stultiloquium
2895 580 3204 638 scurrilitas
3277 596 3292 633 :
3364 579 3538 650 magis
3599 575 3769 631 stulti-

2178 678 2415 749 loquium
2470 678 2539 733 ad
2599 677 2778 733 fatuas
2827 684 2882 732 et
2936 675 3149 744 ineptas
3203 672 3414 729 fabulas
3470 668 3768 726 tranferen-

2177 773 2326 828 dum.
2377 773 2526 828 Inter
2580 769 2985 843 stultiloquium
3040 776 3223 825 autem
3279 774 3339 822 et
3391 763 3767 822 scurrilitatem

2176 864 2338 939 641
2399 866 2503 921 hoc
2557 866 2818 930 interest,
2876 861 3020 933 quod
3077 859 3475 930 stultiloquium
3529 856 3666 912 nihil
3722 857 3768 910 in

2180 974 2239 1015 se
2257 959 2480 1031 sapiens
2508 966 2568 1015 et
2593 958 2763 1015 eorde
2794 955 3035 1012 hominis
3058 954 3280 1027 dignum
3307 952 3492 1008 habet.
3518 947 3772 1008 Scurrili-

2180 1061 2263 1109 tas
2296 1068 2429 1107 vero
2469 1052 2537 1108 de
2566 1051 2819 1123 prudenti
2865 1058 3047 1107 mente
3081 1045 3397 1114 descendit,
3431 1054 3487 1101 et
3525 1042 3772 1100 consulto

2180 1145 2386 1216 appetit
2419 1143 2669 1216 quaedam
2702 1144 2785 1200 vel
2826 1142 3035 1199 urbana
3078 1139 3265 1207 verba,
3294 1136 3383 1193 vel
3414 1137 3618 1192 rustica
3640 1176 3657 1202 ,
3692 1134 3770 1190 vel

2195 1241 2391 1310 turpia,
2418 1240 2504 1295 vel
2534 1240 2728 1301 faceta,
2752 1252 2914 1307 quam
2943 1250 3043 1292 nos
3063 1233 3458 1302 iocularitatem
3481 1230 3590 1287 alio
3613 1229 3774 1285 verbo

2186 1348 2476 1405 possumus
2509 1331 2810 1403 appellare.
2836 1338 2898 1385 ut
2938 1329 3107 1384 risum
3150 1335 3367 1383 moveat
3404 1323 3771 1380 audientibus.

2179 1427 2383 1484 Verum
2411 1436 2466 1483 et
2497 1426 2615 1481 haec
2640 1439 2671 1479 a
2716 1424 2921 1479 sanctis
2962 1420 3098 1478 viris
3140 1418 3357 1491 penitus
3397 1414 3773 1489 propellenda,

2181 1522 2380 1594 quibus
2403 1520 2577 1590 magis
2607 1518 2867 1574 convenit
2893 1516 3025 1572 llere
3058 1524 3220 1585 atque
3252 1513 3459 1583 lugere,
3498 1521 3559 1566 ut
3590 1510 3644 1564 in
3677 1509 3776 1565 He-

2185 1616 2370 1672 hraico
2406 1628 2624 1686 quoque
2659 1612 2956 1681 Evangelio
2984 1609 3249 1681 legimus,
3282 1605 3572 1662 Dominum
3603 1603 3676 1660 ad
3705 1601 3779 1658 di-

2184 1708 2423 1774 scipulos
2457 1706 2766 1776 loquentem
2792 1722 2805 1758 :
2837 1700 2906 1757 Et
2938 1717 3235 1771 numquam,
3271 1698 3466 1770 inquit,
3497 1697 3607 1752 (teli
3628 1696 3772 1763 sitis,

484 1826 601 1883 qua:
621 1808 689 1864 ad
713 1826 817 1864 rem
849 1824 952 1863 non
981 1806 1271 1878 pertinent:
1307 1801 1399 1859 sed
1428 1800 1593 1870 magis
1613 1800 1749 1853 actio
1775 1796 2080 1869 gratiarum-
2115 1787 2165 1850 Β
2191 1802 2290 1856 nisi
2315 1816 2430 1854 cum
2460 1803 2676 1872 fratrem
2704 1807 2929 1853 vestrum
2959 1794 3190 1849 videritis
3218 1793 3271 1847 in
3307 1792 3581 1845 charitate.
3615 1787 3772 1843 Vide-

488 1901 602 1958 Nisi
636 1899 1089 1973 philosophorum
1121 1896 1338 1968 quidam
1361 1893 1601 1968 Cynicus
1629 1891 1962 1953 exstitisset,
1995 1887 2087 1959 qui

490 1994 712 2050 doceret
738 2008 955 2049 omnem
981 1990 1353 2047 titillationem
1374 1987 1554 2043 carnis
1572 2027 1587 2053 ,
1608 1996 1663 2040 et
1689 1983 1897 2038 ﬂuxum
1925 1980 2089 2037 semi-

488 2089 575 2143 nis
601 2102 668 2143 ex
712 2086 1097 2158 qualicumque
1142 2084 1327 2138 attritu
1359 2090 1610 2151 tactuque
1641 2078 1944 2134 venientem
1967 2117 1984 2144 ,
2032 2074 2086 2129 in

492 2189 739 2251 tempore
769 2194 876 2235 non
911 2176 1188 2234 vitandum
1208 2217 1223 2244 ,
1258 2184 1313 2231 et
1337 2173 1574 2229 nonnulli
1600 2175 1871 2240 sapientes
1898 2166 2088 2225 saeculi

489 2271 544 2329 in
591 2277 727 2329 hanc
750 2281 964 2345 turpem
995 2281 1052 2329 et
1097 2268 1528 2328 erubescendam
1558 2265 1812 2321 hirresim
1858 2278 2089 2320 conson-

490 2367 735 2423 sissent:
769 2380 1064 2438 numquam
1111 2370 1334 2419 sanctus
1383 2360 1675 2432 Apostolus
1722 2358 1969 2415 scribens
2018 2355 2086 2411 ad

490 2459 791 2531 Ephesios,
825 2459 893 2516 ad
938 2459 1358 2515 fornicationem
1407 2456 1570 2512 etiam
1604 2469 1821 2511 omnem
1854 2452 2090 2508 immun-

491 2554 680 2610 ditiam
701 2555 1041 2627 copulasset,
1071 2563 1127 2609 et
1153 2552 1220 2609 ad
1246 2550 1642 2607 immunditiam
1660 2548 1936 2620 juuxisset
1961 2564 2090 2604 ava-

488 2646 669 2705 ritiam
696 2664 710 2702 :
737 2664 842 2704 non
868 2650 1008 2703 hanc
1026 2663 1131 2719 qua
1152 2644 1439 2717 pecuniam
1461 2648 1710 2716 cupimus
1732 2657 2086 2715 congregare,

492 2746 590 2803 sed
619 2746 763 2801 illam
790 2744 859 2801 de
894 2759 1003 2816 qua
1033 2758 1197 2813 supra
1226 2742 1462 2797 diximus
1488 2756 1507 2795 :
1539 2756 1601 2796 ne
1643 2738 2082 2813 supergrediatur,

490 2847 540 2893 et
559 2854 749 2893 avarus
780 2835 987 2909 [raudet
1009 2835 1064 2889 in
1084 2835 1289 2907 negotio
1311 2834 1525 2905 fratrem
1551 2848 1723 2886 suum.
1754 2827 1911 2899 Quod
1942 2828 2090 2884 scili-

490 2940 580 2989 cet
620 2930 948 2987 insatiabilis
976 2937 1033 2985 et
1080 2927 1423 2998 inexpletus,
1456 2940 1553 2996 per
1590 2924 1769 2980 omnia
1803 2920 2091 2992 turpitudi-

492 3042 622 3084 num
662 3040 865 3098 genera
887 3066 902 3091 ,
934 3023 1282 3093 lasciviatqne
1308 3020 1600 3076 discurrat.
1628 3018 1776 3074 Sicut
1798 3015 1974 3083 decet,
2005 3014 2090 3071 in-

492 3120 609 3192 quit
635 3160 650 3184 ,
679 3128 907 3173 sanctos.
954 3117 1030 3172 Ex
1057 3132 1165 3189 quo
1188 3124 1410 3171 sanctus
1436 3129 1542 3168 non
1584 3120 1764 3185 potest
1790 3109 2084 3182 appellari,

494 3186 823 3284 quicumque
851 3219 1005 3266 extra
1046 3186 1464 3265 fornicationem
1493 3207 1549 3262 in
1578 3207 1759 3278 aliqua
1800 3204 2089 3261 immundi-
2115 3186 2164 3251 Ο

494 3305 568 3361 tia
600 3314 656 3361 et
698 3304 921 3360 avaritia
965 3304 1335 3374 voluptatum,
1380 3318 1503 3375 quae
1551 3316 1612 3358 se
1656 3301 2085 3369 delectaverint,

495 3400 790 3457 invenitur.
837 3398 897 3456 Si
935 3399 1060 3471 quis
1104 3406 1287 3455 autem
1329 3397 1628 3453 arbitratur
1669 3396 1950 3451 avaritiam
1980 3408 2086 3450 non

493 3495 551 3552 in
578 3493 674 3549 illo
701 3508 864 3552 sensu
907 3492 1283 3564 accipiendam
1322 3505 1443 3547 esse
1469 3504 1577 3562 quo
1603 3490 1836 3545 diximus
1856 3531 1872 3556 ,
1898 3487 2091 3544 reddat

492 3604 692 3646 causas
712 3632 728 3657 ,
750 3605 920 3663 quare
954 3589 1100 3645 inter
1125 3587 1564 3655 fornicationem,
1587 3596 1644 3642 et
1667 3583 2086 3652 immunditiam,

495 3693 554 3742 et
576 3684 967 3757 turpitudinem
986 3724 1002 3749 ,
1033 3692 1091 3739 et
1115 3681 1515 3754 stultiloquium
1535 3724 1551 3749 ,
1583 3687 1640 3736 et
1664 3678 2051 3736 scurrilitatem
2071 3716 2086 3742 ,

495 3777 730 3835 mediam
779 3775 1063 3833 avaritiam
1112 3773 1543 3831 extraordinarie
1602 3771 1866 3842 posuerit.
1918 3768 2088 3825 Porro

494 3867 895 3940 stultiloquium
924 3880 1048 3922 esse
1076 3863 1331 3922 existimo
1380 3880 1487 3919 non
1536 3861 1712 3918 solum
1762 3874 1951 3916 eorum
1995 3858 2086 3930 qui

493 3964 672 4036 aliqua
706 3970 932 4024 narrant
957 3961 1175 4032 turpia,
1218 3968 1277 4015 ut
1305 3958 1478 4014 risum
1521 3963 1811 4019 moveant,
1841 3962 1897 4009 et
1925 3951 2086 4008 fatui-

496 4066 610 4113 Iate
630 4055 885 4111 simulata
910 4053 1083 4124 magis
1112 4049 1344 4107 illudant
1376 4048 1459 4106 eis
1481 4090 1496 4115 ,
1519 4048 1713 4119 quibus
1746 4046 1961 4117 placere
1986 4044 2085 4100 de-

494 4150 742 4207 siderant
772 4147 902 4206 :sed
932 4148 1096 4203 etiam
1124 4158 1317 4200 eorum
1346 4142 1436 4214 qui
1458 4141 1736 4212 sapientes
1779 4138 1963 4195 saeculi
1993 4153 2090 4208 pu-

495 4250 697 4309 tantur,
743 4248 796 4297 et
835 4239 906 4297 de
930 4239 1095 4296 rebus
1124 4236 1364 4309 physicis
1385 4235 1763 4305 disputantes,
1797 4232 1986 4287 dicunt
2028 4244 2090 4285 se

439 4380 446 4387 .
495 4349 692 4392 arenas
741 4333 1024 4400 litturum,
1071 4337 1253 4402 guttas
1302 4327 1539 4393 Oceani,
1567 4334 1625 4382 et
1652 4326 1914 4383 caelorum
1966 4340 2090 4394 spa-

494 4426 632 4483 tium
658 4467 674 4494 ,
725 4434 994 4496 terrasque
1024 4432 1282 4493 punctum
1328 4419 1538 4491 liquido
1583 4416 2086 4490 comprehendisse.

494 4518 596 4576 Est
635 4530 690 4575 et
737 4518 793 4573 in
841 4517 1087 4574 Ecclesia
1135 4514 1561 4583 stultiIOquium.
1609 4513 1665 4570 Si
1716 4513 1836 4585 quis
1886 4511 2085 4567 caelum

493 4618 648 4683 putet
699 4608 923 4666 fornicis
963 4622 1115 4665 more
1158 4580 1475 4673 cttrvatum,
1529 4580 1930 4674 Isaiam—quem
1975 4618 2084 4658 non
2112 4580 2165 4642 D

492 4701 786 4775 intelligit,
838 4716 1091 4758 sermone
1144 4699 1405 4771 deceptus
1452 4715 1465 4751 :
1513 4697 1707 4753 solium
1753 4712 1970 4769 quoque
2032 4698 2083 4752 in

493 4797 653 4855 caelis
700 4796 971 4869 positum,
1025 4804 1081 4849 et
1128 4807 1296 4864 super
1344 4805 1411 4848 eo
1456 4788 1648 4847 sedere
1689 4788 1892 4859 Deum,
1940 4799 1996 4845 et
2032 4789 2087 4845 in

496 4895 665 4951 ritum
730 4889 1075 4962 imperatoris
1139 4897 1195 4944 et
1242 4884 1478 4957 judicia,
1531 4886 1754 4956 angelos
1819 4896 1968 4941 stare
2034 4888 2085 4943 in

558 5044 586 5074 α
608 5043 723 5125 ματη
752 5032 991 5100 hhonen,
1024 5031 1111 5086 vel
1157 5037 1269 5119 rm
1292 5026 1575 5097 hhannun,
1606 5027 1893 5099 gratiosum
1924 5038 2089 5084 snnat

489 5120 632 5204 apud
658 5130 953 5193 llebrreos;
981 5125 1181 5199 gratias
1205 5131 1444 5195 agentem
1458 5136 1690 5248 lquoque
1712 5120 2085 5189 signiﬁcabat,

490 5212 555 5248 ut
597 5203 699 5248 insi
742 5210 911 5248 testes
959 5208 1116 5248 erant
1155 5206 1403 5248 tenuiore
1510 5196 1773 5248 teronvmi
1824 5193 2082 5248 dicentis.

490 5193 555 5261 ut
596 5203 700 5274 ipsi
742 5210 911 5257 testes
959 5193 1116 5254 erant
1155 5193 1403 5274 tempore
1458 5193 1773 5274 literonymi
1824 5193 2082 5261 dicentis,

490 5265 702 5343 unm-ut
724 5274 894 5330 aiunt.
927 5285 1173 5343 sermone
1196 5270 1427 5343 dicatur.
1459 5265 1640 5343 MART.

564 5334 977 5401 b'Martianaeus
1022 5358 1091 5397 ex
1136 5339 1516 5403 Cluniacensi,
1551 5347 1610 5391 ut
1641 5336 1747 5403 ait,
1783 5334 1970 5390 codice
2002 5351 2089 5392 re-

492 5417 681 5475 scribit
710 5416 1028 5492 gsxapmsg,
1058 5428 1219 5484 quam
1262 5424 1451 5492 vocem
1474 5409 1684 5464 Graecia
1715 5411 1923 5492 ignorat
1956 5407 2084 5488 uni.-

490 5504 669 5547 versa.
720 5478 1093 5543 Haliucinatus
1135 5492 1315 5538 autem
1362 5483 1417 5537 in
1446 5495 1513 5534 eo
1555 5490 1655 5541 est,
1703 5478 1847 5549 quod
1882 5480 2080 5549 putarit

491 5562 881 5632 Hieronymum
910 5557 1067 5613 aliter
1096 5570 1159 5632 ac
1183 5554 1344 5632 _vu_lgo_
1374 5552 1628 5618 habetur,
1672 5551 1726 5605 in
1761 5549 2087 5632 Proverbia-

490 5649 613 5689 rum
651 5620 847 5688 G'rtcco
894 5627 1195 5698 exemplari
1240 5620 1440 5697 legisse
1472 5642 1483 5676 :
1515 5633 1615 5698 aut,
1636 5634 1788 5679 certe
1822 5623 1982 5676 aliter
2007 5620 2086 5698 _le-

488 5705 727 5775 gendum
765 5691 1099 5758 constituere
1121 5716 1159 5775 __:
1183 5691 1323 5775 cum
1342 5695 1675 5775 econtrarip,
1711 5708 1968 5766 germana
2007 5691 2087 5747 le-

489 5766 674 5849 c_'tin_ne
721 5776 1037 5849 εὐχάριᾳτκ
1083 5769 1214 5849 nihil
1236 5766 1634 5849 _immt_ttata,id
1680 5781 1845 5849 unum
1894 5770 2085 5849 urgeat

489 5845 551 5903 S.
582 5835 952 5917 Pater,'qtiod
987 5842 1248 5914 peculiari
1274 5838 1675 5912 signiﬁcatione
1708 5836 1966 5895 donanda
1992 5835 2083 5902 sit,

2192 1903 2279 1950 tur
2309 1893 2589 1963 hucusque
2620 1890 2753 1947 nihil
2786 1900 2943 1946 extra
2981 1887 3322 1960 propositum
3364 1895 3423 1942 et
3446 1892 3610 1940 extra
3652 1897 3776 1938 con-

2190 1988 2552 2061 sequentiam,
2579 1996 2898 2057 textumque
2920 1983 3126 2040 ordinis
3148 1982 3420 2038 intulisse.
3449 1979 3653 2037 Verum
3678 1976 3773 2034 hoc

2189 2080 2332 2153 quod
2379 2079 2646 2150 sequitur,
2689 2087 2744 2134 et
2777 2078 2828 2132 in
2875 2078 2981 2132 line
3013 2076 3251 2145 positum
3290 2081 3376 2129 est
3418 2087 3435 2127 :
3479 2071 3588 2128 Sed
3620 2070 3778 2142 magis

2188 2176 2483 2247 gratiarum
2520 2173 2678 2241 actio,
2710 2180 2921 2242 quaerat
2960 2168 3185 2240 aliquis,
3233 2175 3289 2222 et
3326 2164 3474 2221 dicat
3509 2162 3642 2235 quid
3682 2161 3778 2217 sibi

2191 2269 2320 2325 velit
2367 2277 2488 2339 post
2531 2267 2944 2323 fornicationem
2986 2261 3346 2335 prohibitam,
3386 2271 3444 2316 et
3482 2256 3775 2314 immundi-~

2191 2365 2344 2430 tiam,
2368 2372 2423 2419 et
2438 2361 2746 2431 lasciviam,
2768 2371 2820 2415 et
2836 2356 3256 2430 turpitudinem,
3279 2363 3334 2411 et
3356 2350 3777 2423 stultiloquium,

2190 2466 2244 2512 et
2273 2453 2680 2520 scurrilitatem,
2713 2453 2856 2508 actio
2899 2450 3221 2523 gratiarum.
3250 2447 3309 2505 Si
3347 2446 3492 2504 enim
3530 2443 3700 2500 semel
3729 2441 3779 2499 ei

2191 2552 2422 2608 liberum
2473 2550 2572 2605 fttit
2599 2561 2802 2620 ponere
2847 2558 3245 2616 quamcumque
3278 2541 3565 2605 virtutem,
3609 2537 3782 2609 potuit

2191 2646 2395 2713 dicere,
2424 2644 2520 2701 sed
2565 2643 2738 2714 magis
2778 2632 3012 2711 juStitia,
3060 2637 3301 2700 veritas,
3340 2633 3588 2691 dilectio.
3633 2631 3777 2700 Quo-

2190 2740 2353 2795 modo
2383 2747 2563 2794 autem
2607 2735 2713 2792 hoc
2762 2736 3164 2801 inconsequens
3202 2738 3287 2787 est
3321 2746 3336 2785 :
3369 2728 3444 2785 ita
3484 2728 3650 2784 etiam
3694 2726 3777 2782 illa

2191 2830 2638 2901 inconsequentia
2680 2841 2804 2884 esse
2846 2826 3176 2898 potuissent,
3223 2833 3279 2880 et
3320 2820 3515 2879 eadem
3563 2820 3776 2877 licentia

2192 2925 2435 2982 ordinem
2492 2940 2599 2980 non
2646 2921 2935 2979 haberent.
2973 2919 3228 2976 Forsitan
3276 2917 3440 2989 igitur
3478 2916 3776 2989 gratiarum

2192 3022 2333 3077 actio
2361 3021 2412 3075 in
2442 3020 2545 3075 hoc
2573 3020 2693 3075 loco
2713 3032 2822 3073 non
2848 3015 2953 3072 ista
2980 3022 3069 3072 est
3093 3012 3371 3070 nominata
3400 3028 3413 3065 :
3442 3010 3601 3082 juxta
3624 3022 3776 3082 quam

2190 3115 2393 3186 gratias
2423 3114 2637 3184 agimus
2670 3112 2804 3177 Deo,
2831 3109 2925 3167 sed
2948 3108 3103 3180 juxta
3133 3122 3292 3180 quam
3320 3105 3457 3177 grati
3500 3102 3622 3159 sive
3649 3118 3770 3169 gra-

2197 3210 2344 3278 tiosi,
2376 3217 2432 3265 ct
2460 3207 2580 3263 falsi
2628 3206 2772 3278 apud
2813 3205 3067 3261 homines
3104 3200 3471 3274 appellamur.
3522 3195 3770 3255 Stultilo-

2192 3302 2376 3375 quium
2395 3300 2538 3357 enim
2566 3307 2623 3355 et
2647 3312 2892 3356 scurram
2922 3312 3031 3353 non
3057 3295 3218 3352 decet
3238 3308 3365 3351 esse
3384 3290 3775 3350 Christianum.

2195 3393 2360 3450 Decet
2390 3401 2569 3448 autem
2598 3404 2906 3447 sermonem
2946 3387 3065 3459 ejus
3094 3386 3210 3443 sale
3235 3399 3359 3441 esse
3388 3382 3693 3446 conditum,
3721 3388 3781 3436 ut

2192 3484 2591 3564 gratiam.apud
2617 3483 2902 3541 audientes
2933 3481 3152 3537 habeat.
3177 3479 3242 3535 Et
3264 3479 3390 3551 quia
3411 3493 3519 3533 non
3546 3483 3632 3532 est
3651 3490 3779 3533 con-

2190 3572 2522 3645 suetudinis,
2554 3578 2660 3635 nisi
2691 3579 2834 3634 inter
2871 3576 3065 3632 doctos
3113 3587 3358 3646 quosque
3386 3571 3530 3643 apud
3561 3570 3778 3627 Graecos

2193 3675 2556 3753 εὐχαριστίαν,
2599 3670 2667 3727 ad
2706 3668 3119 3726 distinctionem
3170 3662 3533 3722 Eucharistize
3573 3661 3775 3725 dicere,

2191 3767 2295 3823 hoc
2316 3777 2422 3833 est,
2450 3764 2746 3837 gratiosum
2776 3777 2922 3828 esse,
2950 3768 3007 3816 et
3024 3774 3187 3831 agere
3211 3757 3419 3830 gratias
3444 3772 3458 3808 :
3485 3762 3771 3826 propterea

2191 3872 2321 3934 puto
2353 3859 2671 3932 Apostolum
2697 3856 2851 3930 quasi
2884 3854 3177 3911 Hebraeum
3204 3866 3274 3908 ex
3307 3849 3576 3913 Hebraeis,
3608 3845 3773 3902 verbo

2193 3970 2348 4012 usum
2372 3967 2498 4010 esse
2524 3952 2767 4023 vulgato.
2795 3958 2855 4006 et
2877 3962 3100 4004 sensum
3130 3959 3290 4001 suum
3316 3941 3541 3998 alterius
3570 3937 3779 4010 signiti-

2192 4048 2407 4105 catione
2435 4045 2585 4102 verbi
2607 4042 2893 4113 explicare
2916 4040 3156 4097 voluisse
3185 4058 3200 4094 :
3228 4037 3468 4093 maxime
3490 4050 3609 4092 cum
3635 4029 3777 4100 apud

2193 4144 2499 4200 llebraaosal
2522 4139 2798 4214 gratiosus
2829 4145 2884 4195 et
2914 4134 3119 4204 gratias
3141 4147 3332 4206 agens,
3362 4144 3495 4199 uno,
3528 4137 3586 4184 ut
3605 4126 3774 4192 aiunt,

2192 4250 2446 4293 sermone
2490 4233 2726 4290 dicatur.
2773 4228 2932 4287 Unde
2979 4235 3037 4283 et
3070 4228 3123 4282 in
3164 4222 3481 4281 Proverbiis
3524 4228 3651 4292 puto
3702 4220 3777 4272 ita

2193 4329 2451 4399 scriptum
2475 4344 2487 4382 :
2513 4331 2639 4403 γυνή
2661 4323 2690 4364 ι’
2718 4324 3038 4400 εὐχάριστοι·
3054 4314 3399 4397 ἕγείριιάνδρί
3423 4311 3586 4386 6&2
3609 4309 3773 4376 δόξαν,

2193 4420 2378 4477 mulier
2407 4428 2554 4493 grata
2583 4416 2799 4473 suscitat
2825 4414 2936 4469 viro
2966 4413 3187 4483 gloriam
3210 4406 3403 4479 (Prov.
3434 4420 3509 4471 xt,
3536 4403 3645 4471 16),
3675 4415 3775 4493 pro

2195 4528 2263 4570 eo
2291 4492 2436 4584 quod
2463 4520 2569 4578 est,
2602 4508 2833 4582 gratiosa
2863 4521 2882 4560 :
2911 4503 3222 4560 videremur
3247 4499 3357 4556 vim
3384 4497 3568 4555 facere
3592 4492 3776 4562 Scrip-

2194 4617 2356 4673 turte,
2388 4615 2447 4662 et
2492 4602 2694 4675 gratias
2732 4606 2988 4683 agentem
3040 4596 3353 4661 mulierem,
3400 4605 3502 4663 pro
3539 4587 3770 4661 gratiosa

2195 4699 2453 4756 audacter
2481 4697 2764 4767 accipere,
2797 4693 2900 4749 nisi
2933 4701 2987 4748 et
3023 4699 3238 4746 emerat
3267 4684 3535 4743 editiones
3576 4690 3774 4738 nostra:

2195 4791 2438 4864 opinioni
2469 4796 2856 4861 congruerent.
2884 4784 3079 4856 Aquila
3104 4783 3248 4839 enim
3289 4789 3347 4837 et
3367 4776 3685 4864 Theodotio,
3714 4782 3772 4828 et

2197 4854 2616 4960 Symmachus;-
2650 4882 2724 4936 ita
2771 4854 3094 4951 posuerunt,
3124 4880 3249 4950 γυνὴ
3288 4874 3531 4947 χάριτος,
3573 4854 3624 4925 id
3660 4875 3768 4932 est,

2197 5025 2249 5081 id
2282 5030 2389 5087 est,
2421 5021 2563 5091 quod
2601 5035 2707 5076 nou
2751 5026 2957 5090 gratam
2986 5024 3163 5083 sonet,
3199 5013 3326 5091 sive
3347 5055 3365 5080 ,
3395 5020 3625 5091 agentem
3655 5024 3775 5083 gra-

2196 5099 2335 5162 tias;
2365 5086 2459 5150 sed
2486 5092 2709 5164 proprie
2734 5086 3040 5164 gratiosam,
3070 5087 3213 5157 quod
3240 5101 3304 5164 ex
3332 5086 3472 5164 sacri
3500 5091 3775 5164 contextus

2186 5150 2355 5233 serie,
2394 5150 2508 5221 turn
2542 5150 2789 5219 veterum
2825 5150 3234 5233 interpretum,
3263 5156 3499 5233 Aquilae,
3524 5150 3772 5233 Theodo-

2197 5220 2397 5304 tionis,
2432 5220 2516 5291 et
2560 5230 2876 5307 Symmachi
2932 5220 3255 5307 auctoritate
3311 5220 3613 5307 conﬁrmat.
3663 5220 3775 5307 N35

2192 5291 2472 5378 antiquam
2505 5291 2794 5378 lectionem
2826 5296 3577 5378 postliminiorevocavitutts.
3605 5291 3773 5378 ——_lta

2190 5366 2525 5454 legit'codex
2558 5366 3071 5454 tu§_.‘Cluu'iacensis
3094 5388 3110 5454 ξ
3134 5373 3217 5454 sic
3238 5384 3457 5454 quoque
3493 5366 3771 5454 legendum

2193 5439 2362 5509 dJcet
2415 5461 2558 5505 totus
2614 5443 2937 5518 Hieronymi
2987 5439 3295 5518 cmitextus.
3352 5439 3584 5518 Putabat
3628 5439 3772 5492 enim

2192 5526 2563 5595 Hieronymus
2605 5520 2764 5595 aliter
2812 5511 3100 5586 legendum
3142 5514 3197 5595 in
3235 5511 3582 5595 lfroyerbiis,
3615 5519 3770 5595 quam

2189 5578 2356 5667 vulgo
2383 5578 2674 5663 lcgeretur,
2707 5589 2760 5667 id
2806 5578 2914 5667 est,
2948 5600 3053 5667 non
3075 5590 3205 5667 γυνή
3224 5585 3564 5667 εὐχάρεᾳτος,

2190 5652 2393 5741 ρναῖὶαε
2420 5652 2578 5736 Egens
2606 5678 2625 5717 :
2651 5652 2747 5741 Sed
2782 5662 2919 5741 γυνὴ.
2948 5652 3243 5741 εὐχάριεςὸς
3260 5652 3503 5723 ,Ἷηὶιιίεν
3529 5652 3770 5726 gratiosa,

2191 5730 2424 5795 venusto
2450 5730 2675 5806 aspectu
2700 5730 2862 5803 atque
2889 5730 3110 5784 decora'.
3142 5730 3319 5784 MART.

2273 5842 2294 5871 ο
2329 5828 2647 5886 Lectionem
2699 5819 3013 5894 hujusmodi
3062 5825 3429 5890 corruperunt
3470 5817 3664 5874 Erasm.
3713 5820 3776 5871 ct
