3962 6338
414 302 527 363 523

1653 302 1712 361 S.
1759 300 2037 361 EUSEBH
2071 302 2457 364 HIERONYMI

3604 305 3711 370 524

410 426 633 492 propter
676 433 800 492 quae
828 418 981 477 venit
1025 418 1108 477 ira
1152 415 1249 475 Dei
1288 432 1456 491 super
1485 416 1629 476 ﬁlios
1662 418 2010 488 difﬁdentiae,
2039 422 2091 483 Α
2118 423 2351 479 stusiste
2372 425 2464 495 qui
2487 424 2660 492 venit,
2683 424 2829 481 illius
2852 425 2945 494 sit,
2963 425 3167 483 bonum
3189 425 3568 483 tantummodo
3589 440 3709 483 esse

406 514 698 585 reperitur.
748 513 820 570 Et
860 514 1132 586 particeps
1172 512 1393 583 quidem
1436 528 1629 569 eorum
1675 523 1789 579 est,
1832 514 1902 569 ab
1944 529 2014 570 eo

408 606 556 679 quod
577 606 961 678 participatur,
993 618 1048 662 et
1072 607 1520 662 communionem
1550 605 1714 662 habet
1744 606 2012 662 malorunt

407 716 637 772 operum
675 701 1122 771 :eomparticeps
1152 715 1287 757 vero
1314 699 1364 756 ei
1404 701 1736 771 appellatur,
1763 700 1853 771 qui
1887 717 2011 756 cum

407 796 531 852 aliis
557 805 641 853 est
663 796 939 868 particeps
976 814 988 850 :
1022 808 1075 852 et
1107 796 1161 850 itt
1193 795 1576 868 comparticipi
1610 795 1936 869 intelligitur
1959 806 2015 852 et

407 892 706 963 particeps.
760 890 819 946 in
860 889 1112 961 participi
1157 906 1291 946 vero
1333 905 1439 945 non
1485 892 1668 946 statim
1704 900 1923 946 tenetur
1959 902 2014 946 et

408 984 832 1053 comparticeps.
878 984 1181 1054 Diligenter
1209 983 1445 1040 observa
1487 984 1715 1040 verbum
1757 1000 2010 1057 compar-

405 1076 584 1144 ticipis
604 1083 774 1147 atque
798 1076 1102 1146 participis.
1124 1076 1264 1132 Puto
1290 1076 1436 1132 enim
1463 1077 1515 1131 in
1546 1077 1847 1148 Scripturis
1874 1093 2003 1150 par-

401 1166 621 1238 ticipem
650 1167 705 1223 in
731 1168 929 1224 bonam
958 1176 1191 1238 partem,
1219 1171 1671 1240 compartieipem
1722 1172 1777 1226 in
1810 1171 2007 1227 malam

404 1276 626 1331 semper
656 1260 854 1332 accipi.
888 1261 1055 1318 Verbi
1095 1262 1270 1334 gratia
1306 1281 1319 1318 :
1353 1262 1581 1334 Propter
1614 1265 1756 1337 quod
1784 1267 1935 1321 unxit
1963 1275 2013 1320 te

397 1352 542 1411 Deus
557 1354 697 1409 Deus
711 1367 852 1425 tuus,
880 1357 994 1412 oleo
1019 1355 1390 1413 exsultationis
1406 1374 1520 1432 pra:
1532 1360 1881 1429 participibus
1906 1361 2010 1415 tuis

401 1446 543 1524 (Ps.
582 1464 730 1518 xuv,
774 1450 892 1523 8);
945 1461 1003 1507 et
1052 1454 1103 1507 in
1144 1451 1257 1508 alio
1300 1451 1421 1507 loco
1473 1469 1487 1506 :
1536 1451 1828 1526 Participes
1870 1453 2010 1507 enim

403 1541 600 1599 Christi
641 1544 771 1615 {acti
794 1561 975 1601 sumus
1008 1562 1028 1603 :
1058 1547 1104 1601 si
1136 1554 1307 1600 tamen
1342 1546 1667 1621 principium
1706 1547 2011 1603 substantia:

403 1654 569 1710 usque
586 1640 655 1694 ad
674 1638 841 1714 6&5
859 1642 1013 1707 ﬁnem
1028 1639 1236 1711 ﬁrmum
1253 1642 1571 1695 tenuerimus
1596 1638 1758 1714 (Heb.
1784 1656 1867 1709 ιιι,
1891 1641 2004 1713 ii).

399 1730 574 1787 Porro
602 1748 711 1789 non
734 1734 959 1789 memini
980 1733 1109 1790 alibi
1133 1750 1220 1789 me
1245 1735 1464 1805 legisse,
1492 1744 1724 1804 excepto
1747 1737 2005 1807 praesenti

399 1826 546 1894 loco,
578 1828 1046 1900 comparticipem:
1090 1828 1146 1884 et
1183 1836 1366 1885 tamen
1414 1828 1761 1885 manifestum
1798 1838 1885 1886 est
1921 1831 2008 1886 hic
2041 1824 2082 1883 ll

400 1937 509 1977 non
541 1921 596 1977 itt
625 1921 768 1977 bona
800 1931 980 1993 parte,
1013 1921 1113 1978 sed
1146 1923 1198 1978 in
1226 1924 1502 1979 contraria
1533 1925 1796 1995 positum.

463 2017 653 2089 (Vers.
697 2017 777 2089 8.)
826 2017 1004 2074 Eratis
1047 2020 1187 2074 enim
1238 2019 1523 2090 aliquando
1562 2021 1785 2077 tenebrat
1816 2037 1835 2076 :
1861 2038 2003 2077 nunc

397 2119 577 2166 autem
602 2111 696 2167 lux
716 2112 772 2166 in
792 2109 1054 2166 Domino.
1074 2112 1129 2167 Si
1162 2113 1430 2184 possibile
1455 2125 1538 2170 est
1571 2114 1711 2170 verti
1739 2114 1791 2170 in
1824 2115 1999 2170 lucem

399 2204 659 2261 tenebras
684 2220 795 2260 non
828 2215 909 2261 est
942 2206 1247 2261 secundum
1281 2206 1549 2277 quosdam
1582 2207 1871 2264 luereticos
1901 2223 1998 2263 na-

397 2307 517 2353 tura
551 2314 673 2365 quae
706 2308 937 2367 pereat,
969 2308 1026 2354 et
1069 2298 1321 2364 recipere
1347 2311 1586 2369 nequeat
1623 2300 1883 2355 salutem.
1913 2299 2000 2355 ln—

392 2397 742 2461 terrogemtts
770 2405 904 2460 ergo
927 2404 1022 2446 eos
1048 2391 1140 2462 qui
1172 2390 1263 2446 illa
1295 2390 1617 2462 conﬁngunt
1644 2410 1658 2447 :
1685 2404 1996 2448 utrumnam

395 2497 592 2538 omnes
621 2482 774 2549 impii
808 2482 1052 2539 tenebrae
1092 2482 1246 2550 sint,
1281 2499 1457 2540 necne
1500 2502 1513 2539 :
1544 2483 1615 2541 de
1644 2486 1845 2557 quibus
1875 2486 1999 2555 qui-

394 2574 522 2629 dam
553 2589 678 2631 eum
708 2584 937 2645 propter
965 2575 1231 2631 malitiam
1266 2578 1507 2634 tenebrae
1534 2591 1896 2646 vocarentur,
1929 2578 1997 2633 ad

399 2667 633 2723 meliora
661 2669 934 2734 conversi,
970 2685 1116 2725 nunc
1148 2669 1240 2725 lux
1272 2672 1627 2741 appellantur
1660 2672 1712 2727 in
1745 2671 1995 2727 Domino.

392 2757 550 2818 Sicut
574 2771 759 2817 autem
786 2761 920 2832 justi
945 2772 1077 2817 sunt
1107 2763 1292 2817 lumen
1325 2764 1512 2819 tuundi
1535 2806 1550 2833 ,
1580 2766 1661 2820 sic
1685 2765 1837 2836 itnpii
1867 2780 2001 2821 con-

405 2860 702 2924 sequenter
750 2854 1001 2910 tenebrae
1050 2856 1430 2923 vocabuntur;
1477 2866 1533 2912 et
1591 2857 1723 2928 justi
1771 2858 1997 2930 quidem

395 2958 520 3000 cum
549 2945 659 3001 sint
686 2947 895 3012 lunteu,
926 2947 1195 3004 videbunt
1224 2948 1408 3006 lumen
1457 2951 1509 3005 iu
1544 2950 1784 3017 lumine;
1818 2952 2000 3025 injusti

398 3046 583 3095 autem
616 3055 743 3096 cum
782 3042 897 3096 sint
931 3042 1175 3098 tenebrae
1200 3086 1212 3107 ,
1250 3044 1491 3115 populus
1530 3054 1656 3100 sunt
1694 3046 1899 3102 sedens
1946 3048 1999 3102 itt

392 3131 661 3201 tenebris,
686 3142 737 3188 et
769 3132 907 3188 ttiltil
938 3133 1153 3189 videns.
1182 3137 1427 3202 Quorum
1458 3136 1825 3193 differentiam
1854 3139 1998 3194 inter

2118 514 2315 591 Deum)
2345 518 2452 574 hoc
2474 520 2847 576 testimonium
2884 521 3251 594 proferamus.
3286 521 3570 594 Siquidem
3602 522 3710 578 fru-

2114 617 2238 663 ctus
2264 608 2425 678 lucis,
2459 627 2566 665 non
2592 614 2766 667 solum
2800 622 2885 670 est
2912 614 2966 670 in
2998 616 3275 683 bonitate;
3305 613 3400 671 sed
3424 615 3478 670 iu
3502 614 3712 686 iustitia

2114 711 2167 755 et
2200 702 2256 755 iu
2287 704 2541 762 veritate.
2569 705 2673 763 bbi
2701 708 2885 781 itaque
2907 709 3127 766 bonitas
3154 719 3260 775 est,
3288 709 3359 765 ibi
3382 720 3434 765 et
3457 709 3709 781 iustitia:

2114 796 2208 852 ubi
2233 797 2442 869 justitia
2472 842 2489 869 ,
2539 801 2610 858 ibi
2650 815 3057 875 consequenter
3086 815 3142 859 et
3171 804 3399 859 veritas.
3431 803 3589 874 Apud
3618 802 3714 858 bo-

2117 907 2243 946 num
2275 908 2406 965 ergo
2436 892 2641 951 Christi
2684 895 2902 953 Patrem
2926 939 2940 962 ,
2975 907 3032 952 ut
3063 897 3167 969 ipsi
3199 912 3418 969 quoque
3450 897 3711 962 fatentur,

2114 992 2200 1040 est
2228 987 2429 1041 veritas
2451 997 2507 1043 et
2533 989 2770 1045 bonitas.
2807 990 2909 1047 Ubi
2936 1002 3118 1046 autem
3153 991 3368 1047 bonitas
3397 999 3455 1045 et
3482 988 3712 1056 veritas,

2113 1080 2257 1147 apud
2289 1080 2497 1151 ipsum,
2530 1094 2585 1138 et
2616 1097 2724 1137 non
2754 1084 2899 1152 apud
2928 1084 3122 1151 alium,
3156 1094 3215 1139 ut
3249 1099 3390 1139 nunc
3415 1080 3715 1155 Apostolus

2115 1172 2302 1239 docet,
2326 1172 2533 1245 justitia
2573 1188 2674 1231 est.
2707 1176 2984 1249 lntelligat
3011 1193 3227 1248 quoque
3263 1176 3504 1233 Marcion
3534 1175 3712 1246 ipsum

2113 1263 2425 1336 Christum,
2450 1265 2758 1327 bonitatem
2777 1313 2791 1338 ,
2824 1273 3114 1328 veritatem
3141 1314 3158 1339 ,
3187 1281 3244 1327 et
3266 1272 3533 1341 justitiam
3576 1285 3716 1324 nun.

2112 1360 2324 1427 cupari.
2351 1359 2661 1416 Bonitatem
2692 1362 2746 1417 in
2791 1376 2859 1417 eo
2880 1362 3026 1432 quod
3056 1378 3165 1418 non
3193 1363 3491 1418 secundum
3522 1376 3713 1431 opera,

2113 1451 2208 1505 sed
2256 1451 2559 1508 secundum
2611 1455 3045 1511 misericordiam
3077 1458 3167 1511 det
3204 1456 3435 1529 gratiam
3483 1456 3713 1511 creden-

2116 1545 2262 1601 tibus
2312 1546 2365 1602 in
2409 1562 2489 1603 se.
2520 1548 2797 1604 Justitiam
2831 1551 2883 1605 in
2911 1565 2977 1607 eo
3003 1592 3017 1616 ,
3049 1550 3180 1606 dum
3216 1550 3510 1620 unicuique
3545 1549 3713 1605 retri-

2113 1636 2228 1692 buit
2259 1639 2402 1710 quod
2432 1653 2693 1698 meretur.
2722 1641 2899 1698 Porro
2919 1645 3227 1712 veritatem,
3260 1644 3388 1698 dum
3418 1644 3538 1715 ipse
3566 1641 3714 1697 solus

2112 1747 2309 1790 causas
2357 1747 2736 1793 creaturarum
2765 1738 3010 1795 omnium
3040 1782 3054 1806 ,
3082 1756 3377 1810 rerumque
3404 1739 3711 1810 cognoscit.

2183 1825 2364 1893 (Vers.
2409 1828 2523 1900 10.)
2564 1829 2848 1886 Probantes
2877 1832 3002 1900 quid
3043 1835 3111 1887 sit
3154 1831 3533 1904 beneplacitum
3572 1828 3710 1885 Deo.

2112 1920 2303 1974 Umnia
2332 1919 2579 1978 facit-uda
2610 1940 2732 1980 cum
2776 1926 3005 1980 consitio
3033 1968 3046 1989 ,
3090 1937 3149 1981 ut
3180 1927 3321 1980 cauti
3366 1935 3531 1996 atque
3560 1925 3716 1980 solli-

2108 2013 2203 2068 citi
2227 2058 2241 2083 ,
2280 2030 2342 2070 ea
2371 2024 2578 2071 tantum
2608 2034 2729 2088 qua:
2756 2019 2955 2073 scimus
2981 2019 3093 2073 Dcn
3123 2022 3362 2090 placere,
3391 2017 3663 2074 faciamus
3697 2036 3711 2075 :

2106 2106 2157 2160 in
2182 2123 2390 2163 morem
2416 2109 2829 2180 prudentissimi
2859 2113 3158 2183 trapezitae,
3186 2114 3275 2184 qui
3305 2112 3575 2183 sculptutn
3610 2128 3706 2167 nu-

2104 2203 2296 2257 tnisma
2330 2220 2434 2258 non
2463 2204 2639 2260 Solum
2683 2206 2865 2271 oculo,
2901 2207 2998 2263 sed
3026 2218 3079 2263 et
3110 2205 3384 2277 pondere,
3416 2217 3473 2262 et
3503 2205 3710 2261 tinnitu

2105 2294 2317 2364 probat.
2363 2295 2502 2363 Quia
2536 2313 2671 2352 vero
2700 2298 2756 2353 in
2788 2298 2894 2354 hoc
2927 2300 3048 2354 loco
3071 2307 3360 2355 contextus
3397 2299 3604 2370 eloquii
3635 2299 3713 2354 vi-

2102 2389 2264 2444 detur
2296 2406 2421 2445 esse
2462 2390 2717 2448 turbatus
2740 2435 2754 2460 ,
2789 2402 2845 2449 et
2873 2403 2984 2448 tota
3023 2404 3243 2448 scatere
3285 2394 3559 2448 sententia
3584 2433 3603 2460 ,
3632 2390 3711 2447 sic

2102 2483 2285 2539 atdiui
2309 2500 2495 2541 sermo
2526 2485 2842 2541 reddendus
2869 2496 2955 2542 est
2987 2505 2999 2540 :
3033 2486 3211 2541 Nolite
3237 2502 3368 2558 ergo
3397 2485 3517 2542 ﬁeri
3547 2501 3708 2540 cont-

2103 2577 2400 2651 participes
2430 2594 2651 2646 eorum,
2698 2580 2994 2649 probantes
3027 2579 3157 2649 quid
3185 2580 3254 2635 sit
3299 2578 3708 2650 beneplacitum

2100 2672 2218 2729 Deo
2250 2691 2262 2727 :
2295 2675 2396 2729 etsi
2429 2674 2574 2728 enim
2605 2676 2773 2729 etatis
2799 2673 3095 2744 aliquando
3119 2676 3360 2730 tenebrat
3386 2716 3403 2741 ,
3435 2688 3581 2729 nunc
3608 2688 3709 2728 au-

2100 2776 2210 2823 tem
2240 2767 2332 2824 lux
2362 2767 2497 2823 estis
2525 2767 2581 2823 in
2613 2770 2842 2823 Domino
2873 2787 2887 2823 :
2914 2769 3066 2839 quasi
3100 2768 3198 2824 ﬁlii
3231 2767 3369 2823 lucis
3394 2767 3704 2832 ambulate,

2100 2858 2309 2916 fructus
2346 2858 2570 2916 luminis
2619 2861 2978 2917 ostendentes
3020 2862 3076 2917 in
3120 2862 3269 2917 omni
3319 2860 3605 2929 bonitate,
3653 2869 3709 2915 ct

2096 2952 2330 3023 justitia,
2358 2963 2414 3009 et
2443 2953 2693 3009 veritate.

2172 3047 2361 3118 (Vers.
2394 3047 2508 3120 11.)
2539 3048 2608 3103 Et
2637 3051 2796 3105 nolite
2845 3053 3229 3107 communicare
3262 3051 3506 3122 aperibus
3535 3052 3705 3125 infru-

2103 3142 2298 3197 ctuosis
2326 3142 2672 3197 tenebrarum.
2707 3142 2776 3197 Et
2802 3144 2868 3198 ad
2889 3144 3107 3200 Galatas
3153 3160 3347 3199 nomeu
3374 3144 3618 3210 fructus,
3648 3143 3705 3200 in

396 3236 461 3279 se
489 3230 651 3294 atque
677 3223 1015 3292 distantiam,
1051 3241 1119 3282 ex
1148 3227 1415 3284 fructibus
1446 3228 1827 3301 intelligimus.
1861 3231 1993 3286 Om-
2020 3193 2069 3258 Ο
2103 3237 2331 3308 spiritu,
2359 3238 2544 3308 operis
2573 3253 2706 3293 vero
2738 3240 2918 3309 posuit
2946 3239 3000 3295 in
3030 3254 3224 3306 carne,
3255 3238 3449 3295 dicens
3482 3257 3495 3294 :
3530 3237 3711 3293 Mani-

395 3314 486 3371 nis
515 3316 666 3371 enim
697 3317 789 3388 qui
820 3327 1083 3388 operatur
1126 3319 1363 3389 malum,
1396 3321 1514 3376 odit
1552 3322 1729 3378 lucem
1757 3367 1770 3391 ,
1807 3333 1863 3379 et
1889 3339 1996 3379 uou

393 3407 626 3466 veniens
653 3408 721 3465 ad
751 3409 925 3467 lucem
950 3453 966 3479 ,
1009 3413 1338 3471 tenebrosus
1382 3425 1468 3471 est
1496 3457 1509 3483 ,
1543 3423 1599 3472 et
1630 3415 1775 3472 ﬁlitts
1819 3418 1998 3474 noctis

394 3511 564 3574 atque
596 3505 968 3560 tenebrarum.
1003 3505 1106 3573 Qui
1132 3521 1267 3562 vero
1293 3518 1557 3579 operatur
1588 3513 1874 3568 veritatem
1896 3555 1912 3581 ,
1946 3522 2002 3569 et

395 3596 454 3651 in
476 3597 653 3652 lucem
680 3598 868 3663 venit,
898 3599 992 3655 lux
1019 3608 1140 3667 est,
1167 3610 1225 3656 et
1253 3599 1399 3657 ﬁlius
1429 3596 1565 3658 lucis
1590 3613 1647 3659 et
1677 3603 1784 3661 diei
1816 3603 1996 3677 (Joan.

398 3702 483 3755 ut,
512 3688 607 3756 20,
634 3688 751 3762 21).
782 3689 1055 3749 Lucentes
1075 3703 1258 3749 autem
1282 3695 1403 3750 sive
1434 3696 1715 3753 tenebrosi
1739 3739 1755 3764 ,
1784 3699 1854 3755 de
1877 3714 2001 3755 cor-

400 3780 488 3836 dis
525 3782 611 3839 vel
640 3783 847 3840 lumine
874 3826 888 3851 ,
919 3786 1005 3840 vel
1057 3786 1303 3843 tenebtis
1350 3799 1782 3861 cognoscuntur.
1824 3793 2000 3866 Super

310 3930 319 3937 ,
396 3873 518 3931 haec
542 3891 800 3946 quaeres,
843 3892 913 3934 ne
941 3878 1086 3937 forte
1127 3883 1199 3936 ob
1230 3882 1644 3942 distinctionem
1684 3903 1873 3942 eorum
1905 3891 1996 3959 qui

394 3965 490 4022 lux
520 3977 683 4038 sunt;
711 3968 812 4025 sed
848 3985 953 4025 uou
983 3982 1113 4027 sunt
1142 3972 1233 4029 lux
1268 3974 1321 4030 in
1351 3974 1603 4048 Domino,
1635 3979 1703 4033 de
1728 3979 1892 4050 jnstis
1918 3984 1997 4035 di-

395 4070 554 4116 catur
581 4077 597 4118 :
629 4079 769 4117 nunc
797 4076 972 4119 autem
998 4065 1093 4120 tua:
1123 4067 1177 4122 in
1204 4066 1453 4123 Domino.
1487 4070 1761 4127 Deceuter
1780 4090 1999 4147 quoque

396 4150 677 4222 Ephesiis,
706 4158 796 4227 qui
834 4158 903 4212 ad
931 4158 1185 4215 scientiae
1213 4175 1480 4217 summam
1510 4166 1954 4223 conscenderant
1980 4211 1996 4236 ,

396 4246 660 4303 scribitur
683 4249 828 4320 quod
857 4252 969 4306 sint
998 4251 1087 4308 lux
1113 4253 1165 4307 in
1196 4253 1450 4310 Domino.
1477 4255 1665 4329 Neque
1689 4275 1819 4316 vero
1846 4270 1998 4317 tene-

398 4338 513 4394 brte
553 4340 686 4409 ipsa:
722 4353 1011 4399 vertuntur
1043 4346 1096 4401 in
1131 4346 1351 4413 lucem;
1383 4356 1477 4403 aut
1514 4350 1608 4405 lux
1650 4349 1704 4406 in
1739 4353 1998 4410 tenebras

401 4445 774 4492 commutatur
802 4454 818 4503 ;
851 4438 947 4493 sed
991 4439 1044 4493 bi
1076 4441 1166 4509 qui
1197 4442 1266 4496 ab
1292 4457 1360 4497 eo
1387 4444 1531 4513 quod
1579 4455 1752 4514 sunt,
1797 4464 1993 4503 nomen

399 4543 618 4600 quoque
650 4530 736 4586 vel
769 4530 985 4589 virtutis
1022 4549 1273 4591 meruere
1295 4578 1311 4603 ,
1352 4537 1441 4591 vel
1468 4539 1587 4593 vitii
1615 4557 1628 4594 :
1660 4540 1707 4594 si
1745 4544 1996 4598 conversi

405 4620 611 4680 fuerint
636 4624 705 4679 de
728 4624 836 4679 alio
861 4626 913 4680 in
935 4626 1107 4698 aliud,
1135 4628 1421 4703 ὁμωνύμως
1447 4630 1533 4687 bis
1562 4633 1729 4690 rebus
1750 4651 1779 4688 a
1805 4636 1999 4705 quibus

397 4714 778 4785 possidentur,
813 4718 903 4774 vel
951 4721 1301 4778 tenebrarum
1324 4765 1339 4788 ,
1372 4723 1459 4779 vel
1500 4724 1641 4781 lucis
1670 4728 1997 4784 vocabulum

403 4810 728 4866 sortientur.

476 4901 546 4959 Ut
572 4902 673 4976 ﬁlii
701 4905 833 4960 lucis
856 4905 1140 4964 ambulate.
1195 4907 1252 4964 Si
1302 4910 1446 4967 Deus
1477 4913 1566 4968 lux
1598 4922 1718 4982 est,
1753 4925 1808 4971 et
1844 4925 1997 4974 tene-

399 4996 518 5053 brae
543 4998 601 5055 in
625 5014 693 5055 eo
720 5014 827 5056 uon
855 5009 1003 5068 sunt,
1035 5002 1131 5056 ﬁlii
1160 5002 1279 5069 Dei,
1313 5003 1411 5059 ﬁlii
1439 5007 1579 5062 lucis
1601 5017 1747 5064 sunt.
1774 5009 1995 5068 Necnon

402 5091 452 5148 si
493 5089 743 5150 Christus
774 5095 864 5150 lux
895 5110 1023 5150 vera
1064 5104 1184 5163 est,
1215 5096 1315 5153 ﬁlii
1346 5114 1565 5171 quoque
1606 5105 1725 5173 ejus
1767 5104 1834 5161 ad
1861 5123 1998 5177 quos

392 5185 660 5259 joquitur,
690 5188 880 5245 dicens
911 5207 922 5243 :
953 5186 1145 5244 Filioli
1171 5192 1272 5246 mei
1297 5234 1312 5259 ,
1342 5196 1514 5248 adhuc
1542 5199 1805 5252 modicum
1831 5202 1999 5255 rubis-

394 5299 516 5339 cum
542 5301 658 5339 sum
689 5284 873 5358 (Joan.
907 5301 1045 5355 xm,
1079 5285 1208 5361 35),
1242 5288 1342 5345 ﬁlii
1371 5305 1519 5346 vera:
1550 5292 1688 5349 lucis
1727 5306 1871 5353 sunt.
1913 5298 1994 5354 Et

388 5392 501 5449 quo
540 5377 817 5449 colligitur
860 5379 1082 5435 eosdem
1128 5380 1274 5437 ﬁlios
1328 5397 1453 5439 esse
1507 5384 1600 5441 Dei
1649 5385 1866 5457 Patris,
1899 5392 1991 5462 qui

394 5479 529 5526 sunt
558 5469 658 5525 ﬁlii
687 5467 895 5526 Christi
922 5470 1073 5528 Jesu.

466 5565 656 5638 (Vers.
691 5566 773 5632 9.)
811 5563 1035 5622 Fructus
1074 5568 1213 5621 enim
1242 5567 1374 5623 lucis
1405 5577 1481 5624 est
1512 5570 1565 5624 in
1600 5574 1740 5627 omni
1769 5574 1995 5634 bonitate

387 5668 436 5715 et
455 5661 668 5735 justitia
693 5668 741 5716 et
768 5659 1002 5718 veritate.
1034 5661 1316 5720 Adversus
1348 5662 1683 5722 Marcionem
1727 5671 1839 5739 (qui
1876 5672 1991 5741 jus-

388 5765 505 5813 tum
541 5753 713 5812 Deum
745 5769 776 5809 a
804 5756 953 5811 bono
982 5765 1221 5828 separat,
1251 5765 1311 5814 et
1338 5767 1492 5830 putat
1517 5756 1839 5820 Creatorem
1868 5780 1989 5824 esse

394 5857 600 5913 nstum;
628 5844 797 5923 646
821 5848 989 5907 alium
1026 5862 1162 5906 vero
1186 5865 1257 5907 ne
1286 5850 1373 5908 cio
1410 5864 1602 5924 quem,
1644 5854 1809 5929 cujus
1829 5855 1985 5916 01]ιί-

2102 3335 2237 3405 festa
2266 3340 2438 3387 autem
2481 3341 2598 3386 sunt
2646 3348 2803 3405 Opera
2848 3335 3022 3388 carnis
3047 3377 3062 3400 ,
3103 3350 3220 3406 qua:
3259 3341 3381 3388 sunt
3425 3332 3709 3403 fornicatio

2104 3426 2306 3505 (Galat.
2336 3445 2394 3495 ν,
2430 3426 2543 3499 19),
2578 3434 2635 3481 et
2675 3426 2908 3497 reliqua.
2954 3424 3185 3481 Fructus
3211 3443 3328 3482 vero
3367 3425 3588 3496 spiritus
3630 3433 3709 3479 est

2102 3523 2351 3589 charitas,
2383 3518 2656 3592 gaudium,
2690 3534 2793 3588 pax
2820 3517 3013 3591 (lbid.,
3036 3518 3129 3589 2'2)
3155 3560 3170 3585 ,
3196 3529 3250 3574 et
3275 3530 3495 3574 caetera.
3531 3516 3709 3572 Porro

2102 3619 2156 3675 in
2188 3620 2628 3690 praesentiarum,
2654 3635 2820 3691 opera
2852 3616 3205 3674 tenebrarum
3237 3612 3577 3669 infructuosa
3608 3628 3709 3683 apo

2101 3712 2333 3783 pellavit
2367 3730 2379 3765 :
2410 3710 2613 3782 quibus
2643 3713 2735 3783 qui
2770 3724 2835 3769 ea
2868 3709 3103 3767 fecerint
3125 3751 3141 3778 ,
3184 3708 3573 3764 communione
3611 3724 3705 3761 so-

2098 3806 2332 3862 ciantur.

2171 3897 2346 3970 Magis
2386 3907 2565 3953 autent
2606 3906 2654 3953 et
2697 3898 2920 3971 arguite.
2970 3896 3117 3953 Iutcr
3155 3901 3352 3950 caetera
3404 3892 3709 3959 mandata,

2099 3991 2269 4048 etiam
2304 4002 2596 4060 peCcantes
2641 4007 2803 4062 posse
2833 4006 3062 4061 arguere
3088 4029 3103 4053 ,
3138 3988 3389 4043 maximae
3428 3986 3709 4041 libertatis

2098 4095 2204 4140 est.
2235 4083 2344 4141 Sed
2379 4085 2481 4139 hoc
2524 4085 2618 4141 ille
2652 4095 2830 4155 potest
2859 4088 3035 4138 facere
3065 4081 3157 4153 qui
3196 4096 3304 4135 non
3337 4089 3580 4135 meretur
3609 4094 3713 4133 au-

2098 4177 2219 4233 dire
2248 4194 2261 4231 ε
2298 4176 2613 4249 Hypocrita,
2642 4176 2771 4248 ejice
2812 4175 3041 4246 primum
3076 4172 3271 4227 trabem
3300 4171 3365 4225 de
3387 4173 3546 4225 oculo
3573 4178 3671 4225 tuo
3692 4213 3706 4233 ,

2097 4281 2145 4325 et
2177 4279 2298 4325 tunc
2339 4270 2532 4344 poteris
2577 4270 2764 4342 ejicere
2800 4268 3055 4339 festucam
3096 4267 3163 4320 de
3203 4264 3354 4319 oculo
3398 4264 3580 4335 fratris
3632 4266 3713 4318 tui

2098 4363 2256 4439 (Luc.
2288 4381 2373 4434 Vl,
2406 4364 2524 4436 ἢ).
2558 4364 2929 4433 Quamobrem
2967 4370 3022 4418 et
3063 4360 3344 4432 prophetae
3366 4402 3383 4426 ,
3417 4360 3562 4415 nulla
3600 4361 3710 4428 ἱρή

2097 4468 2442 4530 peccatorum
2480 4458 2649 4514 sorde
2677 4458 2871 4529 polluti
2897 4501 2911 4527 ,
2958 4473 3062 4513 nec
3090 4455 3446 4511 cauteriatam
3485 4454 3711 4510 haben-

2106 4563 2186 4607 tes
2224 4550 2386 4624 647
2418 4552 2811 4608 conscientiam
2838 4591 2853 4614 ,
2876 4592 2881 4603 .
2905 4559 3156 4621 poterant
3200 4559 3430 4604 exteros
3468 4564 3714 4617 arguete

2105 4647 2506 4718 delinquentes.
2536 4646 2614 4700 Ex
2637 4661 2744 4715 quo
2757 4643 3301 4701 animadvertendum
3323 4657 3444 4697 eum
3464 4656 3716 4713 arguere

2104 4755 2265 4812 posse
2286 4781 2301 4806 ,
2333 4740 2424 4811 qui
2458 4739 2575 4810 ipse
2609 4753 2714 4793 non
2748 4738 3117 4810 redarguatur
3147 4737 3202 4790 in
3232 4736 3551 4805 semetipso.

2174 4833 2354 4908 (Vers.
2390 4832 2506 4905 12.)
2537 4834 2665 4900 Qua:
2688 4834 2825 4887 enirn
2852 4833 3052 4887 occulte
3079 4832 3214 4901 ﬁunt
3241 4829 3305 4884 ab
3324 4830 3422 4897 eis,
3452 4839 3612 4899 turpe
3632 4838 3713 4883 est

2100 4938 2148 4982 et
2179 4928 2369 4983 dicere.
2404 4926 2519 4982 Non
2564 4926 2696 4981 mihi
2735 4925 2953 4982 videtur
2978 4924 3253 4982 sermonis
3294 4935 3445 4981 stare
3470 4934 3716 4978 contex-

2104 5030 2210 5087 tus,
2236 5032 2295 5076 ut
2321 5020 2374 5076 id
2404 5020 2547 5092 quod
2583 5033 2730 5075 nunc
2748 5018 2950 5075 dicitur
2978 5037 2992 5075 ε
3021 5019 3154 5087 Quae
3179 5019 3315 5073 enim
3344 5017 3549 5072 occulte
3568 5017 3716 5087 ﬁunt

2101 5114 2166 5167 ab
2202 5114 2274 5169 eis
2299 5156 2314 5181 ,
2347 5130 2412 5169 ex
2456 5113 2831 5183 superioribus
2866 5113 3100 5183 pendeat
3121 5156 3136 5177 ,
3183 5121 3238 5167 et
3267 5112 3397 5167 sciri
3430 5114 3613 5184 possit
3640 5113 3713 5167 ad

2100 5225 2239 5280 quos
2270 5209 2610 5279 potissimum
2666 5206 3014 5264 referendum
3061 5210 3163 5275 sit,
3211 5210 3314 5263 nisi
3344 5207 3490 5265 forte
3529 5209 3715 5264 altius

2099 5301 2364 5359 reddatur
2392 5301 2729 5375 hyperbaton
2753 5345 2768 5369 ,
2803 5312 2860 5357 et
2884 5301 2951 5357 ad
2988 5301 3127 5358 ﬁlios
3156 5302 3480 5358 difﬁdentiae
3527 5317 3715 5371 copu-

2100 5395 2262 5462 letur,
2315 5404 2375 5450 ut
2416 5410 2615 5450 sonare
2658 5394 2833 5465 possit
2857 5435 2871 5459 ,
2903 5410 3025 5462 quae
3065 5396 3212 5450 enim
3247 5395 3463 5451 occulte
3504 5395 3645 5450 ﬁunt
3678 5412 3711 5449 ει

2098 5488 2222 5544 ﬁliis
2249 5487 2573 5543 difﬁdentite
2598 5527 2614 5554 ,
2646 5494 2807 5556 turpe
2835 5497 2996 5542 estet
3025 5488 3210 5544 dicere
3230 5529 3247 5557 ,
3275 5506 3398 5558 quae
3424 5497 3555 5545 sunt
3583 5488 3711 5546 for-

2096 5580 2301 5636 nicatio
2325 5592 2382 5636 et
2410 5578 2763 5635 immunditia
2788 5592 2847 5635 et
2875 5581 3102 5634 avaritia
3135 5579 3341 5637 omnis.

2165 5672 2509 5747 (\'ers.'13.)
2555 5670 2745 5727 Omnia
2789 5682 2966 5727 autem
3012 5683 3201 5746 arguta
3231 5690 3263 5727 a
3289 5672 3407 5729 luce
3445 5675 3713 5747 manifes-

2091 5778 2269 5823 tnntur
2301 5783 2496 5823 :amne
2535 5767 2673 5823 enim
2699 5768 2840 5839 quod
2880 5769 3267 5842 manifestatur,
3300 5768 3394 5824 tua:
3421 5780 3516 5826 est.
3562 5768 3710 5827 Οιιι-

2091 5860 2213 5927 nia,
2245 5858 2387 5915 baud
2420 5860 2644 5915 dubium
2673 5859 2803 5932 quin
2832 5875 2895 5916 ea
2927 5875 3046 5933 qua:
3074 5859 3299 5917 occulte
3342 5858 3479 5917 ﬁunt
3502 5877 3534 5919 a
3557 5862 3707 5928 ﬁliis
