3962 6338
393 214 500 283 527

1648 213 1709 273 S.
1753 202 2019 274 l-ZUSEBll
2057 201 2438 273 HIERONYMI

3561 217 3660 285 528

371 327 375 336 ’
467 331 650 415 (Vcrs.
683 337 794 407 l6.)
839 337 1163 392 Itetlintmtcs
1197 343 1424 405 tempus,
1452 335 1698 406 quoniam
1727 335 1839 391 dies
1865 335 1993 391 mali
2020 338 2073 396 Α
2099 333 2572 391 mansuetudinem
2597 373 2613 402 ,
2662 327 2824 408 651
2879 331 3264 390 verecundiam
3293 373 3312 403 ,
3371 335 3663 399 castitatem.

393 445 533 495 sunt.
549 436 649 505 Qtti
665 435 883 505 Sapiens
902 442 1071 499 est,et
1091 429 1295 484 idcirco
1317 437 1475 485 caute
1501 429 1764 497 ambulat,
1781 430 1997 484 redimit

392 541 629 602 tempus.
663 529 898 598 Tempus
922 534 1103 580 autem
1136 524 1376 590 redimit,
1405 523 1529 594 quia
1553 522 1670 578 dies
1691 524 1818 578 mali
1843 533 1986 578 sunt.

397 624 624 694 Quando
651 622 704 676 in
735 621 876 675 bono
907 633 1068 689 opere
1090 624 1305 686 tempus
1338 616 1732 682 consumimus,
1761 615 1994 671 emimus

391 718 549 780 illud,
570 727 623 771 et
641 716 918 785 proprium
938 711 1162 766 facimus
1183 708 1325 780 quod
1346 707 1547 764 malitia
1572 707 1847 763 hominum
1863 723 1993 762 vcn-

393 811 564 866 ditntn
593 810 782 864 fuerat.
815 806 1176 862 Netnoautcm
1206 805 1328 859 vita:
1357 803 1513 874 hujus
1531 818 1781 874 qurerens
1805 817 1994 858 neces-

395 907 558 969 saria,
574 915 621 958 et
641 901 920 958 dedivitiis
935 911 988 956 et
1004 899 1475 969 sollicitudinibus,
1492 914 1624 970 quas
1641 897 1990 969 Evangelittm

389 1002 573 1071 Spinas
591 1007 856 1064 nuncupat
879 995 1072 1066 (Marc.
1091 1010 1161 1058 tv,
1175 1004 1223 1048 et
1241 992 1509 1065 Luc.vttt),
1527 993 1789 1064 cogitans,
1811 999 1992 1063 potest

389 1091 495 1146 sibi
512 1103 720 1158 tempus
734 1088 1026 1144 redimere.
1047 1086 1579 1142 Redimentesatttem
1597 1098 1826 1156 tempus,
1847 1085 1990 1155 quod

386 1183 440 1238 itt
470 1182 662 1237 diebus
695 1181 850 1235 malis
874 1189 980 1247 est,
1013 1179 1416 1252 quodammodo
1439 1181 1786 1235 itnmutamus
1815 1178 1944 1234 illud
1971 1197 1986 1237 :

384 1285 441 1331 et
461 1276 576 1331 dies
607 1275 783 1330 malos
805 1277 857 1330 in
881 1276 1053 1330 bonos
1081 1276 1366 1340 vertimus,
1398 1283 1454 1330 et
1483 1273 1713 1331 facimus
1735 1275 1857 1330 illos
1882 1291 1987 1330 non

383 1371 670 1440 praisentis
712 1369 931 1432 srecnli.
965 1367 1063 1424 sed
1108 1368 1297 1423 futuri.
1332 1369 1517 1425 Potest
1560 1378 1614 1424 et
1647 1369 1806 1425 aliter
1837 1370 1988 1426 locns

383 1465 482 1519 iste
513 1462 745 1518 edisseri
774 1482 784 1517 :
818 1462 984 1534 650
1008 1463 1051 1518 Ο
1079 1478 1176 1518 vos
1205 1462 1445 1534 Ephesii,
1476 1465 1674 1535 quibus
1703 1464 1771 1520 de
1794 1480 1990 1520 somno

380 1555 569 1610 surculi
617 1553 773 1611 istius
823 1556 1248 1626 exsurgentibns
1292 1555 1374 1610 sol
1414 1555 1641 1625 justititc
1695 1565 1850 1612 ortus
1904 1566 1990 1613 est

379 1649 656 1713 Christus,
685 1657 842 1704 caute
862 1649 1136 1704 ambulate
1156 1658 1318 1719 atque
1343 1650 1642 1720 prudenter
1668 1667 1680 1704 :
1705 1659 1758 1706 et
1781 1649 1987 1721 abjeeta

2097 431 2199 500 Qtti
2244 430 2391 496 vino,
2431 429 2592 486 habet
2631 429 3007 500 insipientiam
3030 470 3045 496 ,
3079 430 3352 496 furorem,
3383 433 3667 501 procacita-

2098 533 2234 592 tem,
2267 525 2570 581 libidinem.
2604 524 2721 580 Hoc
2743 524 2945 595 quippe
2969 524 3185 579 mstimo
3207 540 3316 580 uno
3339 523 3499 580 verbo
3523 527 3671 599 signi-

2099 618 2261 674 ficare
2291 617 2585 674 luxuriam.
2617 615 2773 687 Quod
2801 619 2849 674 si
2880 619 3100 690 quidam
3124 618 3504 690 intelligerent,
3534 638 3669 678 nutu-

2095 728 2256 784 quam
2297 729 2383 768 me
2413 712 2736 769 temeritatis
2777 722 2831 768 et
2870 712 3152 769 haereseos
3180 714 3501 785 arguissent,
3543 718 3668 787 quod

2095 815 2122 844 ει
2152 807 2202 861 in
2228 806 2540 878 virginitate
2573 806 2840 862 servanda
2882 806 3122 862 dixerim
3154 805 3338 861 vinum
3383 806 3673 867 adulescen-

2095 899 2223 955 tulis
2254 899 2639 955 declinandum
2664 941 2679 965 ,
2726 908 2782 955 et
2827 914 2934 954 non
2965 898 3293 955 mittendum
3333 915 3492 970 super
3535 902 3669 958 llam-

2093 1008 2236 1049 mam
2261 993 2463 1061 nlenm,
2499 1007 2599 1048 nec
2629 993 2929 1048 naturalem
2958 992 3138 1048 carnis
3158 990 3411 1049 ardorem
3441 993 3670 1053 fomentis

2094 1074 2391 1158 voluptatis
2433 1085 2765 1157 augendum.
2814 1085 2998 1141 Potest
3031 1096 3211 1142 autem
3243 1087 3457 1153 vinum,
3490 1089 3539 1142 in
3575 1106 3669 1158 quo

2089 1193 2176 1240 est
2201 1184 2437 1253 luxuria,
2471 1195 2528 1241 et
2565 1183 2702 1240 illud
2734 1182 2932 1255 accipi,
2964 1183 3030 1239 de
3063 1199 3170 1256 quo
3199 1184 3250 1239 in
3281 1185 3492 1240 cantico
3517 1184 3670 1257 Μυῖςί

2089 1275 2291 1332 dicitur
2321 1295 2334 1332 :
2364 1275 2544 1332 Furor
2570 1277 2852 1332 draconum
2874 1278 3045 1331 vinum
3071 1293 3271 1342 eorum,
3299 1287 3348 1332 et
3378 1279 3522 1348 furor
3545 1281 3672 1348 aspi-

2089 1369 2214 1424 dunt
2262 1369 2568 1425 insanabilis
2598 1369 2775 1442 (Deut.
2812 1385 2982 1434 xxxii,
3013 1370 3102 1438 ’55)
3151 1387 3164 1424 :
3198 1369 3338 1440 quod
3385 1386 3565 1428 omnes
3591 1373 3670 1443 qui

2089 1465 2278 1522 stt-culi
2310 1464 2463 1520 istius
2488 1465 2821 1537 cogitatione
2851 1474 2974 1520 sunt
3010 1464 3174 1532 ebrii,
3226 1463 3418 1520 bibunt
3452 1478 3502 1522 et
3545 1467 3671 1522 insa-

2090 1559 2271 1625 niunt,
2316 1567 2371 1613 et
2397 1567 2647 1623 vomunt,
2697 1569 2752 1613 et
2783 1557 3089 1628 przecipitcs
3119 1569 3405 1613 corruunt.
3448 1557 3674 1628 Etjuxta

2090 1652 2444 1723 Lapitharum
2469 1695 2484 1720 ,
2523 1649 3029 1718 Centaurorumque
3060 1649 3338 1718 fabulam,
3367 1651 3420 1706 in
3445 1662 3672 1707 tnutuunt

379 1743 712 1813 insipientia,
748 1751 928 1797 tenete
951 1741 1301 1812 sapientiam,
1330 1758 1606 1813 perquam
1632 1743 1850 1813 possitis
1871 1760 1978 1799 non
2011 1745 2058 1806 Β
2085 1744 2330 1800 feruntur
2359 1742 2604 1798 exitium.
2653 1740 2788 1798 lluic
2819 1743 2944 1798 vino
2975 1741 3113 1797 illud
3145 1743 3329 1799 vinum
3355 1750 3674 1800 contrarium

377 1852 500 1890 cum
533 1836 794 1891 varietate
826 1843 1128 1904 temporum
1155 1836 1479 1889 commutari
1505 1851 1520 1900 ;
1565 1834 1662 1889 sed
1691 1835 1980 1891 diversita-

380 1942 488 1986 tem
521 1940 824 2001 temporum
852 1929 1010 1984 vobis
1032 1944 1199 1983 unum
1234 1938 1446 2000 tempus
1476 1927 1720 1985 efficere.
1753 1930 1820 1985 Et
1853 1930 1977 2002 quia

376 2035 507 2082 sunt
556 2025 803 2097 plurima:
853 2025 1262 2095 persecutiones
1317 2025 1414 2094 (in
1464 2025 1732 2096 principio
1777 2026 1977 2096 quippe

377 2122 503 2176 lidei
549 2119 944 2191 prOpemodum
981 2118 1223 2190 quotidie
1270 2117 1609 2174 vexabantur
1670 2118 1973 2190 Ecclesiae),

374 2235 539 2274 unum
587 2226 766 2272 tenete
806 2233 1048 2284 cursum,
1093 2227 1145 2270 et
1179 2214 1284 2272 hoc
1309 2215 1504 2271 scitote
1529 2216 1878 2284 servandum,
1913 2225 1974 2270 ut

372 2329 482 2368 non
507 2313 558 2367 in
585 2327 791 2367 morem
817 2311 989 2380 stulti,
1012 2310 1166 2382 quasi
1197 2310 1322 2365 luna
1353 2309 1633 2366 mutemini
1660 2326 1674 2376 ;
1704 2309 1798 2365 sed
1827 2309 1970 2379 quod

372 2409 544 2465 semel
574 2407 841 2479 coepistis,
867 2409 1020 2463 lirma
1050 2419 1234 2465 mente
1257 2409 1485 2466 teneatis
1510 2425 1525 2463 :
1553 2425 1622 2465 ne
1646 2408 1900 2466 videlicet
1924 2407 1968 2465 si

374 2513 775 2572 persecutorem
803 2500 1042 2573 judicem
1093 2501 1368 2567 videritis,
1393 2510 1448 2557 et
1486 2517 1585 2558 vos
1614 2518 1736 2559 cum
1774 2502 1972 2573 jndicis

366 2596 646 2651 voluntate
676 2593 978 2650 mtttemini.
1023 2594 1258 2650 Rursum
1311 2595 1355 2649 si
1390 2594 1529 2651 alius
1571 2595 1842 2664 dogmatis
1870 2609 1967 2651 ve-

366 2687 466 2742 stri
511 2687 760 2742 laudator
797 2686 1103 2755 advenerit,
1142 2703 1241 2743 vos
1281 2688 1557 2743 fateamini
1589 2687 1965 2756 Christianos;

361 2779 458 2835 sed
488 2779 637 2850 quod
668 2779 822 2846 eSliS,
857 2779 1006 2835 omni
1039 2791 1286 2852 tempore
1317 2789 1617 2837 reservate.
1647 2781 1878 2854 Aliquod
1901 2783 1968 2840 de

363 2872 659 2940 Seripturis
681 2886 945 2943 ponamus
968 2873 1298 2944 exemplum,
1325 2883 1382 2929 ut
1413 2874 1556 2945 quod
1581 2873 1810 2931 dicimus
1853 2891 1968 2931 ma-

361 2965 611 3023 nifestius
657 2966 770 3022 fiat.
831 2965 1034 3037 Joseph
1080 2984 1244 3022 unum
1302 2966 1535 3024 habebat
1587 2968 1962 3040 propositum,

358 3061 577 3132 placere
609 3062 739 3117 Deo.
783 3060 899 3117 lloc
944 3061 1091 3116 nulla
1119 3062 1380 3117 varietate
1421 3062 1680 3132 temporis
1709 3062 1963 3119 immuta-

2083 1843 2169 1892 est
2195 1835 2341 1908 quod
2365 1833 2629 1891 Dominus
2655 1850 2716 1890 se
2743 1834 3028 1890 nobiscum
3069 1834 3122 1891 itt
3154 1851 3324 1907 regno
3358 1852 3462 1892 suo
3490 1838 3676 1892 bibitu-

2081 1947 2202 1986 rutn
2235 1946 2358 1987 esse
2385 1929 2652 2002 promittit
2674 1928 2870 2003 (Marc.
2908 1929 3044 2002 xtv).
3079 1928 3422 2000 Frequenter
3459 1943 3678 1986 annota.

2081 2023 2281 2095 vimus,
2324 2039 2524 2079 nomen
2567 2023 2794 2094 spiritus
2833 2022 3038 2094 absque
3070 2023 3468 2092 additamento,
3505 2025 3557 2080 in
3583 2024 3675 2082 bo-

2079 2131 2204 2172 nam
2235 2118 2474 2188 positum
2507 2127 2715 2187 partem
2752 2133 2767 2172 :
2809 2117 2955 2188 quod
2984 2117 3204 2190 quidem
3231 2120 3397 2175 etiam
3421 2135 3562 2175 nunc
3583 2119 3674 2176 ob-

2077 2201 2408 2268 servandum
2435 2211 2670 2266 videtur.

2149 2303 2334 2376 (Vers.
2383 2302 2494 2376 t9.)
2535 2303 2824 2378 Loquentes
2849 2305 3224 2378 nobismetipsis
3250 2308 3303 2363 in
3336 2309 3555 2378 psallitis
3578 2352 3592 2378 ,
3631 2317 3677 2363 et

2074 2396 2300 2470 hymnis,
2327 2409 2374 2452 et
2400 2398 2611 2453 canticis
2633 2399 3019 2469 spiritualibus,
3037 2409 3305 2456 cantantes
3331 2410 3380 2456 et
3407 2402 3676 2472 psallentes

2073 2491 2127 2545 in
2181 2489 2422 2545 cordibus
2469 2490 2646 2546 vestris
2693 2489 2937 2546 Domino.
2991 2492 3096 2560 Qui
3143 2509 3203 2549 se
3246 2495 3584 2550 abstinuerit
3611 2495 3675 2547 ab

2073 2585 2337 2640 ebrietate
2367 2584 2501 2654 vini,
2533 2584 2585 2640 in
2613 2601 2720 2656 quo
2748 2594 2834 2641 est
2861 2585 3073 2642 luxnria
3092 2627 3109 2654 ,
3142 2598 3197 2642 et
3228 2604 3326 2658 pro
3352 2587 3457 2644 hoc
3486 2587 3672 2658 spiritu

2072 2674 2236 2732 fuerit
2264 2677 2545 2747 impletus,
2585 2678 2684 2733 iste
2712 2676 2895 2732 omnia
2939 2686 3119 2749 potest
3143 2679 3398 2749 accipere
3429 2682 3678 2751 spiritua-

2073 2769 2222 2837 liter,
2273 2771 2533 2840 psalmos,
2580 2769 2834 2841 hymnos,
2869 2780 2924 2825 et
2955 2774 3186 2828 cantica.
3215 2772 3356 2840 Quid
3379 2788 3563 2830 amem
3595 2772 3674 2828 in-

2071 2863 2221 2918 tersit
2278 2864 2422 2919 inter
2479 2864 2747 2934 psalmum
2791 2873 2846 2919 et
2881 2863 3139 2936 hymnum
3189 2877 3243 2922 et
3287 2867 3592 2930 canticum,
3625 2865 3675 2921 in

2075 2954 2348 3012 Psalterio
2376 2956 2697 3028 plenissime
2723 2956 3004 3013 discimus.
3033 2957 3185 3016 Nunc
3214 2972 3408 3017 autem
3444 2962 3675 3018 breviter

2073 3047 2301 3117 hymnos
2331 3062 2454 3103 esse
2482 3048 2796 3117 dicendum,
2821 3052 2911 3121 qui
2936 3050 3306 3108 fortitudinem
3341 3065 3399 3110 et
3427 3054 3680 3125 majesta-

363 3165 475 3212 tum
507 3164 592 3212 est
619 3173 630 3210 :
674 3171 773 3212 nec
809 3155 1038 3210 fratrum
1069 3155 1290 3223 invidia,
1327 3170 1427 3212 nec
1452 3156 1962 3212 conditione-servi-

2075 3149 2178 3197 tem
2213 3140 2508 3212 prmdicant
2546 3143 2666 3210 Dei,
2711 3153 2766 3200 et
2792 3146 3036 3216 ejusdem
3071 3164 3311 3219 semper,
3357 3151 3450 3207 vel
3483 3150 3678 3207 benefi-

358 3250 513 3318 tutis,
547 3264 648 3304 nec
679 3249 854 3303 relatis
881 3248 1180 3315 illecebris,
1204 3263 1305 3304 nec
1328 3247 1564 3304 domina:
1592 3248 1957 3318 repromissis,

359 3357 463 3399 nec
491 3343 748 3414 squalore
788 3341 1047 3410 carceris,
1087 3357 1188 3398 nec
1229 3352 1417 3413 postea
1448 3354 1660 3398 tumore
1690 3341 1959 3414 Egyptia:

351 3438 637 3508 potestatis
667 3454 682 3493 :
730 3436 824 3492 sed
854 3451 1070 3507 semper
1101 3453 1242 3492 unus
1274 3437 1394 3500 fuit,
1429 3445 1486 3492 et
1523 3437 1870 3505 varietatem,
1903 3447 1960 3492 ut

352 3532 610 3599 diximus,
643 3540 947 3600 temporum
976 3530 1079 3586 sibi
1114 3529 1415 3596 redimens,
1443 3531 1616 3584 malos
1645 3529 1762 3585 dies
1795 3530 1960 3586 vertit

355 3623 408 3679 in
437 3622 629 3678 bonos.
655 3621 770 3677 Hoc
797 3621 940 3676 idem
965 3629 1020 3675 et
1061 3620 1128 3675 de
1157 3619 1259 3676 Job
1293 3620 1636 3675 sentiendum
1660 3629 1774 3686 est,
1815 3621 1956 3691 quod

350 3732 448 3788 per
476 3715 622 3771 varia
650 3723 987 3771 tentamenta
1019 3723 1273 3778 vexatus,
1300 3727 1398 3768 nec
1417 3712 1648 3781 divitiis,
1683 3727 1781 3769 nec
1807 3714 1958 3769 dam-

348 3810 455 3877 nis,
513 3824 615 3865 nec
665 3807 932 3872 orbitate,
973 3821 1074 3862 nec
1119 3807 1377 3873 vulnere,
1414 3821 1513 3862 nec
1539 3807 1958 3876 exprobratione

350 3903 674 3968 amicorum,
705 3915 804 3955 nec
835 3897 1155 3968 solitudine,
1183 3913 1283 3954 nec
1314 3907 1502 3968 postea
1534 3898 1800 3955 bonorum
1839 3915 1957 3957 om-

351 3996 501 4050 nium
537 3993 886 4049 restitutione
909 3999 1150 4046 mutatus
1178 4001 1282 4048 est.
1317 3990 1645 4048 Redetncrat
1677 3994 1822 4050 enim
1853 3995 1956 4053 sibi

344 4099 581 4157 tempus,
606 4099 659 4142 et
687 4088 803 4143 dies
829 4087 1002 4142 malos
1029 4085 1233 4142 fecerat
1266 4086 1462 4142 bonos.

423 4183 602 4254 (Vers.
638 4181 749 4254 l7.)
803 4180 1028 4252 Propter
1052 4181 1191 4248 quod
1213 4182 1374 4235 nolite
1404 4181 1532 4253 rﬂici
1559 4184 1911 4253 imprudentes
1938 4204 1955 4240 .'

346 4276 436 4331 sed
484 4274 758 4345 itttclligite
804 4289 919 4344 qua:
967 4274 1037 4327 sit
1088 4273 1325 4327 voluntas
1371 4271 1490 4327 Dei.
1548 4274 1688 4343 Quia
1742 4285 1956 4348 tempus

344 4369 543 4422 malum
559 4377 659 4432 est,
678 4379 750 4433 et,
771 4366 1082 4435 sicutsupra
1099 4364 1354 4433 diximus,
1374 4367 1769 4433 redimendum,
1792 4384 1956 4439 appe-

347 4461 510 4516 tenda
539 4471 663 4514 ante
697 4458 962 4530 sapientia
995 4466 1112 4525 est,
1147 4469 1204 4512 ut
1229 4474 1330 4528 per
1361 4456 1508 4512 illam
1534 4452 1835 4531 intelligere
1863 4477 1956 4515 va-

2064 3235 2171 3303 cia,
2206 3235 2292 3291 vel
2322 3234 2460 3292 facta
2507 3238 2799 3294 mirantur.
2833 3239 2985 3308 Quod
3029 3257 3221 3297 omnes
3258 3243 3467 3314 psalmi
3507 3242 3680 3299 conti-

2065 3335 2221 3394 nent,
2256 3329 2454 3401 quibus
2495 3346 2778 3399 ALLELUIA,
2810 3335 2895 3389 vel
2932 3335 3311 3406 praepositum,
3350 3338 3439 3392 vel
3493 3335 3677 3408 subje-

2063 3433 2209 3477 ctum
2237 3432 2341 3489 est,
2383 3423 2575 3494 psalmi
2607 3435 2791 3481 autem
2837 3426 3054 3498 proprie
3104 3429 3172 3483 ad
3198 3429 3453 3486 ethicum
3499 3431 3677 3484 ιοι-ιιιιι

2063 3519 2359 3588 pertinent,
2386 3526 2446 3574 ut
2470 3534 2565 3590 per
2589 3535 2852 3590 organum
2877 3522 3152 3593 corporis,
3179 3523 3309 3596 quid
3335 3524 3678 3588 faciendum,

2063 3621 2117 3666 et
2146 3609 2275 3682 quid
2305 3611 2585 3668 vitandum
2619 3613 2712 3681 sit,
2757 3615 3094 3672 noverimus.
3129 3615 3231 3684 Qui
3255 3633 3392 3674 vero
3419 3618 3494 3674 de
3517 3633 3680 3688 supc-

2059 3703 2302 3760 rioribus
2347 3704 2606 3777 disputat,
2650 3715 2706 3764 et
2743 3719 3066 3764 concentum
3096 3709 3281 3765 mundi
3311 3714 3680 3782 omniumque

2059 3807 2432 3853 creaturarum
2466 3797 2714 3855 ordinem
2753 3810 2918 3872 atque
2941 3801 3292 3858 concordiam
3318 3803 3554 3859 subtilis
3575 3803 3684 3858 dis-

2061 3898 2279 3961 putator
2307 3888 2585 3960 edisserit,
2617 3896 2720 3948 iste
2751 3893 3036 3960 spirituale
3067 3895 3342 3952 canticum
3372 3898 3554 3952 canit.
3585 3895 3680 3951 Vel

2058 3995 2210 4041 certe
2245 3987 2328 4055 (ut
2358 3995 2578 4057 pmpter
2607 3985 2969 4058 simpliciores
3012 3986 3350 4043 manifestius
3383 3987 3542 4061 quod
3589 4003 3688 4044 vo-

2059 4078 2257 4146 lumus,
2288 4079 2632 4151 eloquamur)
2652 4080 2895 4151 psalmus
2917 4079 2987 4136 ad
3012 4082 3556 4153 corpuszcantitum
3591 4098 3681 4139 re-

2060 4173 2232 4230 fertur
2259 4174 2326 4230 ad
2381 4185 2644 4231 mentem.
2683 4177 2750 4232 Et
2791 4192 2992 4234 canere
3019 4176 3186 4248 igitur
3214 4187 3269 4233 et
3311 4179 3598 4249 psallere,
3630 4189 3687 4234 ct

2061 4266 2282 4322 laudare
2310 4267 2476 4340 652
2503 4267 2793 4323 Dominum
2818 4270 2990 4340 magis
3014 4272 3194 4323 animo
3221 4285 3388 4340 quam
3417 4286 3560 4327 voce
3589 4271 3685 4326 de-

2059 4360 2270 4415 bemus.
2317 4361 2430 4416 lluc
2475 4371 2560 4417 est
2596 4363 2794 4433 quippe
2818 4363 2960 4434 quod
2988 4362 3188 4419 dicitur
3224 4382 3236 4418 :
3295 4363 3598 4422 Cantantes
3636 4375 3686 4421 et

2057 4453 2336 4527 psallentes
2377 4457 2428 4511 in
2471 4457 2711 4511 cordibus
2745 4461 2926 4512 vestris
2970 4457 3210 4513 Damiuo.
3258 4459 3517 4518 Andinnt
3566 4463 3713 4518 lucc.

344 4554 553 4609 leamus
604 4567 723 4619 quae
768 4553 841 4605 sit
889 4549 1144 4605 voluntas
1186 4551 1298 4605 Dei.
1331 4549 1446 4606 Non
1479 4550 1628 4607 enim
1667 4567 1954 4623 possumus
1980 4545 2034 4605 D
2059 4548 2452 4605 adolescentuli
2483 4567 2495 4605 :
2525 4547 2749 4606 audiant
2779 4552 2829 4605 hi
2864 4551 3061 4622 quibus
3098 4553 3360 4622 psallendi
3399 4555 3460 4610 in
3501 4556 3687 4612 cccle-

342 4657 505 4703 caute
533 4645 852 4711 ambulare,
887 4643 992 4699 nisi
1023 4643 1172 4714 prius
1206 4644 1474 4700 intellecta
1513 4647 1790 4703 voluntate
1831 4647 1949 4703 Dei.

341 4741 394 4795 ln
449 4738 599 4794 omni
643 4753 773 4809 ergo
823 4751 990 4806 opere
1048 4738 1277 4805 primum
1318 4737 1778 4794 considerandum
1816 4739 1948 4811 quid

339 4833 470 4888 velit
503 4832 642 4886 Deus
673 4847 687 4885 :
723 4838 778 4883 et
821 4827 1269 4897 habitojudieio,
1305 4828 1355 4883 id
1387 4838 1578 4900 postea
1614 4831 1942 4901 faciendum,

338 4924 479 4996 quod
514 4923 587 4977 illi
616 4923 838 4992 placere
867 4919 1030 4974 fuerit
1055 4919 1484 4988 comprobatum.

409 5017 594 5091 (Vers.
632 5013 745 5086 l8.)
777 5013 842 5066 Et
867 5013 1027 5067 nolite
1055 5011 1299 5066 inebriari
1326 5015 1465 5081 cina,
1491 5015 1544 5070 in
1566 5033 1668 5088 quo
1694 5027 1766 5073 est
1798 5019 1944 5075 luxu-

2053 4736 2178 4792 dum

2049 4831 2195 4886 dulci
2226 4831 2586 4888 medicamine
2630 4833 3018 4901 colliniendas,
3046 4848 3106 4890 ut
3145 4837 3195 4891 itt
3239 4837 3488 4895 ecclesia
3523 4841 3686 4896 thea-

2056 4644 2135 4698 sia
2165 4644 2403 4700 ofticinm
2434 4654 2547 4714 est,
2583 4645 2696 4702 Deo
2735 4661 2845 4701 non
2884 4661 3051 4709 voce.
3097 4647 3192 4702 sed
3233 4648 3411 4706 corde
3448 4663 3688 4706 cantan-

2226 4757 2240 4792 ;
2283 4753 2381 4793 nec
2416 4739 2468 4794 in
2503 4739 2870 4810 tragoedorum
2914 4740 3134 4798 modum
3170 4753 3360 4814 guttur
3392 4756 3455 4801 et
3494 4744 3686 4803 fauces

2057 4925 2220 4981 trales
2245 4925 2446 4981 moduli
2475 4928 2760 4982 audiantur
2785 4937 2841 4984 et
2868 4929 3103 4996 cantica,
3137 4931 3231 4986 sed
3263 4933 3313 4986 in
3351 4934 3595 5003 timore,
3627 4934 3686 4990 in

2046 5035 2235 5090 Opere,
2274 5019 2327 5075 itt
2369 5021 2596 5076 scientia
2628 5023 3050 5092 Scripturarnnt.
3074 5023 3330 5093 Quamvis
3363 5030 3446 5083 sit
3479 5029 3691 5101 aliquis

2049 5123 2106 5168 ut
2136 5114 2315 5169 solent
2340 5113 2414 5168 illi
2445 5113 2720 5184 appellare
2748 5115 3067 5189 κακόφωνος,
3109 5117 3154 5172 si
3193 5118 3334 5174 bana
3367 5137 3558 5190 Opera
3592 5125 3690 5177 ha-

1998 5261 2000 5263 .
2050 5206 2175 5261 buct
2195 5207 2252 5274 it,
2283 5205 2457 5261 dulcis
2496 5206 2637 5278 apud
2671 5206 2838 5263 Deum
2867 5220 3057 5264 eantnr
3075 5219 3184 5264 est.
3211 5209 3302 5265 Sic
3325 5223 3538 5269 cantet
3568 5230 3691 5270 ser-

2049 5315 2151 5355 vus
2181 5298 2404 5365 Christi,
2439 5313 2494 5355 ut
2525 5316 2630 5356 non
2663 5317 2766 5356 Vox
2798 5303 3064 5370 canentis,
3091 5303 3185 5360 sed
3216 5305 3389 5360 verba
3419 5307 3692 5376 placeant

2048 5407 2169 5463 quae
2220 5392 2471 5463 leguntur
2504 5411 2517 5448 :
2553 5405 2611 5449 ut
2649 5394 2875 5466 spiritus
2907 5396 3079 5452 malus
3109 5397 3201 5468 qui
3239 5406 3360 5453 erat
3403 5398 3462 5456 in
3513 5401 3690 5458 Saule

335 5114 415 5166 ria
445 5128 464 5166 :
491 5111 581 5164 sed
606 5107 930 5179 impleamini
957 5107 1168 5179 spiritu.
1203 5108 1487 5175 Quomodo
1513 5127 1621 5166 non
1652 5129 1944 5183 possumus

335 5205 550 5260 duobus
579 5203 818 5258 dominis
855 5203 1091 5268 servire,
1133 5201 1244 5257 Deo
1276 5212 1329 5258 et
1365 5217 1688 5259 mammona:
1720 5203 1939 5278 (Matth.

328 5299 440 5368 vt):
469 5299 545 5354 sic
572 5313 679 5352 non
707 5310 994 5365 possumus
1015 5295 1213 5365 spiritu
1240 5293 1456 5364 impleri
1478 5295 1770 5365 pariter,et
1792 5288 1937 5353 vino.

330 5392 430 5460 Qui
480 5390 626 5447 enim
677 5375 871 5461 spiritu
929 5388 1208 5460 impletur,
1260 5386 1422 5443 habet
1475 5388 1844 5458 prudentiam,
1888 5400 1942 5447 et

410 5605 436 5633 ⁸
475 5595 697 5652 Scilicet
740 5593 792 5647 in
837 5592 1052 5655 libello,
1084 5593 1198 5648 sive
1239 5589 1467 5662 epistola
1498 5590 1569 5646 εξ
1593 5591 1661 5647 de
1691 5591 1927 5662 Virgini-

325 5675 439 5722 tate
465 5666 750 5734 servanda,
783 5665 850 5719 ad
875 5663 1248 5728 Eustochium,
1283 5681 1427 5734 num.
1457 5665 1490 5719 8
1521 5678 1535 5716 :
1567 5663 1683 5717 lloc
1707 5666 1931 5734 primum

326 5755 534 5808 moneo,
583 5735 679 5794 hoc
730 5733 973 5814 abtestor,
1016 5745 1068 5792 ut
1109 5752 1295 5808 sponsa
1328 5733 1519 5791 Christi
1553 5733 1724 5791 vinum
1762 5737 1930 5809 fugiat

2038 5612 2134 5666 pro
2178 5611 2366 5678 veneno
2401 5613 2420 5652 :
2453 5597 2562 5654 lucc
2595 5600 2841 5656 adversus
2885 5601 3281 5661 adolescentiam
3300 5606 3496 5678 prima
3527 5626 3685 5665 arma

2036 5678 2153 5723 sunt
2183 5669 2492 5742 dtemonum,
2521 5681 2625 5728 etc.
