3962 6338
215 366 305 428 £29

215 482 252 559 (1
270 481 382 552 Reg.
411 478 543 552 xu),
570 478 823 552 ejiciatur
850 479 920 536 ab
947 479 1032 537 his
1061 479 1154 553 qui
1192 479 1445 539 similiter
1471 482 1542 538 ab
1568 497 1636 540 eo
1658 497 1776 553 pos-
1805 484 1861 549 Α

208 575 442 639 sidentur,
457 581 510 629 et
529 587 633 627 non
659 572 1040 630 introducatur
1060 573 1117 631 in
1146 589 1241 631 eos
1265 576 1358 648 qui
1384 574 1456 634 de
1483 577 1577 634 Dei
1609 580 1774 634 domo

210 679 232 706 ⁸
254 682 453 726 scenam
479 667 653 724 fecere
676 666 1023 738 populorum.

261 761 424 833 (Vers.
451 759 571 832 90.)
600 758 811 817 Gratias
844 771 1057 835 agentes
1080 779 1283 834 semper
1304 780 1400 838 pro
1429 764 1686 831 omnibus,
1718 765 1773 822 in

207 854 380 909 nomine
409 850 613 908 Domini
638 854 807 909 nostri
833 852 960 909 Iesu
988 853 1184 911 Christi
1216 854 1325 912 Deo
1350 864 1400 911 et
1431 854 1600 913 Patri.
1637 857 1774 915 lluic

203 923 307 1017 quid
333 945 506 1002 simile
529 954 585 1002 rt
610 946 663 1001 in
691 945 936 1018 Epistula
962 948 1030 1003 ad
1051 947 1576 1008 Tbessalonicenses
1598 951 1772 1020 prima

202 1039 425 1108 militum
470 1046 555 1094 est
605 1056 618 1094 :
676 1038 897 1108 Semper
935 1040 1175 1112 gaudete,
1226 1041 1336 1097 sine
1388 1042 1774 1100 intermissione

200 1145 343 1203 orate,
371 1133 422 1187 in
451 1132 689 1188 omnibus
716 1134 916 1207 gratias
941 1134 1082 1206 agile
1128 1133 1174 1208 (Ι
1200 1134 1385 1193 Thess.
1427 1153 1481 1207 ν,
1524 1136 1614 1205 16,
1656 1139 1766 1211 17).

198 1228 326 1299 Quod
374 1236 699 1300 praeceptum
747 1229 841 1284 ille
898 1228 1048 1285 solus
1102 1228 1377 1287 custodire
1418 1238 1635 1303 potest,
1679 1233 1770 1303 qui

197 1322 499 1395 pmvidemia
547 1322 641 1378 Dei
693 1321 845 1378 novit
884 1322 1050 1379 etiam
1095 1323 1336 1395 quinque
1366 1339 1644 1393 passeres,
1677 1325 1768 1397 qui

196 1414 462 1472 Vrndut‘tltll'
493 1414 789 1485 dipondio,
821 1415 1116 1488 gubernari
1149 1436 1163 1472 :
1195 1432 1426 1488 quorum
1475 1434 1614 1475 unus
1659 1434 1768 1477 non

193 1508 313 1565 cadit
360 1507 413 1564 iu
462 1506 720 1580 laqueum
769 1507 892 1564 sine
922 1507 1100 1564 Patris
1139 1508 1419 1568 voluntate
1465 1509 1619 1585 (Luc.
1648 1512 1765 1576 xu).

194 1602 323 1675 Quod
359 1613 539 1659 autem
571 1602 649 1659 ait
676 1620 691 1659 :
721 1602 933 1660 Gratias
961 1615 1194 1678 agentes,
1227 1614 1275 1662 et
1315 1623 1543 1681 semper,
1582 1616 1628 1663 et
1677 1624 1770 1682 pro

197 1695 424 1759 omnibus,
457 1693 758 1767 dupliciter
783 1696 1141 1764 intuendum,
1186 1706 1245 1753 ut
1283 1706 1337 1754 et
1367 1699 1420 1755 in
1451 1700 1599 1756 omni
1631 1709 1770 1755 tem-

195 1806 322 1859 pore,
349 1797 401 1845 et
431 1804 532 1862 pro
565 1789 822 1848 omnibus
849 1806 969 1862 qua:
996 1789 1155 1848 nobis
1183 1792 1468 1861 accidunt,
1501 1793 1619 1850 Deo
1644 1810 1768 1865 gra-

653 361 1316 424 COIMENTWIORUM
1353 364 1422 423 ΙΝ
1459 364 1859 427 EPISTULA)!
1899 366 1994 426 AD
2033 366 2370 427 EPHESIOS
2408 367 2538 426 LIB.
2581 368 2676 430 Ill.
2715 369 2873 429 CAP.
2915 369 2984 430 V.‘

3368 375 3480 436 530

2161 482 2216 549 Si
2237 481 2421 549 fractus
2449 482 2674 549 illabatur
2703 485 2860 549 orbis,

2161 544 2464 609 Impavidum
2487 544 2669 598 ferient
2687 544 2861 598 ruinae}

1874 649 1975 719 Qui
2015 658 2221 719 autem,
2251 651 2388 708 sicut
2416 651 2674 719 diximus,
2703 654 2906 724 gratias
2944 654 3056 725 agit
3084 655 3196 713 Deo
3220 666 3278 715 ct
3307 658 3503 731 Patri,

1874 741 1928 799 in
1955 742 2254 799 mcdiatore
2279 743 2373 799 Dei
2398 752 2451 799 et
2473 743 3303 805 hominumreferateastristo
3324 752 3484 808 Jesu:

1873 835 1996 910 quia
2020 835 2125 892 nisi
2160 851 2255 906 per
2279 836 2431 893 illum
2455 838 2719 895 accedere
2745 854 2851 895 non
2869 840 3116 898 valemus
3143 843 3210 899 ad
3239 844 3482 902 Patrem.

1947 927 2128 999 (Vere.
2158 928 2277 999 21.)
2309 928 2545 1003 Subjesti
2571 931 2787 988 inuicem
2827 935 2880 988 in
2921 934 3105 991 timore
3131 935 3345 992 Christi.
3377 936 3495 994 At:-

1873 1020 2025 1078 diant
2051 1020 2165 1078 haec
2191 1020 2455 1093 episcOpi.
2485 1023 2709 1081 audiant
2739 1026 3067 1101 presbyteri,
3095 1028 3277 1086 audiat
3307 1032 3487 1089 omnis

1874 1116 2009 1173 ordo
2039 1117 2328 1174 doctorum
2360 1133 2373 1173 :
2406 1118 2667 1190 subjectis
2697 1123 2813 1178 suis
2842 1138 2902 1178 se
2931 1138 3055 1181 esse
3086 1125 3391 1197 subjectos.
3426 1138 3485 1184 et

1871 1209 2151 1267 imitentur
2179 1210 2451 1268 dicentem
2481 1213 2802 1285 Apostolum
2838 1235 2849 1271 :
2877 1215 3004 1272 Cum
3028 1218 3163 1274 enim
3179 1235 3337 1276 essem
3355 1220 3485 1291 liber

1869 1319 1935 1359 ex
1961 1302 2217 1365 omnibus,
2251 1304 2487 1359 omnibus
2522 1307 2777 1380 meipsum
2802 1324 3006 1365 servum
3035 1311 3168 1382 feci,
3216 1321 3272 1367 ut
3304 1310 3480 1369 omnes

1873 1394 2233 1470 lucrifacerem
2274 1396 2319 1469 (Ι
2360 1396 2480 1452 Cor.
2524 1414 2574 1453 ις
2599 1442 2616 1469 ,
2659 1400 2774 1465 19).
2823 1399 2890 1456 Ει
2928 1400 2981 1456 in
3021 1402 3128 1457 alio
3168 1403 3292 1460 loco
3326 1423 3340 1460 :
3378 1404 3485 1461 Per

1873 1490 2176 1547 charitntem
2199 1492 2383 1549 seruile
2413 1493 2628 1549 invicem
2652 1492 2852 1567 (Colat.
2884 1511 2941 1562 ν,
2970 1497 3081 1568 15).
3109 1495 3266 1555 Unde
3290 1510 3341 1553 ct
3370 1500 3486 1572 ipse

1870 1583 2065 1641 eadem
2094 1584 2365 1643 charitate
2396 1587 2653 1644 omnibus
2678 1587 2921 1661 gentium
2951 1591 3176 1646 servivit
3201 1592 3484 1649 Ecclesiis.

1872 1674 2129 1734 Salvator
2162 1693 2381 1751 quoque
2418 1679 2649 1736 formam
2690 1680 2834 1737 servi
2873 1683 3106 1752 accepit,
3148 1690 3210 1739 ut
3251 1686 3486 1742 serviret

1868 1771 2153 1845 discipulis
2180 1773 2318 1838 suis.
2351 1785 2406 1832 et
2435 1774 2600 1845 pedes
2627 1791 2815 1833 eorum
2840 1776 2969 1834 lavit
2996 1777 3177 1849 (Joan.
3201 1781 3344 1855 xm).
3374 1783 3487 1840 lloc

200 1887 282 1942 ms
313 1884 609 1942 referamus
655 1903 671 1940 ε
710 1895 765 1941 u,
819 1903 926 1945 non
964 1894 1177 1943 unum,
1213 1902 1312 1960 pro
1350 1886 1434 1943 his
1463 1904 1586 1960 qua,
1623 1888 1764 1945 Imm,
1796 1890 1843 1952 Β
1871 1864 2107 1960 interest
2150 1867 2295 1960 inter
2332 1868 2589 1926 Gentium
2627 1871 2907 1943 principes
2933 1880 2991 1928 et
3018 1872 3484 1948 Christianorum,

192 1990 431 2051 putamus,
461 1981 562 2038 sed
610 1981 775 2037 etiam
818 1997 941 2052 qua:
992 1997 1092 2038 nos
1142 1990 1446 2055 coarctant,
1493 1993 1548 2039 et
1574 1992 1765 2041 contra

191 2081 394 2128 nostram
443 2071 678 2129 veniunt
728 2072 1066 2130 voluntatem
1097 2115 1115 2143 ,
1168 2074 1223 2129 in
1282 2075 1376 2132 Dei
1429 2075 1764 2147 pra'conium

191 2181 315 2223 mens
341 2165 455 2222 ιω
491 2175 858 2239 prorumpat,
886 2176 944 2224 et
968 2167 1259 2227 dicamus:
1302 2170 1498 2226 Nudus
1534 2172 1669 2228 exivi
1699 2172 1765 2228 de

190 2272 309 2314 utero
338 2262 513 2317 matris
564 2276 718 2330 mete,
768 2261 945 2317 nudus
994 2274 1043 2321 et
1089 2264 1298 2319 redeam
1342 2280 1360 2320 :
1403 2266 1537 2322 sicut
1565 2266 1765 2340 placuit

191 2352 398 2419 Domino,
445 2355 523 2411 ita
554 2358 757 2431 factum
795 2366 870 2414 est
902 2373 921 2413 :
971 2359 1038 2414 sit
1076 2376 1263 2416 nomen
1295 2358 1510 2417 Domini
1553 2361 1765 2418 benedi-

188 2456 302 2502 ctum
354 2446 471 2522 (Job
523 2465 568 2517 ι,
614 2448 731 2523 21).
768 2449 896 2509 Haec
934 2453 1081 2509 actio
1113 2455 1414 2525 gratiarum
1453 2454 1597 2528 apud
1637 2472 1764 2527 prti-

187 2540 346 2598 dentcs
371 2543 540 2611 viros,
561 2553 624 2600 et
653 2544 987 2617 generaliter
1010 2553 1068 2601 ct
1085 2547 1398 2618 specialiter
1418 2549 1759 2606 observatur.

186 2635 510 2713 Generaliter,
551 2648 614 2695 ut
648 2640 856 2711 gratias
883 2655 1107 2713 agamus
1133 2640 1248 2698 Deo
1268 2683 1283 2706 .
1314 2642 1459 2713 quod
1493 2643 1650 2700 nobis
1679 2644 1759 2699 sol

186 2726 349 2798 ori'ur,
375 2731 493 2789 dies
520 2731 732 2803 currit,
765 2749 878 2792 nox
915 2742 1157 2793 mutatur
1184 2735 1239 2792 in
1267 2737 1538 2809 requiem,
1572 2738 1757 2811 splen-

184 2821 292 2881 dere
326 2825 460 2883 luna:
493 2826 744 2883 tenebras
776 2835 1172 2898 temperantur,
1202 2837 1258 2885 et
1290 2839 1419 2885 ortu
1451 2844 1761 2904 occasuque

184 2917 430 2975 elcllamm
454 2927 707 2991 tempora
730 2929 1031 2988 mutantur,
1049 2929 1104 2977 et
1130 2920 1363 2979 redeunt
1387 2939 1403 2977 :
1432 2922 1577 2995 quod
1603 2924 1761 2981 nobis

184 3008 389 3065 serviunt
421 3011 664 3080 pluviae,
714 3022 854 3068 terra
883 3011 1134 3084 parturit,
1179 3013 1453 3071 elementa
1496 3014 1762 3074 famulan-

185 3104 432 3177 tur:quod
458 3114 631 3162 tanta;
660 3106 976 3164 animalium
1003 3102 1322 3175 varietates,
1346 3109 1431 3167 vel
1458 3110 1526 3167 ad
1549 3112 1758 3170 vehen-

183 3194 306 3260 dum,
348 3199 426 3253 vel
458 3199 528 3255 ad
553 3200 915 3272 operantium,
946 3202 1033 3258 vel
1056 3202 1123 3259 ad
1163 3204 1530 3274 vescendum,
1571 3206 1656 3264 vel
1688 3207 1756 3264 ad

1869 1956 2013 2029 quod
2055 1958 2138 2014 illi
2178 1958 2533 2018 dominantur
2572 1962 2830 2029 subditis,
2874 1979 2975 2021 nos
3015 1966 3310 2036 servimus,
3341 1976 3396 2025 et
3429 1969 3483 2024 in

1866 2068 1935 2110 eo
1958 2054 2196 2127 majores
2223 2072 2432 2126 sumus,
2466 2058 2513 2114 si
2545 2058 2752 2132 minimi
2783 2059 3027 2116 omnium
3059 2060 3344 2118 fuerimus.
3375 2062 3485 2120 Sed

1865 2158 1922 2205 et
1951 2152 2056 2208 hoc
2083 2152 2228 2222 quod
2256 2154 2333 2208 ait
2366 2170 2381 2209 :
2410 2151 2476 2208 In
2504 2153 2688 2211 timore
2721 2154 2938 2225 Christi,
2966 2159 3045 2213 sic
3075 2159 3481 2230 accipiendum,

1866 2250 1926 2297 ut
1972 2242 2087 2311 ipsa
2138 2244 2408 2314 subjectio
2457 2261 2565 2303 non
2617 2257 2842 2319 propter
2880 2248 3161 2307 hominum
3202 2251 3470 2323 gloriam,

1861 2334 2029 2409 655
2073 2337 2169 2393 sed
2221 2346 2448 2409 propter
2487 2339 2744 2397 timorem
2784 2340 2985 2397 CltriSIi
3015 2342 3130 2411 ﬁat,
3163 2343 3292 2399 dum
3325 2345 3481 2401 illum

1867 2427 2128 2485 timemus
2169 2428 2473 2492 oll'endere.
2507 2430 2664 2487 Alius
2705 2448 2840 2487 vero
2873 2433 2954 2490 sic
2981 2430 3431 2505 interpretabitur
3465 2454 3480 2492 :

1862 2522 2081 2597 subjecti
2123 2523 2338 2580 invicem
2381 2526 2436 2581 in
2476 2526 2659 2582 timore
2698 2525 2944 2583 Christi:
2979 2538 3035 2582 ut
3078 2532 3220 2586 hanc
3249 2540 3480 2587 senten-

1866 2619 1996 2673 tiam
2025 2619 2342 2688 generalem
2373 2620 2426 2675 in
2459 2622 2926 2693 consequentibus
2956 2622 3120 2679 dividi
3142 2624 3287 2680 dicat
3311 2636 3478 2697 atque

1863 2709 2050 2781 partiri
2076 2728 2090 2765 :
2120 2710 2365 2768 Mulieres
2384 2712 2507 2769 viris
2526 2714 2637 2769 suis
2656 2715 2873 2786 subdita:
2892 2716 3030 2782 sint;
3056 2725 3112 2772 et
3136 2734 3150 2772 :
3175 2715 3327 2783 Filii,
3353 2719 3476 2775 obe-

1862 2802 1969 2860 dite
1995 2804 2328 2877 parentibus;
2355 2815 2410 2862 et
2440 2823 2456 2862 :
2492 2805 2673 2873 Servi,
2703 2806 2904 2863 obedile
2931 2808 3151 2864 dominis
3177 2811 3476 2867 carnalibus

1862 2914 1981 2953 cum
2004 2900 2181 2955 timore
2201 2909 2249 2955 et
2270 2909 2486 2956 tremore
2509 2917 2527 2954 :
2551 2909 2609 2957 ut
2628 2916 2732 2957 non
2759 2902 2934 2957 solum
2959 2920 3094 2959 uxor
3123 2905 3261 2970 viro,
3292 2914 3345 2960 et
3379 2906 3477 2962 lilii

1862 2993 2222 3062 parentibus,
2250 3001 2307 3049 et
2342 2996 2486 3051 servi
2516 2994 2793 3063 dominis;
2826 2996 2921 3052 sed
2955 2998 3118 3054 etiam
3147 2998 3252 3054 viri
3284 3000 3475 3057 mulie-

1863 3085 2035 3151 ribus,
2064 3085 2219 3153 juxta
2248 3086 2489 3144 ofﬁcium
2506 3090 2648 3160 quod
2674 3103 3003 3162 praeceptum
3036 3102 3122 3149 est
3153 3110 3168 3148 :
3202 3101 3258 3148 ct
3288 3105 3473 3165 patres

1864 3177 2009 3246 liliis,
2042 3194 2109 3234 nc
2151 3179 2277 3236 illos
2316 3180 2385 3236 ad
2416 3181 2752 3239 iracundiam
2790 3194 3099 3255 provocent
3129 3204 3143 3240 :
3176 3195 3230 3242 et
3258 3187 3446 3242 domin

183 3297 384 3359 “sum”,
411 3293 495 3348 vel
526 3292 598 3349 ad
631 3293 796 3368 653
826 3269 1160 3368 e‘émp‘um,
1200 3299 1287 3354 vel
1326 3300 1394 3355 ad
1433 3269 1756 3358 mancum“
1785 3286 1832 3351 ο
1863 3269 2059 3368 servis,
2084 3279 2143 3326 ut
2169 3273 2456 3368 remittant
2482 3274 2683 3342 minas,
2714 3285 2765 3329 et
2797 3276 3080 3347 prmbeant
3109 3278 3196 3334 his
3226 3294 3344 3351 qua:
3374 3279 3472 3334 ba-

182 3381 296 3440 datre
318 3396 438 3444 sunt
470 3407 484 3444 :
515 3402 573 3445 et
605 3390 673 3444 ad
704 3398 1030 3458 extremum,
1058 3392 1208 3463 quod
1239 3393 1350 3449 nati
1380 3409 1590 3463 sumus,
1614 3396 1759 3464 quod

182 3479 518 3552 subsistimus,
552 3484 701 3553 quod
731 3486 789 3542 in
823 3487 1026 3542 mundo
1050 3488 1203 3559 quasi
1248 3486 1303 3544 in
1335 3489 1568 3559 quadam
1594 3489 1759 3547 domo

184 3575 510 3641 potentissimi
553 3575 966 3645 patrisfamilias
1010 3580 1448 3648 procurationem
1493 3583 1756 3653 gerimus,

182 3676 221 3717 cl
242 3674 397 3722 totum
434 3662 709 3741 quidquid
741 3669 795 3726 in
826 3669 1031 3727 mundo
1060 3683 1180 3740 est,
1208 3674 1377 3730 nostri
1406 3689 1567 3731 causa
1600 3675 1759 3733 intel-

181 3758 362 3827 ligimus
388 3773 768 3834 procreatum.
799 3765 1127 3838 Specialitcr
1155 3784 1304 3836 vero,
1333 3770 1549 3838 quando
1576 3771 1630 3827 iu
1662 3770 1757 3829 Dei

178 3850 423 3912 beneﬁciis
450 3873 580 3929 qua:
612 3857 772 3913 nobis
801 3858 1088 3923 accedunt,
1119 3862 1477 3932 gratulamur.
1514 3862 1624 3920 Sed
1652 3863 1758 3921 hoc

179 3956 221 4001 et
242 3951 443 4017 gentilis
472 3951 636 4021 facit,
665 3960 723 4007 et
752 3952 994 4022 Judteus,
1019 3963 1077 4012 et
1108 3954 1453 4028 publicanus,
1489 3966 1547 4015 et
1569 3958 1748 4015 ethni-

176 4056 271 4101 cos.
300 4045 749 4105 Christianorum
795 4049 1013 4122 prepria
1042 4051 1218 4107 virtus
1245 4060 1359 4119 est,
1391 4052 1557 4109 etiam
1587 4052 1643 4109 in
1671 4053 1758 4110 bis

175 4151 274 4205 (Γπ
315 4140 544 4200 adversa
599 4152 876 4213 putamur.
924 4144 1129 4203 referre
1153 4146 1357 4218 gratias
1393 4149 1662 4207 Creatori.
1696 4151 1754 4209 Si

174 4227 339 4288 domus
389 4236 710 4303 corruerit,
754 4236 799 4292 si
844 4239 1221 4295 amantissima
1270 4254 1499 4305 uxorct
1536 4242 1628 4299 lilii
1667 4244 1754 4299 vel

175 4326 479 4395 captivitate,
512 4328 601 4386 vel
634 4345 869 4397 veneno,
894 4333 977 4388 vel
1003 4333 1285 4404 naufragio
1311 4332 1599 4406 intercepti
1623 4338 1752 4405 sint,

174 4416 210 4469 si
228 4417 431 4476 divitias
454 4422 864 4493 proscriptione
895 4425 1255 4499 perdidimus,
1288 4428 1334 4484 si
1363 4429 1650 4486 sanitatem
1675 4431 1757 4486 iu-

173 4514 515 4571 nnmerabites
542 4515 754 4585 morbi,
782 4528 836 4573 et
876 4532 1094 4589 semper
1122 4524 1490 4592 exspectanda
1539 4524 1755 4582 miseris

173 4601 393 4675 podagne
419 4607 680 4664 debilitas
704 4609 946 4683 lregerit.
975 4611 1081 4682 Qui
1106 4612 1209 4668 sibi
1231 4617 1536 4685 sanctiores
1559 4616 1751 4673 viden-

1862 3365 1991 3420 bcnt
2031 3367 2361 3433 necesmria,
2410 3367 2643 3425 invicem
2687 3369 2798 3427 sint
2837 3371 3072 3442 subjecti
3116 3389 3128 3425 :
3172 3382 3230 3428 et
3270 3373 3468 3430 hoch

1860 3459 2069 3516 Christi
2109 3461 2306 3518 timore
2346 3461 2545 3520 iaciant
2578 3482 2591 3518 :
2627 3473 2689 3520 ut
2719 3467 2995 3537 quomodo
3020 3469 3201 3524 servis
3231 3472 3343 3524 suis
3372 3469 3471 3525 iuit

1859 3552 1950 3608 illc
1983 3553 2260 3622 subjectus
2294 3573 2308 3611 :
2340 3558 2420 3614 sic
2449 3566 2501 3613 et
2541 3557 2595 3614 hi
2648 3560 2738 3631 qui
2768 3561 3004 3630 majores
3034 3562 3311 3631 videntur,
3342 3565 3472 3619 sub-

1858 3648 2122 3718 jiciantur
2151 3652 2454 3708 minoribus
2484 3654 2597 3710 suis
2628 3654 2910 3712 reddendo
2931 3656 3109 3713 ofﬁcia
3137 3657 3475 3729 qnzejubeu-
3514 3704 3519 3709 .

1858 3756 1968 3807 tur.
2011 3751 2310 3809 Possumus
2350 3752 2439 3811 hic
2472 3754 2720 3812 timorem
2762 3763 2818 3812 et
2856 3772 2955 3827 pro
2983 3758 3242 3826 ιύλαϐεία,
3278 3757 3329 3812 id
3361 3767 3468 3822 est,

1857 3847 2146 3901 reverentia
2180 3847 2453 3913 accipere,
2494 3864 2617 3919 qua!
2658 3849 2833 3920 magis
2864 3851 3045 3905 vicina
3073 3862 3157 3907 est
3186 3852 3464 3907 charitati.

1856 3936 2208 4010 Nequaquam
2247 3940 2390 3996 enim
2418 3943 2677 3999 convenit
2709 3942 2985 4014 Ephesiis,
3024 3953 3086 4001 ut
3117 3946 3315 4001 timore
3341 3946 3473 4016 quid

1866 4031 2089 4098 faciant,
2119 4042 2175 4088 et
2206 4049 2310 4088 non
2343 4035 2638 4093 dilectione
2665 4037 2893 4094 Christi.

1926 4125 2112 4191 (νει-ς.
2140 4127 2233 4193 22,
2265 4126 2381 4198 2‘5.)
2411 4128 2661 4185 Mulieres
2690 4130 2814 4185 viris
2840 4130 2949 4184 suis
2978 4130 3197 4186 subdita:
3226 4133 3326 4186 sint
3354 4134 3459 4187 35c-

1856 4229 1911 4274 ut
1952 4218 2174 4276 Domino
2215 4237 2233 4275 :
2269 4223 2513 4293 quoniam
2550 4225 2630 4280 vir
2672 4234 2827 4295 caput
2864 4234 2939 4280 est
2968 4225 3226 4294 mulieris,
3256 4227 3387 4283 sicut
3417 4237 3467 4283 et

1858 4313 2093 4372 Christus
2128 4326 2282 4389 caput
2326 4317 2589 4376 Ecclesiae.
2622 4320 2736 4376 Hoc
2766 4321 2911 4391 quod
2956 4320 3009 4378 in
3042 4321 3249 4379 Latinis
3277 4339 3464 4380 exem-

1858 4407 2101 4473 plaribus
2127 4409 2372 4466 additum
2400 4422 2506 4477 est.
2534 4412 2753 4468 subdita:
2776 4413 2899 4476 sint.
2931 4417 2986 4469 in
3015 4413 3224 4471 Graecis
3253 4416 3462 4472 codici-

1858 4498 1959 4557 bus
1996 4516 2107 4556 non
2151 4501 2384 4559 habetur
2423 4522 2435 4558 :
2484 4505 2749 4574 siquidem
2783 4506 2848 4561 ad
2879 4507 3165 4573 superiora
3195 4510 3459 4577 refertur,

1861 4600 1916 4646 et
1945 4591 2270 4650 subauditur
2304 4610 2319 4649 :
2351 4595 2589 4661 Subieeti
2620 4598 2832 4653 invicem
2863 4599 2915 4654 in
2943 4602 3129 4655 timore
3157 4601 3375 4667 Christi,
3401 4614 3463 4659 ut

171 4705 260 4761 tur,
280 4703 457 4759 solent
489 4706 601 4760 Deo
626 4706 836 4765 referre
860 4708 1066 4779 gratias
1091 4708 1235 4777 qttod
1261 4709 1328 4766 de
1358 4711 1633 4781 periculis,
1663 4714 1748 4769 vel

1865 4687 1958 4742 imi
1984 4694 2147 4743 κοινοῦ
2175 4700 2393 4745 resonet
2423 4690 2706 4761 subjectae,
2730 4700 2778 4746 et
2806 4694 3043 4750 mulieres
3069 4696 3193 4751 uiris
3219 4697 3326 4751 suis
3351 4697 3457 4752 sic-

168 4790 223 4846 dc
249 4795 483 4854 miseriis
514 4797 733 4855 liberati
777 4809 926 4856 sunt.
957 4799 1064 4858 Sed
1095 4801 1248 4873 juxta
1274 4803 1596 4873 Apostolum
1630 4805 1747 4861 haec

170 4886 314 4944 virtus
341 4902 428 4948 cst
472 4893 732 4964 maxima,
761 4904 822 4952 ut
850 4896 902 4952 in
936 4895 1070 4968 ipsis
1096 4898 1352 4969 periculis
1379 4910 1546 4972 atque
1575 4901 1747 4959 mise-

168 4988 264 5054 riis.
297 4992 405 5051 Deo
429 4997 624 5068 gratiae
653 4997 984 5065 referantur,
1011 5008 1067 5055 et
1095 5014 1311 5071 semper
1338 4998 1622 5058 dicamus:
1650 5001 1753 5057 Be-

169 5095 391 5155 nedictus
424 5100 567 5157 Deus
588 5143 604 5169 ,
634 5103 846 5157 minora
875 5119 963 5159 me
992 5102 1110 5160 scio
1147 5102 1419 5162 sustinere
1443 5120 1604 5176 quam
1634 5122 1751 5161 me-

166 5211 313 5256 reor:
350 5200 474 5260 ba'c
501 5204 566 5261 ad
606 5220 725 5261 mea
755 5215 979 5277 peccata
1016 5222 1179 5278 parva
1204 5217 1336 5263 sunt
1384 5225 1399 5265 :
1450 5209 1581 5266 nihil
1615 5210 1749 5266 mihi

166 5297 363 5371 dignum
390 5304 660 5363 redditur.
694 5305 792 5364 llic
818 5307 1036 5364 animus
1055 5308 1351 5365 Christiani
1378 5319 1485 5376 est,
1513 5310 1599 5366 hic
1626 5327 1752 5367 cru-

165 5413 267 5457 cem
308 5420 465 5462 suam
512 5407 732 5475 tollens,
776 5410 1026 5481 sequitur
1061 5409 1423 5476 Salvatorem,
1454 5428 1614 5484 quem
1648 5428 1748 5469 nec

168 5500 374 5572 orbitas,
400 5521 509 5564 nec
526 5508 725 5566 damna
752 5509 1058 5569 debilitant.
1090 5511 1285 5583 Quem,
1314 5522 1375 5569 ut
1418 5512 1645 5570 Flaccus
1694 5513 1749 5571 in

167 5600 320 5672 lyrica
343 5598 588 5669 carmine
615 5614 731 5670 ait:

227 5730 266 5801 fg
288 5723 456 5782 Vetus
480 5727 589 5801 haec
621 5730 990 5801 damnataque
1018 5733 1143 5790 licet
1171 5750 1200 5789 a
1242 5733 1492 5792 l‘atrihns
1520 5750 1748 5792 consue-

166 5791 282 5873 μειἀο
316 5801 472 5873 viget;
495 5800 655 5857 hodie
696 5804 748 5858 iu
781 5791 1028 5860 ecclesiis
1049 5808 1295 5873 hiostris,
1329 5807 1431 5870 uhij
1457 5791 1747 5863 audiuntur

164 5862 692 5931 theatrales'moduli
725 5883 782 5932 et
825 5876 1000 5933 dulcia
1041 5862 1294 5951 (antea;
1322 5862 1441 5952 qua:
1483 5880 1547 5936 de
1579 5862 1743 5938 domo

1848 4786 1903 4832 ut
1957 4778 2202 4834 Domino.
2244 4781 2351 4837 Sed
2408 4784 2510 4840 hoc
2566 4787 2739 4854 magis
2778 4786 2830 4840 itt
2869 4786 3063 4843 Grtcco
3102 4788 3458 4857 int“llit;ittit',

1851 4870 2011 4941 quam
2053 4875 2106 4930 in
2152 4875 2365 4933 Latino.
2410 4879 2697 4947 Quomodo
2738 4881 2922 4951 itaque
2962 4881 3179 4939 Cliri-to
3283 4879 3461 4952 biecta

1852 4976 1934 5021 cst
1975 4966 2218 5023 Ecclesia
2268 4986 2282 5024 :
2327 4969 2403 5025 sic
2436 4970 2679 5038 subjecta
2710 4974 2780 5027 sit
2811 4990 2950 5029 uxor
2978 4975 3097 5030 viro
3126 4992 3246 5032 suo.
3285 4981 3454 5043 Quem
3522 5010 3524 5016 ι

1854 5060 1999 5115 cnim
2046 5061 2203 5118 habet
2251 5062 2612 5131 principatum
2656 5075 2711 5121 ct
2753 5065 3149 5133 subiectionem
3204 5068 3455 5123 Christus

1854 5164 1909 5209 et
1938 5153 2202 5219 Ecclesia,
2219 5153 2345 5210 huic
2371 5155 2549 5212 eidem
2574 5156 2748 5211 ordini
2774 5159 3002 5217 maritus
3028 5169 3082 5214 ct
3105 5175 3242 5215 uxor
3263 5161 3460 5215 astrin-

1851 5246 2019 5314 gitttr.
2050 5245 2157 5303 Sed
2188 5246 2506 5314 videndum,
2540 5259 2597 5304 ut
2627 5249 2905 5318 quomodo
2937 5252 2990 5306 in
3029 5250 3274 5319 Christo,
3308 5263 3363 5309 et
3396 5253 3448 5309 in

1854 5338 2097 5396 Ecclesia
2140 5350 2328 5415 saneta
2367 5340 2679 5412 conjunctio
2720 5352 2801 5399 est
2836 5360 2847 5397 :
2886 5343 2959 5398 ita
3005 5352 3061 5400 et
3090 5344 3143 5399 in
3172 5345 3289 5401 viro
3315 5356 3369 5402 et
3399 5346 3452 5402 in

1855 5435 2086 5491 muliere
2129 5444 2316 5492 sancta
2357 5428 2686 5506 sit'copula.
2731 5436 2888 5493 Sicut
2926 5447 3104 5493 autem
3137 5456 3241 5495 non
3275 5442 3454 5496 omnis

1853 5531 2202 5600 congregatio
2244 5529 2626 5603 limreticorum
2667 5528 3163 5593 ChristiEcclesia
3204 5532 3312 5588 dici
3360 5548 3458 5605 po-

1861 5629 1990 5690 test,
2031 5636 2130 5678 nec
2169 5632 2335 5694 caput
2375 5638 2564 5680 eorum
2603 5624 2854 5680 Christus
2894 5632 2982 5680 est
3012 5644 3027 5682 :
3055 5627 3133 5682 sic
3160 5644 3267 5683 non
3294 5643 3459 5684 omne

1856 5736 1957 5811 Dei
2006 5752 2224 5795 scenam
2275 5740 2479 5796 faciunt
2524 5741 2848 5811 populorum
2905 5745 3347 5801 convenientium
3392 5746 3461 5803 ad
3532 5756 3533 5759 ‘

1852 5809 2163 5888 tnulci-mlas
2211 5827 2370 5888 att‘jcs
2411 5809 2634 5866 rutilus
2674 5823 2725 5865 rt
2783 5815 3013 5871 modulis
3059 5827 3116 5871 tr:
3142 5835 3225 5888 git:
3252 5822 3279 5868 ξι
3304 5836 3419 5874 tum
3449 5862 3462 5886 ,

1848 5895 1986 5952 (tuos
2025 5882 2184 5955 vulgo
2218 5883 2431 5954 (Opera
2465 5901 2561 5939 voc
2602 5895 2681 5939 ut.
