3962 6338
364 148 475 213 $51
1624 152 1686 212 8.
1725 152 1997 213 EUSEBII
2039 153 2420 215 IlIERONYMl
3568 151 3679 214 ὅδὲ

376 273 786 330 matrimonium
832 271 974 344 quod
1015 284 1121 327 non
1162 273 1282 327 viro
1309 283 1409 327 suo
1434 270 1734 335 secundum
1767 269 1968 327 Christi
2004 276 2045 331 ,ὶ
2077 282 2171 328 aut
2200 273 2423 345 Ephesii
2452 272 2730 331 libertate.
2760 272 2874 340 νιν,
2901 272 3074 347 inquit
3099 272 3377 351 Salyator,
3405 288 3685 345 praegnan-

378 375 656 437 prrccepta
697 365 1068 435 coniungitur,
1103 364 1208 419 rite
1236 363 1548 434 coniugium
1579 362 1843 434 appellari
1878 377 1974 432 po-
2081 365 2249 437 tibus,
2281 377 2328 421 et
2366 366 2674 423 lactantibus
2702 368 2757 423 in
2799 368 2884 422 die
2914 366 3010 422 illa
3041 367 3193 441 (Luc.
3230 383 3390 437 xxxt,
3420 366 3541 439 25).
3578 367 3687 425 hoc

379 469 506 523 test,
552 462 646 515 sed
692 460 863 517 magis
901 457 1255 512 adulterium.
1293 459 1438 512 Alias
1481 466 1660 511 autem
1694 455 1980 524 subjicitur
2081 471 2165 518 est
2192 503 2207 527 ,
2249 459 2463 530 iudicii,
2512 475 2633 532 qua:
2682 461 2870 530 utique
2914 462 3131 533 pr0prie
3158 476 3325 533 opera
3369 462 3685 533 nuptiarum

379 569 521 608 uxor
549 553 663 606 viro
696 561 755 605 ut
783 550 1009 605 domino
1045 569 1057 604 :
1087 550 1211 621 quia
1245 548 1311 604 ad
1343 550 1517 620 ipsum
1549 549 1838 605 conversio
1862 549 1981 618 eius
2084 560 2231 609 sunt.
2259 551 2417 610 Unde
2443 550 2595 608 omni
2627 551 2817 609 labore
2846 552 3133 609 nitendum
3174 595 3189 620 ,
3221 565 3277 608 ιιι
3307 555 3480 622 magis
3505 551 3690 623 Ephe-

380 655 487 712 est,
513 656 568 703 et
593 647 709 715 ipse
741 647 882 701 illius
912 645 1283 701 dominabitur
1304 641 1460 717 (Gen.
1486 646 1593 716 ιιι).
1617 644 1748 699 Nam
1772 653 1828 699 et
1847 644 1981 699 Sara
2084 646 2198 702 sios
2223 660 2383 718 quam
2414 644 2738 701 Corinthios
2773 647 3093 702 aemulemur
3124 663 3138 700 :
3169 662 3269 702 nec
3308 643 3693 716 deprehenda-

382 740 667 796 dominrm
700 738 926 794 vocabat
957 737 1232 793 Abraham
1264 736 1425 811 (Gen.
1454 736 1628 810 xvut).
1661 735 1793 806 Quae
1820 751 1984 808 spon-
2089 755 2210 794 mur
2236 737 2392 811 quasi
2419 738 2472 793 in
2503 737 2709 795 diluvio
2735 749 3003 804 ementes,
3036 747 3091 794 et
3119 738 3444 804 vendentes,
3478 737 3693 793 nubenc

384 844 541 889 tanea
586 831 837 894 servitus
884 839 1092 901 quanto
1138 829 1307 901 magis
1352 830 1520 885 fuerit
1547 831 1830 885 voluntate
1859 828 1987 883 sub-
2090 845 2173 891 tes
2204 842 2261 891 et
2289 832 2641 889 matrimonio
2666 833 2940 902 copulati;
2968 833 3062 888 sed
3089 833 3350 888 accinctis
3372 833 3577 890 lumbis
3603 832 3691 888 lu-

378 927 546 998 jerta,
590 933 739 981 tanta
778 940 900 981 esse
932 923 1131 996 incipit
1155 925 1451 997 comquaiis
1486 944 1498 981 :
1528 925 1852 998 quiuimmo,
1884 923 1987 979 ob-

384 1019 590 1089 sequiis
627 1017 743 1073 suis
789 1018 844 1073 in
870 1019 1189 1073 servitutem
1223 1016 1387 1091 655
1417 1016 1674 1088 redigere
1701 1016 1988 1071 dominan-

385 1120 517 1166 tem.
566 1111 798 1180 Quidam
846 1111 992 1167 hunc
1038 1112 1218 1167 locum
1263 1111 1561 1167 secundum
1608 1126 1889 1183 auagogen
1918 1110 1989 1165 ita

385 1204 840 1275 interpretantur,
883 1216 939 1258 ut
973 1204 1160 1260 dicant
1193 1221 1423 1260 uxorem
1458 1206 1508 1258 in
1536 1221 1786 1274 corpore,
1815 1205 1989 1259 virum

386 1275 558 1367 accipi
592 1302 641 1354 in
673 1298 878 1354 animo.
907 1298 973 1354 Et
1000 1298 1136 1355 sicut
1168 1298 1390 1355 Christo
1417 1300 1664 1367 subiecta
1694 1309 1779 1356 est
1802 1299 1994 1356 Eccle-

390 1395 512 1448 sia:
550 1395 621 1448 ita
654 1409 889 1462 corpora
926 1394 1121 1465 subjici
1166 1395 1372 1451 debere
1402 1396 1610 1463 sensui,
1643 1404 1701 1450 et
1740 1395 1792 1450 in
1826 1411 1991 1450 ιιιιιιιιι

396 1488 643 1558 Spiritum
687 1487 853 1558 redigi
898 1530 911 1552 ,
950 1490 992 1543 si
1046 1489 1276 1543 Domino
1325 1488 1522 1545 fuerint
1568 1490 1847 1562 copulata.
1893 1488 1998 1556 Qui

392 1585 528 1639 enim
555 1584 784 1638 adhu'ret
807 1583 1052 1649 Domino,
1095 1601 1230 1638 unus
1249 1584 1467 1656 spiritus
1490 1594 1561 1639 est
1582 1582 1625 1655 (l
1644 1580 1767 1639 Cor.
1787 1599 1862 1651 v1,
1884 1583 1997 1655 l7).

2089 944 2281 985 cernas
2308 935 2593 983 teneamus
2622 927 2674 981 in
2708 929 2958 983 manibus
2984 925 3204 1000 (Matth.
3227 926 3406 999 xstv).

2166 1020 2347 1095 (Vers.
2363 1020 2436 1075 ‘25
2459 1017 2642 1093 seqq.)
2663 1018 2799 1085 Viri,
2827 1018 3030 1093 diligite
3044 1034 3231 1074 uxores
3257 1028 3474 1084 vestras,
3490 1016 3626 1073 sicut
3648 1027 3701 1073 et

2094 1111 2333 1169 Christus
2367 1109 2552 1167 dilexit
2584 1110 2891 1176 Ecclesium,
2921 1120 2968 1166 et
2996 1112 3324 1183 semetipsum
3352 1109 3578 1163 tradidit
3601 1126 3700 1178 pro

2094 1222 2156 1259 ea
2175 1248 2189 1268 ,
2221 1213 2276 1259 ut
2307 1222 2419 1260 eam
2447 1205 2797 1272 sanctiﬁcaret
2828 1220 2845 1258 :
2873 1205 3135 1260 mundam
3165 1202 3278 1277 [AL
3317 1202 3536 1258 additur
3561 1199 3703 1273 eum]

2097 1300 2301 1355 lavacro
2328 1316 2477 1369 uqute
2503 1299 2556 1353 in
2580 1298 2751 1363 uerbo,
2780 1309 2833 1351 ut
2860 1296 3118 1353 exhiberet
3147 1298 3262 1371 ipse
3289 1298 3389 1353 sibi
3417 1295 3708 1368 gloriosam

2099 1390 2419 1456 Ecclesium,
2462 1409 2563 1445 nan
2607 1392 2876 1444 habentem
2916 1392 3200 1457 maculam,
3230 1400 3321 1445 aut
3349 1405 3567 1462 rugam,
3600 1400 3696 1442 aut

2099 1487 2302 1560 aliquid
2345 1488 2600 1554 eiusmodi
2624 1531 2638 1554 ,
2681 1487 2771 1541 sed
2821 1497 2871 1539 ut
2916 1487 2982 1540 sit
3022 1495 3207 1542 sancta
3249 1495 3298 1540 et
3341 1483 3705 1540 immaculata.

2100 1580 2362 1649 Quamvis
2402 1581 2486 1635 sui
2532 1581 2762 1635 invicem
2809 1579 3039 1644 maritus
3082 1589 3138 1636 et
3181 1578 3381 1651 c0njux
3406 1593 3600 1633 amore
3630 1585 3715 1632 tc-

466 1675 589 1750 Ipse
627 1686 701 1731 est
747 1675 993 1731 Salvator
1039 1677 1289 1749 corporis.
1325 1676 1592 1743 Quoniam
1642 1675 2001 1747 propinquior
2036 1677 2080 1736 B
2108 1685 2341 1732 ueantur
2381 1674 2580 1749 (qualis
2626 1676 2711 1731 illa
2755 1691 2892 1730 uxor
2935 1685 3272 1730 memoratur
3320 1671 3712 1735 Hasdrubalis.

397 1779 561 1841 atque
588 1768 818 1824 iuit-rior
847 1781 932 1823 est
960 1785 990 1823 a
1024 1767 1326 1825 subsmntia
1353 1768 1558 1824 Christi
1588 1777 1778 1824 natura
1809 1768 1998 1824 Eccle-

393 1864 512 1926 siae.
546 1874 837 1933 propterea
878 1878 1001 1917 eam
1027 1878 1228 1932 corpus
1257 1861 1460 1917 Christi
1502 1863 1715 1918 :rstimo
1746 1861 1997 1916 nomina-

394 1967 507 2013 tam
550 1976 563 2011 :
600 1957 756 2026 cujus
788 1956 1034 2028 corporis
1060 1954 1310 2012 Salvator
1338 1964 1424 2010 est
1449 1954 1700 2010 Christus
1729 1954 1915 2021 Jesus,
1946 1951 2002 2007 id

394 2059 503 2118 est,
539 2048 773 2103 Verbum
817 2091 831 2113 ,
861 2047 1153 2116 sapientia,
1180 2056 1507 2117 caetera-que
1538 2044 1769 2100 virtutes
1800 2043 1855 2099 in
1882 2041 2005 2123 qui-

392 2143 498 2199 bus
539 2141 865 2212 intelligitur
905 2138 1077 2195 Filius
1116 2138 1235 2194 Dei.
1267 2139 1467 2207 Quaere
1506 2137 1796 2203 curiosius,
1826 2135 2002 2192 sicubi

396 2238 452 2293 in
480 2236 682 2292 divinis
712 2234 1076 2291 voluminibus
1104 2233 1345 2305 potueris
1375 2232 1645 2300 invenire,
1669 2231 2002 2289 vocabulum

397 2333 579 2389 carnis
613 2347 709 2402 pro
739 2329 985 2386 Ecclesia
1015 2330 1273 2402 positum.
1301 2328 1358 2384 Si
1386 2327 1604 2400 quidem
1628 2342 1774 2385 nunc
1801 2339 2007 2397 nequa-

398 2440 564 2496 quam
603 2438 754 2490 caro,
798 2423 893 2479 sed
934 2437 1135 2493 corpus
1161 2421 1367 2478 Christi
1398 2422 1709 2492 appellatur
1736 2417 2001 2475 Ecclesia.

399 2518 572 2576 Porro
609 2516 955 2572 manifestum
996 2515 1139 2588 quod
1181 2514 1442 2586 quidquid
1484 2528 1613 2570 σπι-ο
1652 2520 1760 2579 est,
1802 2527 2004 2568 consc-

400 2622 633 2683 quenter
663 2620 719 2666 et
748 2625 951 2682 corpus
977 2611 1051 2665 sit
1086 2627 1098 2663 :
1130 2624 1242 2665 non
1270 2616 1453 2665 autem
1481 2606 1744 2679 quidquid
1777 2621 2003 2677 corpus,

399 2704 510 2761 hoc
537 2711 937 2773 consequenter
964 2707 1021 2756 et
1048 2715 1203 2755 caro.

478 2796 662 2870 (Vers.
691 2793 809 2866 24.)
842 2795 949 2849 Sed
978 2804 1035 2848 ut
1065 2792 1173 2869 [AL
1208 2791 1363 2867 sicut]
1393 2791 1630 2849 Ecclesia
1665 2793 1901 2866 subjecta
1933 2801 2009 2849 est

403 2890 609 2946 Christo
640 2906 659 2944 :
685 2890 759 2944 ita
780 2898 828 2943 et
856 2888 1094 2943 mulieres
1116 2888 1241 2943 uiris
1265 2889 1375 2943 suis
1401 2888 1453 2941 in
1478 2884 1736 2941 omnibus.
1765 2885 2007 2942 Ecclesia

403 2985 608 3042 Christi
638 2985 873 3055 gloriosa
902 2989 1010 3047 est,
1043 2996 1149 3036 non
1183 2981 1391 3036 habens
1412 2979 1683 3035 maculam
1715 2993 1892 3050 neque
1916 2993 2007 3034 ru-

2106 1786 2246 1841 qum,
2280 1782 2439 1841 capto
2459 1769 2601 1836 viro,
2626 1771 2678 1825 in
2697 1770 2885 1839 patrias
2914 1784 2974 1825 se
2998 1769 3128 1841 iecit
3160 1768 3499 1836 incendium,
3525 1777 3583 1823 et
3606 1782 3721 1821 cas-

2105 1873 2233 1920 teras
2258 1879 2378 1935 quae
2406 1864 2540 1919 viris
2571 1863 2802 1920 mortuis
2831 1863 3180 1935 supervivere
3209 1861 3523 1933 uoluerunt)
3552 1876 3720 1916 num-

2104 1974 2265 2031 quam
2300 1969 2479 2015 tamen
2507 1958 2857 2015 dilectionem
2892 1958 3038 2014 illam
3068 1959 3154 2014 vir
3174 1958 3395 2028 sapiens
3420 1955 3716 2012 dilectioni

2105 2051 2312 2109 Christi
2353 2064 2408 2109 et
2436 2052 2697 2110 Ecclesia:
2730 2052 3087 2123 comparabit.
3140 2052 3371 2107 Sanctus
3410 2048 3579 2121 igitur
3627 2047 3720 2104 hic

2103 2144 2491 2215 intelligendus
2525 2156 2607 2200 est
2648 2160 2825 2211 amor,
2857 2159 2966 2212 quo
2997 2155 3051 2200 et
3078 2143 3227 2200 Isaac
3254 2143 3449 2199 dilexit
3479 2155 3718 2196 uxorem

2106 2253 2257 2293 suam
2284 2237 2567 2294 Rebeccam
2590 2236 2801 2309 (Cenes.
2829 2238 3006 2308 xxrv),
3045 2252 3165 2309 quae
3195 2236 3596 2306 interpretatur
3623 2251 3721 2306 pa.

2106 2333 2285 2387 tientia
2316 2348 2336 2387 :
2364 2340 2420 2388 et
2444 2331 2511 2388 de
2551 2341 2698 2388 terra
2723 2330 3150 2403 Mesopotamiae,
3184 2346 3305 2401 quae
3331 2328 3517 2384 δίναιιί
3550 2327 3724 2399 hujus

2106 2440 2173 2482 ex
2208 2425 2356 2482 omni
2401 2435 2554 2498 parte
2586 2424 2839 2482 ﬂuctibus
2867 2424 3125 2496 cingitur,
3159 2426 3211 2479 in
3242 2435 3443 2478 terram
3472 2437 3598 2477 eam
3630 2437 3725 2477 re-

2109 2519 2482 2591 promissionis
2510 2519 2743 2587 induxit,
2769 2530 2825 2575 ut
2855 2519 3231 2575 conSolaretur
3258 2520 3357 2588 pro
3390 2527 3574 2572 morte
3596 2530 3720 2570 ma-

2109 2613 2205 2667 tris
2248 2626 2381 2668 suas.
2416 2611 2693 2667 lnteritum
2722 2611 2921 2683 quippe
2960 2609 3285 2683 Syuagogze,
3321 2608 3723 2680 conjunctione

2109 2706 2363 2763 Ecclesiae
2393 2705 2732 2777 temperavit.
2756 2703 2862 2759 l~ta
2887 2704 3136 2760 dicentes
3165 2697 3510 2759 occasionem
3537 2701 3721 2758 haere-

2108 2801 2233 2857 ticis
2268 2799 2461 2856 damus
2501 2799 2597 2872 qui
2624 2814 2817 2855 omnes
2845 2800 3069 2854 omnino
3096 2798 3308 2868 nuptias
3341 2796 3722 2868 repudiandas

2109 2901 2298 2966 pittaut
2330 2911 2344 2949 :
2373 2904 2429 2949 et
2456 2893 2561 2950 hoc
2589 2894 2671 2950 vel
2703 2892 2938 2950 maxime
2966 2900 3192 2949 utuntur
3213 2893 3551 2948 testimonio.
3578 2890 3723 2960 Qui—

2111 2988 2212 3045 bus
2249 2986 2507 3044 brevibus
2547 2985 2656 3060 [ΑΙ.
2702 2985 2961 3060 breviter]
3004 2984 3475 3057 respondendum.
3503 2985 3724 3056 passio-

402 3096 549 3152 gam,
596 3087 689 3134 aut
716 3076 844 3150 quid
884 3074 1214 3133 istiusmodi.
1247 3074 1348 3144 Qui
1378 3090 1509 3146 ergo
1536 3084 1792 3146 peccator
1820 3081 1923 3140 est,
1954 3082 2009 3131 el
2035 3066 2082 3130 C
2115 3097 2212 3138 nes
2256 3082 2343 3138 hic
2379 3091 2433 3137 et
2474 3079 2894 3147 immunditiam,
2932 3088 2990 3136 et
3029 3079 3300 3136 luxuriam
3341 3078 3410 3133 ah
3447 3077 3726 3149 Apostolo

401 3175 584 3244 aliqua
615 3171 780 3227 sorde
809 3170 1136 3235 maculatus,
1161 3169 1229 3226 de
1253 3168 1507 3225 Ecclesia
1534 3167 1735 3225 Christi
1769 3182 1878 3223 non
1907 3182 2005 3238 po-

399 3275 513 3323 test
550 3264 837 3337 appellari,
875 3279 976 3321 nec
1003 3261 1227 3321 Christo
1265 3262 1545 3335 subjectus
1571 3261 1701 3318 diei.
1735 3262 2007 3320 Possihile

407 3369 591 3418 autem
631 3368 738 3426 est,
785 3367 842 3413 ut
882 3357 1156 3429 quomodo
1204 3357 1449 3415 Ecclesia
1483 3373 1604 3429 qua:
1632 3355 1786 3429 prius
1815 3372 2005 3428 rugam

406 3457 678 3513 habuerat
714 3463 767 3511 et
804 3453 1096 3519 maculam,
1130 3454 1183 3510 in
1222 3453 1570 3525 iuventutem
1602 3462 1655 3508 et
1683 3452 2005 3508 munditiam

405 3537 599 3621 postea
648 3547 898 3603 restituta
929 3555 1037 3614 est,
1066 3549 1139 3603 ita
1168 3555 1223 3602 et
1249 3556 1505 3616 peccator
1533 3553 1718 3600 currat
1742 3542 1809 3599 ad
1838 3541 2008 3599 medi-

402 3658 528 3700 cum
552 3640 697 3713 (quia
723 3654 830 3696 non
854 3639 1051 3696 habent
1073 3654 1211 3711 opus
1237 3638 1351 3695 sani
1382 3637 1595 3694 medico
1617 3636 1769 3707 (Luc.
1794 3636 1880 3707 v),
1905 3634 2005 3692 sed

402 3737 548 3791 male
582 3732 865 3805 habentes)
890 3740 947 3789 et
970 3740 1235 3789 curentur
1259 3732 1484 3787 vulnera
1514 3730 1711 3802 ipsius,
1736 3740 1791 3787 et
1822 3730 1913 3785 liat
1937 3728 2008 3786 de

406 3828 650 3885 Ecclesia
696 3841 814 3897 quae
858 3841 1060 3897 corpus
1101 3836 1187 3882 est
1213 3824 1442 3882 Christi.
1476 3822 1622 3882 Satis
1649 3839 1865 3896 quoque
1902 3822 2015 3881 ele-

406 3931 624 3993 ganter,
658 3929 709 3975 ct
740 3931 901 3975 caute
931 3920 995 3975 ad
1030 3919 1305 3990 Ephesios
1335 3919 1568 3991 loquens
1596 3919 1692 3974 ait.
1726 3916 1797 3974 Ut
1828 3915 2009 3973 Eccle-

401 4017 484 4071 sia
522 4016 751 4089 subjecta
792 4024 866 4069 est
910 4012 1116 4069 Christo
1161 4030 1179 4068 :
1222 4014 1299 4068 ita
1340 4024 1389 4069 et
1420 4029 1610 4068 umores
1638 4012 1762 4066 uiris
1789 4011 1919 4066 suis.
1954 4011 2013 4068 Si

406 4110 550 4166 enim
581 4110 648 4164 ita
679 4124 817 4163 uxor
846 4107 1185 4178 subjicienda
1215 4108 1334 4163 viro
1359 4116 1462 4175 est,
1490 4114 1543 4160 ut
1576 4105 1797 4162 Christo
1823 4103 2016 4162 Eccle-

407 4202 488 4256 sia
510 4243 525 4268 ,
569 4202 714 4255 inter
750 4201 930 4255 virum
971 4207 1029 4255 et
1063 4214 1286 4256 uxorem
1317 4198 1426 4256 erit
1454 4204 1640 4254 sancta
1670 4196 2010 4268 coniunctio,

407 4301 466 4350 et
493 4307 786 4363 numquam
815 4292 1065 4361 corporis
1104 4291 1351 4349 servient
1382 4289 1754 4362 passiouihus.
1783 4289 1937 4358 Quod
1969 4288 2016 4345 si

407 4389 569 4443 nobis
612 4388 808 4459 aliquis
850 4386 982 4442 illud
1019 4386 1160 4458 quod
1192 4386 1258 4441 ad
1287 4384 1606 4441 Corinthios
1631 4383 1891 4441 scribitur
1918 4398 2016 4454 op-

2108 3173 2250 3229 inter
2273 3173 2526 3230 maritum
2564 3180 2619 3227 et
2647 3187 2873 3229 uxorem
2915 3174 3089 3229 vetari
3120 3214 3136 3239 ,
3167 3189 3273 3226 non
3304 3182 3551 3226 sanetam
3584 3186 3723 3227 cou-

2103 3249 2440 3340 junctionem
2473 3284 2487 3322 :
2516 3265 2762 3337 alioquin
2795 3267 2840 3322 si
2867 3266 3180 3335 c0niugium
3208 3265 3433 3321 omnino
3451 3262 3725 3335 prohibe-

2108 3362 2221 3427 bat,
2266 3360 2397 3434 quid
2443 3377 2673 3419 necesse
2714 3360 2815 3417 fuit
2855 3362 3065 3429 dicere,
3094 3378 3283 3417 uxores
3312 3370 3510 3416 uestras
3542 3374 3563 3415 :
3590 3374 3721 3415 cum

2110 3455 2350 3526 potuerit
2384 3454 2568 3510 dicere
2599 3473 2611 3509 :
2650 3453 2787 3521 Viri,
2823 3454 3030 3526 diligite
3068 3455 3346 3517 mulieres,
3375 3453 3461 3508 vel
3488 3466 3721 3507 uxores.

2124 3548 2327 3605 Vestras
2350 3549 2497 3605 enim
2528 3548 2745 3618 proprie
2772 3548 3179 3604 matrimonium
3204 3554 3383 3603 sonat.
3409 3545 3479 3601 Et
3495 3562 3723 3601 rursum

2109 3642 2164 3699 iu
2204 3641 2554 3713 sequentibus
2597 3658 2609 3694 ε
2651 3646 2693 3694 et
2737 3641 2834 3695 viri
2873 3641 3059 3696 debent
3101 3638 3321 3711 diligere
3347 3654 3541 3694 uxores
3567 3655 3724 3704 suas,

2110 3737 2246 3792 sicut
2279 3751 2376 3788 sua
2410 3748 2633 3801 corpora
2662 3748 2680 3787 :
2709 3741 2765 3789 et
2800 3733 2978 3789 adhuc
3016 3732 3353 3789 manifestius
3383 3750 3395 3786 :
3428 3730 3538 3798 Qui
3584 3746 3727 3785 uxo-

2113 3846 2223 3885 rem
2264 3844 2412 3883 suam
2446 3825 2641 3900 diligit,
2686 3826 2915 3900 seipsum
2954 3826 3130 3898 diligit
3173 3842 3191 3880 :
3240 3824 3409 3880 Nemo
3437 3825 3578 3880 enim
3607 3841 3729 3879 um-

2113 3939 2269 3994 quam
2309 3937 2458 3975 suunt
2496 3936 2703 3975 carnem
2740 3918 2894 3985 odit;
2933 3919 3025 3973 sed
3068 3919 3236 3973 nutrit
3276 3928 3325 3972 et
3370 3918 3509 3987 [oret
3554 3933 3679 3971 eum
3708 3932 3728 3971 :

2113 4016 2239 4084 quia
2271 4013 2565 4069 secundum
2594 4012 2832 4067 edictum
2866 4009 3026 4082 Legis
3052 4013 3312 4080 antiquae,
3346 4020 3400 4065 et
3432 4010 3725 4065 inStaura-

2113 4109 2322 4165 tionem
2364 4107 2674 4179 Evangelii,
2712 4105 2873 4179 65⁸1
2918 4107 3145 4161 maritus
3188 4114 3245 4161 et
3275 4120 3410 4160 uxor
3449 4120 3557 4159 uua
3589 4119 3727 4160 caro

2114 4201 2450 4257 efﬁciuntur.
2491 4199 2819 4256 Liberorum
2863 4213 3017 4268 ergo,
3050 4206 3109 4253 ut
3143 4197 3409 4265 diximus,
3440 4196 3497 4251 iu
3529 4198 3731 4252 matri-

2118 4297 2301 4352 monio
2328 4309 2498 4368 opera
2526 4307 2793 4351 concessa
2822 4302 2972 4348 sunt.
3012 4291 3328 4362 Voluptates
3352 4301 3540 4347 autem
3599 4306 3732 4363 qum

2118 4390 2185 4445 de
2214 4390 2561 4447 meretricum
2589 4388 2877 4459 capiuntur
2897 4386 3268 4458 amplexibus,
3292 4385 3347 4441 in
3370 4401 3550 4441 uxore
3574 4385 3734 4440 dam-

411 4485 658 4554 Ροευθνίῑ
692 4500 705 4536 ε
740 4483 915 4537 Virum
948 4485 1102 4537 “XO”
1135 4478 1378 4537 dﬁbilum
1406 4478 1639 4536 reddere
1657 4520 1673 4545 ν
1704 4488 1760 4535 ει
1788 4491 2012 4533 uxorem
2039 4458 2094 4520 D
2121 4496 2282 4541 natm.
2309 4484 2423 4540 Hoc
2453 4483 2641 4554 legens
2662 4458 2849 4537 omnis
2876 4480 2980 4545 vir,
3006 4491 3063 4535 et
3092 4494 3230 4536 uxor
3256 4478 3593 4549 intelligant,
3620 4477 3731 4533 sibi

409 4578 533 4631 viro
557 4575 599 4648 (l
629 4574 754 4630 Cor.
789 4576 908 4645 vlt),
937 4573 1335 4629 animadvertat
1366 4588 1617 4643 magnam
1647 4572 1793 4627 inter
1819 4568 2019 4627 Corin-

410 4667 557 4724 thios
587 4678 641 4722 et.
673 4665 941 4736 Ephesios
963 4681 1087 4723 esse
1115 4666 1457 4722 distantiam.
1488 4665 1599 4721 Illis
1626 4665 1780 4736 quasi
1813 4678 2015 4735 parvu-

409 4762 482 4818 lis
525 4770 690 4832 atque
729 4759 1058 4815 lactentibus
1086 4760 1370 4827 scribitur,
1397 4760 1449 4814 in
1480 4759 1681 4830 quibus
1710 4766 1868 4814 erant
1898 4757 2015 4813 dis-

408 4857 698 4912 sensioues
758 4862 812 4908 et
860 4853 1196 4922 schismata,
1240 4863 1297 4909 et
1347 4852 1677 4909 audiebatur
1725 4849 2019 4907 fornicatio

411 4950 589 5023 qualis
633 4965 702 5003 ne
744 4950 890 5005 inter
933 4956 1126 5020 gentes
1168 4946 1387 5017 quidem
1440 4964 1454 5001 :
1503 4958 1559 5003 et
1602 4958 1896 5017 propterea
1938 4943 2018 5000 eis

409 5041 754 5109 conceditur,
799 5052 859 5097 ut
898 5051 1020 5112 post
1063 5040 1370 5094 orationem
1407 5039 1474 5092 ad
1508 5038 1739 5108 idipsum
1764 5036 2014 5104 redeant,

410 5150 484 5191 ne
519 5142 794 5191 teuteutur
832 5149 862 5189 a
901 5133 1107 5191 Satana
1149 5149 1162 5185 :
1195 5132 1321 5186 licet
1357 5141 1410 5186 et
1440 5132 1511 5185 ibi
1540 5129 1596 5185 in
1623 5132 2009 5199 consequenti-

410 5230 547 5296 bus,
579 5246 686 5285 non
730 5228 887 5300 juxta
919 5227 1255 5282 voluntatem
1278 5269 1291 5294 ,
1323 5224 1420 5281 sed
1445 5223 1600 5296 juxta
1627 5223 1795 5296 656
1819 5244 2015 5296 συγκα-

409 5326 633 5383 τάϐασιν
678 5338 738 5380 se
782 5324 867 5379 eis
904 5322 1051 5378 dicat
1090 5323 1397 5394 ignoscere.
1435 5320 1658 5391 Ephesii
1690 5334 1842 5385 vero,
1873 5316 2015 5387 apud

410 5434 549 5490 quos
591 5418 722 5473 fecit
760 5417 1094 5485 triennium,
1134 5426 1190 5472 et
1232 5418 1414 5472 omnia
1452 5415 1532 5472 eis
1559 5411 1762 5470 Christi
1804 5411 2019 5483 aperuit

410 5519 755 5568 sacramenta
777 5555 792 5581 ,
822 5511 982 5567 aliter
1021 5509 1348 5567 erudiuntur
1377 5527 1392 5567 :
1426 5517 1484 5567 et
1521 5510 1687 5564 habet
1728 5505 2021 5577 unusquis-

410 5619 518 5675 que
555 5605 768 5661 arbitrii
810 5605 1041 5662 liberam
1084 5614 1434 5675 potestatem,
1467 5603 1555 5659 vel
1581 5600 1898 5658 Corinthios
1927 5613 2020 5654 se-

416 5697 528 5769 qui,
548 5703 633 5754 vel
661 5697 928 5770 Ephesios
958 5718 971 5755 :
1001 5705 1056 5755 et
1083 5697 1285 5756 salvari
1310 5704 1402 5753 aut
1432 5694 1694 5753 servitute
1718 5687 2018 5762 Corinthii,

2120 4587 2244 4650 post
2266 4586 2614 4647 conceptum,
2645 4573 2814 4645 magis
2842 4573 3077 4628 orationi
3107 4588 3271 4644 quam
3302 4571 3582 4629 connubio
3609 4587 3737 4628 ser-

2121 4670 2393 4726 viendum.
2431 4669 2497 4724 Et
2525 4667 2671 4739 quod
2704 4669 2757 4722 in
2792 4667 3122 4722 animalibus
3159 4672 3217 4722 et
3246 4665 3436 4722 bestiis
3472 4665 3602 4734 ipso
3635 4682 3737 4719 na-

2119 4775 2255 4819 tura:
2274 4763 2398 4834 iure
2423 4759 2801 4833 praescriptum
2828 4769 2935 4824 est,
2962 4771 3016 4815 ut
3042 4770 3383 4831 praegnantes
3407 4758 3472 4813 ad
3502 4772 3734 4829 partum

2122 4872 2290 4928 usque
2332 4871 2437 4911 non
2471 4865 2691 4921 coeant,
2725 4853 2827 4909 hoc
2857 4853 2908 4909 in
2940 4852 3254 4908 hominibus
3294 4852 3470 4908 sciant
3493 4852 3735 4909 arbitrio

2125 4950 2464 5017 derelictum,
2501 4959 2557 5003 ut
2589 4962 2802 5004 merces
2832 4960 2977 5003 esset
3006 4962 3073 5001 ex
3115 4944 3225 5019 [Αι.
3263 4943 3351 5018 ea]
3388 4945 3733 5002 abstinentia

2123 5046 2481 5115 voluptatum.
2507 5042 2643 5113 Quia
2671 5057 2802 5097 vero
2827 5039 3124 5097 secundum
3156 5039 3544 5110 tropologiam,
3574 5039 3737 5095 viros

2123 5142 2367 5209 animas,
2410 5149 2468 5196 et
2507 5154 2710 5196 uxores
2747 5152 2977 5208 corpora
3020 5136 3368 5199 dixeramus,
3409 5133 3493 5188 sic
3532 5134 3739 5207 diligat

2123 5237 2303 5293 anima
2333 5248 2549 5291 carnem
2578 5230 2688 5306 [Αι.
2727 5228 2979 5305 corpus],
3010 5227 3286 5300 quomodo
3318 5226 3578 5284 Christus
3624 5228 3739 5284 Ec-

2122 5331 2364 5397 clesium,
2402 5337 2460 5383 ut
2497 5326 2849 5396 semetipsatn
2894 5323 3075 5379 tradat
3115 5337 3214 5393 pro
3241 5320 3420 5377 salute
3448 5320 3651 5391 ipsius,
3681 5332 3740 5379 et

2121 5439 2240 5481 eam
2266 5419 2569 5478 sanetilieet
2589 5417 2758 5474 verbo
2780 5415 3067 5483 doctrinae,
3093 5423 3152 5470 ut
3178 5414 3438 5471 exhibeat
3465 5413 3573 5468 sibi
3605 5428 3737 5477 eam

2121 5534 2229 5573 non
2259 5515 2547 5571 habentem
2578 5510 2849 5567 maculam
2874 5518 2970 5565 aut
2995 5524 3183 5580 rugam
3211 5508 3447 5580 aliquam
3474 5517 3736 5565 vetusta-

2125 5614 2193 5669 tis
2221 5629 2234 5666 :
2264 5610 2497 5667 maxime
2523 5623 2647 5663 cum
2673 5607 2811 5662 sciat
2833 5605 2977 5661 illam
3003 5604 3054 5658 in
3082 5601 3489 5660 resurrectione
3508 5601 3738 5657 salvan-

2123 5708 2273 5774 dam,
2313 5714 2369 5761 et
2406 5704 2648 5761 visuram
2682 5713 2806 5758 esse
2844 5699 3083 5757 salutare
3126 5697 3244 5755 Dei.
3272 5694 3422 5754 Talis
3450 5696 3538 5753 vir
3562 5704 3738 5768 caput
