3962 6338
255 208 341 269 533

256 324 388 383 habet
414 317 689 376 Christum

251 416 525 478 humilians,
543 412 716 469 factus
730 412 887 467 fuerit
901 414 1216 468 cumuxore
1234 426 1328 467 sua
1344 426 1449 466 una
1463 425 1614 477 caro,
1636 421 1810 467 retra-

251 510 316 567 hit
335 522 437 564 eam
463 505 532 562 ad
565 505 834 576 spiritum,
858 511 914 560 et
934 504 1164 559 Domino
1191 503 1504 573 copulatus,
1533 518 1659 559 caro
1686 516 1809 558 esse

249 609 447 672 desistit.
491 607 729 664 Pulchre
762 623 983 680 quoque
1015 608 1281 663 maculam
1320 616 1413 664 aut
1439 622 1651 680 rugam,
1681 608 1807 679 quia

247 715 303 772 de
335 710 579 782 coniugio
619 710 964 782 loquebatur.
1006 708 1078 766 de
1116 710 1371 781 exemplo
1410 709 1696 766 mulierum
1740 710 1808 766 ad

244 819 467 875 decorem
501 814 670 868 traxit
711 812 996 871 Ecclesiae.
1030 812 1189 869 Sicut
1214 812 1361 868 enim
1390 812 1569 868 solent
1600 811 1655 867 itt
1688 828 1806 866 tnu-

244 919 405 975 lierum
445 914 774 986 corporibus
818 914 904 972 vel
944 914 1174 971 sordere
1203 914 1364 981 naivi,
1390 914 1479 971 vel
1514 930 1643 985 ruga
1670 929 1807 970 con-

242 1022 378 1085 trahi,
407 1018 493 1075 vel
532 1018 740 1089 lentigo
778 1017 976 1073 variari
1008 1034 1023 1073 :
1053 1025 1110 1073 et
1140 1018 1241 1073 hoc
1266 1025 1351 1073 est
1379 1032 1544 1074 omne
1570 1016 1806 1071 studium

240 1125 560 1190 feminarum,
599 1131 660 1176 ut
700 1123 843 1190 quod
888 1120 1097 1178 foedare
1135 1121 1352 1178 videtur
1384 1121 1721 1191 abstergant,
1753 1129 1808 1176 et

238 1226 511 1284 exhibeant
557 1224 768 1280 maritis
795 1238 1088 1293 corporum
1110 1231 1456 1279 venustatem
1475 1239 1487 1275 :
1506 1223 1575 1277 ita
1605 1231 1657 1277 et
1685 1221 1805 1275 aui—

235 1347 322 1389 ma:
346 1329 491 1387 omni
523 1337 872 1401 peccatorum
900 1325 1067 1382 sorde
1092 1325 1386 1397 purganda:
1415 1333 1564 1392 sunt,
1594 1336 1645 1380 ut
1676 1341 1804 1396 ruga

233 1433 405 1489 veteris
435 1430 680 1487 hominis
710 1439 737 1469 ⁸
760 1430 987 1501 juventa
1019 1427 1275 1484 tendatur
1296 1468 1311 1493 ,
1342 1438 1397 1484 et
1429 1439 1722 1485 renovetur
1750 1433 1803 1486 in

230 1544 402 1586 novum
429 1528 715 1584 hominem
744 1525 814 1582 de
841 1525 931 1582 die
961 1525 1014 1580 in
1043 1524 1211 1581 diem.

290 1621 457 1694 (Vera.
492 1617 615 1691 ξε.)
656 1616 746 1673 Ita
784 1626 833 1673 et
867 1618 964 1672 viri
992 1616 1175 1671 debent
1204 1615 1426 1689 diligere
1455 1633 1645 1673 uxores
1680 1635 1805 1673 suas

677 199 1337 259 COMMENTARIORUM
1375 199 1442 257 lN
1483 198 1877 258 EPISTOLAM
1914 198 2010 257 AD
2050 200 2389 260 EPllESIOS
2428 201 2561 260 LIB.
2604 201 2691 259 Ill.
2732 202 2887 260 CAP.
2945 205 3004 260 Υ.

3406 206 3515 285 ass

737 337 750 373 :
796 326 1001 375 etcum
1041 326 1261 389 prOplet‘
1284 316 1513 374 salutem
1544 316 1728 374 carnis
1754 330 1815 372 se
1840 313 1898 395 Α
1920 315 2097 391 itaque
2138 320 2204 377 ad
2237 322 2503 394 tropicam
2544 320 2959 392 intelligentiam
3005 338 3191 382 sermo
3222 326 3517 403 referatur,

1910 420 1967 468 ct
1994 412 2262 482 dicamus,
2292 414 2435 486 quod
2467 414 2613 470 illam
2645 429 2867 472 carnem
2899 431 3021 489 quas
3049 418 3234 475 visura
3264 420 3336 475 sit
3360 420 3514 487 salu-

1913 513 2027 562 tare
2070 507 2185 573 Dei,
2226 506 2409 565 anima
2455 507 2667 580 diligat,
2711 519 2767 565 et
2812 510 3022 567 nutriat
3054 520 3112 568 et
3152 511 3354 580 foveat,
3395 528 3516 570 eam

1909 598 2214 671 disciplinis
2260 601 2544 667 erudiens,
2587 611 2642 659 et
2690 601 2895 659 caelesti
2944 604 3203 677 saginans
3250 620 3413 675 pane,
3462 616 3517 662 et

1909 690 2111 748 Christi
2144 694 2407 765 sanguine
2440 694 2694 765 irrigans,
2725 703 2782 749 ut
2807 694 3009 751 refecta
3041 706 3096 752 et
3130 697 3302 755 nitida
3345 697 3519 769 possit

1908 786 2082 845 libero
2103 805 2266 845 cursu
2291 791 2465 846 virum
2491 792 2670 861 sequi,
2700 801 2755 848 et
2783 793 2932 849 nulla
2962 793 3268 864 debilitate,
3298 805 3350 854 et
3381 811 3519 868 pono

1908 882 2041 938 dere
2071 881 2178 957 [AL
2212 883 2360 937 nullo
2390 884 2683 940 debilitatis
2711 884 2976 960 pondere]
3004 889 3355 958 praegravari-
3379 888 3518 945 Pul-

1908 976 2039 1034 chre
2064 976 2230 1033 etiam
2259 976 2310 1033 in
2342 978 2753 1036 similitudinem
2779 978 2983 1037 Christi
3015 982 3329 1048 nutrientis,
3353 992 3410 1039 et
3439 982 3520 1039 fo-

1910 1066 2087 1123 ventis
2115 1068 2436 1137 Ecclesiam,
2466 1079 2521 1125 et
2556 1069 2789 1127 dicentis
2823 1071 2890 1127 ad
2920 1073 3228 1131 Jerusalem
3257 1092 3271 1130 :
3306 1074 3522 1142 Quoties

1910 1161 2048 1216 volui
2073 1177 2386 1233 congregare
2412 1161 2551 1232 ﬁlios
2575 1171 2689 1217 tuos
2710 1163 2843 1218 sicut
2866 1162 3066 1237 gallina
3090 1175 3372 1238 congregat
3399 1167 3522 1238 put.

1908 1255 1988 1311 los
2015 1272 2135 1310 suos
2167 1256 2262 1310 sub
2292 1255 2426 1325 alas,
2460 1267 2507 1311 et
2534 1254 2786 1313 noluisti?
2816 1259 3013 1314 animus
3060 1274 3278 1330 quoque
3326 1260 3519 1319 fovent

1906 1363 2138 1420 corpora
2167 1364 2287 1418 sua,
2319 1357 2377 1403 ut
2404 1350 2776 1419 corruptivum
2803 1349 2906 1407 hoc
2935 1349 3125 1407 induat
3147 1352 3513 1423 incorruptio-

1906 1459 2057 1510 nem,
2089 1452 2146 1500 et
2174 1444 2386 1499 alarum
2413 1445 2630 1501 levitate
2656 1460 3005 1517 suspensum,
3037 1446 3205 1523 659
3233 1448 3299 1505 in:
3326 1463 3515 1507 aerem

1907 1534 2119 1593 facilius
2149 1536 2417 1593 elevetur.
2455 1537 2764 1593 Faveamus
2795 1539 2961 1611 igitur
2986 1550 3041 1596 et
3069 1539 3171 1596 viri
3203 1556 3426 1608 uxores,
3456 1552 3515 1598 et

1907 1630 2104 1688 animae
2132 1644 2315 1688 nostra
2347 1647 2598 1702 corpora,
2640 1641 2777 1689 utet
2801 1647 3004 1689 uxores
3032 1634 3085 1691 in
3110 1634 3280 1701 viros,
3311 1643 3366 1693 et
3394 1650 3519 1692 cor-

226 1719 451 1773 sieutsua
481 1730 726 1785 corpora.
757 1711 828 1769 Et
853 1711 904 1766 in
936 1709 1139 1767 CCIICSi
1165 1726 1231 1766 εκ
1266 1724 1498 1780 Ρθτεοηπ
1535 1710 1805 1782 loquentis
1833 1707 1884 1771 B
1912 1740 2038 1796 pora
2071 1726 2385 1796 redigantur
2407 1726 2458 1779 in
2486 1724 2717 1780 animas.
2746 1724 2810 1781 Et
2835 1740 3177 1798 nequaquam
3201 1725 3518 1783 sitsexuum

226 1806 371 1868 Adam
412 1806 681 1874 scriptum
718 1812 803 1859 est
828 1822 840 1858 :
872 1801 988 1857 Hoc
1008 1817 1144 1856 nunc
1174 1818 1231 1856 os
1260 1817 1324 1857 ea:
1347 1800 1548 1856 ossibus
1576 1801 1722 1867 meis,
1755 1810 1805 1857 et

224 1918 328 1958 caro
348 1916 586 1955 exearne
608 1914 721 1951 mea
748 1894 901 1969 (Gen.
936 1910 996 1961 tt,
1022 1893 1139 1966 25).
1172 1894 1240 1949 Et
1269 1894 1504 1967 idipsum
1540 1894 1592 1949 in
1627 1894 1806 1949 Evan-

224 1996 365 2068 gelia,
395 1993 625 2049 Domino
663 2001 852 2061 postea
890 1988 1127 2053 dicente,
1158 1988 1406 2043 ﬁrmatur
1436 2005 1448 2043 :
1481 1986 1588 2055 Qui
1618 1988 1807 2043 creavit

223 2090 276 2144 sli
311 2089 476 2156 initio,
518 2084 816 2141 masculum
855 2093 905 2140 et
946 2083 1189 2156 feminam
1236 2082 1354 2153 [erit
1390 2099 1499 2149 eos,
1538 2090 1587 2136 et
1624 2081 1805 2137 dixit:

224 2181 419 2253 Propter
435 2178 539 2234 hoc
556 2179 814 2249 relinquet
838 2177 990 2230 homo
1007 2185 1207 2248 patrem
1228 2183 1277 2228 et
1302 2184 1537 2239 matrem,
1556 2184 1602 2227 et
1624 2175 1803 2230 adlue-

223 2274 329 2330 reltit
352 2275 505 2328 uxori
530 2288 666 2336 sure,
696 2282 745 2326 et
766 2277 913 2325 erunt
942 2269 1046 2323 duo
1068 2268 1122 2321 in
1149 2284 1304 2322 carne
1326 2284 1431 2322 una
1459 2266 1655 2339 (Marc.
1686 2283 1801 2336 nx,

222 2368 270 2436 ι,
296 2369 368 2438 5).
391 2366 529 2423 Cum
560 2366 723 2439 igitur
750 2365 834 2420 vir
854 2372 910 2420 et
940 2347 1079 2419 uxor
1100 2378 1202 2417 una
1223 2377 1354 2417 caro
1373 2360 1481 2417 sint
1503 2379 1515 2417 :
1547 2362 1715 2435 658
1734 2361 1803 2415 ita

222 2461 457 2517 uxoribus
498 2468 559 2516 ut
594 2460 794 2514 nostris
833 2456 1156 2527 corporibus
1184 2456 1599 2527 providendum.
1635 2456 1807 2512 Nemo

220 2564 381 2610 autem
422 2569 631 2623 corpus
677 2566 836 2606 suum
867 2551 1102 2621 turpiter
1130 2558 1296 2619 amat,
1334 2559 1425 2605 aut
1453 2551 1804 2619 semetipsum

221 2659 420 2719 propter
447 2648 661 2704 coitum
702 2645 907 2717 diligit;
940 2644 1037 2700 sed
1084 2645 1234 2715 quasi
1284 2643 1560 2699 vasculum
1608 2644 1807 2700 aninne

222 2755 323 2799 sua
347 2741 491 2799 fovet
516 2756 725 2814 corpus
762 2749 814 2796 et
848 2741 1039 2806 nutrit,
1085 2754 1153 2795 ne
1198 2739 1369 2795 tracto
1396 2753 1548 2806 vase,
1581 2739 1632 2795 id
1664 2740 1807 2811 quod

225 2835 612 2902 continebatur,
641 2834 852 2900 ellluat,
889 2844 944 2891 et
979 2842 1247 2904 erumpat.
1282 2831 1389 2889 Nec
1432 2845 1538 2889 non
1578 2841 1633 2889 et
1656 2835 1806 2906 juxta

224 2925 467 2997 litteram,
491 2928 755 2996 quamdiu
776 2928 970 2983 mulier
984 2926 1162 2997 partui
1179 2925 1349 2982 servit
1368 2934 1424 2983 et
1444 2926 1651 2991 liberis,
1671 2929 1809 2985 hunc

224 3019 368 3080 habet
395 3024 464 3080 ad
497 3024 676 3080 virum
708 3022 1094 3091 dill‘erentiam,
1138 3037 1297 3092 quam
1341 3036 1539 3092 corpus
1585 3021 1650 3076 ad
1693 3023 1809 3077 ani-

1909 1818 2017 1873 ulla
2048 1816 2338 1873 diversitas
2368 1835 2382 1873 :
2411 1816 2506 1874 sed
2536 1817 2812 1889 quomodo
2837 1817 2979 1887 apud
3028 1818 3254 1890 angelos
3296 1834 3404 1875 non
3436 1826 3521 1876 est

1909 1910 1993 1965 vir
2019 1920 2074 1966 et
2098 1910 2411 1967 mulierzita
2438 1921 2490 1965 et
2512 1926 2634 1977 nos,
2659 1908 2752 1981 qui
2778 1909 2985 1967 similes
3007 1911 3218 1981 angelis
3244 1910 3409 1967 futuri
3431 1925 3522 1985 su-

1909 2019 2051 2075 mus,
2081 2004 2191 2075 jam
2216 2020 2360 2060 nunc
2388 2004 2713 2075 incipiamus
2756 2019 2884 2060 esse
2924 2005 3071 2075 quod
3118 2004 3357 2063 nobisin
3399 2020 3517 2062 rm-

1908 2097 2137 2155 le5tibus
2168 2097 2561 2169 repromissum
2586 2107 2691 2153 est.

1981 2190 2160 2264 (Vers.
2194 2190 2313 2259 50.)
2355 2188 2613 2257 Quoniam
2650 2188 2880 2245 membra
2907 2205 3089 2246 sumus
3116 2188 3352 2261 corporis
3382 2188 3520 2259 ejus,

1906 2300 1970 2340 ea:
1989 2300 2147 2339 carne
2174 2287 2309 2358 ejus,
2337 2295 2382 2339 et
2411 2301 2474 2339 ea:
2496 2284 2697 2340 ossibus
2720 2287 2858 2358 ejus.
2889 2284 3023 2353 Quia
3056 2283 3298 2341 membra
3326 2298 3517 2341 sumus

1907 2376 2149 2447 corporis
2186 2376 2413 2443 Christi,
2458 2387 2506 2431 et
2544 2374 2798 2431 Christus
2839 2377 3013 2431 nutrit
3050 2385 3103 2431 et
3140 2374 3288 2431 fovet
3327 2374 3523 2452 Eccle-

1908 2470 2043 2527 siam
2072 2488 2083 2523 :
2114 2468 2234 2525 ideo
2259 2479 2312 2525 et
2342 2485 2439 2525 nos
2473 2469 2768 2537 nutrimus,
2802 2481 2849 2525 et
2888 2468 3134 2525 fovemus
3164 2484 3385 2524 carnem
3419 2484 3518 2523 no-

1908 2572 2098 2630 stram,
2135 2578 2297 2633 quam
2343 2577 2505 2617 nemo
2549 2576 2801 2632 umquam
2847 2561 2976 2617 odio
3024 2560 3235 2617 habuit.
3269 2561 3513 2617 Membra

1907 2665 2089 2710 autem
2123 2670 2313 2710 sumus
2344 2654 2592 2726 corporis
2618 2652 2860 2709 Christi:
2892 2668 3001 2709 non
3028 2653 3330 2709 secundum
3361 2663 3519 2709 natu-

1910 2765 2027 2805 ram
2062 2747 2365 2803 divinitatis
2394 2760 2637 2813 a‘ternae,
2672 2745 2768 2801 sed
2797 2749 2950 2817 juxta
2985 2746 3034 2802 id
3061 2746 3205 2817 quod
3236 2745 3516 2802 hominem

1909 2852 1993 2897 est
2021 2842 2275 2912 dignatus
2302 2855 2604 2897 assumere.
2635 2839 2976 2910 Quamquam
3004 2847 3061 2895 et
3089 2838 3251 2893 homo
3282 2838 3401 2911 ipse
3421 2838 3519 2912 qui

1909 2947 2223 3005 assumptus
2244 2944 2349 3001 est,
2374 2933 2571 2989 habeat
2593 2942 2840 2988 naturam
2866 2940 3174 2988 nostrorum
3197 2946 3515 3002 corporum,

1912 3029 2008 3084 sed
2042 3043 2148 3084 non
2181 3027 2383 3083 habeat
2410 3025 2700 3097 originem.
2730 3024 2841 3081 Nos
2870 3024 3016 3080 enim
3046 3038 3112 3079 ex
3147 3022 3386 3078 humano
3432 3038 3519 3101 se:

222 3118 484 3175 mam-Sin
511 3131 695 3175 autem
722 3116 943 3175 Christo
965 3117 1135 3189 magis
1157 3116 1394 3172 voluerit
1419 3119 1625 3174 servire
1644 3135 1805 3184 quam
1834 3097 1883 3164 C
1913 3124 2057 3179 mine
2084 3122 2440 3195 coagulamur
2465 3138 2477 3177 :
2504 3118 2601 3175 ille
2636 3118 2703 3175 tle
2747 3118 2956 3190 Spiritu
2998 3125 3191 3173 sancto
3221 3126 3383 3173 natus
3411 3097 3519 3173 est.

222 3213 426 3281 saculo,
470 3215 673 3271 mulier
715 3228 840 3271 esse
882 3213 1138 3275 cessabit.
1183 3224 1239 3269 et
1276 3213 1488 3269 dicetur
1528 3215 1634 3283 vir,
1683 3215 1805 3286 quia

221 3320 393 3363 omnes
417 3306 476 3362 iu
507 3306 807 3378 perfectum
837 3306 1011 3361 virum
1042 3307 1290 3377 cupimus
1316 3321 1628 3362 occurrere.
1652 3308 1806 3377 Quod

221 3394 345 3453 siad
372 3399 737 3470 tropologiam
782 3410 837 3455 et
875 3398 992 3454 haec
1034 3399 1345 3459 referimus.
1378 3398 1681 3456 amabimus
1712 3415 1809 3455 no-

220 3498 375 3549 strum
427 3508 652 3563 corpus,
702 3500 759 3548 et
799 3493 1046 3564 corporis
1086 3507 1304 3559 sensus,
1332 3493 1542 3549 vilioris
1589 3494 1806 3565 quidem

222 3584 540 3640 conditionis
569 3587 641 3641 ab
678 3585 881 3652 animo,
913 3585 1009 3641 sed
1040 3602 1139 3652 per
1165 3602 1303 3657 quos
1328 3586 1395 3642 ad
1426 3595 1663 3644 mentem
1707 3588 1806 3644 bo-

220 3692 393 3733 narum
421 3678 651 3743 artium,
683 3687 739 3733 et
768 3678 1028 3733 virtutum
1061 3685 1343 3732 transeant
1370 3679 1697 3751 disciplinae.

282 3771 461 3840 (Vers.
495 3770 616 3843 29.)
659 3772 761 3838 Qui
801 3788 1014 3828 uxorem
1052 3788 1199 3826 suam
1237 3773 1430 3844 diligit,
1463 3775 1689 3847 seipsnm
1721 3774 1804 3829 di-

219 3862 321 3934 ligit
342 3880 363 3921 :
389 3882 546 3921 nemo
575 3867 716 3920 enim
754 3882 997 3933 umquam
1032 3881 1240 3920 carnem
1270 3883 1420 3920 suam
1454 3867 1575 3920 odio
1604 3866 1805 3934 habuit,

218 3959 300 4014 sed
326 3961 495 4015 nutrit
530 3971 580 4016 et
621 3960 761 4031 fovet
798 3977 935 4024 eam,
963 3960 1096 4016 sicut
1136 3970 1185 4015 et
1228 3960 1465 4016 Christus
1495 3960 1805 4021 Ecclesium.

216 4050 481 4120 Quantum
505 4052 570 4110 ad
591 4053 897 4125 simplicem
922 4054 1333 4123 intelligentiam
1357 4058 1609 4123 pertinet,
1625 4067 1808 4112 sancta

220 4141 349 4200 inter
371 4146 555 4202 virum
585 4155 642 4201 et
665 4162 890 4202 uxorem
920 4145 1187 4202 charitate
1225 4158 1525 4219 przrrepta,
1558 4165 1702 4205 nunc
1724 4151 1811 4221 ju-

215 4235 397 4297 bemur
423 4250 488 4296 ut
514 4241 838 4305 nutriamus,
866 4251 921 4297 et
959 4240 1240 4298 fuveamus
1266 4244 1548 4313 cuiujuges,
1580 4255 1635 4299 ut
1664 4246 1814 4302 scili-

216 4343 294 4386 cet
317 4332 397 4387 eis
420 4336 627 4388 victum
657 4342 819 4404 atque
845 4334 1125 4395 vestitum.
1155 4343 1212 4389 et
1234 4350 1295 4388 ea
1328 4350 1449 4406 qure
1478 4347 1602 4391 sunt
1627 4353 1815 4393 neces-

214 4427 352 4484 saria
380 4429 746 4499 praebeamus.
780 4430 885 4485 Sed
915 4428 940 4468 1'
971 4431 1171 4500 opponi
1220 4431 1380 4486 nobis
1423 4441 1624 4499 potest,
1669 4432 1812 4504 quod

1910 3217 2097 3273 Potest
2129 3226 2308 3272 autem
2341 3226 2395 3270 ct
2422 3214 2587 3270 aliter
2612 3214 2715 3268 dici
2746 3232 2757 3267 :
2788 3211 3054 3283 Quoniam
3085 3227 3284 3283 corpus
3312 3210 3518 3268 Christi

1911 3310 2177 3367 Ecclesia:
2201 3319 2305 3374 est,
2332 3321 2386 3366 et
2417 3310 2660 3365 Ecclesia
2681 3309 2748 3363 de
2769 3308 2987 3363 cunctis
3014 3306 3365 3365 credentibus
3390 3321 3523 3363 con.-

1909 3415 2188 3477 gregatur,
2217 3405 2423 3461 Paulus
2455 3413 2510 3459 et
2537 3403 2759 3473 Ephesii
2793 3401 3034 3459 membra
3076 3410 3206 3457 sunt
3243 3402 3517 3473 corporis,

1912 3500 1966 3556 id
1994 3508 2101 3565 est,
2134 3498 2384 3555 Ecclesia
2410 3496 2636 3553 Christi.

1987 3592 2169 3665 (\‘crs.
2202 3590 2319 3662 5i.)
2362 3591 2582 3663 Propter
2616 3588 2714 3644 hoc
2751 3588 3007 3658 relinquet
3042 3588 3193 3643 homo
3232 3598 3432 3659 patrem
3476 3597 3523 3644 et

1910 3693 2146 3752 matrem,
2175 3694 2224 3739 et
2248 3692 2397 3738 erunt
2427 3683 2535 3737 duo
2562 3683 2616 3736 in
2646 3698 2801 3736 omne
2838 3698 2966 3736 una.
2995 3679 3151 3749 Quod
3198 3680 3520 3753 frequenter

1911 3778 2317 3844 annotavimus,
2348 3776 2628 3847 apostolos
2669 3783 2725 3830 et
2758 3773 3122 3845 evangelistas
3161 3787 3267 3828 non
3311 3772 3519 3829 eisdem

1911 3873 2096 3931 verbis
2140 3886 2267 3929 usos
2307 3887 2450 3935 esse.
2482 3868 2823 3925 'l‘estamenti
2854 3867 3055 3924 veteris
3080 3866 3369 3937 exemplis,
3400 3866 3521 3938 qui-

1912 3968 2015 4024 bus
2048 3967 2101 4020 in
2134 3964 2372 4035 propriis
2412 3962 2780 4018 voluminibus
2806 3960 3174 4025 continentur,
3210 3958 3311 4014 hoc
3348 3967 3405 4014 et
3430 3957 3521 4014 hic

1912 4059 2243 4132 probamus:
2278 4055 2549 4127 siquidem
2597 4053 2974 4111 testimonium
3018 4051 3160 4108 istud
3201 4052 3275 4108 ita
3325 4051 3379 4107 in
3409 4050 3518 4109 Ce-

1916 4151 2029 4207 nesi
2074 4148 2335 4220 scriptum
2371 4154 2456 4203 est
2488 4164 2502 4202 :
2546 4145 2771 4217 Propter
2799 4145 2905 4199 hoc
2940 4143 3200 4216 relinquet
3235 4143 3392 4199 homo
3427 4162 3526 4217 pa-

1915 4258 2039 4298 trem
2059 4259 2211 4297 suum
2232 4251 2279 4297 et
2305 4248 2519 4295 matrem
2545 4256 2715 4305 suam,
2747 4247 2797 4293 et
2822 4235 3105 4293 adhwrebit
3136 4238 3288 4292 uxori
3314 4253 3447 4306 suae,
3471 4248 3520 4293 et

1914 4346 2065 4393 erunt
2087 4336 2190 4390 duo
2213 4336 2268 4389 in
2293 4350 2451 4388 carne
2471 4350 2575 4387 una
2598 4330 2753 4407 (Gen.
2778 4347 2839 4397 tt,
2862 4329 2981 4403 24).
3003 4329 3154 4386 Nunc
3174 4340 3356 4387 autem
3381 4331 3530 4403 Apu-

1920 4430 2091 4487 stolns
2117 4444 2217 4501 pro
2245 4442 2311 4483 co
2340 4427 2484 4499 quod
2517 4426 2586 4482 ibi
2621 4425 2873 4490 habetur,
2905 4426 3072 4482 ἕνεκεν
3096 4426 3305 4491 τούτου,
3333 4423 3388 4482 id
3417 4432 3530 4495 est,

216 4536 316 4576 non
343 4525 417 4579 sit
448 4539 578 4578 vera
600 4527 873 4580 sententia
904 4525 1006 4581 dici
1029 4527 1135 4580 ntis
1160 4526 1406 4596 Apustoli
1435 4546 1447 4582 :
1482 4527 1653 4584 Nemo
1681 4532 1808 4585 enim

1922 4499 2137 4596 propter
2179 4523 2293 4590 hoc,
2347 4521 2527 4593 posuit
2572 4523 2685 4578 ἀντὶ
2726 4522 2941 4591 τούτου,
2974 4522 3119 4592 quod
3168 4519 3361 4577 Latine
3406 4521 3537 4578 aliis

214 4628 459 4689 umquam
495 4633 702 4673 carnem
739 4635 888 4673 suam
925 4621 1055 4687 odit,
1097 4634 1219 4674 cum
1264 4622 1454 4677 morbo
1486 4622 1637 4692 regio
1668 4623 1823 4679 labo-

214 4720 417 4771 rantes.
452 4719 512 4765 et
542 4713 704 4783 ptysi,
728 4720 786 4766 et
811 4726 1067 4780 cancere,
1091 4722 1147 4767 et
1173 4712 1643 4779 distillationibus,
1675 4732 1822 4773 mor-

215 4807 316 4859 tem
347 4802 484 4858 vita:
511 4803 823 4874 praeferant,
853 4814 908 4861 et
935 4820 1032 4860 sua
1064 4805 1280 4861 odetint
1309 4821 1563 4877 corpora.
1598 4819 1620 4848 ο
1652 4809 1823 4879 Magis

280 5032 315 5099 ‘A
350 5024 434 5079 lta
477 5024 608 5097 legit
632 5023 824 5099 _codex
868 5026 1272 5099 manuscriptus
1300 5024 1504 5095 Regius
1530 5044 1692 5099 quem
1723 5048 1811 5087 se-

212 5097 320 5167 cuti
360 5113 576 5151 sttmus.
617 5096 999 5152 Cleniueusis
1043 5107 1391 5167 pervetustus
1434 5096 1573 5157 hanc
1614 5107 1817 5161 retinet

212 5165 506 5243 lectionem
531 5188 545 5243 ξ
579 5168 647 5243 Ut
676 5185 812 5243 ruga
848 5165 1281 5243 ueteris/caminis
1318 5173 1375 5224 in
1404 5182 1671 5243 venustate
1705 5184 1818 5231 ten-

212 5239 386 5315 datur.
426 5237 580 5295 Unde
610 5237 830 5315 ﬂuxerit
856 5241 910 5295 in
938 5242 1210 5296 editiones
1243 5242 1455 5298 Erasmi
1487 5253 1541 5297 et
1568 5246 1817 5315 Mariani,

211 5310 266 5386 in
284 5314 575 5386 ῙιιυεηιιιῳΔ
602 5313 868 5379 tendatur,
904 5328 1240 5386 nequaquam
1275 5328 1492 5386 possum
1522 5310 1819 5386 conjicere.

215 5380 907 5448 Mxn.—-Mat'tiana-us,
955 5380 1195 5457 inventa,
1247 5380 1311 5440 ex
1378 5384 1546 5457 Regio
1587 5380 1821 5455 qundam

214 5469 324 5529 ms.
355 5456 625 5529 reposuit,
656 5460 846 5529 sicque
874 5456 1096 5510 omnino
1134 5456 1478 5529 retinendum
1521 5462 1825 5529 contendit,

216 5526 464 5604 antiquis
487 5525 849 5604 editionibus,
880 5542 1001 5598 qua:
1031 5527 1416 5604 praeierehant,
1449 5530 1503 5584 in
1529 5525 1826 5604 juventute,

216 5597 548 5683 repudiatis.
579 5598 711 5664 Nos,
735 5597 980 5683 juventa,
1013 5597 1547 5683 rescripsimus,_sic'_
1576 5597 1833 5683 exigente

214 5679 488 5750 contextu
513 5687 526 5724 :
555 5673 804 5750 necerit,
831 5673 1048 5750 Opinor,
1078 5673 1169 5741 qui
1193 5686 1297 5750 non
1324 5673 1504 5750 statim
1533 5675 1833 5750 intelligat,

210 5739 361 5813 quod
387 5749 601 5801 temere
624 5739 978 5800 Martianaeus
1003 5739 1186 5800 locum
1210 5746 1356 5803 hunc
1383 5739 1723 5819 depravarit.

1925 4618 2112 4675 verbis
2140 4617 2247 4673 dici
2279 4631 2387 4671 non
2430 4624 2608 4685 potest
2636 4632 2651 4669 :
2684 4612 2884 4670 deinde
2915 4629 3012 4684 pro
3042 4622 3189 4685 patre
3218 4630 3313 4669 suo
3341 4621 3388 4668 et
3420 4631 3535 4687 mae

1923 4725 2002 4770 tre
2019 4730 2135 4783 sua,
2166 4710 2487 4783 pronomina
2518 4708 2773 4779 abstulit,
2802 4718 2857 4765 et
2883 4719 3081 4779 patrem
3112 4717 3321 4764 tantum
3346 4709 3541 4781 posuit

1925 4821 1972 4867 et
2015 4817 2272 4865 matrem:
2302 4815 2360 4862 et
2396 4804 2540 4876 quod
2582 4804 2632 4858 iu
2681 4802 2863 4859 medio
2900 4803 3129 4868 dicitur,
3168 4812 3218 4858 et
3254 4801 3538 4859 adhaerebit

1998 5031 2026 5071 δ
2066 5029 2217 5086 Hanc
2245 5026 2313 5081 ab
2348 5024 2583 5087 Origene
2627 5022 2863 5093 proponi
2910 5022 3298 5094 quaestionem,
3329 5020 3535 5080 fatetur

1926 5104 2294 5169 Hieronymus
2332 5096 2608 5169 Apologite
2640 5095 2731 5169 lib.
2765 5111 2986 5169 t,_nnm.
3021 5095 3113 5162 30,
3143 5109 3207 5149 ac
3233 5108 3295 5149 se
3327 5110 3395 5149 ex
3423 5094 3539 5166 ejus

1928 5165 2152 5249 persona
2176 5170 2341 5226 tacito
2373 5165 2515 5249 nom]
2527 5181 2615 5230 ne.
2642 5165 2761 5221 haec
2788 5166 2998 5249 dicere.

2009 5259 2032 5286 c
2074 5247 2198 5301 Haec
2229 5258 2359 5297 vero
2387 5239 2625 5309 probare
2665 5237 2869 5309 mavult
2898 5255 2911 5292 :
2944 5238 3156 5309 Statim,
3189 5234 3388 5309 inquit,
3413 5238 3542 5308 quia

1931 5318 2044 5382 inse
2079 5316 2321 5371 sentirem
2366 5307 2589 5382 adiunxi
2607 5308 2825 5382 :‘Magis
2855 5308 3137 5382 it_aque_ad
3167 5307 3534 5382 tropieatnin-

1938 5378 2275 5463 utagmen».
2304 5378 2598 5463 referaturn
2615 5380 2839 5463 Quando
2866 5378 3012 5463 dico,
3035 5378 3347 5463 Tropicam,
3380 5379 3543 5463 doceo

1931 5449 2109 5517 neruum
2157 5474 2258 5513 non
2306 5449 2413 5510 esse
2458 5452 2598 5524 quod
2654 5452 2881 5524 dicitur;
2922 5450 3012 5524 sed
3056 5449 3334 5524 allegoria:
3365 5450 3545 5524 nubilo

1935 5535 2239 5606 ﬁguratum.
2268 5520 2534 5606 Postumus
2556 5523 2863 5606 tumepjpsa
2882 5522 3057 5588 verba,
3075 5520 3192 5606 qua;
3211 5521 3264 5575 in
3295 5520 3543 5595 Origenis

1937 5593 2069 5663 'lihro
2097 5602 2247 5660 tertio
2276 5599 2605 5656 continentur
2627 5613 2646 5651 :
2680 5593 2923 5649 Dicamus
2954 5593 3094 5663 quod
3128 5594 3275 5647 illam
3308 5593 3543 5662 carnem,

1936 5692 2053 5750 qua
2077 5678 2251 5732 visura
2270 5673 2358 5741 sit,
2385 5680 2521 5737 etc.,
2552 5668 2617 5725 ad
2648 5666 2811 5722 ﬁnem
2841 5680 3017 5738 usque
3040 5663 3325 5724 sectionis.
3434 5694 3437 5695 ν
