3962 6338
436 215 544 275 ιω

1688 243 1748 301 S.
1792 243 2083 318 EUSEBll.
2109 243 2488 312 IIIERONYMI

3613 283 3700 344 556

437 335 595 391 uxori
622 352 752 408 sua,
783 335 870 396 hic
899 342 1115 412 penitus
1142 352 1515 420 praetermisit,
1545 365 1598 413 et
1638 365 1846 417 tantum
1890 360 2033 433 quod
2062 360 2113 424 Α
2142 361 2266 420 Scio
2288 371 2412 439 quia
2435 372 2589 429 locus
2611 373 2712 432 istc
2734 376 3100 440 ineﬁabilibus
3122 387 3316 457 plenus
3337 390 3408 447 sit
3428 407 3705 458 sacramen-

440 429 775 458 InnunALnI-n_
820 434 922 458 ι.--
973 437 1107 458 J2-.,,
1136 457 1159 458 η
1407 447 1420 458 ι
1496 450 1527 458 ..
1805 457 1815 458 κ
1898 456 1906 458 Α

439 429 775 504 sequebatur
820 434 924 492 hoc
967 437 1188 506 dictum,
1236 447 1612 516 superioribus
1638 456 1954 526 copulavit,
1986 469 2042 514 et

435 527 639 594 posuit,
674 538 724 580 et
751 539 900 584 erunt
927 533 1030 586 duo
1059 534 1112 588 in
1153 553 1308 592 carne
1348 557 1471 594 una.
1508 543 1624 601 lluc
1653 560 1833 604 autem
1866 558 2036 608 tutum

437 635 582 677 nunc
609 622 810 679 idcirco
832 625 1263 697 observavimus,
1287 643 1344 688 ιιι
1369 637 1530 692 etiam
1562 641 1613 695 in
1639 645 1854 701 etrteris
1882 645 2037 725 locis,

437 716 613 772 sicubi
661 718 970 777 testimonia
1013 727 1166 794 quasi
1210 728 1276 784 de
1319 733 1623 804 prophetis,
1653 747 1709 792 et
1748 739 1819 795 de
1866 721 2037 798 veteri

436 806 788 864 Testamento
810 811 878 866 ab
911 818 1175 882 aposlo'is
1201 833 1456 894 u~urpata
1487 836 1636 895 sunt,
1668 842 1724 884 et
1756 831 1808 886 in
1839 833 2038 892 nostris

433 901 718 960 codicibus
745 922 849 962 non
881 907 1177 980 habentur,
1210 932 1551 991 nequaquam
1586 926 1771 980 Statim
1809 927 1876 982 ad
1909 945 2039 999 apo-

431 996 763 1068 crypborum
792 1001 1046 1073 ineptias,
1073 1015 1129 1060 et
1151 1009 1317 1082 660
1341 1011 1699 1072 deliramenta
1728 996 2031 1089 curramus,

431 1089 528 1146 sed
555 1092 790 1150 sciamus
816 1099 1019 1170 scripta
1061 1103 1283 1173 quidem
1315 1123 1374 1161 ea
1405 1124 1528 1165 esse
1560 1111 1614 1167 in
1643 1115 1815 1170 veteri
1846 1116 2040 1172 Testa-

432 1191 639 1254 mento,
678 1185 776 1241 sed
820 1203 926 1244 non
973 1191 1042 1246 ita
1089 1193 1159 1249 ab
1188 1201 1454 1265 apostolis
1503 1203 1673 1273 edita,
1719 1216 1774 1261 et
1813 1223 2035 1265 sensum

431 1276 606 1345 magis
636 1289 954 1350 usurpatum
982 1300 996 1338 :
1030 1300 1131 1341 nec
1177 1287 1338 1346 facile
1369 1291 1473 1348 nisi
1503 1310 1532 1348 a
1571 1296 1830 1354 studiosis
1878 1316 2037 1370 posse

429 1366 526 1422 ubi
554 1369 754 1440 scripta
803 1373 934 1443 sint,
970 1376 1224 1435 inveniri.
1277 1381 1446 1452 Igitur
1488 1387 1554 1440 ad
1597 1390 2037 1450 exhortationem

433 1463 601 1518 mutui
624 1464 853 1522 allectus
882 1469 1027 1526 inter
1059 1487 1279 1529 uxorem
1309 1486 1365 1532 et
1390 1479 1590 1548 virum,
1618 1466 1788 1539 Adain
1818 1494 1874 1541 et
1909 1487 2038 1543 Eia:

427 1559 664 1627 sumpsit
707 1562 1040 1632 exemplum.
1085 1565 1155 1622 Ut
1197 1572 1476 1638 quomodo
1520 1585 1673 1632 costa
1720 1579 1928 1636 tollitur
1970 1583 2037 1639 de

428 1647 629 1718 Adam,
673 1660 730 1708 et
776 1654 1080 1713 tediﬁcatur
1125 1660 1178 1715 in
1229 1664 1513 1737 eonjugem
1542 1685 1556 1724 :
1588 1673 1782 1739 etipsa
1816 1689 2033 1730 rursum

2147 465 2236 532 tis,
2271 477 2327 523 et
2360 469 2606 530 divinum
2647 493 2743 532 cor
2779 493 2991 552 quaerat
3035 487 3369 559 interpretis.
3413 493 3524 565 Ego
3550 509 3701 560 autem

2144 584 2243 640 pro
2277 573 2572 640 pusillitate
2600 593 2795 636 sensus
2826 586 2952 652 tnei,
2982 586 3034 642 in
3069 588 3294 646 Christo
3322 594 3537 652 interim
3569 600 3702 672 illud,

2141 681 2197 727 et
2228 673 2282 729 in
2315 674 2556 745 Ecclesia
2593 679 3000 757 intelligendum
3034 701 3162 758 puto
3196 707 3212 746 :
3244 709 3350 748 non
3391 713 3497 767 quo
3527 701 3706 773 aliquid

2140 774 2356 832 Christo
2381 790 2435 836 et
2467 780 2709 841 Ecclesia
2743 788 2919 859 majus
2944 791 3048 860 sit;
3079 795 3175 850 sed
3207 797 3350 866 quod
3390 809 3555 856 totum
3575 809 3706 876 quod

2142 875 2211 933 de
2239 878 2408 936 Adam
2433 893 2489 938 et
2517 884 2584 941 de
2617 887 2723 942 Eva
2750 889 2969 959 dicitur,
2997 893 3049 949 in
3075 895 3298 956 Christo
3326 909 3382 956 et
3405 905 3457 958 in
3493 875 3707 968 Ecclesia

2143 978 2487 1052 interpretati
2520 1003 2699 1057 posse,
2733 991 2960 1051 difﬁcile
2999 997 3089 1052 sit.

2214 1083 2396 1154 (Vers.
2429 1087 2544 1160 55).
2580 1089 2944 1153 Verumtamen
2963 1105 2965 1107 ’
2983 1108 3033 1154 et
3053 1115 3140 1157 vos
3167 1103 3366 1178 singuli
3393 1113 3712 1186 unusquisque

2141 1204 2287 1244 suam
2317 1207 2526 1247 uxorem
2549 1194 2681 1249 sicut
2707 1214 2763 1253 se
2810 1200 3014 1276 diligat.
3061 1204 3320 1266 Estimet
3347 1212 3540 1286 aliquis
3578 1232 3710 1274 eain-

2142 1290 2264 1346 dem
2297 1292 2437 1349 intcr
2465 1297 2718 1354 maritum
2760 1311 2812 1358 et
2845 1319 3071 1363 uxorem
3122 1308 3302 1380 juberi
3357 1314 3424 1370 ab
3473 1316 3714 1384 Apostolo

2143 1382 2489 1452 charitatem,
2532 1405 2656 1460 quae
2693 1392 2746 1448 in
2803 1397 3106 1464 proximum
3141 1417 3406 1476 prmeepta
3448 1419 3532 1465 est
3583 1429 3598 1467 :
3644 1416 3712 1471 sic

2141 1477 2283 1532 enim
2316 1479 2575 1550 scripturn
2623 1496 2707 1540 est
2735 1504 2748 1541 :
2778 1486 2980 1563 Diliges
3008 1496 3300 1566 proximum
3331 1509 3475 1556 tuum
3505 1504 3627 1560 sicut
3651 1517 3715 1563 te-

2142 1571 2311 1641 ipsum
2348 1573 2532 1642 (Leuit.
2562 1594 2674 1646 xix,
2695 1582 2810 1653 {8),
2843 1596 2894 1639 et
2925 1603 3067 1644 nttne
3099 1590 3302 1649 dicitur
3333 1613 3346 1649 :
3380 1596 3717 1676 Unusquisque

2143 1685 2288 1724 suam
2319 1687 2537 1728 uxorem
2562 1676 2694 1732 sicut
2735 1696 2792 1734 se
2816 1682 3018 1754 diligat.
3057 1684 3197 1758 Ergo
3225 1689 3417 1748 eadem
3463 1693 3517 1750 in
3557 1701 3719 1764 proxi-

2913 1741 2937 1754 ..
3129 1741 3188 1758 σί
3231 1741 3268 1745 νγ
3295 1741 3417 1748 η---
3559 1741 3718 1764 ...υ-π

426 1741 628 1812 conjux
681 1743 734 1800 in
780 1761 947 1803 unam
1000 1751 1102 1806 viri
1148 1767 1367 1809 carnem
1409 1757 1676 1832 redigitur
1713 1779 1727 1817 :
1771 1765 1897 1835 quia
1939 1766 2030 1837 qui
2068 1769 2112 1830 Β
2141 1779 2285 1817 mum
2314 1776 2369 1820 et
2402 1767 2452 1822 in
2487 1783 2705 1826 uxorem
2737 1771 2978 1831 eltaritas
3019 1778 3141 1834 erit.
3174 1781 3327 1852 Quod
3353 1787 3398 1840 si
3430 1791 3749 1861 proximus,,

427 1850 654 1861 ..-Α-Α...
703 1837 874 1861 Δξὶἷμὲι
931 1843 1072 1861 -_9__-
1220 1847 1295 1861 ιιι.
1341 1849 1373 1861 ρ.
1504 1852 1515 1861 ι
2145 1855 2156 1861 -
2332 1857 2344 1861 Α

427 1850 655 1892 uxorem
699 1837 897 1912 diligit,
927 1843 1168 1914 seipsum
1199 1847 1381 1920 diligit
1415 1867 1428 1904 :
1472 1852 1552 1908 sic
1595 1865 1649 1909 et
1681 1871 1782 1910 nos
1824 1868 2037 1914 nostras

427 1944 677 1987 amemus
706 1948 924 1990 uxores.
979 1936 1214 2008 ldipsum
1258 1951 1438 1999 autem
1487 1961 1584 2016 per
1629 1944 1948 2020 allegoriam
1984 1953 2035 2008 in

426 2021 648 2082 Christo
679 2027 1095 2100 interpretatur,
1121 2034 1248 2090 etin
1275 2037 1520 2094 Ecclesia
1548 2058 1562 2095 :
1588 2050 1647 2097 ut
1672 2042 1843 2098 Adam
1873 2044 2035 2100 Citri-

425 2124 595 2182 stum,
639 2127 696 2175 et
743 2120 851 2176 Eva
899 2125 1274 2196 praeﬁguraret
1329 2130 1654 2191 Ecclesiam.
1703 2135 1904 2192 Factus
1955 2147 2037 2194 est

426 2209 573 2266 enim
628 2215 974 2273 novissimus
1023 2217 1199 2275 Adam
1250 2223 1302 2278 iu
1355 2225 1607 2293 Spiritum
1669 2229 2034 2290 viviﬁcantem

427 2302 474 2372 (l
506 2302 628 2360 Cor.
662 2307 776 2376 xv).
822 2308 890 2364 Et
935 2313 1214 2382 quomodo
1261 2316 1330 2372 de
1377 2316 1552 2374 Adam
1597 2333 1651 2376 et
1701 2338 1871 2380 uxore
1919 2327 2035 2394 ejus

425 2411 594 2453 omne
639 2397 919 2456 hominum
969 2405 1216 2462 nascitur
1242 2412 1566 2478 genus:sic
1611 2413 1678 2470 de
1721 2413 1941 2474 Christo
1980 2429 2038 2475 et

427 2490 671 2548 Ecclesia
704 2495 883 2550 omnis
912 2497 1250 2555 credentium
1300 2502 1593 2559 multitudo
1635 2521 1892 2577 generata
1926 2520 2031 2567 est.

424 2584 561 2654 Quae
591 2603 755 2642 unum
789 2587 1046 2645 Ecclesia:
1073 2608 1274 2664 eurpus
1302 2597 1517 2664 effecta,
1551 2615 1764 2658 rursum
1790 2604 1841 2658 in
1867 2605 2036 2662 latere

421 2677 626 2733 Christi
651 2679 896 2750 ponitur,
922 2693 973 2738 et
1005 2695 1175 2740 costae
1203 2687 1383 2744 locum
1415 2692 1612 2763 replet,
1648 2703 1702 2748 et
1729 2712 1898 2752 unum
1934 2700 2034 2756 viti

422 2788 626 2844 corpus
651 2774 914 2846 efﬁcitur,
948 2779 1070 2850 ipso
1100 2781 1336 2839 Domino
1364 2784 1415 2839 id
1445 2785 1495 2840 in
1521 2787 1815 2862 Evangelia
1843 2803 2034 2863 postu-

426 2867 577 2924 lante
607 2885 621 2923 :
656 2867 837 2930 Pater.
869 2871 958 2934 da,
984 2883 1039 2926 ut
1059 2876 1322 2945 quomodo
1349 2894 1441 2948 ego
1471 2888 1518 2932 et
1550 2891 1603 2934 tu
1633 2899 1796 2938 unum
1818 2902 1994 2942 sumus
2014 2903 2032 2940 :

422 2963 499 3017 sic
527 2971 575 3017 et
596 2963 700 3032 ipsi
720 2965 776 3019 in
820 2964 966 3020 nobis
1001 2983 1162 3021 unum
1191 2969 1294 3023 sint
1325 2969 1510 3043 (Joan.
1545 2990 1678 3045 xvn,
1708 2976 1827 3049 2i).
1860 2978 2032 3034 luter-

423 3070 682 3128 rogemus
710 3057 1042 3115 Marcionem
1075 3075 1182 3132 qua
1221 3065 1614 3136 consequentia
1649 3068 1823 3124 locum
1869 3073 2028 3127 istum

423 3149 517 3220 qui
537 3148 606 3206 de
630 3150 803 3205 veteri
832 3162 1126 3223 usurpatus
1155 3164 1237 3210 est
1261 3153 1652 3235 Instrumenta,
1673 3163 1724 3216 in
1745 3162 2026 3222 Christum
2055 3157 2102 3220 C

423 3251 480 3296 et
511 3241 568 3297 in
611 3241 913 3299 Eeelesiam
952 3243 1295 3316 interpretari
1329 3260 1515 3320 queat,
1543 3268 1662 3306 cum
1691 3255 1843 3325 juxta
1874 3257 2025 3314 illum

430 3332 717 3404 Scriptura
768 3347 925 3394 vetus
973 3341 1202 3396 omnino
1256 3357 1364 3398 non
1424 3343 1695 3414 pertineat
1745 3349 1811 3404 ad
1862 3348 2024 3407 Chri-

430 3435 600 3484 stum.

497 3521 678 3592 (Vers.
713 3525 829 3595 3'2.)
874 3526 1271 3584 Sacramentum
1295 3529 1392 3584 hoc
1418 3549 1662 3606 magnum
1689 3546 1783 3606 est,
1814 3555 1905 3608 ego
1926 3557 2026 3594 au-

423 3625 523 3670 tent
548 3617 686 3684 dico,
718 3619 770 3672 in
802 3619 1007 3676 Christo
1049 3634 1095 3676 et
1139 3623 1191 3676 in
1224 3623 1482 3680 Ecclesia.
1519 3626 1659 3698 Non,
1695 3639 1751 3684 ut
1784 3632 2026 3702 plerique

423 3712 758 3777 existimant,
791 3716 970 3769 omnis
1000 3715 1223 3771 historia
1269 3735 1389 3785 quae
1425 3721 1493 3775 de
1520 3721 1690 3778 Adam
1733 3732 1786 3780 et
1815 3725 1882 3781 de
1912 3727 2024 3784 Eva

422 3806 476 3860 itt
520 3805 718 3862 Genesi
763 3809 963 3878 scripia
995 3801 1105 3876 εει,
1129 3810 1194 3864 ad
1227 3808 1500 3866 Christum
1539 3823 1592 3868 et
1622 3815 1687 3868 ad
1723 3815 2022 3877 Ecclesium

416 3899 580 3955 facile
611 3901 802 3955 referri
838 3910 1036 3970 potest,
1065 3902 1158 3958 sed
1193 3907 1576 3960 tantummodo
1610 3910 1752 3975 quod
1800 3911 1850 3965 in
1887 3928 2026 3981 prae-

419 3994 562 4049 senti
591 3994 710 4050 loco
740 3997 982 4065 ponitur,
1007 3997 1059 4052 id
1081 4008 1167 4054 est
1193 4015 1206 4051 :
1236 3997 1459 4068 Propter
1481 4001 1576 4054 Itoc
1601 4004 1847 4074 relinquet
1868 4006 2022 4062 homo

417 4099 615 4158 patrem
642 4105 792 4141 suum
816 4099 866 4143 et
893 4101 1108 4146 matrem
1136 4108 1301 4170 suam,
1327 4103 1375 4146 et
1401 4095 1685 4150 ad/ta'rebit
1714 4100 1863 4152 uxori
1889 4117 2019 4168 stuc,

418 4188 466 4230 et
507 4187 658 4232 erunt
688 4180 792 4233 duo
834 4181 888 4234 in
920 4197 1078 4235 carne
1119 4199 1244 4238 una.
1282 4185 1496 4242 Primus
1541 4189 1686 4243 cnim
1737 4190 1922 4259 homo,
1967 4204 2022 4250 et

419 4270 631 4341 primus
651 4283 804 4328 vates
827 4275 1022 4344 Adam,
1050 4277 1152 4331 hoe
1183 4279 1250 4331 de
1280 4277 1496 4337 Chrisxo
1541 4292 1596 4338 et
1629 4284 1864 4340 Ecclesia
1896 4303 2020 4358 pro-

417 4363 696 4435 phetarit:
724 4367 866 4437 quod
892 4369 1178 4437 reliquerit
1209 4372 1470 4431 Dominus
1497 4386 1680 4432 noster
1707 4391 1873 4451 atque
1897 4380 2018 4437 Sal-

412 4466 572 4512 valor
612 4457 828 4515 Patrem
877 4474 1034 4516 suum
1088 4463 1280 4527 Deum,
1323 4477 1374 4520 et
1423 4477 1651 4524 matrem
1695 4486 1851 4527 suam
1902 4489 2016 4529 εω-

417 4549 609 4606 lestem
633 4549 961 4617 Jerusalem.
994 4564 1049 4612 et
1079 4558 1288 4612 venerit
1317 4559 1381 4614 ad
1416 4569 1586 4617 terras
1616 4563 1838 4634 propter

415 4658 614 4713 corpus
644 4645 966 4716 Ecclesiam,
999 4659 1052 4703 et
1083 4650 1150 4706 de
1192 4667 1292 4707 suo
1338 4667 1458 4708 eam
1507 4655 1674 4712 latere
1720 4658 2014 4715 fabricatus

411 4737 504 4805 sit,
527 4748 581 4796 et
607 4749 832 4812 propter
857 4743 1001 4798 illam
1028 4744 1262 4802 Verbum
1289 4764 1420 4804 caro
1445 4751 1640 4807 factum
1670 4753 1763 4809 sit.
1795 4757 1860 4811 Et
1885 4758 2008 4828 quia

410 4846 517 4887 non
569 4835 750 4890 omnia
796 4837 1022 4907 :equalia
1073 4855 1407 4898 sacramenta
1450 4854 1596 4909 sunt,
1627 4847 1721 4902 sed
1754 4861 1834 4904 est
1861 4850 2007 4908 aliud

406 4936 809 4983 sacramentum
834 4932 1028 4997 maius,
1054 4943 1107 4987 et
1126 4934 1272 4990 aliud
1298 4937 1475 4993 minus
1501 4955 1514 4992 :
1549 4950 1834 5012 propterea
1862 4959 2007 5001 nunc

404 5018 534 5074 dicit
563 5037 577 5074 :
611 5020 1000 5077 Sacrameutum
1039 5023 1138 5081 ltdc
1177 5046 1422 5101 magnum
1450 5042 1560 5086 est:
1586 5035 1862 5106 simulque
1904 5037 2002 5092 lit:-

405 5115 653 5172 tnilitatis
674 5117 794 5187 ejus
817 5118 1076 5176 indicium
1103 5135 1182 5178 est
1208 5123 1530 5180 inferentis:
1560 5127 1671 5200 Ego
1693 5142 1864 5186 autent
1886 5134 2001 5188 dico

400 5207 560 5282 εει
593 5210 644 5264 in
671 5209 878 5268 Christo
903 5221 952 5268 et
994 5216 1046 5270 in
1093 5215 1345 5274 Ecclesia.
1378 5220 1678 5294 Gregorius
1711 5218 2024 5283 Nazianze-V

398 5325 522 5376 nus,
570 5313 653 5368 vir
699 5315 858 5372 valde
901 5319 1180 5387 eloquens,
1213 5330 1268 5376 et
1308 5321 1364 5378 in
1410 5326 1710 5398 Scripturis
1749 5332 1995 5404 apprime

394 5405 664 5475 eruditus,
693 5424 816 5467 cum
850 5411 915 5468 de
945 5414 1045 5468 hoc
1075 5429 1288 5472 mecum
1321 5427 1581 5478 tractaret
1611 5422 1752 5488 IOZ’O,
1783 5425 1994 5481 solebat

387 5497 613 5557 dicere:
646 5502 784 5560 Vide
811 5517 1074 5575 quantum
1122 5509 1276 5566 istius
1317 5515 1537 5584 capituli
1583 5527 1981 5577 sacramentum

383 5596 568 5661 sit,'ut
602 5596 895 5671 Apostolus
930 5602 983 5660 in
1017 5603 1238 5661 Christo
1271 5605 1426 5672 illud,
1455 5616 1510 5664 et
1539 5609 1590 5665 in
1624 5610 1865 5669 Ecclesia
1896 5614 1980 5671 in-

384 5697 709 5762 terpretans,
742 5709 846 5747 non
872 5709 931 5750 se
960 5696 1030 5751 ita
1059 5709 1288 5766 asserat,
1323 5710 1382 5754 ut
1415 5703 1709 5759 testimwnii
1741 5708 1981 5775 postula-

378 5791 470 5848 bat
494 5782 747 5856 dignitas,
776 5788 1146 5857 expressisse:
1181 5790 1276 5848 sed
1302 5792 1705 5864 quodammodo
1733 5796 1930 5860 dixerit
1959 5817 1977 5858 :

2137 1855 2286 1926 juxta
2331 1857 2837 1933 interpretationem
2881 1871 3202 1944 Salvatoris,
3239 1884 3417 1938 omnis
3450 1882 3606 1939 homo
3647 1897 3722 1946 est

2141 1950 2345 2007 homini
2372 1972 2384 2008 :
2432 1956 2574 2011 nulla
2612 1975 2746 2028 ergo
2773 1965 2879 2018 erit
2910 1965 3050 2022 inter
3079 1987 3300 2029 uxorem
3345 1984 3402 2032 et
3435 1982 3719 2048 quorumli-

2139 2045 2228 2100 bet
2259 2045 2538 2106 hominum
2563 2051 2915 2112 dilectionem
2940 2059 3246 2120 dilferentia
3269 2045 3574 2143 charitatis,
3596 2075 3723 2141 qtltld

2139 2137 2322 2194 dicere
2349 2141 2504 2197 valde
2529 2144 2826 2203 absurdum
2855 2161 2961 2208 est.
3002 2153 3058 2208 In
3095 2160 3342 2227 proximo
3363 2164 3511 2219 enim
3549 2167 3724 2224 simili-

2139 2233 2268 2288 tudo
2295 2236 2532 2305 ponitur,
2566 2251 2626 2295 ut
2653 2242 2735 2298 sic
2762 2258 2886 2300 eum
2932 2246 3132 2320 diligas
3165 2255 3308 2310 sicut
3338 2267 3410 2322 te.
3474 2268 3530 2316 et
3555 2263 3722 2333 cupias

2137 2343 2260 2385 esse
2285 2332 2568 2390 salvatum.
2596 2335 2653 2392 In
2685 2354 2853 2395 uxore
2883 2353 3061 2400 autem
3091 2351 3519 2416 comparationis
3545 2357 3722 2415 adverc

2139 2423 2310 2493 bium,
2338 2429 2496 2495 sicut,
2537 2445 2648 2487 non
2677 2433 3117 2510 similitudinem,
3163 2445 3258 2500 sed
3289 2449 3724 2518 approbationem

2138 2526 2192 2572 et
2217 2519 2704 2591 conﬁrmationem,
2731 2543 2852 2585 cum
2875 2533 3106 2602 quodam
3130 2537 3373 2608 pondere
3394 2555 3574 2601 sonat.
3597 2547 3726 2616 Quo.

2138 2612 2298 2668 modo
2320 2613 2556 2672 dicimus
2583 2619 2651 2675 de
2677 2621 2797 2679 viro
2828 2642 2842 2678 :
2869 2629 3023 2697 quasi
3056 2630 3138 2684 vir
3180 2631 3328 2699 fecit,
3370 2643 3427 2691 et
3454 2639 3523 2693 de
3549 2612 3722 2694 Salva.

2140 2715 2256 2763 tore
2287 2709 2548 2780 scriptum
2578 2724 2665 2770 est
2700 2734 2712 2770 :
2756 2715 2985 2775 Vidimus
3021 2723 3239 2794 gloriam
3269 2729 3403 2798 ejus,
3435 2733 3586 2803 quasi
3620 2732 3726 2803 glo-

2136 2801 2271 2856 riam
2295 2803 2550 2878 unigem'ti
2592 2807 2770 2878 (Joan.
2803 2828 2855 2882 ι,
2890 2815 3000 2887 Η).
3035 2816 3151 2874 Non
3191 2837 3300 2892 quo
3328 2801 3458 2895 ipset
3489 2801 3724 2884 Salvator

2135 2893 2361 2964 gloriam
2410 2896 2668 2957 habuerit
2724 2903 2792 2959 ad
2847 2912 3310 2979 comparationem
3351 2893 3581 2976 alterius
3617 2921 3724 2977 uni-

2134 2989 2336 3056 geniti:
2372 2991 2490 3064 ipse
2519 3005 2605 3050 est
2657 2998 2803 3056 enim
2854 3005 3185 3076 unigenitus.
3219 3010 3288 3068 Et
3337 3015 3642 3088 unigenitus
3681 3019 3722 3076 si

2135 3089 2190 3134 et
2243 3081 2384 3140 alter
2430 3085 2625 3161 fuerit,
2686 3093 2994 3166 unigenitus
3043 3117 3149 3158 non
3211 3115 3389 3176 potest
3433 3081 3718 3184 appellari.

2137 3171 2294 3232 Unde
2340 3177 2569 3236 alterius
2619 3185 2886 3256 unigeniti
2935 3208 3044 3249 non
3091 3171 3362 3270 indigebat
3413 3171 3661 3278 exemplo
3705 3225 3719 3262 :

2130 3266 2225 3321 sed
2298 3273 2453 3339 quasi
2538 3275 2918 3349 unigenitum,
2997 3285 3102 3344 hoc
3160 3266 3274 3357 est,
3347 3306 3406 3350 ut
3477 3266 3724 3369 semetip.

2129 3375 2248 3415 sum
2299 3363 2530 3422 decebat
2571 3370 2797 3441 gloriam
2854 3375 3078 3448 habere,
3137 3387 3394 3453 possedit.
3449 3390 3561 3447 Hoc
3588 3363 3720 3450 idem

2128 3462 2184 3508 et
2236 3460 2618 3530 septuagesimi
2665 3469 2892 3525 secundi
2936 3476 3155 3542 psalmi,
3195 3479 3344 3547 juxta
3392 3482 3615 3542 Gemens
3646 3497 3720 3541 ta-

2131 3564 2276 3618 men,
2327 3556 2615 3612 exordium
2669 3573 2826 3619 sonat
2853 3581 2866 3620 :
2910 3569 2978 3632 ὡς
3005 3574 3192 3644 ἀγαθὸς
3217 3573 3244 3631 ὁ
3273 3578 3397 3641 Θεὸς
3430 3590 3508 3656 τῷ
3536 3579 3722 3658 Ἰσραήλ

2127 3650 2234 3705 τοῖς
2259 3647 2421 3704 adesa:
2449 3660 2512 3726 τῇ
2544 3654 2749 3732 καρδίᾳ,
2773 3661 2915 3729 quod
2946 3678 2973 3715 a
3003 3669 3208 3724 nostris
3237 3673 3562 3730 translatum
3604 3687 3718 3734 est:

2131 3735 2302 3803 Quam
2331 3743 2491 3798 bonus
2520 3745 2660 3803 Dens
2685 3748 2854 3807 Israel
2879 3759 3026 3812 rectis
3047 3762 3202 3820 corde
3231 3763 3404 3831 (Psal.
3445 3784 3610 3834 Lxxtt,
3650 3770 3716 3842 l)!

2126 3828 2376 3904 Alioquin
2405 3836 2558 3904 juxta
2590 3840 2811 3901 Graecos
2849 3851 2936 3913 ὡς,
2984 3852 3035 3905 id
3063 3864 3168 3921 est,
3220 3828 3380 3929 sicut,
3414 3828 3723 3920 similitudi-

2129 3941 2248 3980 nem
2306 3931 2480 4001 magis
2531 3936 2785 4006 videtur,
2831 3957 2990 4013 quam
3046 3947 3363 4008 ﬁrmitatem
3417 3957 3723 4028 signiﬁcare

2123 4020 2285 4094 662
2314 4024 2604 4093 dit-torum,
2634 4033 2679 4089 si
2710 4051 2816 4091 non
2862 4049 2918 4093 ut
2947 4041 3419 4102 conﬁrmationem
3458 4053 3717 4120 audieris,

2123 4113 2218 4168 sed
2247 4118 2396 4186 quasi
2425 4118 2534 4192 [ΑΙ.
2562 4132 2690 4180 tacet
2732 4129 2910 4204 quasi]
2940 4138 3270 4204 exemplum.
3307 4140 3486 4198 Simul
3531 4156 3586 4201 et
3625 4113 3720 4202 hoc

2122 4211 2534 4280 attendendum,
2566 4220 2709 4289 quod
2731 4222 3300 4300 virditigerejubetur
3321 4251 3576 4303 uxorem,
3610 4257 3722 4296 mu-

2125 4299 2227 4356 lier
2253 4318 2384 4358 vero
2416 4308 2611 4366 timere
2635 4313 2826 4371 virum.
2862 4318 3127 4391 Congrutt
3159 4326 3302 4380 enim
3329 4329 3452 4386 viro
3479 4331 3735 4400 dilectio,

2125 4394 2335 4450 mulieri
2370 4399 2570 4458 timur:
2600 4418 2766 4462 servo
2795 4424 2926 4465 vero
2958 4429 3068 4467 non
3100 4416 3276 4472 solum
3308 4431 3508 4489 metus,
3543 4424 3639 4480 sed
3668 4434 3720 4480 et

2124 4495 2332 4544 tremor
2348 4491 2616 4564 jungitur.
2643 4497 2799 4557 Unde
2819 4505 2945 4560 etin
2968 4515 3436 4576 consequentibus
3459 4518 3539 4572 ait
3568 4519 3720 4574 :Ser-

2349 4556 2367 4560 _
2449 4556 2477 4564 ν
2785 4556 2790 4557 ,
2829 4556 2868 4559 -_
2915 4556 2944 4560 -_
2974 4556 3131 4563 --η-ν
3157 4556 3436 4576 ,-............
3459 4556 3539 4572 ....
3568 4556 3714 4574 ..ησ-

1857 4583 2011 4622 suum
2040 4556 2094 4619 D
2121 4580 2197 4645 vi,
2231 4583 2427 4640 obedire
2456 4587 2680 4648 dominis
2715 4598 3012 4654 carnalibus
3042 4619 3158 4658 cum
3188 4606 3371 4663 timore
3397 4620 3447 4664 et
3476 4621 3714 4669 tremore.

2193 4675 2386 4733 Mulier
2426 4691 2598 4737 autem
2648 4697 2705 4740 ut
2747 4691 2924 4746 timeat
2959 4695 3144 4751 virum.
3177 4699 3233 4754 Si
3263 4700 3314 4754 in
3344 4702 3514 4759 Deum
3546 4715 3718 4763 metus

2117 4779 2342 4838 propter
2368 4772 2616 4831 timorem
2644 4781 2920 4852 supplicii,
2958 4802 3066 4842 non
3093 4790 3222 4846 sinit
3251 4808 3373 4849 eum
3402 4797 3497 4865 qui
3525 4800 3718 4854 metuit

2115 4875 2236 4916 esse
2266 4862 2563 4932 perfectum
2595 4883 2609 4928 :
2644 4884 2849 4939 quanto
2878 4879 3052 4949 magis
3100 4862 3431 4950 imperfecta
3461 4889 3573 4944 erit
3601 4907 3716 4946 mu-

2113 4951 2231 5020 lier,
2282 4971 2386 5010 non
2417 4959 2590 5015 solum
2621 4961 2812 5029 Deum.
2848 4969 2941 5024 sed
2987 4972 3149 5028 etiam
3196 4975 3372 5034 virum
3418 4982 3716 5040 metuens?

2112 5045 2338 5118 Propter
2361 5051 2504 5120 quod
2536 5059 2947 5131 requirendum,
2976 5080 3043 5120 an
3066 5071 3357 5126 carnaliter
3385 5089 3530 5130 uxor
3559 5077 3716 5132 intel-

2106 5138 2316 5209 ligenda
2357 5143 2450 5214 sit,
2482 5157 2541 5202 et
2583 5152 2766 5208 uxoris
2796 5155 2996 5212 timor:
3029 5173 3150 5215 cum
3197 5162 3520 5236 frequenter
3547 5171 3713 5227 multo

2103 5237 2357 5294 meliores
2381 5244 2594 5301 maritis
2623 5247 2975 5307 inveniantur
3004 5271 3205 5314 uxores
3230 5269 3285 5314 et
3310 5261 3387 5316 eis
3410 5262 3708 5331 imperent,

2099 5341 2153 5387 et
2193 5333 2411 5392 domum
2446 5351 2659 5412 regant,
2693 5352 2750 5400 et
2772 5345 3004 5403 educent
3031 5349 3252 5417 liberos,
3295 5361 3349 5409 et
3378 5353 3608 5411 familia:
3633 5365 3713 5414 te-

2098 5431 2624 5504 neantdisciplinam
2658 5456 2669 5491 :
2708 5439 2815 5494 illis
2845 5441 3244 5501 luxuriantibus
3286 5455 3342 5503 et
3382 5463 3485 5518 per
3528 5461 3706 5508 scorta

2093 5525 2463 5582 currentibus.
2496 5528 2591 5585 Hae
2621 5530 2762 5588 viros
2802 5548 2932 5591 suos
2963 5545 3140 5593 utrum
3172 5555 3400 5611 regnare.
3441 5541 3704 5611 debean',

2084 5631 2152 5672 an
2183 5619 2396 5687 timere,
2433 5622 2654 5680 lectoris
2685 5626 2914 5684 arbitrio
2940 5629 3288 5704 derelinquo.
3321 5633 3479 5704 Quod
3505 5639 3554 5694 si
3579 5638 3707 5709 jux-

2087 5724 2134 5764 ta
2165 5713 2500 5783 allegoriam,
2534 5728 2587 5772 ut
2619 5734 2782 5789 supra
2812 5721 3066 5791 diximus,
3099 5730 3312 5783 uxorin
3338 5746 3582 5803 corpore
3614 5749 3704 5788 ae-

2080 5804 2304 5880 cipitur,
2341 5809 2424 5868 vir
2453 5810 2507 5869 in
2538 5811 2742 5884 animo,
2773 5815 2922 5874 nihil
2958 5818 3315 5894 incongruum
3359 5835 3451 5882 est
3504 5826 3704 5889 timere
