3962 6338
229 303 310 362 537
631 288 1284 350 COMMENTARIORUM
1327 289 1393 346 IN
1435 289 1838 352 EPISTOLAM
1880 291 1973 348 AD
2016 290 2352 352 EPHESIOS
2390 292 2521 351 LIB.
2566 293 2651 354 Ill.
2693 292 2850 353 CAP.
2893 294 2982 353 Vl.

3352 295 3462 362 538

224 432 316 472 eam
341 421 390 468 ut
421 407 662 464 ancillam
694 407 893 467 virum,
925 407 978 460 in
1004 405 1248 460 secundo
1290 404 1459 472 gradu
1491 415 1546 460 et
1589 407 1640 459 in
1673 407 1756 460 vi-
1787 409 1833 468 Α
1863 406 2041 462 subtus
2074 416 2304 462 terram:
2349 426 2451 463 non
2482 409 2726 465 adorabis
2749 428 2828 476 ea,
2858 420 2907 467 et
2948 429 3053 468 non
3085 412 3376 470 immolabis
3408 417 3474 472 il-

224 509 317 564 liori
342 501 617 561 substantia
664 501 1035 554 constitutam.
1088 499 1265 552 Animi
1317 498 1536 569 qulg‘pt',
1589 508 1648 553 ut
1690 498 1766 554 ait

219 601 417 670 Crispus,
464 594 712 665 imperio,
761 591 1006 663 corporis
1044 592 1273 647 servitio
1323 592 1494 662 magis
1538 593 1761 649 utimur.

219 697 297 762 Qui
320 705 431 746 vero
457 688 759 757 simplicem
804 687 1213 758 intelligentiam
1245 686 1486 741 mulieris
1517 687 1766 758 sequitur

216 800 258 845 et
283 785 451 845 mariti,
497 782 632 837 duas
675 782 1063 853 signiticantias
1106 781 1158 834 in
1197 780 1366 835 verbo
1407 780 1613 835 timoris
1644 795 1765 836 esse

219 876 510 936 monstrabit.
545 876 604 931 Et
639 876 785 930 (licet
811 891 916 930 una
947 873 1015 928 de
1042 889 1147 944 qua
1200 874 1441 929 Joannes
1494 874 1570 927 ait
1601 890 1616 928 :
1661 873 1764 942 Qui

215 975 343 1038 timet,
364 985 549 1043 pwuatu
581 967 755 1033 habet,
797 974 846 1022 et
888 967 978 1036 qui
1002 967 1163 1029 timet,
1205 983 1307 1020 non
1333 976 1408 1021 est
1441 967 1697 1038 perfectus
1721 964 1765 1038 (Ι

213 1065 339 1120 locis.
370 1077 437 1131 tv,
470 1061 578 1127 18).
610 1062 772 1118 Juxta
813 1075 973 1132 quam
1005 1069 1060 1116 et
1089 1060 1232 1115 servi
1256 1060 1505 1130 spiritum
1530 1061 1767 1117 servitu-

211 1158 265 1212 tis
291 1156 468 1211 habent
499 1153 552 1209 in
595 1155 813 1222 timore,
853 1169 1014 1221 quem
1045 1155 1339 1225 exiguntur
1365 1168 1393 1206 a
1429 1152 1658 1220 Domino
1685 1153 1767 1207 di-

209 1264 337 1309 cente
357 1250 417 1306 ad
469 1265 565 1304 eos
596 1265 612 1304 :
645 1247 777 1304 Etsi
805 1256 954 1321 pater
1004 1265 1117 1303 sum
1175 1263 1291 1320 ego,
1349 1247 1438 1302 ubi
1464 1257 1541 1301 est
1598 1247 1766 1319 gloria

205 1363 324 1400 mea:
349 1345 454 1401 etsi
484 1343 734 1398 dominus
762 1358 874 1397 sum
898 1359 1016 1414 ego,
1040 1341 1126 1395 ubi
1167 1351 1241 1396 est
1269 1342 1422 1395 timor
1451 1356 1593 1395 meus
1625 1339 1768 1411 (Ma-

202 1438 307 1495 lach.
337 1454 381 1506 ι,
403 1438 496 1507 6)?
524 1437 766 1492 Alteram
801 1450 928 1491 vero
952 1453 1073 1507 qua:
1099 1435 1241 1501 apud
1271 1433 1631 1506 pbilosOpltos
1671 1450 1768 1488 no-

203 1531 401 1586 minatur
429 1531 686 1596 causam,
711 1528 924 1596 etapud
955 1543 1077 1594 nos,
1109 1527 1235 1584 licet
1267 1542 1373 1582 non
1400 1527 1562 1591 plene
1585 1534 1763 1591 sonet,

203 1627 443 1682 rererentia
462 1625 572 1680 dici
606 1635 808 1696 potest.
841 1624 957 1681 Scit
978 1641 1196 1695 quoque
1223 1634 1278 1678 et
1312 1623 1611 1694 prophetes
1643 1639 1767 1691 per-

198 1717 423 1775 lecturum
450 1719 732 1782 timorem,
753 1733 911 1788 quem
942 1718 1032 1787 qui
1060 1717 1322 1778 timuerit,
1357 1716 1630 1785 perlectus
1657 1725 1759 1779 est,

201 1814 241 1867 in
260 1813 512 1870 tricesimo
534 1817 700 1868 tertio
729 1813 935 1882 psalmo
967 1811 1155 1865 dicens
1181 1828 1195 1864 :
1234 1809 1354 1864 Non
1381 1821 1458 1865 est
1488 1809 1663 1881 inop‘a
1692 1811 1760 1862 ti-
1799 1793 1842 1853 Β

196 1907 410 1962 utentibus
441 1923 557 1961 eunt
595 1903 776 1974 (Psal.
829 1919 1037 1968 χχχιιι.
1081 1902 1162 1974 9).
1197 1901 1382 1958 Potest
1411 1901 1578 1971 igitur
1607 1901 1761 1956 lusori

196 1999 477 2069 simpliciter
500 1999 796 2055 intellecta:
827 1998 915 2054 bic
947 1995 1207 2066 imperari
1230 2003 1434 2064 metus,
1467 2005 1524 2050 ιιι
1552 1993 1760 2060 timeat,

194 2091 276 2146 boc
300 2100 399 2160 est,
431 2101 754 2147 revereatur
784 2089 958 2146 virum
987 2105 1167 2144 suum.

248 2187 380 2259 (l‘ap.
437 2187 526 2242 Vl.
554 2217 627 2228 —
665 2186 823 2243 Vers.
882 2184 961 2259 l.)
1002 2184 1168 2250 Filii,
1219 2183 1418 2238 obedite
1462 2183 1762 2251 parentibus

193 2283 342 2337 rastris
363 2283 411 2336 iu
463 2281 733 2337 Domino:
763 2283 861 2336 hoc
898 2280 1033 2335 enim
1056 2289 1130 2334 est
1144 2280 1372 2350 justum.
1404 2278 1625 2333 Honora
1669 2296 1764 2352 pa-

191 2383 295 2427 trem
322 2386 460 2429 tuum
483 2384 535 2430 et
561 2383 780 2430 matrem
807 2382 950 2428 tuam
992 2373 1156 2445 (quod
1198 2380 1272 2426 est
1295 2369 1603 2424 mandatum
1654 2371 1763 2441 pri-

189 2484 301 2522 msm
325 2468 376 2522 in
397 2467 772 2541 promissione)
799 2476 854 2521 ut
895 2466 1018 2521 bene
1056 2466 1121 2518 sit
1151 2464 1273 2528 tibi,
1307 2475 1354 2518 et
1401 2467 1666 2536 longaevus
1693 2464 1764 2519 sis

186 2577 314 2631 super
338 2569 550 2618 terram.
603 2559 872 2630 Ambigue
918 2559 1147 2620 dictum,
1199 2571 1382 2614 utrum
1436 2557 1490 2612 in
1533 2557 1577 2612 D
1617 2558 1765 2613 mino

187 2653 470 2719 parentibus
497 2652 669 2726 663
700 2653 813 2710 suis
843 2653 937 2708 lilii
963 2653 1199 2708 debeant
1229 2651 1478 2718 obedire,
1509 2667 1578 2706 an
1611 2661 1765 2709 certe

187 2746 477 2814 parentibus
507 2749 626 2802 suis
656 2747 749 2801 lilii
790 2746 1049 2803 obediant
1099 2747 1152 2800 in
1201 2746 1454 2802 Domino.
1500 2746 1654 2816 Quod
1705 2762 1763 2800 u-

186 2846 408 2911 trumque
431 2839 772 2906 faciendum,
809 2847 950 2895 utet
993 2840 1076 2895 bis
1105 2840 1422 2910 parentibus
1451 2839 1542 2910 qui
1578 2854 1677 2895 nos
1710 2839 1762 2893 in

183 2930 387 2989 Domino
408 2949 683 3007 genuere,
713 2933 888 3004 qualis
918 2931 1017 2989 l'uit
1048 2933 1247 2989 Paulus
1270 2941 1325 2988 et
1349 2932 1603 3004 apo.~toli,
1628 2933 1764 2989 obe-

183 3025 372 3084 diamns
395 3038 450 3086 et
485 3045 557 3087 ea
591 3029 858 3087 faciamus
899 3045 1266 3103 quacumque
1295 3029 1682 3102 princeperint,
1711 3038 1766 3086 et

182 3123 478 3192 parentibus
503 3124 738 3193 nostris,
755 3123 823 3181 de
845 3124 1043 3198 quibus
1065 3125 1365 3181 secundum
1399 3139 1622 3180 carnem
1651 3124 1764 3178 nati

1868 499 1973 554 lis:
2012 497 2122 572 Ego
2152 500 2286 554 enim
2315 518 2426 554 sum
2459 500 2720 557 Dominus
2755 503 2892 560 Deus
2919 515 3060 569 tuus,
3093 505 3232 563 Deus
3261 507 3475 578 πίοιεν,

1867 591 1957 662 qui
1984 591 2143 646 reddo
2171 603 2379 660 peccata
2409 604 2614 661 patrum
2639 596 2693 650 in
2717 597 2855 663 filios
2885 615 3042 668 usque
3077 598 3146 652 ad
3191 600 3393 654 tertiam
3425 607 3475 656 et

1866 697 2102 755 quartam
2139 688 2541 759 generationem,
2593 689 2674 744 his
2701 687 2900 761 quinte
2948 691 3186 754 oderunt,
3244 700 3291 745 et
3333 681 3474 761 facio

1871 778 2275 833 misericordiam
2303 780 2356 834 in
2389 782 2554 835 mil.'iu
2590 781 2672 836 his
2696 783 2785 849 qui
2830 784 3061 855 diligunt
3093 801 3191 850 me,
3223 795 3270 840 et
3298 794 3475 842 custo-

1868 872 2014 926 diunt
2041 875 2291 928 mandata
2318 892 2428 930 inea
2450 875 2651 949 (Exod.
2681 895 2756 945 tv,
2779 878 2858 950 5).
2887 880 3049 936 Obset
3063 896 3126 934 va
3148 881 3293 937 enim
3324 882 3472 950 quod

1870 969 2032 1023 verba
2059 967 2167 1022 sint
2196 971 2505 1033 Sponsam;
2543 989 2557 1026 :
2590 970 2809 1028 Faciens
2830 974 3241 1030 misericordiam
3266 977 3316 1029 in
3347 977 3470 1030 mil-

1867 1061 1938 1116 lia
1967 1059 2048 1115 his
2073 1062 2161 1133 qui
2215 1060 2444 1137 diligunt
2474 1081 2573 1131 me,
2605 1082 2656 1119 et
2697 1068 2993 1122 custodiunt
3037 1071 3282 1121 minutam
3335 1085 3470 1124 mea.

1868 1153 2005 1210 Fors
2031 1164 2120 1208 tan
2153 1171 2286 1223 ergo
2325 1157 2452 1227 quia
2500 1157 2802 1227 Decalogus
2859 1161 3076 1216 exeunti
3124 1160 3193 1217 de
3234 1159 3474 1234 {Egypto

1867 1250 2092 1320 p0pulo,
2128 1251 2298 1321 prima
2331 1249 2442 1308 Lex
2478 1250 2604 1307 data
2641 1268 2672 1308 e
2705 1259 2746 1312 t.
2791 1254 3215 1325 unumquodque
3250 1254 3476 1311 manda-

1869 1351 1981 1398 tum
2022 1343 2298 1414 Dcca!ogi,
2331 1344 2568 1414 primum
2609 1343 2777 1419 664
2806 1344 3119 1402 mandatum
3150 1355 3234 1403 est
3279 1347 3466 1420 appel-

1867 1433 2141 1512 landum,
2170 1435 2236 1489 ad
2287 1436 2752 1506 comparationem
2801 1452 2992 1492 eorum
3047 1447 3468 1509 praceptorum,

1867 1543 1991 1598 quae
2021 1537 2210 1598 postea
2242 1527 2294 1581 in
2322 1527 2463 1595 Lege
2493 1529 2802 1598 conscripta
2839 1540 2990 1584 sunt.
3014 1529 3116 1598 Qui
3143 1545 3276 1586 vero
3300 1546 3472 1602 espo-

1867 1622 2124 1675 sitioncm
2161 1623 2500 1694 superiorem
2552 1632 2744 1678 tenere
2785 1624 3095 1686 conabitur.
3149 1625 3202 1680 in
3233 1639 3304 1681 eo
3331 1623 3474 1696 quod

1869 1715 2218 1783 distinxerat,
2247 1719 2388 1786 quod
2415 1729 2490 1772 est
2515 1718 2820 1772 mandatum
2855 1719 3084 1793 primum
3111 1721 3163 1774 in
3195 1737 3378 1793 rrprott
3404 1721 3476 1775 is-

1867 1810 2034 1874 s:'one,
2069 1809 2212 1864 dicet
2239 1811 2532 1879 separatim
2554 1826 2680 1868 esse
2711 1812 3030 1866 mandatum
3059 1827 3073 1868 :
3119 1811 3340 1867 Honora
3363 1829 3464 1882 pa-

1867 1912 1998 1958 trem
2026 1911 2172 1957 tuum
2213 1912 2261 1958 et
2290 1913 2508 1959 matrem
2539 1914 2681 1960 tuam
2707 1921 2727 1960 :
2751 1915 2806 1961 et
2847 1917 3041 1976 postea
3076 1921 3220 1978 repri
3244 1905 3472 1963 missio-

1867 2013 1992 2053 nem
2017 2015 2120 2052 suo
2148 2000 2269 2052 loco
2304 1999 2561 2069 positam,
2595 2008 2650 2054 ut
2673 2001 2743 2054 sis
2775 2001 3038 2075 longa’bus
3059 2018 3219 2070 super
3239 2012 3462 2069 terram,

1866 2108 2018 2162 quam
2041 2091 2294 2146 Dominus
2326 2091 2465 2148 Deus
2485 2103 2599 2149 tuus
2621 2093 2765 2148 dabit
2794 2095 2904 2148 tibi.
2935 2094 2991 2149 In
3023 2096 3126 2150 hoc
3156 2111 3288 2149 Vero
3319 2110 3475 2151 man-

1867 2185 1998 2240 dato
2019 2227 2033 2250 ,
2065 2183 2116 2239 id
2148 2195 2229 2240 est
2249 2205 2260 2238 :
2281 2184 2403 2241 Non
2434 2186 2593 2258 facies
2623 2186 2713 2240 tibi
2728 2187 2952 2255 idolum,
2978 2205 3143 2260 neque
3169 2205 3369 2243 omnem
3387 2188 3465 2243 si-

1868 2279 2237 2339 militudinem.
2267 2295 2375 2334 non
2402 2295 2679 2347 seorsum,
2721 2281 2819 2336 sed
2851 2283 2954 2337 sub
2984 2298 3094 2338 ιιιιο
3125 2290 3280 2338 textu
3309 2294 3475 2354 atque

1866 2388 2145 2435 sermone.
2180 2389 2288 2428 non
2327 2385 2434 2428 tam
2468 2373 2888 2441 promissiotiem
2919 2375 3131 2440 datam,
3160 2391 3324 2443 quam
3351 2390 3480 2431 sen-

1868 2466 2093 2520 tentiam
2130 2465 2181 2520 in
2213 2465 2403 2522 laudes
2433 2465 2530 2521 Dei
2565 2481 2691 2522 esse
2719 2453 2950 2535 ﬁnitam,
2997 2465 3254 2524 facientis
3301 2468 3472 2524 misc-

1867 2558 2162 2614 ricordiam
2209 2557 2264 2613 in
2306 2558 2473 2613 millia
2506 2557 2595 2614 bis
2623 2557 2717 2630 qui
2767 2573 2891 2613 eum
2922 2559 3180 2629 diligunt,
3211 2570 3260 2615 et
3292 2569 3483 2615 cnstc-

1867 2653 2023 2708 diunt
2053 2654 2307 2710 tnandata
2357 2651 2498 2722 ejus.
2547 2651 2786 2707 Rursum
2840 2652 2886 2708 is
2927 2653 3020 2722 qui
3072 2660 3186 2708 tota
3218 2651 3473 2722 Decalogi

1868 2745 2144 2814 mandata,
2174 2746 2408 2815 primum
2441 2745 2761 2802 mandatum
2784 2760 2910 2802 esse
2933 2744 3247 2812 contendit,
3282 2760 3474 2818 reproo

1869 2841 2190 2896 missionem
2237 2841 2291 2896 in
2341 2854 2444 2911 qua
2500 2839 2768 2910 scriptum
2819 2847 2955 2894 est:
3001 2847 3058 2893 ut
3106 2839 3178 2894 sis
3208 2838 3474 2909 longarum

1867 2952 2022 3006 super
2051 2944 2263 3005 terram,
2291 2952 2446 3007 quam
2471 2932 2726 2989 Dominus
2757 2932 2895 2990 Deus
2915 2941 3037 2987 tuus
3059 2931 3202 2987 dabit
3228 2931 3339 2999 tibi,
3366 2945 3477 2987 non

1869 3029 2046 3086 solum
2075 3029 2142 3084 ad
2173 3044 2270 3085 eos
2305 3029 2582 3100 pertinere
2608 3025 2960 3092 monstrabit,
3006 3024 3105 3096 qui
3153 3023 3477 3094 parentibus

1869 3124 2243 3198 obsequantur
2273 3141 2287 3180 :
2319 3123 2417 3180 sed
2439 3123 2599 3179 etiam
2629 3121 2696 3177 ad
2720 3122 2824 3176 alia
2859 3118 3288 3176 innumerabilia
3326 3132 3469 3190 prte-

181 3231 366 3287 sumus,
395 3195 941 3290 obtemperemus'in
964 3218 1219 3289 Domino,
1247 3218 1540 3290 implentes
1556 3233 1617 3271 ea
1637 3233 1762 3288 qum
1787 3195 1833 3259 (ἶ
1864 3195 2052 3286 cepta;
2085 3226 2138 3270 et
2166 3229 2398 3270 necesse
2421 3211 2638 3269 habebit
2659 3220 2857 3267 cuncta
2889 3211 3158 3282 replicare
3187 3210 3470 3281 mandata,

178 3326 266 3365 non
290 3320 415 3367 sunt
443 3311 679 3368 Domini
721 3313 998 3368 contraria
1039 3313 1328 3368 voluntati.
1381 3311 1665 3382 Simulque
1713 3319 1768 3368 ct

179 3401 441 3460 barreticos
470 3405 907 3472 coarctabimus,
937 3405 1186 3462 nolentes
1232 3414 1390 3461 vetns
1437 3404 1764 3460 Testamen-

175 3509 267 3555 tutn
289 3517 407 3558 esse
445 3503 546 3559 Diei
580 3503 734 3569 boni,
768 3503 923 3572 cuius
957 3503 1102 3558 libus
1131 3501 1387 3557 Christus
1412 3501 1502 3555 sit.
1533 3501 1647 3570 Qua
1679 3517 1766 3553 ra-

175 3593 300 3652 tione
344 3598 658 3668 Apostolus
701 3595 930 3666 Christi,
986 3596 1112 3651 boni
1170 3595 1265 3653 Dei
1313 3595 1432 3662 lilii,
1482 3596 1762 3663 Scriptura

169 3689 418 3748 Creatoris
461 3702 680 3760 utatur,
714 3701 769 3746 et
812 3692 1184 3748 obedientiam
1219 3692 1461 3748 liliormu
1495 3693 1561 3747 de
1592 3691 1765 3748 veteri

169 3781 291 3837 bere
321 3798 649 3855 pnesumat.
686 3785 839 3855 Quod
873 3771 1246 3841 testimonium
1279 3785 1346 3841 de
1387 3785 1578 3842 Esodo
1615 3802 1764 3840 sum-

166 3886 317 3944 ptum,
341 3879 413 3934 ita
448 3880 526 3935 ibi
553 3879 870 3934 contexitur
906 3896 917 3932 :
951 3878 1167 3934 llouora
1188 3890 1384 3951 patrem
1413 3889 1558 3935 tuum
1581 3889 1627 3932 et
1655 3897 1762 3935 ma-

165 3981 272 4023 trem
296 3981 438 4027 tuam
462 4013 478 4037 ,
509 3985 566 4028 ut
598 3973 720 4028 bene
748 3973 814 4026 sit
843 3973 959 4036 tibi,
994 3983 1045 4027 et
1071 3974 1144 4028 sis
1175 3972 1436 4045 longtevus
1468 3990 1623 4039 super
1663 3983 1765 4027 ter-

161 4080 280 4130 nm,
304 4085 462 4136 quam
499 4067 764 4122 Dominus
795 4065 936 4120 Deus
967 4075 1088 4120 tuus
1129 4066 1271 4119 dabit
1311 4066 1402 4120 tibi
1431 4063 1630 4136 (Exod.
1664 4080 1760 4132 xx,

166 4158 239 4227 l2)
268 4175 281 4211 :
309 4159 516 4230 dequo
549 4175 698 4215 nunc
717 4161 902 4214 ultima
929 4161 1098 4215 verba
1121 4158 1410 4225 subtraxit,
1437 4158 1580 4228 quod
1613 4173 1766 4212 man-

156 4251 323 4309 datum
358 4257 416 4310 in
455 4255 736 4323 Deealogo
767 4254 1018 4326 quintum
1061 4261 1166 4309 est.
1203 4253 1356 4307 Unde
1407 4254 1761 4324 qmcrendum

156 4369 309 4425 quare
362 4373 521 4414 nunc
560 4359 786 4423 dixerit,
842 4357 984 4430 quod
1019 4366 1096 4412 est
1145 4357 1452 4410 mandatum
1495 4357 1760 4426 primum:

151 4475 260 4516 rum
287 4465 538 4533 primum
574 4462 889 4518 mandatum
917 4463 988 4519 sit
1030 4479 1044 4516 :
1097 4460 1216 4517 Non
1248 4471 1396 4516 erunt
1437 4463 1527 4516 tibi
1565 4463 1642 4517 dii
1670 4464 1765 4518 alii

147 4576 326 4631 preter
353 4582 460 4620 me.
499 4565 873 4635 Quamobrem
900 4564 1144 4619 nonnulli
1178 4564 1250 4619 ita
1273 4564 1484 4634 legunt,
1513 4565 1654 4636 quod
1685 4578 1760 4623 est
1791 4601 1840 4663 Β
1865 4564 2013 4678 ri";

148 4669 446 4724 mandatum
471 4669 705 4739 primum
729 4669 785 4722 in
807 4669 1150 4741 promissione
1174 4683 1191 4723 :
1216 4667 1372 4740 quasi
1397 4677 1630 4737 quatuor
1653 4667 1758 4723 alia

142 4770 414 4838 mandata,
451 4788 580 4843 qna-
612 4782 738 4826 ante
768 4771 911 4826 dicta
943 4779 1091 4834 sunt,
1127 4785 1231 4825 non
1267 4769 1498 4824 habeant
1524 4769 1756 4841 promis-

140 4871 338 4939 siones,
365 4883 428 4930 et
460 4876 523 4930 in
571 4874 676 4930 boc
703 4874 824 4930 solo
857 4873 1176 4943 pollicitatio
1219 4873 1428 4929 feratur
1456 4873 1712 4942 adiuncta
1735 4916 1751 4942 ,

140 4981 186 5022 ιιι·
203 4972 327 5030 bene
361 4975 433 5029 sit
461 4976 582 5042 tibi,
610 4985 658 5030 et
681 4975 752 5030 sis
775 4974 1037 5047 longu’vus
1061 4993 1218 5048 super
1245 4985 1436 5030 terram
1462 4992 1618 5047 quam
1651 4975 1755 5029 Do-

137 5074 297 5130 minus
327 5075 490 5132 Deus
540 5086 660 5131 tuus
691 5076 834 5130 dabit
863 5077 977 5134 tibi.
1029 5076 1137 5134 Sed
1170 5076 1424 5132 videnlur
1471 5077 1604 5133 mibi
1646 5093 1750 5134 non

133 5177 465 5237 observasse
494 5180 784 5247 subtilius,
827 5190 881 5236 et
910 5179 962 5236 in
1000 5181 1241 5238 secundo
1273 5181 1528 5238 mandato
1569 5197 1758 5250 repro-

136 5269 462 5329 missionem
492 5288 619 5329 esse
650 5275 937 5333 sociatam.
967 5274 1053 5329 Ail
1083 5275 1226 5329 enim
1260 5292 1273 5329 :
1311 5274 1431 5331 Non
1470 5276 1633 5345 {aries
1662 5277 1753 5331 tibi

129 5363 350 5431 idolum,
386 5383 569 5438 neque
592 5383 792 5420 omnem
818 5367 1209 5420 similitudinem
1232 5385 1408 5422 eorum
1439 5386 1552 5437 quat
1581 5370 1632 5424 in
1666 5387 1757 5425 ra:-

130 5454 175 5509 ιο
215 5475 466 5526 sursum,
503 5468 554 5513 et
584 5475 698 5531 qua:
727 5461 780 5514 in
807 5471 943 5514 terra
970 5459 1234 5529 deorsunt,
1262 5470 1310 5516 et
1344 5479 1459 5532 qua:
1509 5464 1562 5518 in
1609 5466 1756 5542 aquis

193 5625 580 5697 “(Verulana
626 5642 821 5685 omnes,
853 5625 1079 5697 ipsemet
1133 5626 1496 5697 Hieronymus
1533 5626 1757 5682 minime

121 5696 269 5750 norit
323 5703 380 5751 in
436 5696 882 5752 Cmumenttriis
925 5699 975 5751 in
1031 5701 1173 5752 hunc
1205 5696 1429 5764 librum,
1463 5699 1547 5752 ubi
1578 5713 1639 5754 se
1673 5712 1754 5753 ta-

119 5783 243 5822 men
281 5769 672 5841 Septuaginta
725 5771 1089 5838 interpretum
1144 5769 1530 5824 constte'tnliui
1583 5773 1755 5841 magis

120 5843 441 5914 cooptavit.
484 5839 712 5897 Factum
755 5857 969 5913 quoque
1008 5841 1225 5899 videtur
1254 5843 1556 5898 scribarum
1591 5839 1747 5898 erro-

1868 3310 1920 3364 in
1952 3309 2153 3380 quibus
2197 3323 2415 3364 merces
2461 3309 2580 3362 haec
2621 3317 2675 3362 et
2724 3306 3011 3375 przcmium
3061 3303 3478 3375 pri-mittantur,

1868 3411 1928 3458 ut
1958 3404 2065 3458 sint
2097 3402 2326 3473 longtevi
2358 3416 2523 3472 super
2553 3410 2787 3460 terram,
2836 3414 3000 3470 qualn
3036 3397 3302 3453 Dominus
3331 3396 3477 3455 Deus

1867 3512 1996 3551 suus
2023 3495 2233 3550 dederit
2256 3495 2356 3550 eis.
2381 3495 2427 3550 Α
2452 3509 2559 3566 quo
2581 3493 2830 3548 diversus
2855 3493 2950 3546 ille
2981 3493 3206 3562 exigere
3231 3490 3458 3548 debebit

1868 3593 2158 3662 interpres,
2190 3601 2246 3645 ut
2268 3590 2464 3645 doceat
2508 3600 2634 3645 ante
2675 3587 2778 3643 hoc
2809 3585 3157 3650 mandatum,
3211 3583 3305 3639 illa
3350 3599 3476 3655 quze

1865 3683 1934 3738 ab
1959 3699 2024 3740 eo
2052 3684 2262 3749 prolata
2303 3688 2447 3745 sunt,
2481 3680 2684 3750 scripta
2727 3693 2853 3736 esse
2892 3677 3173 3733 tnandata.
3219 3675 3378 3744 Quod
3421 3675 3473 3733 sl

1867 3792 1974 3832 non
2007 3776 2246 3849 potui-rit
2284 3773 2616 3846 approbare,
2662 3771 2864 3827 frustra
2895 3782 2951 3826 et
2984 3771 3039 3826 in
3069 3769 3194 3826 aliis
3221 3784 3469 3842 praecep-

1869 3869 1938 3926 tis
1970 3871 2106 3922 lianc
2139 3865 2630 3939 rt'promiSs'ionem
2671 3864 2988 3932 adjunctam
3023 3877 3148 3918 esse
3192 3876 3473 3917 memora-

1869 3963 1964 4017 bit.
1997 3961 2124 4016 Post
2169 3961 2287 4016 ba-c
2319 3958 2753 4029 retractandum,
2810 3974 2911 4028 pro
2961 3956 3174 4013 honore
3218 3955 3389 4026 patris
3417 3963 3477 4012 et

1869 4058 2078 4124 matris,
2111 4073 2214 4113 non
2237 4056 2523 4113 Iudaicum
2543 4065 2601 4110 et
2621 4054 2839 4110 carnale
2869 4067 2990 4108 esse
3021 4051 3368 4122 promissum,
3401 4058 3462 4106 ut

1865 4151 2096 4222 Ιυηετεγὶ
2124 4152 2231 4207 sint
2259 4150 2352 4205 libi
2385 4164 2551 4216 super
2582 4159 2806 4211 terram,
2827 4137 3002 4216 'quain
3037 4145 3300 4200 Dominus
3316 4144 3467 4202 Deus

1866 4261 1996 4300 suus
2024 4244 2238 4299 dederit
2262 4244 2362 4300 cis.
2387 4243 2584 4298 Multos
2609 4242 2756 4298 enim
2789 4239 2961 4296 fuisse
2983 4239 3342 4302 credendum,
3377 4238 3473 4309 qui

1867 4349 1921 4396 et
1947 4341 2260 4408 parentibus
2287 4339 2658 4408 obsequentes
2687 4338 2796 4393 cito
2821 4335 3022 4390 mortui
3046 4334 3181 4403 sint,
3210 4344 3265 4390 et
3288 4336 3339 4389 in
3369 4351 3471 4407 pa-

1867 4444 2053 4489 rentes
2081 4434 2234 4500 impii
2284 4447 2454 4503 usque
2492 4431 2559 4486 ad
2599 4439 2789 4486 extre"
2814 4446 2900 4486 am
2932 4429 3184 4484 venerint
3216 4443 3471 4485 senectu-

1869 4541 1999 4586 tem.
2032 4527 2584 4598 Reepondeanteuim
2615 4524 2790 4582 Jndtei
2821 4533 2874 4580 et
2897 4523 3108 4580 similes
3128 4523 3468 4590 Judamrum,

2023 4639 2068 4677 ξιξ
2095 4621 2255 4677 istius
2285 4620 2567 4692 longitudo
2598 4628 2684 4673 est
2715 4620 2768 4674 in
2801 4617 3176 4688 repronnissis,
3202 4627 3259 4673 et
3281 4617 3375 4672 diu
3410 4618 3466 4674 in

1865 4731 2095 4781 corpore
2126 4729 2453 4779 permanere
2483 4712 2718 4770 felicitas
2755 4721 2864 4780 est,
2904 4709 3031 4782 quid
3055 4710 3156 4764 sibi
3180 4709 3300 4765 vult
3327 4709 3461 4766 illud

1866 4809 1918 4864 in
1946 4809 2177 4865 Psalmis
2209 4825 2222 4862 :
2260 4806 2375 4862 Heu
2407 4807 2554 4873 mihi,
2595 4807 2719 4877 quia
2746 4805 3004 4860 inrolotus
3061 4819 3204 4858 meus
3257 4803 3473 4873 prolon-

1864 4913 2020 4974 gotus
2071 4903 2189 4959 est!
2249 4901 2476 4960 habitari
2534 4917 2651 4955 cum
2703 4899 3058 4955 habitantibus
3119 4897 3290 4954 Cedar
3338 4897 3462 4969 (Ps.

1863 5013 2018 5064 cxtx,
2057 4997 2138 5069 7).
2187 4997 2250 5052 Et
2281 4997 2382 5051 hoc
2429 4995 2741 5052 Salomonis
2769 4995 2822 5048 in
2889 4992 3269 5048 Ecclesiaste:
3321 4989 3468 5045 Lau-

1863 5091 1982 5144 davi
2022 5107 2112 5165 ego
2146 5100 2170 5128 ἰ
2225 5107 2402 5145 omnes
2452 5097 2682 5144 mortuos
2731 5088 2822 5160 qui
2872 5086 3003 5141 olim
3047 5085 3238 5141 mortui
3295 5093 3460 5150 sunt,

1859 5200 2014 5256 super
2083 5183 2304 5238 virentes
2372 5180 2462 5252 qui
2543 5181 2718 5234 vivunt
2799 5195 2965 5250 usque
3040 5177 3096 5231 in
3169 5191 3398 5248 presens
3449 5187 3472 5231 :

1859 5277 2021 5349 665
2048 5284 2092 5331 et
2121 5276 2302 5331 melior
2323 5283 2397 5330 ett
2435 5291 2590 5346 super
2618 5273 2708 5328 hos
2739 5273 2890 5330 duos.
2922 5271 3013 5343 qui
3058 5269 3278 5323 necdum
3303 5277 3465 5324 natus

1859 5381 1954 5435 est,
1982 5381 2157 5426 etnon
2191 5372 2316 5424 vidit
2356 5387 2508 5424 ontne
2556 5386 2686 5439 opus
2733 5367 2924 5421 nmium
2962 5364 3101 5436 quod
3151 5364 3347 5432 factum
3391 5371 3470 5418 est

1861 5468 1954 5523 sub
1996 5468 2104 5523 sole
2141 5467 2371 5540 (Ecclcs.
2414 5481 2487 5528 tv,
2520 5466 2578 5529 ἓ,
2615 5464 2701 5533 5);
2757 5472 2812 5517 et
2851 5469 2973 5531 post
3027 5458 3350 5530 paululum:
3402 5455 3466 5512 Si

1866 5644 1946 5689 re,
1982 5625 2125 5695 quod
2173 5627 2225 5681 in
2258 5625 2525 5681 Vaticano
2558 5623 2677 5692 ejus
2708 5619 2976 5695 tersionis
3022 5614 3320 5695 exemplari
3370 5615 3463 5669 sit.

1865 5688 2059 5752 lit-anili
2114 5711 2293 5754 autem
2351 5698 2510 5750 luerit
2544 5688 2747 5760 .-\qui|:i-
2779 5693 2980 5753 versio,
3022 5688 3114 5761 qui
3151 5703 3281 5761 cum
3313 5709 3470 5743 κακο-

1863 5774 2022 5836 ζήΊως
2053 5771 2337 5826 llebra-ntn
2371 5759 2658 5842 :trticu'uut
2702 5777 2744 5824 Π
2771 5782 2814 5826 ι,
2848 5759 3052 5842 (ξιπιϊσξ
3068 5759 3325 5842 redderet
3349 5761 3464 5842 obit

1859 5830 2126 5914 aditoque,
2157 5847 2253 5900 σὺν
2296 5845 2416 5901 τοὺς
2445 5838 2764 5906 τεθνηκὸτας,
2801 5835 3086 5902 rtluderit,
3131 5842 3190 5888 ιιι
3237 5832 3290 5888 in
3337 5830 3468 5889 Alc-
