3962 6338
466 179 579 240 559

1713 178 1776 237 8.
1818 177 2093 237 EUSEBII
2132 176 2512 235 HlEllONYMl

3638 177 3726 237 540

465 300 707 381 genuerit
736 299 816 357 vir
834 306 1038 357 centum
1061 306 1111 367 ι,
1134 306 1184 355 et
1206 314 1371 357 annos
1402 299 1580 371 plures
1604 296 1814 367 ηυὶφετὶι,
1845 305 1891 353 et
1917 295 2068 351 multi
2092 294 2152 367 Α
2176 305 2314 365 tum,
2336 297 2503 371 663
2527 296 2781 369 parvulos
2809 295 2955 353 ﬁlios
2977 304 3139 369 atque
3166 296 3433 353 lactentes
3457 293 3524 352 ad
3550 295 3728 356 iracun-

468 393 661 467 fuerint
706 393 815 449 dies
838 407 1097 448 annorum
1141 395 1279 466 ejus,
1320 400 1369 447 et
1406 392 1587 446 anima
1617 391 1761 445 illius
1810 390 2072 463 repleatur

470 488 637 556 bonis,
670 495 719 542 et
748 487 1014 561 sepultura
1043 501 1145 540 non
1175 485 1243 539 sit
1270 485 1316 539 ei
1339 500 1358 539 :
1405 484 1519 539 dixi
1558 482 1745 538 melius
1790 491 1865 537 est
1919 497 2073 549 super

468 598 587 639 eum
612 579 926 647 abortivum,
955 578 1079 651 quia
1106 578 1160 632 iu
1189 577 1420 633 uanitate
1460 578 1623 646 venit,
1674 586 1723 633 et
1760 576 1816 631 in
1852 575 2073 630 tenebris

469 690 659 732 nomen
710 675 824 745 ejus
874 671 1137 744 aperietur
1185 686 1207 727 :
1259 681 1307 726 et
1336 670 1545 741 quidem
1589 670 1751 725 solem
1797 685 1900 723 non
1949 667 2077 722 vidit

471 765 666 842 (Ibid.,
689 764 768 837 6),
797 772 852 820 et
876 772 1098 820 cratera.
1139 762 1198 820 Si
1243 763 1389 821 enim
1416 763 1707 818 laudantur
1733 779 1898 833 super
1925 761 2078 817 vivos

477 858 675 915 mortui
699 855 947 929 (etjuxta
976 855 1385 932 quosdamqni,
1412 867 1706 926 antequam
1749 854 1803 910 in
1846 870 2075 925 corpora

476 952 581 1012 ista
610 950 971 1018 descendant,
1004 950 1217 1007 animas
1240 952 1439 1024 degere
1480 952 1532 1006 in
1581 949 1899 1007 coelestibus
1931 949 2075 1005 arbi-

479 1052 714 1112 trantur,
761 1044 952 1099 melior
995 1059 1120 1101 esse
1168 1045 1371 1101 dicitur
1418 1044 1654 1114 duobus,
1697 1044 1789 1118 qui
1847 1045 2077 1100 necdum

479 1147 641 1195 natus
668 1148 777 1205 est,
805 1150 861 1193 et
891 1140 1070 1194 omnis
1104 1140 1212 1195 ista
1233 1139 1340 1194 vita
1372 1141 1598 1195 tentatio
1625 1149 1734 1205 est;
1766 1151 1820 1194 et
1840 1139 2080 1193 ser-nudo

468 1232 586 1290 'Job
618 1250 633 1287 :
667 1231 817 1289 Mors
856 1233 955 1287 viri
993 1230 1105 1308 [AL
1154 1233 1288 1315 viro]
1332 1234 1531 1308 requies
1576 1232 1703 1306 (Job
1733 1250 1812 1303 ιιι,
1858 1232 1948 1307 15)
1980 1249 1995 1290 :
2027 1241 2084 1290 et

476 1325 635 1397 juxta
679 1325 934 1381 eumdem
979 1334 1034 1382 et
1062 1325 1381 1394 Jeremiam,
1413 1324 1694 1382 Maledicta
1727 1334 1812 1381 est
1857 1325 1977 1382 dies
2026 1325 2081 1381 iu

483 1431 588 1489 qua
634 1418 912 1473 nascimur
962 1418 1185 1493 (Jercm.
1216 1435 1319 1483 sx,
1352 1420 1466 1492 14),
1501 1419 1774 1491 quomodo
1806 1435 1951 1476 nunc
1999 1435 2087 1474 re-

483 1514 823 1585 promittitur
872 1513 1264 1571 honorantibus
1309 1526 1518 1586 patrem
1568 1525 1623 1569 et
1671 1524 1897 1570 matrem
1940 1513 2083 1585 quod

480 1604 713 1677 longaevi
771 1606 884 1662 sint
927 1622 1091 1677 super
1135 1613 1367 1677 terram,
1419 1622 1583 1678 quam
1632 1605 1890 1661 Dominus
1943 1606 2085 1661 Dens

2175 392 2317 448 diam
2370 409 2689 463 provocare,
2733 401 2828 448 aut
2877 404 3027 449 certe
3068 392 3180 464 jam
3232 392 3651 450 adolescentibus
3687 405 3733 453 et

2176 488 2489 544 maturioris
2545 489 2744 551 aetatis.
2791 502 2857 543 ea
2901 487 3170 559 imperare
3225 501 3347 556 qua:
3393 486 3569 556 gravia
3608 496 3728 543 sunt.

2178 581 2334 639 Sicut
2358 581 2522 652 igitur
2549 581 2605 637 in
2634 582 2760 637 (iliis
2780 581 3135 652 obsequium,
3167 590 3220 635 et
3244 577 3590 649 subjeaionis
3612 596 3733 637 ntere

2177 693 2271 732 ces
2298 687 2384 734 est
2408 677 2778 734 demonstrata
2812 693 2828 731 :
2859 676 2929 731 ita
2964 674 3285 747 parentibus
3311 671 3634 730 moderatum
3666 674 3736 743 iu-

2177 772 2338 829 betur
2361 771 2669 843 imperium,
2701 777 2759 824 ut
2782 786 2888 824 non
2916 768 3069 839 quasi
3102 768 3300 832 servis,
3331 767 3428 822 sed
3463 764 3608 836 quasi
3635 767 3739 823 ﬁliis

2180 877 2422 937 praeesse
2444 878 2504 917 se
2534 860 2808 916 noverint.
2849 858 2961 916 Nec
2991 859 3097 916 hoc
3129 859 3386 930 praecepti
3417 857 3521 913 line
3544 866 3740 914 conten-

2181 968 2272 1013 tus
2299 966 2413 1024 est;
2438 956 2535 1013 sed
2558 967 2615 1011 et
2642 954 2777 1012 illud
2808 954 3056 1026 adjunxit
3084 972 3099 1009 :
3131 951 3371 1008 Educate
3399 951 3519 1007 illos
3540 952 3591 1006 in
3610 952 3743 1007 disci-

2178 1050 2326 1123 plina
2354 1061 2401 1105 et
2423 1050 2743 1120 correptione
2766 1048 2994 1105 Domini.
3036 1048 3209 1115 Quam
3232 1045 3622 1116 correptionem
3661 1060 3744 1102 nos

2184 1146 2439 1217 legimus,
2471 1146 2666 1204 melius
2693 1146 2745 1199 iu
2776 1142 2972 1201 Cra-co
2999 1143 3197 1198 dicitur
3232 1144 3494 1206 νουθεσία,
3525 1154 3634 1210 qua:
3661 1140 3745 1192 ad-

2185 1241 2519 1299 munitionem
2551 1238 2721 1309 magis
2750 1248 2805 1292 et
2845 1236 3189 1292 eruditionem
3216 1249 3378 1305 quam
3425 1232 3747 1287 austeritatem

2186 1344 2362 1389 Sonat.
2397 1333 2604 1404 Legam
2644 1330 2885 1403 episcopi
2934 1339 3097 1400 atque
3146 1326 3474 1398 presbyteri.
3506 1324 3593 1395 qui
3628 1323 3751 1382 ﬁlios

2186 1442 2315 1482 suos
2361 1425 2716 1482 saecularibus
2763 1423 2960 1479 litteris
3010 1422 3287 1485 erudiuut,
3341 1429 3397 1475 et
3440 1416 3636 1472 faciunt
3675 1433 3753 1471 co-

2190 1519 2417 1576 moedias
2446 1519 2630 1590 legere
2655 1517 2705 1586 δ,
2753 1527 2810 1573 et
2856 1518 3146 1572 mimorum
3196 1511 3373 1584 turpia
3420 1512 3616 1582 scripta
3643 1526 3754 1569 can-

2192 1621 2334 1678 tare,
2363 1612 2433 1669 de
2464 1611 2870 1668 Ecclesiasticis
2904 1608 3134 1665 forsitan
3164 1606 3471 1677 sumptibus
3505 1603 3755 1660 eruditos:

488 1713 619 1757 suus
645 1698 863 1757 dederit
906 1700 1022 1756 eis?
1070 1700 1371 1770 Qumrenda
1416 1710 1502 1757 est
1544 1715 1678 1773 ergo
1710 1711 1890 1768 terra,
1919 1715 2078 1773 quam
2111 1697 2160 1761 Β
2191 1715 2247 1764 et
2293 1708 2436 1780 quod
2483 1707 2535 1763 in
2582 1707 2882 1762 corbonam
2921 1718 3021 1775 pro
3051 1712 3281 1774 peccato
3308 1702 3465 1772 virgo
3494 1699 3579 1756 vel
3599 1697 3759 1763 vidua,

484 1793 755 1851 Dominus
790 1795 1122 1866 repromittit
1158 1805 1214 1852 et
1258 1795 1450 1851 tribuit
1492 1796 1577 1851 bis
1608 1794 1700 1868 qui
1740 1794 2080 1867 spiritualem

489 1885 782 1962 Egyptum
815 1888 1160 1961 reliquerint,
1199 1898 1254 1945 et
1298 1903 1423 1945 cum
1473 1890 1622 1945 omni
1663 1889 1943 1960 patientia,
1980 1903 2093 1943 ma-

488 1999 593 2056 gna
625 1994 679 2041 et
711 1984 976 2042 terribilia
1008 1985 1134 2041 vita:
1179 1984 1337 2042 istius
1382 1985 1598 2043 deserta
1646 1987 1990 2055 transierint,
2039 1993 2094 2041 et

491 2076 725 2134 vicerint
769 2093 930 2151 reges
971 2094 1219 2153 magnos,
1246 2097 1387 2154 quos
1418 2082 1654 2152 percutit
1696 2081 1961 2138 Dominus
1993 2098 2006 2136 :
2037 2090 2095 2139 et

493 2171 812 2227 transierint
853 2172 907 2227 in
947 2170 1192 2229 Judteam
1241 2190 1363 2246 qua:
1407 2175 1547 2230 lacte
1580 2185 1634 2230 et
1680 2176 1845 2230 melle
1870 2173 2010 2242 llnit,
2041 2181 2096 2231 et

492 2264 598 2321 sub
642 2263 769 2321 Jesu
819 2264 981 2331 duce.
1044 2264 1268 2323 Jericho
1312 2278 1627 2333 corruente,
1676 2279 1840 2340 atque
1886 2274 2093 2322 vastata

494 2356 615 2426 llai,
650 2374 772 2429 quae
801 2357 1209 2430 interpretatur,
1241 2360 1539 2432 abruptum,
1586 2360 1889 2417 Jerusalem
1931 2374 2097 2415 vene-

495 2458 627 2527 rint,
677 2469 734 2516 et
774 2458 1077 2525 aediﬁcetur
1107 2462 1188 2518 eis
1217 2464 1476 2534 templum
1506 2462 1607 2519 sub
1636 2461 1928 2519 Salomone
1970 2475 2097 2533 rege

488 2560 726 2643 pacifica
749 2560 890 2635 (los.
915 2579 989 2632 vr,
1011 2565 1093 2637 8),
1124 2572 1180 2621 et
1206 2565 1518 2635 possideant
1546 2574 1769 2631 terram,
1796 2577 1918 2634 quae
1938 2578 2096 2619 man—

497 2665 670 2722 suetis
700 2673 785 2721 est
806 2675 1106 2738 praeparata
1148 2683 1165 2724 :
1194 2667 1342 2725 Beati
1382 2668 1589 2740 quippe
1630 2667 1777 2722 mites
1807 2682 1825 2720 :
1851 2666 2099 2737 quoniam

497 2767 599 2841 ipsi
646 2767 985 2838 possidebunt
1024 2778 1218 2826 terram
1251 2769 1468 2841 (Matth.
1499 2786 1556 2836 γ,
1583 2766 1667 2839 4),
1697 2782 1819 2839 quae
1849 2783 1978 2825 vere
2014 2777 2101 2823 est

499 2876 646 2926 terra
670 2871 997 2937 viventium,
1037 2869 1331 2927 Psalmista
1374 2884 1590 2941 quoque
1614 2869 1832 2926 dicente
1876 2886 1890 2924 :
1931 2868 2100 2924 Credo

496 2971 673 3028 sidere
712 2972 847 3028 bona
897 2971 1107 3027 Domini
1148 2972 1204 3026 in
1250 2972 1460 3046 regione
1495 2971 1766 3027 viventium
1803 2970 1925 3045 (Ps.
1950 2984 2099 3037 xxvr,

500 3071 620 3146 15).
649 3073 820 3145 Hujus
866 3076 993 3131 vita}
1039 3074 1432 3145 longitudinem
1462 3084 1515 3131 et
1553 3076 1819 3147 sapientia
1852 3077 2015 3134 habet
2046 3082 2099 3135 in

501 3188 669 3231 manu
720 3174 976 3247 dextera,
1012 3177 1063 3232 in
1100 3176 1318 3235 sinislra
1372 3186 1565 3234 tenens
1606 3178 1820 3234 divitias
1868 3189 1925 3237 et
1976 3182 2094 3254 glo-

504 3288 664 3331 nam.

499 3394 502 3398 λ
581 3372 760 3448 (Vers.
785 3375 866 3449 4.)
895 3374 965 3431 Et
987 3386 1158 3448 patres
1183 3378 1343 3433 nolite
1371 3378 1441 3432 ad
1484 3378 1807 3435 iracundiam
1829 3397 2108 3451 prorocare

503 3465 645 3538 ﬁlios
667 3478 858 3525 vestros
884 3485 903 3524 :
954 3468 1062 3528 Sed
1088 3471 1299 3527 educata
1331 3472 1451 3527 illos
1488 3471 1544 3526 in
1587 3473 1861 3545 disciplina
1899 3484 1949 3531 et
1977 3492 2097 3531 con-

504 3574 793 3631 uersatione
814 3574 1045 3633 Domini.
1072 3576 1360 3633 Peccatum
1382 3576 1615 3633 ﬁliorum
1639 3586 1722 3634 est
1751 3593 1856 3635 non
1880 3579 2104 3639 obedire

505 3668 848 3739 parentibus,
868 3680 923 3728 et
939 3670 1060 3744 quia
1074 3680 1327 3744 poterant
1340 3681 1595 3744 parentes
1614 3672 1813 3744 aliquid
1832 3674 2102 3747 imperare

506 3776 848 3835 perversum,
863 3765 928 3821 ad
929 3765 1132 3838 junxit,
1147 3764 1751 3841 inlDominoPeccatum
1772 3784 1905 3827 vero
1914 3785 2104 3844 paren-

506 3919 778 3999 xandrino
814 3931 898 3979 est
947 3924 1158 3999 codice,
1188 3924 1460 3999 ,Vaticaui
1494 3926 1809 3999 rexscriptnr
1865 3944 1965 3999 pro
2006 3933 2103 3989 σὺν

508 3995 654 4058 τοὺς,
683 4009 821 4064 quas
863 4011 1025 4053 voces
1068 3997 1202 4051 nihil
1252 4012 1375 4054 esse
1426 3995 1722 4053 arbitratus
1750 3995 1879 4061 εει(
1914 4001 2105 4059 fecerit

505 4067 839 4138 σύμπαντας.
885 4067 1116 4140 indeque
1140 4068 1402 4125 derivata;
1435 4071 1919 4140 interpretationes
1960 4073 2111 4130 Lati-

511 4151 618 4219 um,
652 4154 849 4219 omnes.
896 4138 1169 4219 _Ca3terum
1218 4156 1335 4200 nec.
1376 4138 1662 4211 [lt-brutus,
1696 4157 1795 4201 nec
1842 4144 2109 4219 Vulgatus

514 4206 790 4279 interpres
818 4209 1045 4266 habent.

589 4288 617 4352 9
648 4282 878 4352 Supplet
907 4281 1196 4349 Victorius,
1229 4284 1390 4352 ﬁlios.

586 4349 616 4391 δ
646 4349 823 4426 Aliter
852 4354 982 4425 legit
1009 4356 1138 4413 olim
1166 4349 1484 4414 Abrelardns
1513 4358 1565 4414 in
1593 4358 1904 4426 Tlteologite
1941 4357 2107 4417 Chri-

514 4424 707 4511 stianae
734 4423 988 4511 libris,'et
1029 4445 1261 4486 amorum
1283 4431 1460 4503 turpia
1485 4442 1702 4498 scripta,
1750 4423 1885 4500 ete.,
1929 4447 2027 4503 pro
2057 4442 2107 4489 et

513 4508 788 4551 mimorum
804 4537 817 4561 ,
850 4508 958 4555 etc.

593 4578 617 4606 ο
638 4568 801 4651 .Hune
831 4569 1006 4651 locum
1036 4584 1142 4651 non
1173 4572 1305 4627 satis
1351 4572 2018 4651 intelligentes_l_‘3ras_mus
2050 4586 2105 4633 et

519 4638 791 4713 Marianus
810 4640 1029 4698 diverse
1050 4642 1379 4713 depravaut;
1403 4638 1660 4703 Erasinus
1684 4645 1935 4701 addendo
1960 4665 2101 4713 pra:-

522 4712 847 4782 positionetn
879 4715 932 4768 in
963 4723 1089 4770 ante
1114 4712 1474 4772 kalendarium
1500 4729 1760 4783 strenant,
1812 4730 1868 4775 et
1909 4712 2104 4778 Maria-

522 4797 623 4861 nus
652 4784 933 4861 mutando,
972 4795 1061 4838 aut
1106 4789 1163 4861 in
1194 4787 1368 4861 templi
1407 4790 1604 4861 stipes:
1639 4788 1764 4861 legit
1796 4791 1964 4849 enim.
2010 4801 2100 4847 aut

519 4854 575 4909 in
613 4865 853 4935 sumptus
898 4855 1227 4935 domesticos,
1277 4854 1850 4935 templi'stipesfblsg
1885 4864 2103 4918 codicvs

521 4928 763 4999 retinent
810 4942 996 4997 puram
1044 4928 1330 4987 lectionem
1361 4928 1519 4999 quam
1551 4928 1652 4988 nos
1680 4932 1973 4999 edidimus,
2006 4950 2103 4989 cn-

515 4997 845 5077 jtts_ltie_eAs_t-
869 5014 1064 5055 sensns
1090 5001 1347 5077 :_Legant
1375 4997 1475 5060 ἴδια
1503 5005 1749 5074 episcopi
1778 5015 1833 5060 et
1876 4997 2102 5077 presby—

522 5066 623 5145 teri
655 5069 742 5140 qui
776 5066 913 5145 illius
944 5087 1075 5128 suos
1105 5075 1170 5145 «le
1195 5066 1583 5132 ecclesiasticis
1633 5066 1943 5145 sumptibus
1993 5066 2103 5135 [οἷ’-

522 5140 662 5219 sitan
704 5140 950 5196 eruditos
1001 5144 1220 5219 tradunt
1264 5148 1630 5214 grammaticis
1679 5140 1994 5219 gentilibus.
2046 5159 2101 5206 et

520 5214 741 5288 videant
767 5229 837 5271 ne
876 5215 1020 5285 quod
1065 5220 1217 5287 virgo
1265 5219 1449 5283 vidua,
1495 5220 1580 5275 vel
1632 5214 1836 5288 pauper
1881 5222 2098 5286 obtulit,

523 5283 627 5341 hoc
648 5283 1039 5356 grammaticus
1066 5296 1125 5341 et
1150 5283 1337 5343 uratur
1362 5283 1645 5359 accipit-us
1667 5283 1761 5357 pro
1784 5283 2098 5347 kalendaria

522 5367 728 5421 strena,
762 5370 814 5412 ct
862 5359 1208 5415 Saturnalitia
1258 5365 1526 5427 Sportula,
1558 5372 1691 5426 etc..
1725 5377 2005 5420 convertat
2046 5366 2099 5419 iu

521 5440 769 5507 sumptus
810 5430 1261 5507 domestic-osum
1288 5433 1594 5507 iu_tleorutn
1641 5449 1862 5490 suorum
1917 5435 2104 5507 templi

521 5501 711 5572 stipes,
762 5509 818 5557 et
862 5501 1099 5572 denique
1148 5504 1201 5559 in
1250 5502 1473 5560 sordida
1523 5518 1728 5563 scorta.
1776 5501 2103 5563 Kalendaria

526 5586 689 5645 porro
719 5584 925 5638 strena,
956 5587 1045 5628 aut
1075 5572 1427 5631 Saturnalitia
1456 5577 1720 5646 sportula,
1755 5589 1894 5633 smul
1924 5590 1979 5634 et
2007 5580 2106 5635 Illi-

526 5646 748 5721 nervale
774 5660 993 5721 munus,
1025 5648 1322 5721 antiquitus
1356 5664 1577 5703 munera
1618 5661 1773 5704 erant
1812 5651 1935 5704 data
1969 5667 2107 5721 pra:-

523 5717 855 5788 ceptoribtts,
890 5718 940 5773 in
973 5716 1219 5775 kalendis
1257 5719 1523 5788 Januarii,
1554 5730 1613 5777 ct
1648 5721 1703 5774 in
1736 5723 1888 5778 le~tis
1915 5716 2107 5779 diebus

2196 1800 2286 1858 vel
2315 1808 2483 1856 totam
2516 1798 2877 1855 substantiam
2906 1811 3058 1852 suam
3093 1793 3382 1850 ell‘undens
3406 1789 3629 1863 quilibet
3652 1804 3764 1859 pau-

2193 1909 2288 1966 per
2331 1893 2626 1959 obtulerat,
2674 1890 2777 1947 hoc
2814 1900 2836 1930 ε
2871 1887 3249 1946 kalendarium
3294 1895 3563 1951 strenam,
3599 1891 3652 1938 et
3675 1881 3762 1938 Sa-

2194 1988 2528 2044 turnalitiam
2578 1984 2881 2057 sportulam
2926 1992 2983 2043 et
3032 1981 3326 2038 Minervale
3370 1993 3567 2035 munus
3602 1977 3769 2035 Graui-

2193 2091 2446 2155 maticns,
2478 2096 2536 2143 et
2560 2088 2783 2154 Orator,
2817 2093 2916 2141 aut
2944 2085 3000 2140 in
3022 2094 3270 2151 sumptus
3298 2082 3653 2145 domesticos,
3693 2085 3772 2134 aut

2194 2194 2250 2251 in
2301 2191 2493 2264 templi
2537 2190 2732 2260 stipes,
2781 2196 2877 2245 aut
2923 2188 2977 2243 in
3024 2186 3245 2243 sordida
3292 2194 3475 2242 scorta
3505 2181 3769 2241 convertit.

2195 2297 2278 2353 Eli
2309 2294 2565 2352 sacerdos
2592 2294 2712 2364 ipse
2741 2302 2963 2348 sanctus
2991 2291 3116 2356 l‘nit,
3160 2290 3259 2347 sctl
3303 2289 3437 2363 quia
3484 2289 3625 2345 ﬁlios
3663 2301 3775 2343 suos

2197 2418 2305 2458 non
2348 2399 2586 2458 erudivit
2613 2398 2669 2453 in
2693 2398 2838 2452 omni
2883 2395 3171 2468 disciplina
3203 2406 3257 2452 et
3290 2394 3655 2467 correptione,
3699 2406 3775 2447 su-

2198 2505 2358 2576 pinus
2386 2501 2608 2567 cecidit,
2639 2510 2696 2555 et
2742 2508 2989 2554 mortuus
3019 2507 3105 2554 est
3152 2496 3196 2569 (l
3229 2498 3356 2571 Reg.
3391 2497 3481 2567 tt).
3512 2495 3627 2552 Non
3650 2495 3775 2552 enim

2201 2613 2416 2677 poterat
2444 2601 2510 2657 ad
2556 2602 2737 2673 priora
2784 2598 3031 2666 extendi,
3084 2598 3179 2653 sed
3217 2608 3518 2654 retrorsum
3575 2596 3698 2665 ruit,
3731 2604 3779 2652 et

2199 2708 2226 2749 (ί
2249 2709 2602 2781 opisthotouo
2632 2703 2925 2760 insanabili
2966 2701 3152 2773 lapsus
3183 2702 3237 2757 in
3272 2713 3510 2773 tergum,
3542 2698 3606 2756 ad
3629 2696 3782 2771 Sodo-

2201 2831 2342 2871 mam
2370 2827 2494 2867 cum
2525 2810 2628 2867 Lot
2658 2823 2830 2864 uxore
2860 2807 3122 2876 reSpexit.
3170 2806 3239 2861 Et
3267 2815 3418 2863 certe
3463 2805 3780 2876 corripuerat

2204 2920 2345 2975 ﬁlios
2374 2931 2529 2986 suos,
2551 2914 2740 2970 dicens
2767 2930 2780 2967 :
2820 2911 2994 2978 Quare
3026 2911 3198 2983 facitis
3230 2913 3384 2965 verba
3419 2913 3535 2967 hcc
3571 2925 3681 2981 qua:
3702 2925 3783 2980 ego

2200 3021 2361 3077 audio
2390 3018 2455 3073 de
2488 3012 2643 3073 vobis
2675 3014 2817 3069 mala
2865 3012 2931 3067 ab
2977 3013 3117 3067 οηιηί
3168 3011 3410 3084 papula?
3464 3012 3659 3075 Nolite.
3699 3011 3784 3082 ﬁlii

2202 3122 2303 3177 mei
2330 3137 2349 3177 :
2375 3118 2623 3192 quoniam
2652 3132 2753 3171 non
2776 3124 2848 3168 est
2874 3113 3006 3169 bona
3036 3115 3203 3185 fama.
3240 3130 3398 3184 quam
3426 3131 3525 3186 ego
3552 3113 3704 3169 audio
3730 3112 3786 3169 de

2126 3238 2174 3303 ρ
2205 3213 2343 3270 vobis
2369 3211 2417 3284 (l
2443 3211 2575 3281 Reg.
2600 3222 2662 3274 tt,
2687 3207 2780 3303 εξ,
2812 3207 2926 3276 24).
2977 3206 3052 3261 De
3101 3206 3409 3303 istiusmodi
3463 3206 3789 3303 patribus

2204 3307 2372 3364 Isaias
2424 3301 2766 3374 lacrymabili
2801 3314 2934 3355 voce
2964 3308 3244 3364 causatur,
3293 3300 3492 3356 dicens
3529 3318 3543 3357 :
3598 3298 3664 3355 Et
3700 3298 3791 3368 ﬁlii

2202 3397 2614 3471 alienigenarum
2658 3395 2771 3453 nati
2809 3400 2928 3447 sunt
2974 3392 3048 3451 eis
3094 3390 3254 3463 (Isai.
3297 3390 3383 3463 n).
3417 3391 3577 3460 Quod
3618 3393 3661 3445 si
3696 3388 3792 3445 huc

2204 3490 2459 3559 Ephesiis
2485 3488 2659 3557 laieis,
2689 3498 2744 3543 et
2776 3487 3073 3560 plerisque,
3100 3492 3163 3553 ut
3188 3485 3244 3541 in
3270 3485 3480 3557 populo
3497 3486 3655 3550 solet,
3678 3483 3793 3539 vita:

2205 3584 2364 3653 hujus
2413 3580 2650 3653 negotiis
2696 3581 3002 3651 occupatis,
3048 3580 3331 3659 praecepit,
3379 3588 3443 3637 ut
3492 3579 3634 3635 tilias
3674 3589 3794 3632 suos

2202 3675 2457 3736 erudiant
2476 3676 2528 3730 in
2558 3674 2707 3729 omni
2729 3673 3044 3746 disciplina,
3067 3680 3126 3729 et
3151 3671 3535 3729 admonitione
3557 3670 3793 3729 Domini:

2201 3771 2330 3846 quid
2378 3770 2449 3827 de
2491 3768 2872 3826 sacerdotibus
2899 3765 3281 3825 aestimandum
3310 3774 3422 3834 est,
3470 3766 3543 3823 de
3581 3778 3795 3837 quorum

2214 3929 2433 3988 Saturni
2480 3937 2537 3984 et
2568 3925 2851 3982 Minervae.
2900 3922 3156 3979 Tiberius
3200 3922 3508 3994 imperator
3534 3916 3799 3994 prohibuit

2210 4003 2391 4059 edicto
2430 4011 2734 4057 strenarum
2782 3995 3215 4072 commori-iumL
3247 3990 3314 4050 ne
3355 3994 3504 4072 ultra
3538 3990 3798 4072 [alendus

2209 4075 2497 4132 Jamtarias
2553 4079 2962 4128 exercerentur.
2999 4067 3138 4124 Vide
3181 4066 3408 4125 Sueten.
3461 4064 3519 4122 in
3569 4064 3797 4121 Tiberio.

2210 4147 2370 4204 MART
2383 4188 2395 4199 .

2282 4219 2500 4284 Notum,
2547 4211 2929 4271 kalendarium
2976 4218 3218 4284 strenam
3253 4208 3385 4284 illud
3414 4223 3548 4265 esse
3590 4220 3800 4284 mimus,

2209 4291 2355 4363 quod
2389 4276 2746 4363 bttltl_0ttlllll§
2771 4284 2949 4363 gratia
2979 4283 3151 4363 [uitio
3188 4281 3451 4363 dabatur_
3471 4280 3628 4363 armi.
3676 4276 3802 4334 Sne-

2210 4353 2390 4418 tonius
2418 4362 2472 4414 in
2500 4359 2652 4423 Caio,
2683 4353 2804 4427 cap'.
2835 4356 2907 4411 ΔΞ
2939 4372 2953 4409 :
2990 4353 3175 4410 Edixit
3200 4364 3407 4427 strenas
3424 4354 3801 4427 ineunte‘anao

2208 4451 2263 4489 se
2290 4419 2649 4500 recepturum,
2694 4419 2935 4496 stetitque
2977 4427 3031 4500 in
3056 4423 3310 4500 vestibulo
3346 4424 3550 4500 mdium
3581 4419 3804 4500 kalendis

2209 4495 2482 4568 Januarii,
2521 4502 2588 4556 ad
2620 4495 2909 4569 captandas
2953 4498 3129 4567 stipes.
3181 4496 3512 4569 Huiusmodi
3547 4510 3597 4551 et
3631 4495 3806 4569 S_:uur-

2212 4576 2396 4632 nalitia
2448 4564 2569 4629 erat
2614 4564 2883 4642 sportula,
2933 4564 3055 4637 qua:
3102 4564 3281 4642 tamen
3329 4568 3395 4622 ad
3457 4564 3804 4642 Decemhrcttl

2210 4662 2454 4706 mensem
2488 4633 2795 4713 pertinebat
2826 4660 2839 4696 :
2871 4633 3183 4697 Minervale
3209 4652 3388 4713 autem
3422 4633 3806 4713 proprieillud

2208 4729 2327 4776 erat
2354 4709 2572 4781 tuuuus,
2606 4716 2747 4785 quod
2781 4713 3054 4785 magistris
3099 4712 3353 4783 discipuli
3386 4709 3797 4785 persulvehaut.

2212 4792 2316 4846 Pro
2343 4805 2410 4846 eu
2439 4782 2740 4861 quodntox
2766 4782 3049 4861 Ast-quitur.
3094 4792 3188 4861 aut
3226 4786 3283 4839 in
3331 4783 3520 4861 templi
3542 4782 3747 4861 stipes,
3762 4787 3811 4834 et

2208 4853 2554 4919 Martianteus
2574 4858 2642 4913 de
2670 4853 2944 4914 idolorum
2983 4856 3203 4923 templis
3232 4853 3501 4923 explicat,
3542 4853 3811 4908 Victorius

2206 4945 2359 4991 ratus
2388 4934 2457 4989 de
2488 4930 2706 5000 templis
2754 4930 2861 4984 dici
2915 4928 3375 4990 Christianorum,
3425 4928 3674 5000 Vacalis.
3728 4934 3813 4977 aut

2202 5011 2278 5073 in,
2308 5006 2560 5071 sublatis,
2600 4998 2935 5078 commodius
2985 5015 3140 5067 sane,
3188 5001 3399 5054 si'mss.
3444 4998 3816 5078 snﬂ‘ragareno

2204 5072 2313 5141 tur,
2363 5080 2537 5133 locum
2579 5075 2843 5143 restituit,
2902 5083 2960 5125 ut
3010 5085 3207 5143 sensus
3254 5081 3423 5143 esset,
3476 5072 3815 5143 presbyteris

2205 5140 2392 5219 templi
2429 5149 2600 5218 stipes
2630 5146 2760 5219 dare
2796 5140 3166 5219 grammaticis
3196 5141 3433 5219 etltnicis
3454 5183 3472 5211 ,
3518 5141 3614 5213 qui
3647 5140 3737 5195 aut
3766 5140 3815 5195 in

2203 5214 2452 5286 sumptus
2484 5214 2851 5282 domesticos,
2886 5225 2978 5269 aut
3012 5215 3065 5269 iu
3104 5214 3327 5269 sordida
3364 5223 3557 5269 scorta
3593 5229 3817 5269 convcr-

2205 5300 2404 5348 terr-nt.

2277 5361 2303 5402 ἀ
2346 5363 2402 5419 lu
2442 5361 2603 5428 epist.
2643 5360 2743 5415 M7
2784 5359 2847 5415 ad
2894 5357 3396 5419 Sabinianum.ubi
3445 5356 3601 5415 hanc
3638 5370 3817 5413 socrui

2207 5451 2306 5491 nos
2337 5436 2568 5504 primum
2600 5432 2941 5504 restituimus
2975 5450 2986 5484 :
3029 5430 3148 5485 Heli
3176 5430 3303 5485 dum
3318 5430 3557 5504 nimium
3590 5440 3671 5485 est
3700 5428 3820 5504 lenis

2204 5509 2258 5563 in
2282 5502 2439 5575 ﬁlios,
2471 5503 2690 5571 olfendit
2723 5502 2920 5567 Deum;
2950 5513 3248 5573 tantumque
3276 5502 3415 5557 abest
3436 5544 3453 5566 ,
3488 5513 3547 5557 ut
3580 5512 3631 5558 te
3658 5502 3820 5557 valeat

2206 5580 2435 5653 episcopi
2463 5577 2536 5631 tui
2553 5576 2766 5653 “iustitia
2794 5575 3032 5635 liberare,
3075 5587 3129 5653 ut
3156 5575 3444 5653 timendum
3466 5577 3539 5630 sit
3562 5616 3580 5640 ,
3613 5591 3681 5653 ne
3708 5589 3823 5645 pro-

2207 5646 2318 5723 pter
2334 5646 2389 5705 te"
2404 5651 2469 5704 de
2494 5647 2626 5702 solio
2646 5663 2743 5701 suo
2771 5663 3033 5723 corruens,
3066 5646 3398 5723 ὁπιρ-θοτὸνῳ,
3417 5649 3821 5719 perratinraua-

2205 5716 2318 5780 ltili.
2357 5724 2486 5777 Vide
2512 5736 2634 5791 qttte
2669 5737 2767 5773 nos
2801 5721 2872 5773 ibi
2907 5716 3315 5772 annotavitnus.
