3962 6338
255 237 333 299 Sil
669 228 1316 289 COMMENTARIORUM
1357 228 1424 287 ΙΝ
1464 225 1857 287 EPISTOLAM
1896 226 1991 283 AD
2033 227 2371 287 EPHESIOS
2407 227 2540 287 LIB.
2576 227 2668 286 Ill.
2708 228 2867 286 CAP.
2907 229 2997 287 Vl.

3386 232 3510 335 ili

251 352 402 412 ordine
424 348 484 407 ad
513 348 862 406 Timotheum
888 347 1100 416 scribit,
1146 348 1376 405 dicens:
1415 348 1576 421 667
1625 345 1795 403 Filios
1821 343 2127 415 Aspititus
2173 342 2389 403 diversa
2422 364 2531 404 non
2578 348 2832 422 imperet.
2886 349 3001 404 lloc
3044 355 3129 406 est
3158 350 3305 410 enim
3348 316 3507 425 quod?
3559 377 3567 384 -

251 447 470 504 habentem
513 444 567 499 in
622 444 892 514 obsequio,
941 459 1058 497 cum
1113 443 1255 497 omni
1289 443 1555 498 honestate
1583 443 1626 511 (Ι
1658 442 1793 497 Tim.

246 557 313 605 ιιι,
348 538 415 611 ι).
458 537 525 595 Et
573 536 811 607 idipsum
856 534 922 589 ad
950 535 1129 592 Titum
1174 535 1414 591 inculcat
1454 544 1512 591 et
1557 537 1797 606 repetit:

246 632 380 689 Filios
402 631 660 689 habentem
690 629 870 700 fideles
897 645 915 683 :
954 645 1056 684 non
1085 630 1142 685 in
1178 629 1513 685 accusatione
1549 629 1798 696 luxuriat,

245 735 427 783 estnon
449 723 681 780 subditos
729 722 858 794 (Tit.
888 738 929 787 ι,
959 724 1013 789 6,
1043 723 1100 794 7)
1136 740 1149 777 :
1194 733 1251 779 et
1294 722 1450 793 quasi
1480 722 1612 777 vitia
1662 722 1802 778 ﬁlio-

243 836 339 877 rum
365 818 665 888 parentibus
715 818 1074 888 imputentnr.
1120 816 1564 888 coniunctionem
1609 832 1800 873 eausa-

244 913 327 969 lem
354 912 689 976 interserens,
724 912 801 965 ait
840 927 855 969 :
902 908 1117 980 Oportet
1163 911 1299 964 enim
1342 910 1640 982 episcopum
1688 910 1802 962 sine

241 1004 420 1059 crimine
441 1019 570 1069 esse,
601 1013 868 1074 tamquam
901 1002 999 1058 Dei
1023 1003 1432 1073 dispensatorem
1455 1001 1497 1073 (1
1529 1001 1659 1056 Tim.
1692 1001 1797 1072 tu).

240 1097 335 1154 Non
376 1108 448 1153 est
492 1112 624 1167 ergo
667 1099 789 1151 sine
832 1097 1064 1151 crimine
1109 1096 1418 1165 episcopus,
1450 1095 1607 1165 cujus
1657 1095 1801 1150 ﬁlius

239 1208 324 1248 non
348 1190 497 1249 luerit
523 1189 800 1255 subditus,
830 1200 885 1247 et
911 1191 966 1247 in
998 1191 1353 1247 accusatione
1378 1190 1628 1246 luxuriae.

294 1283 451 1358 (Vers.
479 1284 540 1350 5,
572 1284 752 1355 seqq.)
783 1284 953 1349 Servi,
985 1283 1187 1338 obedite
1223 1284 1450 1338 dominis
1478 1283 1798 1353 carnalibus,

234 1392 328 1430 cum
355 1377 529 1431 timore
571 1385 621 1429 et
661 1384 905 1441 tremore,
958 1384 1004 1429 et
1044 1375 1378 1448 simplicitate
1402 1375 1577 1430 cordis
1621 1375 1798 1445 vestri,

231 1470 340 1524 ticut
362 1468 562 1525 Christo
591 1486 610 1525 :
640 1487 743 1525 non
774 1472 846 1524 ad
875 1470 1083 1526 oculum
1110 1470 1408 1537 servientes,
1438 1472 1590 1543 quasi
1628 1471 1803 1526 omni-

230 1563 305 1618 bus
328 1563 581 1635 placentes
604 1581 626 1619 :
653 1565 745 1622 sed
773 1575 829 1620 ut
852 1566 988 1622 servi
1009 1563 1221 1631 Christi,
1268 1566 1514 1635 facientes
1557 1563 1799 1620 volunta-

231 1665 310 1709 tem
350 1655 437 1710 Dei
482 1673 550 1711 ea:
598 1656 776 1711 animo
816 1673 836 1711 :
884 1674 1000 1711 cum
1047 1657 1303 1727 ﬁdelitate
1344 1659 1622 1713 servientes
1666 1658 1803 1713 sicut

1899 442 1972 495 ait
2000 458 2014 495 :
2050 440 2172 497 Non
2197 444 2266 497 ad
2292 444 2499 498 oculum
2525 445 2820 510 servientes,
2853 454 2907 500 ut
2936 443 3234 500 hominibus
3286 446 3498 514 placen-

1900 547 1993 601 tes,
2047 536 2136 591 sed
2180 546 2236 590 ut
2275 538 2410 591 servi
2458 536 2673 606 Christi,
2724 538 2973 606 facientes
3017 537 3336 593 voluntatem
3374 536 3498 595 Dei.

1899 630 2005 686 Sed
2053 639 2108 687 et
2158 632 2331 702 ipsam
2374 632 2695 689 ﬁdelitatem
2742 649 2849 688 non
2881 644 3130 689 coactum
3175 648 3368 690 servus
3394 634 3497 690 hac

1899 724 2046 807 heat,
2103 722 2199 780 sed
2246 733 2604 796 spontaneum
2655 738 2709 781 et
2758 742 2826 780 ex
2875 727 3107 782 animo:
3149 726 3229 792 sic
3256 726 3502 785 serviens

1900 818 2123 873 domino
2153 834 2254 873 suo
2298 817 2441 874 sicut.
2477 818 2718 885 Christo,
2760 835 2788 873 a
2820 835 2930 891 quo
2971 826 3292 890 recepturus
3322 831 3407 876 est
3436 821 3501 875 li-

1900 913 2041 967 delis
2067 912 2349 984 praemium
2396 912 2701 979 servitutis,
2732 928 2838 967 non
2871 913 3051 968 minus
3078 928 3237 983 quam
3272 913 3322 970 si
3364 914 3504 971 liber

1902 1008 2177 1060 voluntate
2209 1006 2497 1061 servisset.
2529 1007 2701 1063 Simul
2732 1020 2787 1062 et
2831 994 2932 1063 huc
2987 1007 3307 1077 notandum,
3355 1008 3500 1080 quod

1901 1097 2230 1154 ohedientim
2280 1097 2514 1153 ﬁliorum
2557 1106 2717 1171 atque
2772 1114 3057 1155 servorum
3104 1100 3321 1157 diversa
3368 1100 3513 1156 suhm

1898 1191 2165 1263 jnnxcrit.
2219 1190 2299 1247 Ad
2337 1190 2478 1247 ﬁlios
2519 1192 2664 1246 enim
2697 1191 2829 1246 dicit
2871 1210 2885 1246 :
2935 1192 3153 1247 Obedite
3196 1193 3502 1265 parentibus

1901 1286 2082 1341 vestris
2131 1287 2185 1340 in
2216 1282 2438 1339 Domino
2460 1301 2481 1340 :
2510 1284 2576 1339 ad
2611 1300 2801 1341 servos
2827 1302 2981 1352 vero,
3012 1284 3230 1342 Obedite
3272 1286 3501 1349 dominis

1904 1379 2197 1437 carnalibus
2225 1397 2343 1435 cum
2374 1381 2558 1435 timore
2587 1389 2635 1435 et
2667 1387 2907 1435 tremore.
2943 1379 3013 1434 L‘t
3047 1368 3185 1436 sicut
3209 1380 3355 1436 inter
3384 1358 3513 1457 ser}.

1902 1493 2026 1531 vum
2058 1488 2108 1533 et
2144 1491 2365 1532 uxorem
2411 1474 2576 1530 habet
2625 1484 2803 1529 metus
2848 1473 3221 1531 diversitatem
3270 1490 3284 1528 :
3329 1474 3399 1530 ita
3448 1482 3506 1531 et

1904 1571 2045 1627 inter
2076 1569 2219 1626 ﬁlios
2245 1580 2298 1625 et
2325 1582 2513 1624 servos
2541 1566 2853 1623 obedientia
2883 1565 3243 1634 discreparet.
3288 1566 3355 1622 Et
3386 1564 3505 1639 pul-

1904 1664 2036 1721 chre
2083 1664 2361 1735 imperans
2392 1662 2567 1718 servis
2595 1670 2656 1716 ut
2685 1659 2945 1717 obediant
2972 1659 3232 1731 dominis,
3279 1659 3506 1749 adjecit,

225 1747 443 1819 Domino,
470 1760 522 1806 et
549 1768 655 1807 non
678 1749 971 1807 hominibus
998 1767 1017 1807 :
1042 1753 1261 1807 scientes
1282 1751 1420 1823 quod
1447 1752 1799 1822 unusquisque
1829 1738 1875 1799 Β
1902 1757 2051 1828 quasi
2077 1754 2285 1810 Christo
2325 1772 2345 1811 :
2377 1763 2431 1810 et
2462 1754 2685 1819 iterum,
2718 1763 2774 1808 ut
2813 1752 2949 1808 servi
2996 1750 3213 1820 Christi,
3263 1738 3510 1824 facientes

226 1844 341 1917 quod
369 1847 543 1918 fecerit
571 1846 716 1912 boni,
742 1845 843 1901 hoc
873 1848 1085 1919 recipiet
1110 1864 1141 1901 a
1183 1845 1432 1911 Domino,
1461 1847 1565 1901 sive
1600 1862 1800 1913 servus,

224 1940 309 1994 sive
331 1940 468 1996 liber.
504 1938 780 2010 Propheta
811 1941 1071 2012 loquente
1106 1938 1174 1995 ad
1215 1940 1518 1996 Jerusalem
1550 1956 1565 1993 :
1616 1938 1803 2005 Qualis

228 2041 271 2086 tu
295 2032 502 2088 timuisti
521 2031 592 2089 ab
618 2032 828 2087 homine
849 2032 1081 2098 mortali,
1113 2041 1161 2087 et
1186 2050 1218 2086 a
1248 2031 1361 2104 filio
1389 2031 1616 2087 hominis
1643 2029 1798 2102 (1δαὶ.

224 2122 321 2196 tt)?
354 2135 407 2181 et
452 2126 622 2181 Petro
665 2126 717 2180 in
749 2125 989 2192 Epislola
1018 2142 1116 2183 sua
1152 2145 1165 2182 :
1215 2125 1476 2182 Timorem
1519 2141 1699 2180 eorum
1739 2141 1805 2179 ne

226 2219 418 2275 timentis
451 2237 469 2277 :
497 2220 594 2276 sed
623 2219 904 2276 Dominum
948 2218 1131 2276 Iesum
1177 2218 1442 2276 Christum
1484 2218 1807 2289 sanctiﬁcata

221 2317 265 2368 in
289 2313 522 2370 cordibus
554 2314 739 2369 vestris
773 2314 813 2385 (Ι
844 2313 995 2372 Petr.
1025 2330 1108 2383 nt,
1141 2315 1232 2379 14,
1268 2312 1357 2385 15)
1389 2330 1404 2367 :
1430 2322 1486 2368 et
1518 2312 1806 2369 Salvatore

221 2408 389 2463 eadem
438 2406 780 2465 concinente
822 2405 1052 2465 :Nolite
1100 2406 1280 2461 timere
1328 2421 1416 2461 eos
1466 2404 1557 2475 qui
1590 2411 1807 2475 possunt

217 2501 426 2558 occidere
451 2518 667 2575 corpus,
712 2509 761 2557 et
811 2500 927 2570 plus
967 2516 1072 2555 non
1119 2498 1310 2554 habent
1350 2497 1487 2567 quod
1533 2496 1676 2550 vobis
1727 2495 1810 2563 fa-

219 2594 339 2649 ciant
381 2611 401 2650 :
445 2597 542 2650 sed
593 2596 766 2650 timete
797 2610 912 2649 eum
941 2593 1030 2662 qui
1073 2600 1237 2663 potest
1268 2600 1316 2646 et
1356 2590 1591 2645 animum
1618 2597 1665 2642 et
1693 2602 1810 2641 cor-

216 2703 302 2756 pus
336 2688 575 2744 occidere
616 2688 668 2741 in
695 2684 982 2759 gehennam
1009 2683 1225 2753 (Matth.
1255 2700 1311 2746 ι,
1344 2683 1440 2751 28)
1472 2704 1486 2737 :
1516 2680 1810 2738 Salomone

216 2795 414 2851 quoque
440 2780 599 2851 paria
630 2787 868 2835 testante
914 2818 928 2831 .
984 2776 1117 2843 Fili,
1171 2777 1370 2832 honora
1413 2775 1714 2837 Dominum,
1762 2778 1812 2826 et

212 2873 585 2945 confortaberis
611 2889 630 2928 :
661 2882 853 2943 praeter
890 2870 1044 2926 illum
1093 2882 1261 2926 autem
1309 2886 1373 2924 ne
1419 2868 1600 2923 timeas
1649 2868 1812 2921 alium

213 2962 380 3036 (Prov.
417 2965 567 3037 vn):
607 2964 825 3021 videtur
868 2964 1171 3032 Apostolus
1214 2964 1434 3018 diversa
1502 2960 1817 3031 pra-cipere

212 3064 261 3111 ιιι
302 3058 448 3114 servi
503 3073 634 3115 cum
688 3058 887 3112 timore
917 3066 972 3111 et
1004 3066 1247 3112 tremore
1276 3054 1543 3111 ohediant
1572 3051 1813 3108 dominis

1904 1850 2222 1902 voluntatem
2252 1845 2349 1902 Dei
2373 1863 2393 1902 :
2423 1856 2478 1902 ut
2512 1846 2719 1902 scilicet
2748 1861 2857 1900 non
2888 1843 3073 1899 audiat
3094 1859 3285 1903 servus
3311 1859 3509 1900 carna-

1904 1944 2009 1997 lem
2042 1943 2350 2007 dominum,
2381 1944 2427 1998 si
2468 1941 2740 1996 contraria
2790 1939 2905 1995 Deo
2951 1937 3239 2011 praeceptis
3272 1936 3508 1994 voluerit

1907 2038 2200 2108 imperare.
2229 2034 2520 2104 Quomodo
2548 2046 2729 2089 autem
2761 2033 2825 2087 ad
2858 2031 3177 2088 Corinthios
3204 2029 3502 2087 secundum

1911 2141 2129 2202 tempus
2160 2131 2524 2201 rescripserat
2554 2128 2597 2200 (Ι
2627 2127 2751 2185 Cor.
2786 2110 3007 2199 νει),”ιιθ
3038 2141 3136 2197 per
3163 2125 3506 2180 occasionem

1911 2224 2033 2280 ﬁdei
2080 2226 2132 2279 in
2178 2223 2457 2278 Christum
2491 2223 2634 2276 inter
2666 2221 2913 2285 maritos,
2943 2229 2997 2273 ct
3026 2233 3224 2273 uxores
3273 2215 3508 2271 divortia

1909 2319 2126 2384 ﬁerent,
2172 2316 2215 2372 si
2245 2331 2276 2370 e
2308 2316 2526 2370 duobus
2570 2329 2713 2368 unus
2744 2311 2973 2367 credere
3001 2309 3303 2365 voluisset:
3339 2307 3408 2360 ita
3437 2305 3506 2362 ad

1911 2408 2176 2480 Ephesios
2203 2419 2258 2464 et
2287 2407 2352 2462 ad
2383 2407 2762 2470 Colossenses,
2793 2406 2916 2475 quia
2949 2401 3166 2473 plurimi
3212 2401 3352 2456 inter
3398 2399 3505 2454 ini-

1911 2503 1983 2558 tia
2019 2502 2144 2557 ﬁdei
2174 2501 2438 2572 putabant
2483 2498 2729 2555 Gentiles
2758 2497 3010 2551 dominos
3055 2490 3507 2558 contemnendos,

1914 2611 2055 2651 nunc
2101 2593 2479 2650 conditionum
2533 2591 2813 2646 moderate
2864 2598 3134 2660 prtcccpta
3177 2584 3505 2643 constituit:

1912 2702 1972 2747 ut
2000 2699 2055 2747 et
2084 2690 2303 2745 servitia
2353 2703 2461 2743 non
2510 2686 2759 2740 videatur
2806 2694 2996 2739 contra
3026 2681 3278 2737 dominos
3319 2677 3508 2733 conci-

1917 2796 2033 2841 tare
2080 2802 2096 2841 :
2140 2791 2197 2839 et
2239 2796 2456 2838 rursum
2503 2794 2845 2850 nequaquam
2894 2776 3149 2833 dominos
3187 2775 3381 2829 doceat
3413 2787 3513 2827 au-

1913 2880 2163 2947 diendos,
2196 2880 2240 2935 si
2272 2876 2463 2933 vitiosa
2495 2884 2551 2932 et
2580 2874 2812 2930 nefanda
2840 2870 3179 2944 prmcipiant.

1989 2973 2171 3045 (Vera.
2200 2972 2282 3045 9.)
2314 2971 2381 3026 Et
2411 2970 2629 3038 domini,
2663 2970 2842 3025 eadem
2882 2967 3039 3035 facite
3062 2965 3133 3019 ad
3162 2961 3305 3028 illos,
3331 2960 3511 3018 retttit-
3607 3030 3610 3034 ί

1916 3076 2079 3123 tentes
2104 3068 2272 3121 minus
2297 3082 2316 3121 :
2340 3065 2556 3119 scientes
2600 3064 2725 3135 quia
2754 3072 2800 3117 et
2833 3063 3090 3131 ipsorum,
3135 3067 3184 3112 et
3212 3062 3373 3112 vester
3400 3053 3512 3111 Do-

208 3151 532 3219 csrnalibus,
569 3160 629 3208 et
657 3166 796 3206 uxor
836 3150 942 3224 [ΑΙ.
974 3148 1150 3223 uxori]
1179 3160 1237 3203 ttt
1269 3149 1459 3204 timeat
1484 3146 1681 3202 virutn.
1711 3146 1804 3199 At-

1913 3164 2084 3219 minus
2110 3173 2185 3217 est
2225 3163 2280 3216 itt
2311 3161 2475 3225 ctelis,
2515 3167 2563 3214 et
2614 3172 2954 3229 personarum
3000 3171 3105 3209 non
3153 3162 3227 3208 est
3274 3151 3507 3221 acceptio

206 3257 303 3313 que
342 3244 435 3315 qui
477 3240 796 3315 simplicius
843 3243 1217 3313 respondebit,
1270 3240 1390 3296 haec
1440 3240 1585 3295 dicet
1628 3254 1642 3293 ;
1691 3253 1799 3292 non

205 3340 450 3407 ptulectis
472 3338 658 3396 servis
688 3348 747 3395 et
768 3339 850 3395 eis
876 3338 969 3410 qui
1009 3336 1295 3408 sapientia:
1342 3345 1550 3391 secreta
1601 3348 1807 3404 cogno-

204 3433 369 3489 verint
400 3432 526 3490 bmc
555 3441 831 3504 praecepta
864 3431 1166 3496 constituti,
1198 3430 1295 3485 sed
1344 3429 1428 3482 his
1466 3428 1555 3499 qui
1605 3423 1804 3496 princi-

199 3525 280 3594 pia
309 3525 601 3582 habebant
626 3525 781 3592 ﬁdei,
812 3534 871 3580 et
922 3523 1188 3579 doctrinis
1235 3521 1616 3578 humilioribus
1662 3518 1803 3573 iudi-

197 3620 410 3688 gcbant.
466 3622 633 3678 Alius
689 3636 821 3674 vero
875 3628 1088 3673 asserat
1145 3633 1271 3672 cum
1327 3617 1419 3687 qtti
1463 3633 1572 3671 non
1606 3604 1839 3670 habent”

196 3713 439 3781 spiritum
500 3712 794 3769 servitutis
842 3714 1039 3769 iterum
1091 3714 1145 3766 in
1197 3712 1414 3779 timore,
1465 3726 1804 3782 nequaquam

196 3803 310 3861 huic
334 3809 639 3881 subiacere
671 3808 986 3873 sententiae,
1014 3818 1075 3864 ut
1100 3823 1224 3862 cum
1257 3806 1452 3862 timore
1481 3816 1540 3862 et
1570 3816 1809 3861 tremore

1903 3260 2047 3330 apud
2111 3274 2250 3314 eum.
2324 3256 2592 3324 Qumnam
2665 3261 2797 3310 sunt
2855 3251 2971 3306 haec
3019 3263 3139 3319 quae
3190 3244 3366 3302 servis
3421 3258 3516 3298 su-

1914 3354 2102 3424 perius
2150 3352 2465 3420 imperavit,
2523 3356 2583 3402 ut
2634 3345 2842 3401 diceret
2895 3340 3133 3398 dominis
3193 3336 3390 3395 eadem
3437 3333 3515 3388 l'a.

1907 3444 2097 3501 cieoda
2147 3459 2271 3512 quae
2299 3440 2514 3497 servis?
2560 3438 2703 3495 Puto
2746 3437 2835 3491 illa
2875 3450 2997 3507 quae
3026 3433 3263 3496 dixerat,
3306 3431 3361 3483 in
3395 3428 3518 3484 sim—

1908 3539 2143 3611 plicitate
2191 3536 2390 3603 cordis,
2435 3546 2514 3601 et,
2567 3535 2813 3603 facientes
2862 3530 3177 3585 voluntatem
3239 3524 3333 3579 Dei
3376 3537 3396 3578 :
3432 3531 3510 3588 et,

1909 3649 1975 3688 ea:
2021 3632 2243 3693 animo:
2291 3644 2368 3694 et,
2419 3644 2535 3683 cum
2583 3623 2837 3697 ﬁdelitate
2873 3623 2990 3676 sive
3032 3618 3415 3676 benevolentia
3463 3615 3520 3670 in

1910 3739 2146 3792 servos,
2215 3719 2339 3793 quia
2413 3718 2586 3776 εὔνοια
2667 3726 2960 3785 utrumque
3027 3725 3228 3767 sonare
3309 3715 3506 3777 potest.

1908 3808 2077 3883 669
2109 3807 2492 3877 Unusquisque
2519 3803 2664 3860 enim
2691 3801 2840 3871 quod
2875 3799 3072 3856 iecerit
3102 3796 3256 3862 boni,
3292 3795 3398 3849 hoc
3427 3806 3517 3848 re-

1910 3906 2077 3974 cipiet
2116 3918 2146 3958 a
2174 3900 2425 3965 Domino,
2475 3899 2593 3954 sive
2647 3895 2892 3953 fatnulus
2932 3890 3219 3958 servierit,
3252 3888 3391 3942 sicut
3421 3884 3510 3940 dio

1911 4006 2062 4053 ctum
2095 4005 2203 4061 est,
2236 3995 2353 4049 sive
2393 3993 2535 4049 liber
2559 3991 2879 4047 dominatus
2911 3985 3100 4049 fuerit,
3134 3992 3193 4038 ut
3233 3986 3461 4053 oportet
3491 3994 3506 4033 :

1913 4098 2112 4146 utnon
2144 4090 2218 4143 sit
2261 4086 2551 4155 terribilis,
2588 4098 2696 4139 non
2746 4088 3033 4153 promptus
3060 4076 3128 4133 ad
3163 4085 3190 4114 '|
3225 4074 3460 4132 verbera
3495 4089 3509 4125 :

1913 4183 2097 4239 St'iells
2127 4182 2254 4252 quia
2284 4192 2340 4237 et
2362 4180 2480 4250 ipse
2513 4178 2716 4234 habeat
2740 4174 3033 4232 Dominum
3085 4171 3139 4226 in
3169 4168 3346 4232 caelis,
3367 4165 3511 4235 apud

1913 4292 2077 4348 quem
2130 4291 2239 4332 non
2294 4282 2380 4330 est
2430 4272 2678 4341 acceptio
2709 4280 3093 4340 personarum,
3142 4271 3200 4319 et
3238 4261 3331 4332 qui
3359 4260 3512 4315 solus

1917 4378 2123 4424 tantum
2164 4366 2372 4439 judicet
2414 4366 2748 4427 voluntates,
2804 4370 2861 4416 et
2910 4359 3069 4431 juxta
3100 4370 3201 4412 eas
3248 4351 3509 4410 deteriori

1922 4461 2171 4531 pra-ferat
2200 4459 2508 4522 meliorem,
2538 4456 2748 4525 eligens
2780 4453 2950 4516 facta,
2989 4465 3098 4513 non
3129 4448 3400 4511 homines.

1985 4554 2169 4629 (Vers.
2200 4550 2316 4625 10.)
2349 4551 2425 4607 De
2475 4562 2661 4605 cretero
2707 4544 3079 4619 confortamini
3106 4544 3163 4597 in
3185 4540 3433 4603 Domino,
3462 4544 3511 4593 et

1912 4651 1966 4703 in.
1991 4648 2222 4722 potentia
2269 4645 2476 4700 virtutis
2524 4644 2658 4713 ejus.
2684 4642 2811 4697 Scio
2840 4640 2895 4695 in
2923 4638 3120 4694 Grch
3147 4648 3253 4707 pro
3280 4634 3511 4697 virtute,

1913 4741 2287 4797 fortitudinem
2342 4740 2603 4809 positam,
2654 4734 2712 4790 id
2774 4739 2881 4799 est,
2916 4733 3121 4805 ἱσχὺνι
3162 4728 3289 4802 quia
3340 4726 3515 4780 virtus

1913 4836 2054 4907 apud
2079 4850 2173 4891 eos
2204 4836 2358 4912 ἀρετή
2383 4830 2710 4902 appellatur.
2742 4827 2850 4891 Sed
2880 4826 3003 4882 haec
3044 4822 3190 4895 apud
3236 4835 3336 4876 nos
3379 4834 3515 4877 con-

1912 4930 2145 4988 suetudo
2175 4939 2262 4986 est
2292 4928 2726 4997 Scripturarum,
2760 4931 2819 4976 ut
2873 4917 3247 4977 indiﬁ'erenter
3271 4917 3435 4987 ἰσχὺν
3457 4920 3514 4969 et

1911 5030 2117 5104 ἀρετήν,
2165 5026 2405 5080 virtutem
2446 5020 2732 5077 nominent
2773 5033 2786 5070 :
2823 5016 3060 5071 maxime
3090 5013 3214 5084 quia
3247 5005 3513 5065 fortitudo

1910 5120 2160 5190 Corporis
2192 5119 2365 5173 virtus
2414 5115 2584 5170 animi
2643 5112 3014 5168 existimatur.
3066 5106 3408 5174 Quamquam
3451 5106 3511 5155 et

1910 5214 2052 5282 apud
2106 5209 2465 5284 philosophos
2512 5209 2654 5263 inter
2691 5213 2922 5276 quatuor
2964 5201 3199 5257 virtutes
3245 5192 3507 5250 fortitudo

1913 5310 1982 5364 sit
2015 5308 2192 5378 posita
2225 5321 2241 5373 ;
2272 5320 2433 5373 quam
2458 5301 2645 5371 utique
2670 5297 2860 5363 animi,
2883 5303 2941 5351 et
2969 5306 3077 5349 non
3108 5288 3361 5360 corporis
3381 5300 3506 5343 esse

1915 5401 2269 5459 manifestum
2300 5407 2410 5454 est.
2459 5396 2609 5464 Quod
2661 5392 2830 5463 igitur
2875 5391 2993 5445 ait:
3038 5384 3422 5457 Confortamiui
3449 5382 3505 5437 in

1913 5495 2161 5557 Domino,
2191 5502 2237 5547 et
2266 5492 2319 5545 in
2343 5490 2574 5560 potentia
2597 5487 2802 5543 virtutis
2830 5486 2963 5554 ejus,
2996 5492 3171 5537 totum
3192 5478 3430 5535 sentitur
3451 5474 3507 5532 in

1914 5590 2157 5658 Christo,
2188 5596 2248 5643 ut
2276 5587 2329 5641 in
2357 5582 2613 5640 cronibus
2654 5579 2945 5637 virtutibus
2977 5593 3097 5650 qua:
3127 5589 3293 5644 super
3321 5588 3387 5629 eo
3424 5572 3506 5627 in-

192 3898 404 3957 obcdiat
456 3902 714 3957 dominis
757 3899 1091 3963 carnalibus,
1133 3899 1238 3957 hoc
1284 3898 1428 3955 idem
1457 3907 1514 3955 et
1540 3897 1609 3954 de
1635 3912 1810 3954 uxore

191 3992 464 4061 dictum,
518 4012 647 4068 qum
688 3994 915 4066 jubctur
943 4003 1003 4050 ut
1042 3996 1236 4051 timeat
1264 3994 1463 4049 virum.
1498 3994 1674 4049 Porro
1702 4005 1813 4049 ter-

188 4090 290 4146 tius
319 4093 373 4147 in
404 4093 523 4150 hoc
550 4108 772 4164 quoque
803 4093 947 4160 loco,
992 4094 1135 4147 sicut
1179 4093 1233 4147 in
1258 4092 1510 4153 muliere.
1559 4097 1808 4148 timorem

186 4196 283 4253 pro
311 4188 642 4244 reverentia
676 4186 881 4240 dictum
915 4186 1126 4256 putabit
1170 4204 1183 4239 :
1237 4186 1332 4240 sed
1386 4185 1700 4240 aretahitur
1744 4201 1809 4240 ex

182 4294 245 4334 eo
290 4280 445 4351 quod
500 4277 730 4335 additus
772 4287 855 4332 est
913 4279 1097 4332 timori
1151 4289 1378 4332 tremor.
1429 4276 1619 4333 Potest
1661 4277 1810 4333 enim

184 4378 336 4432 uxori
377 4374 716 4433 reverentia
747 4376 1068 4441 cnnvenire,
1116 4383 1175 4430 ut
1214 4390 1472 4430 reverens
1514 4373 1698 4429 timeat
1729 4374 1811 4427 vi-

176 4483 317 4525 rum.
381 4469 495 4528 Ubi
547 4477 737 4524 autem
791 4477 998 4523 tremor
1036 4477 1140 4533 est,
1199 4478 1379 4522 metus
1432 4483 1543 4522 non
1600 4465 1815 4521 sonabit

176 4563 587 4625 reverentiam,
660 4560 761 4619 sed
824 4560 1099 4616 timorem.
1150 4557 1476 4615 Necessario
1524 4560 1709 4629 itaque
1755 4537 1887 4614 inD

171 4658 353 4713 servis
406 4655 673 4712 additum
723 4665 829 4721 est,
879 4664 937 4709 ut
981 4664 1107 4725 post
1156 4655 1411 4708 timorem
1466 4653 1682 4708 Domini
1717 4652 1812 4707 Ita-

172 4746 339 4805 beant
392 4758 457 4806 et
518 4758 844 4813 tremorem,
908 4759 965 4804 et
1010 4748 1078 4801 ad
1129 4747 1543 4802 distinctionem
1596 4747 1809 4803 Domini

168 4844 526 4913 spiritualis,
560 4858 709 4898 nunc
738 4842 1158 4915 carnalisees
1178 4841 1437 4896 dominus
1463 4842 1807 4912 appellatur:

170 4934 241 4991 ita
266 4946 332 4991 ut.
362 4951 553 4992 servo
582 4938 919 5007 quicumque
947 4935 1243 4991 crediderit
1288 4936 1341 4990 in
1380 4936 1573 5000 Deum,
1601 4946 1658 4991 et
1685 4951 1812 4992 ncc-

164 5031 291 5088 dum
321 5032 400 5089 ad
426 5032 695 5088 scientiae
724 5022 995 5087 summam
1026 5033 1373 5101 pervenerit,
1407 5043 1516 5084 non
1551 5028 1810 5085 indecens

164 5126 233 5181 sit
265 5126 528 5181 domino
557 5125 774 5181 servire
804 5122 1011 5178 carnali
1046 5138 1172 5179 cum
1216 5121 1412 5179 timore
1440 5129 1499 5178 et
1545 5133 1809 5190 tremore,

158 5222 215 5276 in
247 5220 642 5290 simplicitate
684 5216 869 5273 cordis
906 5217 1016 5280 sui,
1051 5225 1107 5272 et
1132 5217 1211 5273 sic
1234 5216 1283 5272 ei
1329 5216 1546 5272 servire
1576 5215 1812 5272 ﬁdeliter

158 5325 218 5371 ut
243 5313 527 5371 Christo.
576 5311 696 5369 Non
728 5310 795 5366 ad
844 5310 1064 5366 oculum
1104 5308 1375 5376 serviens,
1414 5318 1473 5365 ut
1503 5308 1559 5365 hi
1605 5308 1810 5367 faciunt

151 5412 244 5482 qui
277 5406 634 5465 hominibus
660 5406 881 5476 placere
910 5404 1253 5473 desiderant,
1287 5403 1380 5459 sed
1415 5413 1473 5459 ut
1513 5406 1808 5461 necessita-

154 5509 270 5558 tem
334 5503 394 5557 in
450 5499 805 5555 voluntatem
857 5508 1059 5566 vertat,
1114 5506 1171 5553 et
1224 5496 1387 5553 faciat
1432 5498 1500 5553 de
1548 5498 1809 5555 servitute

149 5596 510 5655 mercedem
549 5610 563 5647 :
593 5591 836 5649 maxime
860 5605 985 5646 cum
1017 5590 1269 5646 dominus
1307 5591 1489 5645 carnis
1514 5606 1543 5644 a
1580 5590 1807 5647 Domino

218 5772 254 5823 ἰ
289 5779 546 5837 Vitiosa
575 5788 740 5848 penes
769 5773 1171 5839 Martianmum,
1214 5780 1483 5843 promptus
1524 5770 1594 5825 ad
1624 5769 1796 5828 verba.
