3962 6338
379 330 492 399 8ἰὸ
1610 332 1670 390 S.
1714 330 1992 392 EUSEBII

2105 331 2410 392 ERONYMI
3576 339 3686 403 διι

375 450 722 522 tellignntur,
775 447 869 523 qui
899 447 1238 508 crediderint
1287 446 1692 506 confortentur.
1737 449 1805 506 Et
1847 466 1980 521 pru-
2007 457 2057 518 Α
2086 452 2230 510 xime
2273 467 2588 526 Oppugnare
2635 453 2852 510 urbium
2905 454 3027 512 loca
3066 471 3191 530 quae
3239 471 3428 529 parum
3477 461 3685 518 munita

377 542 572 601 denter
607 554 730 614 post
762 543 1021 615 specialia
1074 543 1352 610 maculata,
1395 543 1521 614 quid
1553 543 1684 598 viris
1707 555 1760 599 et
1801 546 1986 602 uxori-

378 637 502 706 bus,
534 639 779 708 patribus
827 648 884 692 ct
932 639 1083 705 liliis,
1112 637 1350 691 dominis
1400 646 1457 692 et
1485 639 1661 692 servis
1689 639 1988 696 observan-

377 729 507 786 dum
529 731 620 798 sit,
641 745 782 784 nunc
801 731 1133 801 generaliter
1161 728 1413 784 omnibus
1445 729 1496 785 in
1529 745 1817 786 commune
1849 747 1958 802 pra:
1977 763 1989 774 -

384 822 542 894 cipit,
579 829 636 875 ut
680 819 732 875 iu
763 821 873 876 Dun
900 819 991 876 ino
1022 829 1079 876 et
1123 819 1178 876 in
1222 820 1342 891 ejus
1387 826 1625 891 potentia
1662 823 1982 894 continuati,

383 922 695 986 prmparcnt
721 928 782 970 se
812 913 1105 969 adversum
1134 912 1438 984 diabolum,
1471 914 1540 971 de
1567 931 1675 987 quo
1711 916 1764 972 in
1795 931 1987 974 conse-

375 1008 673 1082 quentibus
700 1006 918 1064 scribit.

453 1103 635 1176 (Vers.
704 1105 814 1169 ll.)
856 1102 1071 1159 luduile
1119 1106 1298 1160 omnia
1335 1121 1482 1161 arma
1530 1105 1648 1175 Dei,
1717 1119 1773 1163 ut
1819 1109 1990 1182 possi—

381 1195 448 1251 tis
485 1204 622 1252 stare
683 1207 866 1252 contra
905 1198 1158 1252 uerstttias
1191 1198 1404 1254 diaboli.
1479 1199 1554 1255 Ex
1603 1199 1688 1255 his
1727 1217 1848 1270 qua:
1907 1201 1987 1255 itt-

387 1287 466 1344 fra
510 1289 763 1361 legimus,
829 1300 884 1346 et
941 1291 1026 1345 bis
1063 1307 1185 1361 qua:
1251 1293 1303 1346 in
1372 1293 1675 1364 Scripturis
1736 1296 1989 1351 munibus

381 1381 452 1438 de
542 1383 770 1439 Domino
840 1384 1128 1441 Salvatore
1192 1385 1471 1454 dicuntur,
1549 1389 1989 1447 manife~tissime

385 1475 820 1545 comprobatur,
863 1477 1047 1535 omnia
1095 1495 1251 1535 arma
1309 1481 1401 1536 Dei
1453 1482 1652 1553 quibus
1691 1497 1836 1538 nunc
1899 1485 1986 1539 in-

382 1569 474 1627 dui
537 1571 800 1642 jubemur
865 1571 1000 1646 [ΑΙ.
1065 1573 1334 1649 jubetur]
1376 1617 1391 1644 ,
1462 1576 1688 1649 intelligi
1748 1578 1990 1634 Salvato-

391 1683 508 1724 rem
537 1683 554 1734 ;
595 1676 654 1722 ut
708 1684 876 1722 unum
920 1679 1087 1740 atque
1120 1669 1260 1725 idem
1293 1669 1366 1725 sit
1396 1670 1622 1739 dixisse,
1654 1672 1865 1729 lmluite
1893 1688 1991 1729 vos

394 1761 578 1817 onmia
633 1775 790 1816 arma
827 1761 963 1828 Dei;
1009 1765 1163 1836 quasi
1204 1762 1426 1826 dixerit.
1458 1763 1670 1822 luduile
1700 1766 1988 1823 Dominum

2090 558 2242 610 sunt,
2272 557 2480 602 utrum
2530 547 2746 618 perilla
2799 549 3114 618 irruperint,
3151 549 3311 608 facile
3359 553 3566 608 munita
3594 569 3689 609 ea-

2091 639 2314 712 piantur
2341 657 2357 705 ;
2384 640 2461 697 ita
2504 651 2560 697 et
2604 641 2856 698 diabolus
2889 659 2986 713 per
3017 657 3084 698 ea
3121 659 3244 714 qua:
3275 653 3468 715 patere
3512 646 3685 712 videt,

2089 743 2185 790 aut
2217 747 2376 793 certe
2404 751 2510 794 non
2544 738 2778 793 llrmiter
2806 741 3015 810 clausa,
3038 740 3236 811 quatrit
3266 742 3597 812 irrumpere,
3631 749 3690 798 et

2087 831 2154 885 ad
2181 830 2352 901 ipsam
2381 848 2565 888 arcem
2596 833 2782 889 cordis
2805 843 2862 891 et
2899 850 3096 890 ammte
3127 836 3436 906 pervenire.
3459 837 3530 892 Et
3556 836 3687 910 quid

2090 941 2179 981 me
2208 940 2433 982 necesse
2455 935 2540 982 est
2564 927 2630 982 de
2663 927 2907 998 pluribus
2932 931 3052 1000 ejus
3076 929 3293 985 insidiis
3319 929 3526 994 dicere.
3558 945 3684 986 eum

2089 1034 2153 1076 ex
2191 1019 2276 1075 bis
2304 1031 2359 1077 et
2399 1033 2619 1077 Caetera:
2670 1023 3035 1078 versutiarum
3087 1024 3207 1092 ejus
3238 1023 3451 1095 species
3481 1040 3687 1096 cogno-

2090 1125 2314 1169 scantur
2333 1113 2357 1154 ν
2382 1114 2640 1172 Diabolus
2671 1097 2874 1185 autem,
2903 1133 3100 1174 nomen
3130 1118 3378 1174 (ir-arcum
3407 1129 3512 1185 est,
3536 1117 3685 1191 quod

2091 1210 2527 1283 interpretaturb
2551 1212 2878 1267 criminator.
2903 1211 3064 1268 Juxta
3081 1213 3296 1269 llebra-i
3325 1230 3456 1270 vero
3475 1229 3693 1270 sermo-

2092 1303 2177 1358 nis
2211 1303 2624 1372 proprietatem,
2659 1303 2782 1376 quia
2809 1313 2863 1360 et
2895 1307 3068 1362 tribus
3095 1305 3346 1362 Zabulon
3390 1306 3687 1380 quamdam

2091 1395 2505 1453 similitudinem
2548 1396 2709 1468 hujus
2765 1398 3025 1454 vocabuli
3083 1398 3266 1465 habet,
3309 1403 3600 1477 καταρύων,
3633 1398 3688 1455 id

2092 1501 2199 1552 est,
2231 1493 2474 1547 deorsum
2497 1495 2666 1565 ﬂuens
2697 1493 2806 1549 dici
2836 1502 3039 1567 potest,
3073 1494 3218 1567 quod
3264 1495 3477 1551 scilicet
3498 1495 3691 1567 paula-

2093 1584 2185 1638 tim
2213 1584 2280 1638 de
2310 1584 2513 1640 virtute
2535 1585 2605 1640 ad
2630 1586 2817 1642 vilium
2838 1585 3078 1655 ﬂuxerit,
3095 1596 3153 1643 et
3173 1585 3243 1644 de
3272 1587 3594 1644 caelestibus
3620 1586 3689 1642 ad

2094 1684 2307 1732 terrena
2338 1678 2634 1734 corruerit.

2167 1771 2428 1838 Quoniam
2459 1789 2562 1828 non
2609 1782 2685 1828 est
2723 1773 2873 1830 nobis
2904 1775 3204 1830 colluctatio
3243 1775 3490 1831 adversus
3526 1775 3693 1848 671

384 1853 572 1910 Jesum
615 1853 920 1910 Christum.
947 1855 1004 1911 Si
1059 1857 1206 1911 enim
1246 1859 1523 1930 cingulum
1543 1860 1751 1916 veritas
1799 1870 1907 1930 est,
1937 1869 1994 1916 et
2024 1877 2070 1938 Β
2095 1867 2400 1940 sanguinem
2427 1877 2476 1921 et
2499 1869 2840 1935 carnem;sed
2861 1869 3108 1924 adversus
3136 1869 3483 1944 principatus,
3507 1870 3699 1924 adver-

385 1947 557 2008 loriea
581 1947 788 2017 justitia
834 1957 955 2004 est:
987 1949 1026 2005 S
1047 1950 1242 2005 elvator
1283 1959 1466 2007 autem
1493 1961 1548 2008 et
1573 1953 1799 2018 veritas,
1824 1963 1882 2010 et
1906 1954 1994 2025 jn-

387 2042 539 2098 stitia
574 2042 919 2110 nominatur,
961 2044 1101 2099 nulli
1136 2045 1360 2101 dubiutn
1393 2048 1525 2120 quin
1569 2049 1688 2118 ipse
1717 2058 1772 2105 et
1801 2049 1992 2122 cingu-

387 2134 502 2192 lum
531 2133 605 2190 sit
646 2145 698 2189 ει
733 2134 928 2192 lorica.
979 2136 1166 2208 Itaque
1210 2138 1369 2210 juxta
1423 2140 1571 2208 lucc,
1617 2144 1735 2214 ipse
1792 2145 1896 2200 erit
1938 2154 1995 2202 et

394 2227 724 2300 prwparatio
758 2228 1039 2300 Evangelii
1070 2233 1245 2302 pacis,
1294 2242 1351 2289 et
1376 2246 1590 2291 scutum
1625 2236 1770 2302 ﬁdei,
1793 2248 1852 2294 et
1900 2254 1995 2311 ga-

391 2323 476 2381 lea
519 2325 803 2390 salutaris,
835 2335 890 2381 et
917 2327 1132 2397 gladius
1162 2330 1411 2398 spiritus,
1443 2333 1586 2403 quod
1634 2344 1716 2389 est
1765 2334 1991 2391 verbum

395 2417 515 2483 Dei,
545 2426 602 2473 et
632 2419 818 2474 vivens
843 2436 1026 2476 sermo
1057 2429 1113 2476 et
1141 2422 1359 2490 eflieax,
1384 2435 1437 2480 et
1461 2435 1651 2481 acutus
1680 2443 1852 2497 super
1881 2443 1996 2482 om-

393 2529 518 2572 nem
547 2513 793 2586 gladium
825 2529 889 2571 ex
923 2530 1157 2586 utraque
1181 2525 1335 2588 parte
1378 2529 1619 2575 acutum.
1645 2521 1776 2590 Qua:
1803 2532 1985 2577 autem

390 2607 503 2662 alia
532 2623 681 2663 arma
719 2608 811 2663 liei
846 2623 1139 2678 posuimus
1165 2612 1507 2678 existimare,
1543 2615 1738 2682 quibus
1769 2614 1991 2671 induen-

394 2699 496 2755 dus
526 2710 611 2756 est
637 2700 730 2772 qui
762 2700 928 2757 habet
957 2703 1248 2758 adversum
1276 2703 1478 2759 diaboli
1509 2705 1773 2762 dimicare
1798 2723 1993 2762 versu-

396 2792 502 2848 tias
525 2801 752 2863 excepta
781 2793 1002 2858 virtute.
1029 2811 1150 2866 quae
1181 2795 1436 2851 Christus
1461 2805 1562 2852 est.
1588 2798 1754 2871 67o
1781 2808 1807 2836 α
1841 2801 1993 2856 llunc

394 2892 540 2946 enim
571 2893 662 2961 qui
691 2891 846 2961 juxta
877 2893 1058 2947 omnia
1090 2907 1211 2964 qua:
1250 2909 1417 2963 super
1461 2909 1530 2950 eo
1587 2895 1988 2968 intelliguntur,

393 2983 558 3040 fuerit
589 2984 832 3048 indutus.
865 2995 1062 3056 potens
1089 2985 1193 3043 erit
1223 2999 1414 3044 contra
1453 2989 1745 3046 universas
1767 2990 1995 3046 insidias

393 3077 604 3134 diaboli
629 3094 960 3148 repugnare,
989 3088 1044 3133 et
1073 3079 1375 3135 secundum
1409 3080 1464 3136 id
1494 3083 1713 3151 quidem
1736 3083 1878 3153 quod
1905 3100 1994 3140 ve-

390 3173 552 3229 ritate
603 3173 932 3244 praecinctus
975 3183 1081 3243 est,
1117 3191 1228 3228 non
1281 3175 1443 3232 facile
1491 3176 1559 3230 ad
1609 3177 1865 3234 falsitatis
1895 3177 1994 3235 do-

2093 1975 2182 2014 sua
2221 1969 2518 2032 patestater,
2569 1962 2812 2018 adversus
2859 1963 3042 2019 mundi
3084 1974 3307 2020 rectores
3362 1966 3692 2021 tenebrarum

2094 2052 2280 2107 harum
2321 2095 2336 2120 ,
2394 2054 2641 2110 adversus
2687 2056 2989 2128 spiritantia
3036 2057 3278 2129 nequitia:
3332 2056 3386 2111 in
3459 2057 3689 2112 coelesti-

2096 2147 2210 2203 bus.
2238 2147 2355 2204 Non
2377 2159 2507 2220 puto
2545 2149 2767 2206 Paulum
2815 2151 3142 2207 scribentem
3179 2150 3244 2205 ad
3269 2149 3582 2206 Corinthios
3604 2149 3695 2205 di-

2095 2258 2221 2300 cere
2261 2245 2504 2314 potuisse
2537 2261 2551 2299 :
2580 2245 2694 2299 Non
2727 2253 2814 2301 est
2865 2244 3023 2302 vobis
3069 2243 3388 2301 colluctatio
3429 2242 3702 2299 adversus

2095 2354 2314 2394 carnem
2344 2349 2400 2394 et
2425 2339 2770 2410 sanguinem,
2797 2339 2995 2409 quibus
3044 2339 3116 2394 ait
3149 2355 3162 2392 :
3194 2337 3438 2393 Tentatio
3473 2354 3558 2391 ros
3589 2353 3699 2392 non

2095 2429 2453 2503 apprehendat
2498 2431 2601 2485 nisi
2644 2430 2895 2485 humana.
2952 2427 3156 2484 Fidelis
3213 2437 3388 2483 autem
3421 2428 3579 2492 Deus,
3608 2427 3704 2499 qni

2095 2541 2197 2578 non
2222 2523 2477 2596 permittet
2501 2522 2611 2595 [ΑΙ.
2642 2521 2913 2594 permittit]
2943 2536 3031 2575 vos
3057 2520 3258 2576 tentari
3282 2537 3446 2589 supra
3474 2518 3527 2572 id
3554 2518 3702 2588 quod

2098 2618 2309 2687 potestis
2352 2617 2394 2687 (l
2447 2615 2568 2671 Cor.
2623 2632 2679 2683 x,
2716 2616 2828 2685 15).
2861 2615 3140 2670 Exi-timo
3172 2614 3377 2684 quippe
3427 2613 3705 2668 adversus

2096 2726 2320 2766 carnem
2351 2721 2404 2763 et
2435 2709 2761 2781 sanguinem
2793 2724 2918 2765 esse
2958 2708 3288 2773 certamina,
3317 2723 3438 2776 qtue
3472 2706 3548 2762 ibi
3578 2718 3704 2762 ten-

2099 2805 2329 2858 tationes
2355 2803 2694 2874 appellantur
2733 2803 2984 2856 hutnanze
3009 2842 3025 2868 ,
3078 2799 3296 2872 quando
3327 2814 3457 2855 caro
3486 2813 3705 2856 concu-

2097 2895 2252 2965 piscit
2269 2894 2532 2950 adversus
2549 2893 2820 2963 spiritum,
2839 2903 2890 2949 et
2921 2903 3178 2964 provocat
3203 2908 3302 2949 nos
3329 2892 3506 2948 facere
3527 2907 3700 2960 opera

2096 3003 2216 3059 sua,
2246 2987 2680 3054 fornicationem,
2708 2987 3128 3048 immunditiam.
3155 2986 3442 3051 luxuriam,
3466 2984 3702 3040 idolola-

2098 3083 2644 3153 triam,.iuimiciti.-ts,
2684 3083 3088 3146 contentiones,
3127 3081 3522 3142 aemulationes.
3558 3080 3701 3148 iras,

2097 3181 2270 3245 rixas,
2311 3177 2718 3240 dissensiones,
2751 3176 2990 3231 luereses
3012 3220 3027 3243 ,
3061 3174 3311 3240 insidias,
3360 3173 3689 3238 ebrietates,

394 3273 578 3332 gmata
606 3264 932 3323 deducetur.
969 3265 1131 3323 Juxta
1180 3268 1283 3324 hoc
1313 3284 1442 3324 vero
1466 3268 1611 3341 quod
1645 3272 1869 3328 loricam
1901 3271 1990 3328 in-
2021 3281 2068 3345 ο
2097 3274 2525 3328 comessationes
2548 3270 2819 3344 (Galat.v)
2845 3283 2894 3327 et
2931 3270 3139 3342 reliqua
3160 3268 3243 3324 bis
3271 3269 3490 3324 similia.
3523 3268 3708 3324 Porro

396 3366 564 3421 dutus
608 3378 694 3422 est
733 3366 984 3437 justitize,
1042 3369 1344 3440 iniquitatis
1379 3371 1579 3442 jaculis
1633 3390 1740 3429 non
1793 3375 1998 3445 poterit

395 3468 690 3537 perforari.
719 3469 830 3526 Nec
861 3486 967 3527 non
1009 3487 1130 3527 eum
1161 3473 1434 3530 calciatus
1478 3474 1640 3531 fuerit
1666 3477 1997 3534 calciamen-

399 3570 470 3624 tis
503 3569 885 3641 puleberritnis
935 3571 990 3627 in
1025 3575 1427 3644 pra‘paratione
1481 3577 1766 3650 Evangelii
1818 3582 1992 3648 pacis,

399 3666 555 3734 quasi
586 3662 632 3719 is
662 3665 753 3733 qui
785 3667 1111 3736 praeparavit
1139 3669 1190 3721 in
1219 3668 1327 3723 ﬁne
1353 3685 1522 3738 opera
1560 3686 1680 3735 sua,
1715 3683 1768 3726 et
1791 3672 1996 3729 idcirco

409 3757 558 3826 pacis
595 3757 762 3814 homo
788 3758 967 3813 factus
993 3770 1100 3827 cst,
1129 3777 1228 3816 ιιι-ε
1259 3763 1513 3819 bellicum
1560 3765 1791 3836 aliquid,
1827 3775 1884 3824 et
1913 3779 1994 3822 tu-

395 3849 731 3904 multuosum
761 3852 893 3922 agit,
926 3867 1024 3906 nec
1053 3867 1176 3907 cum
1203 3854 1284 3908 his
1315 3858 1406 3925 qui
1437 3856 1816 3928 imprzeparati
1847 3871 1993 3930 sunt,

400 3943 870 4000 condemnabitur.
912 3944 1211 4002 lolidelitas
1237 3963 1475 4018 quoque,
1507 3965 1628 4020 quae
1667 3952 1887 4008 inimica
1914 3963 2002 4009 est
2034 3967 2036 3970 '

402 4037 568 4103 ﬁdei,
630 4037 720 4092 ubi
782 4048 996 4093 scutum
1048 4051 1132 4094 est
1179 4041 1300 4097 lidei
1333 4087 1347 4109 ,
1382 4042 1516 4097 nihil
1567 4045 1793 4101 valebit.
1822 4047 2001 4113 Caput

394 4131 563 4186 etiam
592 4141 645 4185 et
673 4131 975 4202 principale
1016 4135 1222 4199 cordis,
1255 4146 1309 4189 ct
1351 4137 1549 4192 animae
1577 4137 1626 4190 iu
1657 4153 1764 4208 quo
1791 4154 1987 4193 sensus

396 4236 590 4278 omnes
630 4222 792 4278 locati
840 4233 992 4290 sunt,
1021 4226 1218 4281 salutis
1258 4230 1411 4298 galea
1451 4230 1852 4287 circumdatum
1887 4249 1995 4289 non

397 4317 777 4388 quassahitur.
810 4320 889 4374 Ad
920 4333 1228 4378 extremum
1259 4325 1413 4395 quasi
1442 4327 1522 4381 vir
1545 4328 1776 4382 bellator
1805 4337 1861 4383 et
1891 4328 2001 4383 fore

399 4411 490 4478 tis,
509 4427 701 4466 otnnes
729 4425 918 4468 sectas
944 4418 1253 4472 Contrarias
1279 4421 1498 4475 veritati
1526 4422 1798 4488 concidet,
1834 4422 2000 4477 inter-

403 4503 742 4576 ﬁciet,jugnl
763 4508 1144 4577 ibit,gladtum
1157 4514 1402 4583 Spiritus,
1431 4516 1483 4570 id
1507 4527 1613 4583 est,
1631 4517 1856 4574 verbum
1874 4518 1995 4589 Dei,

404 4613 569 4652 litanti
594 4611 810 4655 tenens.
841 4600 1048 4660 Vole'ns
1069 4621 1199 4676 ergo
1222 4609 1506 4676 apostolus
1536 4609 1854 4664 multimoda
1877 4611 1996 4665 dia-

395 4688 510 4749 boli
541 4690 757 4762 ingenia
789 4695 1106 4761 ostendere,
1139 4699 1335 4769 quibus
1384 4717 1484 4756 nos
1533 4718 1732 4773 capere
1788 4703 1996 4757 nitatur

398 4781 511 4857 [AL
537 4784 775 4860 nititur],
799 4803 898 4858 per
916 4803 981 4844 ea
1013 4791 1129 4845 loca
1151 4790 1428 4862 inquibus
1458 4810 1568 4850 nou
1616 4796 1767 4851 tunui
1814 4807 1998 4852 custo-

399 4879 488 4935 dia
539 4895 827 4939 servemus
867 4899 963 4940 cor
1002 4899 1274 4953 nostrum,
1316 4889 1586 4963 μετοδείας
1614 4891 1755 4962 ejus,
1796 4891 1847 4946 id
1883 4898 1990 4960 est,

398 4975 822 5034 adinventiones
843 4980 926 5035 vel
970 4981 1238 5037 versutias
1285 4988 1608 5041 nominavit.
1642 4985 1698 5042 Si
1730 4985 1874 5040 enim
1899 4985 1994 5040 ab-

397 5071 758 5129 stinuerimns
803 5089 903 5130 nos
935 5093 964 5130 a
991 5093 1281 5148 corporum
1311 5080 1611 5150 voluptate,
1640 5097 1830 5152 parum
1864 5097 1993 5137 cau~

399 5175 487 5222 tos
520 5167 572 5222 in
604 5169 832 5223 avaritia
883 5174 1052 5240 Capit.
1085 5174 1237 5242 Quod
1265 5174 1310 5229 si
1356 5187 1410 5230 et
1435 5177 1719 5231 avaritiam
1765 5192 1885 5232 eum
1913 5192 2000 5230 Vo-

402 5261 612 5332 luplate
640 5266 1069 5336 cesetemniutus,
1099 5284 1196 5338 per
1237 5269 1500 5324 luxuriam
1535 5271 1752 5340 irrepit,
1785 5280 1840 5324 i-t
1868 5270 1999 5324 facit

403 5353 562 5409 nobis
602 5365 847 5412 ventrem
892 5375 1014 5416 esse
1044 5361 1235 5427 deum,
1274 5375 1328 5419 et
1367 5380 1462 5435 per
1492 5365 1640 5421 hanc
1685 5365 1847 5418 etiam
1901 5365 1994 5419 illa

399 5462 523 5517 quae
552 5445 714 5503 fortia
745 5466 868 5507 esse
897 5454 1241 5523 videbantur,
1295 5468 1586 5527 cXpngnat.
1624 5459 1684 5512 Et
1718 5458 1995 5530 quoiuodo

403 5543 582 5599 solent
612 5546 887 5616 sapientes
915 5550 1254 5606 exercituum
1316 5552 1612 5623 principes,
1644 5569 1705 5607 ea
1758 5551 1844 5608 vel
1883 5568 1993 5607 mav

474 5753 499 5782 ⁸
538 5745 738 5824 “fmm
785 5762 1041 5824 ‘70""9‘0
1093 5756 1230 5820 9PM
1267 5755 1658 5824 liarliartwum,
1698 5755 1800 5811 Hic
1832 5758 1994 5823 enim,

404 5816 717 5890 pro,-A_Ilunc
737 5823 896 5885 etaim,
937 5816 986 5876 id
1018 5816 1436 5890 ειμι,’61ιιοὶδιιιιιι.

476 5887 504 5928 δ
544 5887 676 5948 Vide
705 5909 825 5964 qua:
866 5891 968 5949 hoc
997 5895 1064 5954 de
1091 5887 1310 5957 nomine
1341 5904 1697 5960 observamus
1725 5901 1835 5959 col.
1865 5900 1999 5971 6-29,

2101 3374 2303 3421 nonest
2330 3363 2564 3420 humana
2583 3365 2828 3432 tentatio,
2852 3379 2950 3419 nec
2972 3363 3230 3418 adversus
3244 3378 3462 3418 carnem
3490 3371 3543 3417 et
3571 3377 3708 3419 επις

2099 3461 2316 3531 guinem
2349 3476 2550 3531 pugna,
2575 3460 2796 3529 quando
2813 3469 2911 3514 aut
2941 3459 3060 3527 ipse
3082 3459 3320 3515 Satanas
3351 3457 3710 3529 transfigura-

2100 3552 2266 3609 tusin
2323 3553 2589 3623 Angelum
2623 3553 2785 3618 lucis,
2836 3551 3174 3624 persuadere
3215 3551 3429 3615 nititur,
3459 3559 3521 3604 nt
3576 3565 3712 3603 cum

2102 3646 2367 3717 Angelum
2394 3647 2532 3701 lucis
2555 3647 2920 3711 arbitremur,
2940 3655 3033 3698 ant
3065 3642 3271 3715 aliquid
3305 3644 3495 3697 lmrnm
3522 3639 3715 3697 simile

2103 3738 2254 3806 facit,
2283 3741 2334 3794 in
2383 3740 2533 3794 omni
2571 3742 2797 3804 virtute,
2835 3737 3005 3805 signis
3036 3748 3089 3791 et
3122 3736 3389 3808 portentis
3420 3735 3716 3791 mendaci-

2101 3834 2224 3902 bus,
2251 3835 2302 3888 in
2353 3835 2498 3888 omni
2532 3832 2861 3903 deceptione
2894 3830 3218 3899 iniquitatis.
3250 3830 3384 3886 Nam
3426 3845 3550 3885 cum
3605 3829 3718 3882 ali-

2102 3942 2265 3995 quem
2299 3924 2611 3997 illaqnearit
2656 3924 2913 3980 inimicus
2944 3934 3001 3977 ut
3039 3923 3271 3991 recipiat
3300 3938 3381 3983 se,
3430 3931 3484 3977 et
3516 3924 3722 3992 loqua-

2103 4029 2189 4074 tur
2214 4019 2266 4073 in
2290 4033 2379 4084 eo,
2405 4019 2515 4072 hac
2544 4017 2669 4072 dicit
2699 4016 2984 4082 Dominus,
3019 4031 3125 4070 non
3156 4014 3311 4086 quasi
3343 4029 3472 4069 caro
3498 4022 3553 4070 et
3581 4030 3720 4068 san~
3763 4023 3766 4026 ‘

2101 4111 2220 4181 guis
2271 4127 2395 4165 eum
2427 4109 2655 4179 decipit,
2688 4118 2782 4164 aut
2829 4108 2986 4177 quasi
3022 4107 3259 4162 humana
3309 4105 3564 4171 tculatio,
3615 4105 3724 4161 sed

2101 4203 2252 4273 quasi
2287 4201 2622 4273 principatus
2653 4212 2705 4257 et
2742 4209 3006 4270 potestas,
3043 4209 3226 4257 rector
3275 4199 3636 4256 tenebrarum
3662 4207 3727 4254 et

2102 4298 2341 4363 nequitia
2369 4297 2671 4367 spiritualis
2699 4294 2924 4368 (Ep/tes.
2963 4293 3057 4364 tv).
3079 4293 3449 4362 Quamobrem
3481 4308 3594 4346 non
3618 4291 3730 4347 de-

2101 4405 2225 4445 mus
2273 4389 2448 4444 locum
2481 4388 2734 4450 diabolo,
2774 4387 2868 4444 sed
2903 4397 2958 4442 et
3015 4387 3057 4440 si
3099 4385 3324 4457 spiritus
3379 4394 3726 4455 potestatem

2106 4485 2357 4540 habentis
2389 4483 2697 4538 ascenderit
2731 4497 2897 4552 super
2928 4495 3047 4547 nos,
3075 4479 3231 4548 juxta
3263 4479 3408 4549 quod
3436 4479 3722 4548 scriptum

2101 4589 2207 4645 est,
2233 4578 2410 4632 locum
2442 4592 2546 4631 nou
2605 4575 2803 4630 demus
2825 4573 2897 4629 ei.
2933 4573 3087 4628 Dicat
3116 4571 3391 4643 quispiam
3419 4570 3521 4626 hoc
3562 4569 3729 4642 quod

2025 4670 2072 4729 D
2100 4674 2173 4727 ait
2204 4691 2217 4725 :
2253 4670 2374 4725 Non
2403 4680 2477 4724 est
2505 4669 2652 4724 nobis
2691 4668 2994 4722 colluctatio
3041 4668 3290 4721 adversus
3329 4666 3652 4737 sanguinem
3676 4677 3733 4721 et

2105 4781 2334 4830 carnem,
2359 4763 2452 4818 sed
2484 4763 2756 4817 adversum
2784 4760 3112 4836 principatus
3139 4769 3189 4813 et
3215 4767 3504 4832 potestates
3532 4759 3731 4831 (licet.

2107 4875 2160 4924 x,
2185 4857 2239 4927 4)
2265 4899 2280 4923 ,
2308 4868 2362 4913 ει
2383 4867 2579 4913 caueri
2614 4873 2734 4924 qum
2757 4864 3082 4926 sequuntur,
3116 4852 3238 4908 ideo
3261 4852 3392 4917 diei,
3423 4861 3481 4907 ut
3501 4851 3731 4910 docea-

2105 4970 2247 5019 mur,
2272 4968 2339 5006 ue
2359 4967 2422 5008 ea
2452 4950 2671 5021 quidem
2699 4966 2822 5020 qua!
2856 4948 3014 5003 nobis
3043 4947 3350 5003 ministrari
3383 4947 3513 5000 vitia
3552 4958 3736 5009 puta-

2105 5071 2226 5113 mus
2252 5070 2316 5110 ex
2343 5068 2529 5116 carne,
2561 5051 2744 5106 carnis
2773 5065 2897 5105 esse
2944 5048 3031 5104 vel
3077 5048 3382 5119 sanguinis,
3414 5045 3508 5101 sed
3540 5061 3574 5100 a
3607 5049 3744 5118 qui-

2103 5159 2326 5217 busdam
2359 5155 2729 5225 spiritualibus
2767 5152 3033 5213 nequitiis
3083 5151 3325 5221 suggeri.
3375 5148 3518 5207 Sunt
3562 5151 3736 5206 extim

2097 5265 2313 5339 quidam
2362 5262 2645 5318 demoues
2692 5259 2969 5313 amoribus
3029 5265 3084 5309 et
3136 5254 3423 5310 amatoriis
3469 5255 3730 5307 canticis

2098 5361 2420 5422 servientes,
2438 5365 2496 5410 ut
2519 5353 2792 5422 Propheta
2820 5364 3034 5418 tutoque
3055 5353 3463 5403 commemorat
3480 5343 3732 5400 dicens:

2101 5454 2307 5526 Spiritu
2347 5447 2705 5519 fornicationis
2724 5445 2888 5518 672
2913 5443 3110 5499 seducti
3140 5451 3260 5496 sunt
3292 5439 3440 5514 (Usa.
3475 5455 3548 5504 tv,
3596 5441 3739 5512 ἓξ),

2095 5550 2228 5606 Nam
2257 5559 2306 5605 et
2337 5546 2566 5603 barbara
2594 5541 2841 5616 quietiam
2876 5539 3098 5596 nomina
3130 5552 3326 5594 eorum
3353 5549 3482 5591 esse
3507 5534 3744 5591 dicun-

2107 5762 2223 5810 not.
2269 5753 2315 5805 ιι.
2353 5750 2599 5804 Diximus
2632 5758 2681 5802 et
2719 5747 2867 5811 alibi,
2898 5744 3050 5811 juxta
3083 5741 3354 5798 {Eolicam
3393 5741 3754 5806 pronuntia.

2103 5828 2306 5882 tionezu
2342 5821 2604 5879 Zabnlnm
2634 5838 2662 5877 a
2698 5820 2981 5877 Veteribus
3009 5815 3113 5872 dici
3148 5829 3245 5886 pro
3275 5812 3524 5868 Diabulo.
