3962 6338
192 254 270 324 513

585 251 1243 318 COMMENTARIORUM
1285 257 1351 317 lN
1392 255 1708 318 EPISTOL.5

1827 255 1916 316 AD
1956 253 2289 320 EPZEESlOS
2328 254 2464 320 LIB.
2506 257 2596 318 Ill.
2635 253 2790 319 CAP.
2836 255 2925 319 VI.

3297 260 3404 326 διο

189 391 270 447 tur,
298 385 344 433 ut
366 389 492 447 sa‘pe
526 377 762 432 confessi
798 388 925 433 Sunt
957 378 1009 431 hi
1041 395 1177 448 quos
1208 394 1335 434 vero
1369 381 1556 448 vu’gus
1588 396 1700 431 ma-
1730 382 1776 440 Λ
1804 378 1972 450 673
2000 395 2194 440 causa,
2235 381 2402 434 David
2449 381 2741 436 adversum
2785 379 2994 435 Goliam
3021 425 3035 448 ,
3073 390 3126 436 et
3169 381 3401 440 liliorum

188 473 328 532 lelicos
353 481 508 532 vocat,
535 478 590 523 et
617 469 1046 538 incantationes,
1075 481 1129 525 et
1155 488 1364 542 preces,
1409 484 1460 526 et
1485 474 1701 528 colores

185 565 370 631 rarii,ct
407 560 607 617 diversa
642 564 722 618 vel
775 564 1120 620 metallorum
1170 581 1398 635 genera,
1432 566 1514 621 vel
1555 565 1704 619 tilio-

183 675 288 724 rum,
309 656 364 710 ad
392 672 498 726 qure
529 657 764 711 invarati
805 659 1064 712 assistere
1092 657 1372 712 dmmones
1397 701 1409 717 ,
1441 667 1493 713 et
1527 657 1703 712 infeli-

180 767 247 808 ces
279 749 460 805 animus
495 765 695 818 capere
745 761 1141 805 memorantur.
1176 751 1282 805 Alii
1323 767 1453 807 vero
1484 749 1702 805 iracun-

180 843 284 906 dias,
307 854 352 896 et
377 841 599 905 furores,
648 850 703 896 et
740 841 884 897 bella
912 844 1258 899 οοιιιιιιίιιοπθ
1293 860 1306 898 :
1339 843 1428 898 alii
1465 859 1701 913 praeesse

177 935 445 1000 inimicitiis,
471 944 525 988 et
564 935 708 991 inter
757 935 1011 992 homines
1065 937 1189 992 odia
1229 940 1526 994 concitare.
1565 940 1701 1008 Quia

177 1031 262 1085 volt
282 1043 412 1097 eno,
431 1029 604 1098 aiunt,
634 1031 932 1099 Apostolus
961 1047 1060 1087 nos
1092 1031 1294 1089 docere
1327 1051 1338 1088 :
1374 1049 1482 1089 non
1518 1050 1582 1089 ex
1617 1051 1706 1089 na-

177 1130 263 1178 tura
294 1121 543 1191 corporis,
576 1131 632 1177 et
670 1122 740 1178 de
781 1124 1010 1180 materia
1061 1126 1242 1181 carnis
1279 1133 1335 1181 et
1384 1129 1697 1199 sanguinis,

175 1213 261 1268 lucc
277 1213 496 1268 vitiorum
519 1228 722 1284 genera
753 1217 1054 1286 procreari,
1082 1217 1178 1273 sed
1210 1215 1471 1274 instinctu
1499 1219 1700 1275 dmino-

173 1321 297 1372 ntttn;
331 1314 602 1376 propterea
639 1308 716 1364 ait
749 1326 762 1363 :
798 1307 923 1364 Non
959 1318 1037 1364 est
1082 1311 1231 1366 nobis
1267 1311 1568 1368 colluctatio
1599 1316 1700 1370 ad-

173 1418 303 1456 rasus
328 1404 620 1473 sanguinem
649 1412 697 1457 et
719 1419 963 1474 carnem,
996 1405 1090 1461 sed
1111 1406 1352 1462 adversus
1376 1409 1701 1481 principatus

171 1506 204 1549 rt
220 1504 472 1567 potestates,
502 1508 555 1551 et
583 1494 817 1568 reliqua.
847 1496 976 1553 Ideo
1004 1509 1186 1554 autem
1211 1516 1354 1554 nunc
1391 1515 1580 1556 eorum
1607 1502 1698 1571 qui

168 1587 340 1656 magicis
381 1585 627 1644 infelices
677 1588 892 1646 artibus
943 1593 1211 1657 serviunt,
1267 1600 1324 1648 et
1366 1592 1546 1649 facere
1594 1593 1699 1650 ista

166 1681 492 1753 perhibentur,
551 1683 606 1738 in
685 1683 925 1739 medium
1001 1685 1259 1756 exempla
1331 1687 1692 1758 protulimus,

1808 474 1974 526 ls'ael
2001 483 2190 526 contra
2223 474 2581 546 afienigcnzis,
2611 486 2665 530 et
2698 485 2925 528 ira-teras
2955 483 3168 546 gentes,
3202 475 3407 545 scripta

1803 565 2006 618 suntin
2052 566 2215 631 Lege,
2244 576 2296 620 et
2328 568 2482 634 Jesu,
2523 577 2573 621 et
2608 566 2750 622 libro
2781 567 3032 621 ludit-uin
3060 609 3074 634 ,
3104 576 3161 624 et
3188 563 3415 639 ῐῖυςιιοὶ

1805 673 1947 724 rum,
1979 667 2034 712 t-t
2065 659 2527 728 Paralqwtiwnon
2549 703 2563 725 ,
2597 662 2760 715 altius
2803 661 3142 717 intellexisse
3169 662 3408 733 Aposto-

1804 749 1913 804 lum
1951 750 1970 823 (
1999 751 2011 804 I
2047 751 2176 821 Reg.
2212 755 2349 822 xm)
2383 765 2400 810 :
2432 767 2485 809 et
2515 754 2798 823 spirituale
2831 753 3038 808 bellum
3070 756 3315 810 sensisse
3337 756 3406 812 de

1803 857 2031 908 carnea,
2062 860 2172 914 quo
2203 855 2511 914 pugnantes
2545 848 2673 901 victi
2699 847 2830 912 sint,
2860 849 2972 900 sive
2997 848 3326 917 superarint,
3351 858 3408 904 et

1804 947 2056 1005 satrapas
2095 937 2313 1004 quidem
2357 939 2788 1007 uniuscuju-que
2841 938 2989 1008 loci,
3040 953 3402 1012 Supernarum

1805 1027 1974 1084 fuisse
2006 1029 2204 1086 indicia
2236 1029 2344 1103 [ΑΙ.
2369 1031 2597 1105 ῙιιιΙιςὶει]
2620 1044 2954 1104 potestatum
2990 1051 3004 1090 :
3040 1052 3198 1105 reges
3220 1052 3402 1092 au'em

1803 1122 2041 1193 gentium
2078 1124 2420 1193 singularum
2445 1167 2460 1191 ,
2496 1125 2760 1194 imagines
2790 1143 2977 1182 eorum
3007 1127 3096 1198 qui
3129 1144 3271 1183 nunc
3314 1145 3404 1184 re-

1803 1225 1988 1271 ctores
2018 1219 2230 1283 mundi,
2255 1219 2723 1289 tenebrarumque
2752 1220 3007 1276 dicuntur
3034 1238 3048 1276 :
3079 1221 3253 1277 malos
3276 1237 3408 1278 vero

1805 1307 2056 1365 homines
2089 1310 2410 1381 Spit'illlales
2443 1313 2714 1382 nequitias
2748 1315 2799 1367 in
2828 1313 3148 1371 cmleinbus
3174 1314 3406 1370 ili-mon-

1805 1411 2038 1456 strasse.
2061 1401 2125 1457 Et
2149 1401 2368 1458 videtur
2398 1402 2562 1458 nobis
2590 1405 2890 1472 Apostolus
2919 1405 3038 1460 aliis
3062 1405 3240 1461 verbis
3286 1405 3403 1463 haec

1802 1493 1992 1549 dicere
2019 1511 2035 1549 :
2061 1495 2107 1550 0
2131 1495 2376 1563 Ephesii,
2403 1513 2523 1567 quae
2550 1496 2620 1552 de
2643 1497 2848 1568 proeliis
2871 1497 3090 1554 lsraelis
3111 1498 3401 1556 adversum

1805 1591 2056 1645 nationes
2088 1591 2291 1662 legitis,
2317 1593 2575 1648 videntur
2599 1593 2819 1664 quidem
2846 1608 3070 1649 carnem
3099 1610 3298 1650 sonare
3319 1595 3404 1650 vel

1802 1685 2149 1753 sanguinem,
2173 1685 2328 1740 verbi
2352 1686 2551 1756 gratia,
2582 1685 2989 1759 Egyptiorum,
3015 1686 3403 1758 lduma'munt,

166 1787 208 1830 ιιι
250 1776 576 1832 retundamus
650 1792 843 1834 eorum
915 1778 1226 1850 Opinionem
1255 1822 1271 1849 ,
1345 1782 1436 1853 qui
1506 1790 1699 1854 putant
1731 1779 1773 1839 Β
1805 1777 3404 1847 Ammonitarum,Moabitarum,etgentiuineteterarutn:

163 1871 295 1924 omnia
345 1872 462 1924 vitia
497 1885 625 1926 esse
671 1872 856 1927 carnis
911 1885 968 1928 et
1026 1874 1341 1945 sanguinis,
1384 1884 1442 1932 et
1490 1877 1691 1933 nullam

159 1960 314 2017 habere
359 1961 635 2020 daemones
690 1973 1048 2037 potestatem,
1088 1975 1148 2023 ut
1203 1983 1304 2025 nos
1353 1969 1583 2026 incitent
1625 1971 1694 2028 ad

158 2065 398 2126 promtum.
447 2056 640 2114 Talem
701 2057 1056 2117 luctationem
1107 2069 1135 2099 ι
1186 2072 1244 2118 et
1307 2062 1477 2120 Jacnb
1541 2078 1698 2135 puta-

155 2162 245 2202 mus
269 2145 453 2218 lnisse,
495 2150 645 2220 quod
692 2151 907 2208 scilicet
937 2169 1044 2210 non
1077 2153 1366 2211 adversum
1397 2173 1617 2214 carnem
1641 2171 1696 2215 et

154 2240 415 2311 sanguinem
460 2243 814 2300 contenderit
852 2242 1066 2318 (Cenes.
1112 2248 1295 2321 xxxi),
1345 2251 1564 2321 quando
1603 2266 1693 2307 re-

151 2334 310 2390 mansit
332 2336 496 2404 solus,
519 2344 580 2392 et
611 2335 923 2393 luctabatur
951 2352 1072 2394 cum
1102 2354 1170 2394 eo
1193 2343 1388 2411 homo,
1425 2341 1696 2414 adjuvans

151 2441 260 2490 eum,
283 2439 329 2484 et
349 2429 717 2485 corroborans
748 2431 1044 2487 adversum
1073 2433 1260 2503 alium,
1291 2436 1492 2491 sudore
1525 2437 1696 2492 nimio

149 2521 461 2580 dimicantem.
514 2525 585 2581 Et
638 2525 801 2581 simul
840 2527 962 2582 vide
989 2569 1004 2593 ,
1048 2543 1118 2583 ne
1161 2527 1299 2585 forte
1334 2530 1552 2588 ridiculi
1588 2533 1697 2589 sint

149 2615 216 2683 qui
240 2617 556 2673 arbitrantur
591 2618 645 2674 in
672 2619 834 2674 ritum
863 2619 1182 2675 luctantium
1207 2663 1224 2688 ,
1259 2631 1368 2677 tota
1397 2623 1570 2680 Jacob
1599 2642 1698 2679 no-

146 2717 210 2763 (ιε
247 2709 512 2766 lactatum.
555 2711 701 2780 Quid
743 2715 888 2768 enim
919 2713 1148 2786 grande,
1193 2715 1260 2784 si,
1312 2725 1373 2771 ut
1408 2718 1485 2773 illi
1518 2719 1694 2788 aiunt,

149 2803 316 2859 luctans
335 2813 424 2861 aut
448 2808 773 2878 superarit,
816 2817 910 2863 aut
937 2809 1114 2863 victus
1143 2809 1248 2864 sit?
1290 2809 1396 2867 Sed
1423 2812 1576 2883 juxta
1611 2831 1697 2868 ra-

144 2899 406 2958 tionabilem
437 2913 493 2959 et
526 2905 956 2960 convenientem
987 2905 1309 2976 patriarcha:
1339 2908 1536 2965 luctam
1558 2951 1574 2978 ,
1619 2921 1698 2966 ta-

146 2994 223 3048 lem
243 2995 306 3050 illi
330 2996 772 3053 colluctationem
804 2996 972 3054 fuisse
995 3000 1330 3055 credendum
1355 3013 1460 3068 est,
1485 3003 1697 3073 qualem

146 3084 370 3142 hibabent
386 3090 476 3159 qui
505 3099 737 3161 possent
756 3089 968 3147 dicere:
993 3090 1116 3146 Non
1133 3103 1209 3146 est
1230 3093 1376 3148 nobis
1397 3096 1699 3150 colluctatio

1801 1873 1895 1928 sed
1925 1873 1969 1928 si
1997 1889 2124 1930 vere
2154 1873 2316 1928 vultis
2346 1875 2514 1941 scire,
2548 1874 2859 1946 cognoscite
2883 1879 3007 1945 quia
3032 1872 3123 1929 illa
3151 1873 3405 1930 universa

1803 1967 2102 2036 liguraliter
2129 1966 2531 2036 contingebant
2560 1967 2668 2022 illis
2693 1967 2747 2040 (Ι
2779 1965 2901 2022 Cor.
2926 1967 3012 2038 ι).
3039 1967 3254 2038 Scripta
3277 1975 3411 2023 sunt

1799 2070 1984 2116 autem
2014 2072 2238 2133 propter
2269 2077 2388 2126 nos,
2421 2061 2476 2116 in
2505 2077 2644 2133 quos
2685 2060 2826 2117 lines
2853 2061 3181 2118 saeculorum
3211 2060 3407 2116 decur-

1800 2167 2014 2223 rerunt,
2049 2167 2102 2211 ut
2137 2156 2511 2227 intelligamus
2539 2173 2608 2212 ex
2631 2155 2764 2220 illis,
2796 2172 2903 2211 non
2932 2171 3058 2212 esse
3105 2156 3265 2214 nobis
3308 2174 3407 2229 pu-

1799 2267 1958 2323 gnam
1986 2250 2280 2307 adversum
2313 2266 2533 2307 carnem
2562 2260 2618 2306 et
2647 2252 2990 2321 sanguinem,
3026 2250 3120 2306 sed
3147 2252 3408 2308 adversus

1801 2344 2113 2414 spirituales
2139 2344 2396 2414 quasdam
2413 2353 2467 2400 et
2486 2344 2784 2400 invisibiles
2801 2351 3123 2414 potestates,
3141 2343 3326 2400 adver:
3340 2360 3406 2400 us

1800 2449 2042 2496 rectores
2071 2455 2260 2494 earum
2295 2439 2643 2494 tenebrarum
2670 2480 2686 2504 ,
2720 2454 2840 2508 quzn
2871 2437 2995 2493 huic
3022 2439 3225 2492 mundo
3256 2439 3410 2494 ineu-

1802 2537 1952 2605 bant,
1983 2543 2039 2590 et
2067 2550 2312 2590 ermrem
2338 2533 2652 2589 hominibus
2684 2533 3083 2589 incredulitatis
3105 2531 3190 2588 οη.
3212 2532 3407 2600 ndunt,

1801 2641 1855 2686 et
1886 2629 2171 2686 adversum
2214 2628 2518 2701 spiritualia
2565 2627 2847 2698 nt'qltitim,
2901 2642 3021 2698 quae
3071 2625 3315 2681 habitant
3354 2627 3407 2682 in

1800 2723 2114 2782 coelestibus
2142 2742 2154 2778 :
2189 2740 2294 2778 non
2343 2738 2454 2792 quo
2501 2721 2784 2777 dzemoues
2813 2721 2865 2776 in
2898 2720 3218 2776 caelesubus
3251 2735 3406 2777 coni-

1804 2828 2107 2883 rnorentnr,
2142 2817 2236 2872 sed
2266 2832 2374 2888 quo
2401 2832 2562 2882 supra
2594 2831 2692 2871 nos
2733 2832 2848 2883 aer,
2892 2815 2997 2870 hoc
3027 2831 3225 2872 nomen
3250 2831 3407 2872 acce-

1803 2911 1964 2983 perit.
1994 2911 2145 2967 Unde
2167 2921 2219 2966 et
2248 2926 2375 2964 aves
2403 2926 2521 2972 num.
2544 2908 2777 2964 volitant
2807 2923 2900 2979 per
2918 2923 3126 2978 aerem,
3159 2911 3409 2966 voluere:

1803 3008 1928 3064 caeli
1953 3022 2077 3062 esse
2094 3005 2366 3061 dicuntur.
2395 3003 2529 3060 Nam
2549 3013 2603 3058 et
2627 3006 2678 3059 in
2697 3006 2806 3058 alio
2831 3001 3040 3059 locode
3064 3002 3409 3058 dmmonibns

1803 3099 1944 3171 quod
1976 3100 2026 3153 in
2055 3114 2180 3154 aere
2212 3097 2317 3152 ista
2340 3106 2626 3167 vagentur,
2671 3095 2962 3166 Apostolus
2990 3095 3060 3150 ait
3093 3093 3201 3150 :lu
3226 3095 3411 3167 quibus

147 3179 346 3234 Jrcrsus
365 3196 578 3236 carnem
601 3191 648 3236 et
664 3183 990 3256 sanguinem.
1025 3183 1142 3239 Non
1169 3200 1396 3242 necesre
1422 3197 1505 3242 est
1527 3197 1696 3244 totum
1729 3183 1774 3246 C
1806 3193 2108 3248 ambulastis
2140 3190 2425 3262 aliquando
2449 3191 2608 3260 juxta
2639 3191 2886 3243 sa'culum
2913 3188 3098 3242 mmtdi
3128 3188 3302 3252 istim.
3331 3204 3411 3242 se-

143 3271 356 3328 nuncloei
373 3275 521 3330 illius
534 3285 795 3332 excutere
808 3287 1361 3347 saeramenturn,cum
1377 3279 1430 3335 in
1447 3297 1544 3335 suo
1560 3282 1704 3350 loco,

146 3363 182 3416 si
203 3363 392 3432 vixero,
415 3367 639 3436 plenius
666 3366 1048 3424 disserendum
1072 3370 1163 3425 sit.
1189 3368 1497 3437 Quaerimus
1524 3383 1705 3430 autem

141 3453 348 3524 (Consule
361 3461 693 3531 Quastiones
709 3462 992 3520 Hebraicas
1008 3465 1062 3520 in
1081 3463 1342 3539 Genesim)
1358 3466 1445 3522 ubi
1465 3468 1518 3523 in
1535 3470 1706 3525 veteri

143 3549 451 3612 Testamento
481 3557 694 3614 Paulus
723 3559 838 3615 hate
870 3559 1098 3632 legerit,
1127 3572 1220 3615 aut
1241 3577 1345 3631 qua
1379 3565 1704 3620 auctoritate

138 3663 231 3718 qua:
254 3651 470 3710 minime
507 3653 720 3724 scripta
744 3664 899 3722 sunt,
927 3654 1238 3726 publicarit.
1279 3655 1349 3711 Et
1381 3657 1702 3728 corijicitnus

140 3756 196 3798 ex
229 3743 304 3800 liis
338 3761 462 3818 quas
483 3747 558 3804 de
587 3747 791 3819 praeliis
815 3755 871 3804 et
901 3747 1167 3820 singulari
1204 3748 1524 3817 certamine,
1549 3753 1702 3808 verbi

193 3961 231 4028 '_
249 3951 385 4014 Cave
432 3972 506 4014 ne
562 3972 633 4014 ex
683 3956 790 4015 hoc
839 3957 964 4015 loco
1010 3972 1226 4015 asseras
1272 3973 1395 4014 cum
1449 3956 1704 4028 imperito

134 4020 384 4104 Scriptore
410 4044 636 4104 nupero
667 4029 1058 4104 Hieronymum
1110 4031 1349 4104 sensisse
1374 4020 1571 4104 718001!
1620 4031 1702 4086 lu-

136 4105 309 4171 gtalutn
358 4099 539 4156 fuisse
588 4117 712 4156 eum
759 4099 1042 4167 daemone,
1091 4113 1143 4157 et
1184 4102 1306 4157 vide
1359 4101 1703 4171 Qumstinnvs

137 4165 403 4242 ilebraicas
431 4174 488 4228 in
513 4173 799 4235 Genesim,
827 4175 914 4227 tibi
945 4165 1342 4231 deliretatione
1370 4165 1457 4228 illa
1494 4176 1704 4242 plenius

133 4238 320 4296 dsseru
345 4253 365 4298 t
388 4254 624 4300 sanctus
657 4245 873 4301 Ductor.
905 4245 1371 4301 Manu—Auctor
1402 4238 1705 4301 est'Pi-oco-

137 4325 236 4388 ptis
261 4315 326 4368 ad
360 4317 510 4369 hune
556 4315 790 4371 Genesis
837 4317 1049 4376 loetun.
1097 4333 1417 4388 persuasum
1452 4318 1705 4372 habuis~e

138 4379 337 4460 Ietervs
389 4389 722 4446 nonnullos.
769 4379 1434 4460 insomnem-exstitisse,
1483 4393 1573 4460 qui
1606 4390 1706 4444 sub

134 4451 256 4558 Esau
303 4458 477 4528 lignra
537 4473 606 4543 ae
659 4459 850 4530 spoliis
901 4476 1043 4558 cutio.
1075 4459 1280 4517 Iacobo
1325 4451 1568 4558 luctatus
1600 4471 1707 4558 0's].
1737 4496 1792 4558 Β

133 4524 282 4601 Quam
335 4524 835 4586 Scultennam-rum
883 4549 947 4586 ex
985 4532 1314 4597 lliernnymo
1353 4531 1569 4601 probari
1623 4531 1708 4585 hii'

131 4596 222 4652 loci
259 4617 509 4672 nuperus
555 4605 744 4656 nescio
791 4605 911 4671 quis
943 4605 1188 4672 Scriptor
1233 4596 1584 4670 existimarit,
1619 4606 1720 4656 iiu-

133 4672 332 4737 perizizn
363 4689 669 4746 accusatur
697 4692 722 4726 a
757 4675 1093 4744 Mztl'liattzl'n,
1125 4678 1194 4730 ab
1224 4691 1400 4746 enqne
1432 4681 1554 4746 plus
1585 4677 1716 4728 satis

131 4746 354 4811 vapu'at.
391 4745 456 4800 Et
500 4757 687 4819 taiiien
721 4747 765 4819 si
797 4749 958 4800 modo
990 4745 1321 4819 Hieronymi
1353 4745 1715 4812 expendenda

129 4827 271 4869 mens
319 4826 441 4882 est,
501 4818 654 4872 il‘um
707 4816 872 4871 alium
919 4819 1110 4872 sudore
1156 4816 1316 4872 nimio
1365 4819 1720 4882 diitiicanlt'm,

129 4892 260 4938 totus
287 4901 598 4945 contextus
624 4889 779 4958 quasi
823 4891 1126 4946 dzeinnnem
1160 4904 1534 4953 l‘cm‘wscnlat,
1565 4906 1721 4954 quem

129 4965 298 5011 eontra
348 4961 528 5044 homo.
559 4961 819 5045 adjuvans
862 4978 977 5044 eum
1005 4962 1451 5045 etncorroboraus,
1481 4962 1720 5045 Angelus

130 5039 330 5104 es‘tuto
374 5032 663 5087 orationis
710 5047 877 5087 SelISIt
920 5033 1258 5104 intelligitur,
1293 5035 1382 5100 qui
1418 5035 1598 5088 tuli-rit
1635 5033 1720 5087 Ja-

133 5100 257 5153 cobo
287 5105 571 5158 laboranti
605 5111 908 5176 suppetias.
943 5100 1275 5173 Quinetiam
1310 5107 1351 5157 si
1383 5121 1447 5160 ex
1495 5105 1724 5159 aliorum

127 5177 410 5247 sententis
443 5179 688 5241 putanda
733 5193 820 5230 res
865 5178 955 5242 sit,
987 5177 1238 5247 proxime
1267 5176 1332 5229 ad
1363 5192 1482 5229 eam
1513 5178 1724 5244 exposi-

125 5243 315 5298 tionem
349 5248 614 5316 plerique
646 5247 919 5301 aeeedunt
959 5243 1072 5303 {et
1097 5264 1220 5302 cum
1255 5249 1444 5314 primis
1471 5247 1726 5311 Rabiriui,

126 5317 210 5387 qui
259 5319 534 5379 augt-lum
571 5321 861 5387 ipsittsmet
892 5319 1030 5374 Esau
1061 5335 1185 5374 cttm
1231 5319 1434 5374 JaColio
1471 5324 1729 5372 luctatnin

122 5385 283 5443 fuisse
337 5389 546 5466 dicunt
587 5385 696 5466 ibet
743 5392 1032 5466 Origenes,
1060 5393 1154 5466 qui
1191 5392 1286 5445 lib.
1318 5408 1371 5445 Ill
1402 5393 1521 5466 περί
1547 5398 1735 5466 Λρχῶν

121 5473 239 5512 cum
270 5463 486 5530 angelo
520 5462 737 5530 quidem
765 5461 1025 5517 .iacoltntn
1059 5463 1321 5516 luetatttnt
1356 5461 1527 5529 putat,
1563 5461 1726 5530 qui-nt

124 5536 302 5586 tamen
349 5550 468 5586 non
507 5533 880 5588 adversarium
921 5545 1181 5594 expertus
1213 5534 1312 5599 sit;
1344 5534 1443 5587 si-d
1475 5544 1730 5588 econtra-

119 5603 200 5655 rio
250 5604 580 5674 adjutoreni
635 5605 888 5659 habuerit
939 5621 1130 5660 contra
1181 5607 1509 5671 damnonent,
1557 5621 1586 5658 ιι
1628 5618 1736 5674 qtto

123 5673 434 5744 petebatur.
473 5675 611 5733 lluic
638 5677 880 5744 pressius
901 5679 1188 5732 Sententia:
1215 5677 1442 5731 inineret
1467 5677 1528 5731 S.
1551 5673 1736 5730 Pater.

185 5742 212 5785 δ
261 5747 552 5820 Victorius
581 5742 677 5816 ait,
713 5752 895 5819 vagari
928 5750 1209 5804 dat-itiones
1239 5765 1334 5820 per
1361 5750 1505 5820 hunc
1529 5761 1738 5820 aerem,

118 5814 185 5913 ad
201 5820 531 5904 Vteutandos
544 5814 996 5896 hominesﬁupra
1019 5814 1373 5899 quoque'cap.
1395 5835 1432 5878 ιι
1452 5819 1536 5879 liis
1559 5819 1741 5877 verbis

1811 3284 2040 3340 cundum
2068 3281 2236 3356 674
2266 3283 2552 3352 principem
2583 3281 2851 3354 potestatis
2882 3283 3016 3335 ueris
3041 3281 3258 3353 spiritus
3277 3321 3292 3345 ,
3322 3279 3414 3352 qui

1811 3394 1949 3432 nunc
1972 3387 2216 3450 operatur
2239 3377 2292 3429 in
2321 3373 2460 3444 filios
2483 3374 2798 3444 difﬁdentia:
2828 3371 3049 3446 (Epltcs.
3080 3389 3138 3440 tt,
3174 3373 3253 3444 Ξ).
3288 3363 3414 3429 Hac

1811 3481 1993 3528 autem
2023 3470 2268 3526 omnium
2291 3467 2318 3507 δ
2348 3469 2634 3524 ductorum
2664 3468 2854 3538 opinio
2879 3480 2984 3532 est,
3016 3466 3164 3538 quod
3193 3483 3289 3522 aer
3312 3467 3416 3523 iste

1817 3565 1908 3637 qui
1939 3565 2139 3620 t-mlutn
2173 3573 2227 3617 et
2260 3571 2460 3618 lerratn
2499 3560 2712 3618 medius
2741 3560 3014 3626 dividens,
3041 3563 3204 3617 inane
3231 3563 3420 3632 appel-

1814 3659 1978 3725 latur,
2009 3657 2202 3728 plenus
2227 3658 2296 3711 sit
2328 3656 2623 3712 contrariis
2665 3653 3096 3710 fortitudinibus.
3125 3653 3256 3710 Post
3294 3652 3416 3710 ha-c

1814 3749 2259 3819 retractandum,
2293 3765 2324 3806 a
2353 3767 2458 3823 quo
2487 3749 2829 3822 principatus
2852 3787 2868 3815 ,
2907 3758 2964 3806 et
2994 3757 3315 3821 potestates,
3362 3757 3423 3807 et

1812 3957 2015 4036 clarius
2047 3955 2218 4036 aperit
2251 3974 2263 4011 :
2294 3951 2552 4036 Princeps
2599 3955 2789 4036 quippe
2815 3954 2963 4036 aeris
2991 3953 3279 4036 etspiritus
3322 3970 3420 4036 po:

1814 4031 2035 4094 tcstatis,
2065 4031 2153 4098 qui
2192 4030 2244 4082 in
2274 4044 2392 4082 aere
2421 4029 2518 4080 ista
2545 4026 2651 4098 est,
2683 4026 2925 4098 diabolus
2947 4026 3255 4098 intelligitur
3281 4043 3302 4080 :
3327 4026 3418 4098 qui

1813 4119 1950 4156 nunc
1994 4095 2244 4170 operatur
2282 4101 2334 4152 in
2366 4099 2494 4168 ﬁliis
2537 4097 2866 4168 difﬁdentia.
2899 4095 2964 4170 In
2993 4097 3075 4150 liis
3114 4095 3286 4164 enim,
3331 4095 3422 4169 qui

1814 4169 2041 4227 Domino
2081 4173 2314 4233 credunt,
2346 4188 2450 4225 non
2481 4178 2648 4238 potest
2678 4169 2905 4230 onerari.
2941 4169 3012 4222 De
3042 4183 3153 4238 quo
3180 4181 3234 4224 et
3281 4170 3420 4224 intra

1816 4249 1890 4298 ait
1920 4263 1932 4298 :
1966 4245 2088 4299 Non
2111 4253 2182 4296 est
2216 4241 2361 4295 trabis
2399 4259 2574 4312 pugna
2605 4243 2852 4294 adversus
2873 4255 3077 4294 carnem
3119 4251 3165 4293 ct
3209 4242 3425 4314 sangui-

1817 4333 1930 4370 nem
1957 4317 2088 4382 ;se.l
2115 4315 2360 4368 adversus
2407 4315 2726 4384 principatus
2766 4322 2811 4384 et
2857 4325 3056 4376 nates-'0
3081 4327 3150 4365 es.
3182 4313 3428 4367 adversus

1779 4416 1782 4419 -
1814 4399 2034 4442 rectores
2066 4383 2640 4440 tenvbrurumistarum
2661 4425 2675 4445 ,
2720 4383 2971 4438 adurrsns
3011 4384 3310 4450 spiritualia
3339 4402 3432 4438 ne-

1815 4461 1992 4530 quitia:
2040 4461 2095 4512 in
2142 4456 2447 4512 cwlrsttbus.
2487 4455 2618 4530 Non
2661 4472 2760 4525 quo
2812 4453 3050 4508 diabolus
3089 4466 3136 4508 et
3182 4458 3432 4530 amabiles

1826 4529 1957 4604 (jus,
1989 4531 2079 4602 qui
2111 4547 2197 4596 per
2237 4529 2484 4604 mundum
2516 4529 2669 4580 istum
2695 4540 2942 4604 tagantcs
2968 4539 3178 4604 peccata
3209 4529 3434 4604 homini-

1825 4597 1918 4656 bus
1951 4597 2238 4662 insinuant,
2273 4602 2325 4652 in
2359 4600 2480 4653 (telo
2510 4598 2706 4653 vei‘sari
2733 4608 2924 4669 queant
2959 4613 2977 4652 :
3010 4599 3074 4652 de
3099 4615 3199 4666 quo
3227 4597 3289 4653 ob
3337 4618 3430 4654 sua

1826 4675 2009 4727 merita
2036 4681 2341 4727 corruerunt
2369 4687 2387 4724 :
2409 4672 2503 4723 sed
2535 4672 2715 4724 calum
2749 4671 2942 4724 dicitur
2961 4687 3051 4722 aer
3080 4671 3193 4736 iste,
3229 4673 3316 4739 qui
3348 4690 3436 4726 stt-

1827 4763 1922 4815 pt'lt
1949 4762 2043 4799 nos
2064 4755 2159 4806 est,
2183 4744 2341 4814 juata
2368 4740 2502 4795 illud
2535 4741 2825 4797 Safvatoris
2851 4739 3110 4810 eloquium
3135 4759 3154 4796 :
3181 4740 3434 4798 Conside-

1827 4826 1939 4871 rate
1969 4815 2204 4871 t-olattia
2232 4816 2368 4877 caeli,
2402 4822 2448 4866 tt
2490 4825 2696 4868 caetera.
2728 4817 2992 4880 Quamvis
3020 4826 3203 4868 autem
3234 4815 3439 4871 (lanno-

1830 4904 1927 4941 nes
1954 4889 2142 4958 aliqui,
2164 4903 2226 4939 ex
2263 4885 2478 4940 inferno
2506 4886 2571 4938 ad
2608 4887 2896 4940 lentandus
2927 4885 3174 4940 homines
3201 4890 3433 4956 egressi,

1829 4957 2122 5015 versentur
2148 4959 2199 5012 in
2235 4973 2363 5011 avre
2392 4957 2408 5025 (
2438 4959 2526 5027 qui
2559 4959 2878 5027 tenebrosus
2904 4969 2958 5010 et
2985 4958 3214 5026 caligine.
3243 4960 3436 5027 plenus

1831 5037 1896 5084 ad
1930 5031 2032 5085 hoc
2076 5031 2249 5095 ipsutn
2283 5029 2393 5084 illis
2420 5026 2698 5098 debetur),
2747 5027 2949 5082 habent
2994 5040 3174 5083 tamen
3222 5026 3432 5093 secum,

1832 5119 2172 5173 quucutuqtte
2204 5108 2568 5173 perrexerunt,
2597 5100 2793 5154 inlerni
2823 5113 3009 5166 pmnas
3041 5118 3053 5151 :
3081 5099 3279 5171 quippe
3311 5116 3433 5156 cum

1837 5175 2082 5228 infernus
2113 5173 2184 5226 ob
2215 5190 2309 5226 sua
2337 5172 2602 5226 detnerita
2635 5179 2887 5240 proprius
2929 5187 3120 5224 eortiru
3162 5175 3313 5226 locus
3335 5215 3349 5234 ,
3381 5184 3438 5228 et

1835 5261 2026 5300 career
2061 5245 2128 5299 sit
2164 5262 2177 5298 :
2211 5245 2365 5298 Sicut
2410 5255 2464 5296 et
2517 5244 2674 5296 bonis
2714 5244 2923 5311 angelis
2968 5259 3074 5296 non
3117 5241 3444 5300 ditninnitnr

1836 5318 2030 5385 gloria.
2066 5330 2356 5385 propterea
2381 5315 2524 5382 quod
2560 5313 2613 5367 iii
2647 5314 3006 5367 ministerium
3041 5325 3090 5366 et
3117 5314 3377 5370 auxilium
3409 5334 3440 5372 e

1839 5391 1980 5444 cmlo
2011 5393 2076 5441 ad
2113 5404 2210 5440 nos
2237 5389 2520 5441 initiantur
2555 5403 2567 5438 :
2601 5385 2864 5454 siquidem
2891 5386 3151 5455 scriptum
3185 5399 3264 5440 est
3291 5404 3305 5441 :
3333 5391 3444 5442 An-

1839 5459 1941 5533 gcli
1971 5474 2383 5533 corum-semper
2409 5457 2582 5511 vident
2611 5459 2798 5533 faciem
2837 5455 3016 5533 Patris
3066 5459 3192 5533 ιιιρὶ,
3244 5460 3340 5533 qui
3384 5462 3438 5533 in

1840 5527 1978 5585 ralis
2007 5543 2102 5588 est.
2136 5530 2248 5584 Iloc
2281 5527 2462 5583 autem
2494 5529 2709 5583 eveniet
2746 5544 2914 5596 usque
2939 5527 3005 5582 ad
3049 5529 3191 5582 diem
3222 5527 3439 5597 judicii.

1843 5603 1972 5658 Po~t
2013 5604 2136 5656 illutl
2171 5603 2312 5655 enim
2355 5610 2569 5671 tempus
2617 5613 2725 5653 tam
2764 5600 2893 5671 brni
2936 5599 3113 5668 angeli
3161 5617 3354 5657 omnes
3388 5607 3439 5660 in

1843 5679 2018 5743 uelo,
2065 5691 2223 5746 quam
2256 5674 2435 5728 cuncti
2492 5673 2614 5725 rnali
2663 5672 2714 5725 in
2755 5670 2974 5746 interno
3006 5676 3071 5746 _i_n
3121 5688 3440 5746 perpetuum

1845 5757 2022 5803 erunt.
2060 5742 2122 5800 Et
2154 5746 2256 5822 hoc
2289 5749 2449 5822 modo
2477 5743 2837 5822 inponendi”
2879 5751 2963 5822 est
2988 5742 3147 5798 divus
3178 5745 3445 5822 llterony.

1847 5834 1992 5890 inus,
2017 5818 2235 5895 quando
2256 5816 2383 5874 alibi
2408 5815 2510 5873 sub
2527 5814 2722 5888 judicii
2739 5813 2910 5884 diem,
2931 5813 3208 5877 dmniones
3228 5834 3295 5877 es
3318 5813 3446 5886 aere
