3962 6338
459 274 572 345 847

1775 276 1837 335 S.
1880 274 2147 335 EUSEBII
2183 274 2567 334 HIERONYMI

3650 275 3747 337 888

450 411 710 458 rectores
735 398 1084 457 tenebrarum
1112 393 1299 451 mundi
1322 438 1337 464 ,
1386 400 1446 450 et
1472 391 1772 464 spiritualia
1808 391 2062 459 ncquilizl‘
2090 395 2140 453 Α
2167 390 2367 459 veteri,
2395 407 2497 447 nec
2538 389 2591 445 in
2631 404 2780 447 novo
2805 389 3189 460 Testamento,
3221 388 3676 470 κοσμοκράτορας,
3698 391 3747 450 id

464 496 519 551 in
548 493 886 558 coelestibus,
921 503 975 547 ut
1001 492 1106 547 hoc
1127 491 1261 557 sint,
1286 487 1600 558 acceperint
1627 494 1969 554 l‘olestatem.
2000 484 2069 539 Et

464 588 683 657 quiiIi-m
717 586 865 640 tlit'at
893 585 1056 651 aliu-,
1098 590 1406 653 apostatatn
1436 578 1711 634 diabolum
1744 577 1901 631 satcll
1928 576 2070 630 tibus

467 679 584 735 suis
608 678 825 733 diversa
860 676 1041 731 olﬁcia
1069 673 1415 731 commisisse
1433 716 1449 743 ,
1493 683 1548 727 et
1587 685 1696 726 non
1722 684 1844 726 esse
1873 669 2066 723 barum

465 768 916 826 distributionum
953 775 1235 823 auctorem
1269 766 1459 820 Iienm.
1491 760 1593 819 Cui
1623 770 1803 835 potest
1828 759 1960 817 illud
1988 759 2067 815 di-

463 859 641 933 ligens
667 859 841 917 lector
869 874 1180 929 opponere,
1227 868 1285 913 et
1324 854 1599 927 quomodo
1639 854 1909 926 scriptum
1937 863 2021 909 est
2051 872 2064 906 :

467 953 592 1011 Non
635 965 709 1010 est
736 956 876 1011 enim
908 964 1168 1025 potestas,
1211 953 1311 1006 nisi
1341 969 1369 1003 a
1400 948 1509 1005 Deo
1553 950 1570 1021 (
1598 948 1757 1005 Rom.
1802 963 1921 1017 xm,
1957 952 1978 1003 l
2008 946 2067 1019 )?

463 1048 618 1119 Quod
648 1049 693 1104 si
716 1048 786 1104 de
814 1047 1126 1104 hominibus
1150 1045 1373 1113 dicitur,
1414 1052 1619 1116 quanto
1660 1044 1834 1115 magis
1867 1042 1939 1097 tle
1985 1041 2068 1095 bis

462 1144 554 1216 qui
581 1157 711 1201 sunt
739 1143 1045 1199 subtilioris
1075 1140 1428 1211 meliorisque
1454 1136 1709 1194 naturae?
1738 1136 1853 1192 Nec
1880 1137 2066 1192 statim

464 1240 557 1310 qui
586 1239 687 1294 hoc
718 1238 941 1304 sentiat,
966 1235 1326 1308 blasphemiae
1350 1250 1471 1290 eum
1500 1232 1709 1289 ctitneu
1736 1233 2020 1288 incurrere
2044 1247 2064 1283 ς

462 1331 591 1404 quia
607 1331 983 1403 unusquisque
1009 1332 1161 1402 juxta
1193 1346 1347 1385 suam
1369 1326 1704 1383 voluntatem
1734 1324 1948 1380 diversa
1969 1323 2069 1378 mi-

471 1426 700 1482 nisteria
732 1425 958 1481 sortitus
984 1425 1075 1479 sit.
1106 1421 1392 1492 Quomodo
1426 1421 1569 1477 enim
1617 1420 1670 1475 in
1713 1418 1939 1475 urbibus
1970 1434 2068 1472 eos

470 1519 565 1592 qui
594 1518 803 1591 aliquid
850 1519 1179 1573 commisere
1206 1515 1394 1585 ﬂagitii
1418 1555 1431 1578 ,
1465 1512 1716 1569 videmus
1739 1511 1824 1567 vel
1865 1510 2069 1566 bestias

464 1602 643 1680 alere,
676 1611 761 1667 vel
792 1625 987 1669 secare
1016 1623 1324 1675 marmora,
1359 1607 1447 1662 vel
1477 1606 1739 1661 mundare
1778 1603 2070 1674 spurcitias

462 1705 779 1764 cloacarum
804 1749 821 1776 ,
851 1703 935 1760 vel
974 1716 1213 1773 prmesse
1252 1699 1681 1772 gladiatoribus,
1709 1707 1764 1753 et
1793 1694 2070 1753 fundendo

465 1804 687 1858 reorum
718 1799 968 1871 sanguini
998 1796 1264 1853 destinari
1300 1812 1315 1849 :
1348 1795 1422 1850 ita
1457 1803 1514 1849 et
1543 1794 1823 1849 daenmnes
1849 1807 1917 1847 ex
1942 1805 2066 1863 pro-
2107 1788 2149 1848 Β

467 1897 573 1970 prii
602 1894 818 1952 arbitrii
857 1892 1146 1957 libertate,
1182 1886 1538 1955 insidiarum,
1570 1887 1846 1955 fraudum,
1892 1886 2072 1942 scele-

468 2010 615 2062 rum,
649 2004 813 2063 atque
861 1990 1125 2063 perjurii,
1160 2002 1214 2045 et
1256 1988 1527 2056 reliquam
1556 1985 1815 2040 vitiorum
1859 1983 2073 2052 provin-

467 2091 608 2147 ciam
632 2104 755 2145 esse
783 2088 1031 2153 sortitos,
1063 2094 1120 2140 ut
1143 2086 1252 2139 sint
1278 2091 1523 2138 rectores
1554 2077 1924 2144 tenebrarum,
1948 2075 2071 2147 quia

471 2166 596 2239 esse
648 2182 785 2237 lucis
837 2177 1108 2252 principes
1168 2178 1483 2232 noluerunt.
1538 2173 1602 2228 Hi
1644 2187 1777 2243 ergo
1832 2176 2075 2225 rectores

473 2274 662 2333 mundi
695 2285 856 2345 atque
905 2271 1290 2335 tenebrarum,
1334 2283 1459 2323 cum
1506 2267 1798 2320 adversum
1836 2262 2074 2333 aliquem

470 2367 832 2425 colluctantes
874 2362 1347 2434 supplantaverint
1392 2376 1539 2425 cum,
1580 2357 1920 2426 fecerimque
1951 2369 2075 2410 eor-

473 2446 659 2527 riterr,
692 2459 875 2516 statim
910 2458 1061 2513 illiilli
1094 2471 1193 2512 suo
1224 2454 1430 2512 mundo
1462 2463 1517 2509 et
1544 2453 1660 2508 suis
1690 2450 1931 2507 tenebris
1960 2449 2080 2520 qui-

474 2552 578 2612 bus
604 2550 1003 2625 principantur,
1023 2558 1347 2605 annectunt.
1362 2546 1444 2603 0b
1462 2561 1623 2617 quam
1642 2559 1860 2600 causam
1885 2542 2079 2598 fortius

476 2645 873 2710 laborandum,
902 2655 962 2700 ut
986 2645 1078 2716 qui
1106 2645 1277 2698 semel
1306 2639 1613 2695 audivimus
1644 2654 1661 2694 :
1692 2634 1807 2708 Ego
1833 2635 1964 2708 elegi
1993 2651 2081 2688 vos

476 2744 538 2799 de
563 2743 668 2798 isto
698 2741 894 2797 mundo
924 2755 943 2795 :
963 2741 1083 2813 jam
1110 2754 1215 2791 non
1237 2735 1360 2790 estis
1402 2733 1568 2807 675
1609 2732 1673 2787 de
1710 2733 1817 2795 isto
1836 2730 2032 2785 mundo
2063 2745 2081 2784 :

478 2839 525 2893 si
556 2838 691 2894 enim
722 2835 901 2892 essetis
943 2834 1009 2889 de
1037 2832 1263 2898 mundo,
1292 2832 1520 2884 mundus
1562 2827 1703 2898 quod
1734 2842 1888 2881 suum
1926 2835 2079 2891 esset,

480 2940 681 2989 amaret
711 2928 895 3005 (Joan.
924 2942 1027 2996 xv,
1061 2925 1179 2996 19),
1210 2940 1319 2980 non
1361 2923 1648 2979 redeamus
1678 2920 1744 2975 ad
1779 2919 2037 2974 mundum
2066 2960 2079 2986 ,

486 3038 589 3087 nec
614 3021 970 3092 subjiciamur
993 3017 1043 3074 ei
1078 3033 1093 3071 :
1123 3016 1220 3072 sed
1251 3014 1605 3083 cruciﬁgatur
1636 3010 1794 3068 nobis
1824 3010 2081 3079 mundus,

486 3127 544 3175 et
573 3132 673 3172 nos
706 3117 781 3186 ei,
812 3126 867 3171 ut
892 3098 1077 3170 rector
1104 3110 1269 3176 locis,
1294 3107 1452 3165 Jesus
1495 3106 1715 3179 proprio
1744 3104 1944 3161 mundo
1983 3120 2083 3159 nos

2172 497 2255 539 est
2282 484 2469 539 mundi
2494 494 2741 549 rectores,
2763 500 3017 554 umquam
3035 484 3326 553 lt‘gl'rlﬂlll“
3353 505 3365 540 :
3391 484 3534 556 quod
3567 499 3749 541 nomen

2167 576 2376 634 idcirco
2407 577 2610 633 Paulus
2635 578 2919 646 apostolus
2962 578 3112 633 ﬁnxit
3143 594 3157 631 :
3191 579 3315 647 quia
3347 592 3567 633 teceSse
3596 577 3749 634 liabe-

2169 673 2261 728 bat
2288 674 2354 726 ad
2385 672 2660 742 Ephesios
2691 671 3004 743 disputans,
3035 673 3198 728 rebus
3229 672 3386 727 novis
3424 683 3478 727 et
3519 670 3753 728 invisibi-

2169 766 2313 820 li'nus
2361 781 2498 820 nova
2552 764 2772 820 nomina
2814 773 3091 835 coaptare.
3144 764 3337 820 Adhuc
3393 777 3624 835 prapter
3663 764 3756 820 lioc

2169 860 2313 930 quod
2352 862 2435 915 ait
2471 859 2525 913 in
2556 857 2877 927 ctelestibus,
2919 858 3044 928 quia
3073 858 3289 913 videtur
3320 856 3656 927 ambiguum,
3681 855 3758 910 di-

2167 955 2428 1021 cendum,
2460 954 2743 1010 subaudiri
2771 968 2935 1024 posse
2963 954 3100 1009 illud
3132 954 3199 1008 ad
3223 954 3425 1020 omnia,
3455 959 3515 1007 ut
3542 952 3616 1007 sit
3647 967 3759 1007 sen-

2169 1063 2265 1104 sus
2298 1066 2313 1103 :
2342 1047 2459 1103 Non
2497 1056 2585 1103 est
2610 1048 2770 1103 nobis
2816 1048 3131 1103 colluctatio
3172 1048 3433 1103 adversus
3472 1056 3758 1118 potestates

2170 1139 2225 1195 in
2270 1140 2625 1205 emlestibus,
2656 1152 2712 1195 et
2764 1150 3011 1196 rectores
3049 1144 3394 1196 tenebrarum
3444 1141 3671 1197 istarum
3713 1141 3758 1195 in

2170 1234 2514 1303 cmlestibns,
2543 1245 2600 1289 ct
2625 1235 2928 1304 spiritualia
2959 1235 3209 1305 nequitia:
3251 1237 3305 1290 in
3348 1234 3689 1300 cmlesﬁbus;
3714 1243 3763 1290 et

2172 1340 2196 1369 ο
2240 1347 2347 1387 non
2378 1339 2614 1397 tantum,
2638 1332 2908 1385 adversm
2934 1328 3235 1403 spiritualia
3264 1329 3509 1400 nequitia
3541 1330 3600 1385 in
3629 1329 3763 1385 cale-

2173 1425 2361 1481 slibus.
2395 1424 2629 1480 Maxime
2654 1424 2700 1478 si
2729 1424 3087 1494 intelligimus
3118 1427 3194 1494 (ut
3219 1425 3331 1493 iam
3362 1439 3524 1494 supra
3556 1424 3766 1495 exposi-

2177 1532 2288 1574 tum
2332 1528 2437 1584 est)
2468 1518 2747 1585 quomodo
2777 1518 3020 1573 ctelestia
3054 1519 3405 1573 nominentur
3430 1527 3659 1589 propter
3683 1534 3764 1572 vo-

2176 1613 2354 1667 lucres
2384 1611 2533 1673 creti.
2561 1621 2616 1667 et
2655 1612 2801 1682 quod
2846 1613 2899 1667 in
2931 1628 3031 1667 usu
3067 1614 3287 1675 dicitur,
3321 1613 3559 1683 pluviam
3592 1612 3765 1669 venire

2173 1707 2243 1761 tle
2265 1708 2406 1762 coelo
2435 1725 2448 1761 :
2479 1724 2586 1761 non
2637 1723 2748 1777 quo
2782 1706 2967 1774 pluvia
2989 1723 3021 1762 e
3045 1708 3190 1762 etelo
3214 1709 3417 1763 veniat.
3458 1705 3767 1773 Pliilostiphi

2177 1803 2376 1871 quippe
2405 1803 2589 1867 aiunt,
2635 1817 2742 1856 non
2770 1800 3028 1874 amplius,
3074 1816 3236 1868 quam
3279 1801 3492 1858 duobus
3533 1801 3767 1858 millibus

2176 1912 2435 1968 passuum
2466 1913 2496 1952 a
2527 1907 2673 1952 terra
2700 1897 2914 1952 distare
2936 1897 3131 1963 nubes,
3161 1912 3225 1952 ex
3256 1896 3452 1967 quibus
3483 1895 3768 1953 fundantur

2176 1991 2404 2062 pluvia,
2434 2001 2485 2046 et
2516 1990 2691 2046 imber
2719 1991 2937 2046 irroret.
2979 1990 3143 2047 Juxta
3186 2005 3346 2061 quem
3377 2006 3604 2048 sensum
3637 1997 3769 2045 eata-

2176 2094 2343 2140 ractae
2369 2098 2588 2155 quoque
2625 2084 2751 2139 (τωΙὶ
2780 2084 2834 2138 in
2878 2084 3085 2139 diltn‘tio
3114 2093 3317 2154 apertae
3341 2099 3467 2140 esse
3509 2083 3769 2140 feruntur.

2181 2177 2567 2232 Verumtamen
2601 2186 2807 2247 quanto
2827 2176 2951 2247 quis
2976 2177 3135 2248 pejor
3161 2174 3344 2244 fuerit,
3374 2184 3528 2231 tanto
3549 2174 3769 2232 vicinior

2176 2273 2283 2328 erit
2317 2282 2478 2327 terra:
2508 2271 2641 2327 locis
2662 2317 2677 2341 ,
2710 2281 2766 2326 et
2807 2270 3083 2341 pinguiori
3113 2269 3452 2325 substantiae.
3495 2266 3769 2338 Siquidem

2179 2378 2236 2422 et
2268 2379 2431 2431 terra,
2459 2374 2514 2419 et
2538 2364 2909 2421 circumdatus
2940 2365 3098 2419 nobis
3120 2362 3289 2436 876
3308 2378 3404 2419 aer
3430 2361 3640 2419 habent
3666 2363 3771 2432 pin-

2179 2458 2470 2529 guedinem
2501 2473 2653 2512 suam
2683 2475 2696 2512 :
2719 2458 2885 2511 Aiunt
2906 2458 3121 2524 quidam
3146 2465 3202 2509 et
3222 2458 3431 2509 animas
3453 2455 3770 2526 corporibus

2181 2552 2442 2607 libi-ratas
2467 2591 2483 2617 ,
2529 2552 2574 2606 si
2602 2560 2898 2605 attenuata!
2937 2550 3137 2606 iuerint
3181 2550 3233 2605 in
3263 2549 3524 2621 prmsenti
3554 2550 3697 2611 vita,
3724 2558 3774 2604 et

2180 2646 2330 2713 lima,
2366 2655 2427 2700 ut
2454 2645 2523 2699 ita
2551 2644 2751 2708 dicam,
2776 2646 3047 2706 ἀσκήσεως
3069 2654 3232 2714 atque
3250 2645 3535 2709 virtutum,
3570 2643 3628 2698 in
3659 2644 3773 2699 sul:-

2185 2739 2276 2797 Iile
2302 2753 2502 2810 corpus
2531 2741 2732 2793 attrita:
2753 2780 2768 2803 ,
2803 2753 2909 2793 non
2940 2736 3277 2793 babitaluras
3303 2736 3356 2791 in
3408 2736 3773 2808 pinguioribus

2184 2834 2321 2891 locis
2351 2851 2365 2887 :
2398 2832 2495 2889 sed
2524 2834 2656 2896 Deo.
2688 2834 2778 2899 qui
2803 2832 3166 2903 incorporeus
3186 2843 3292 2897 est,
3327 2833 3533 2888 vicinas
3564 2829 3699 2887 fore.
3723 2829 3773 2889 Si

2185 2946 2316 2986 vero
2340 2929 2479 2984 tales
2502 2926 2728 2995 fuerint,
2755 2928 2826 2982 de
2856 2927 3058 2997 quibus
3088 2926 3194 2982 dici
3221 2928 3393 2999 possit
3419 2943 3435 2992 ;
3468 2924 3602 2981 Filii
3624 2925 3776 2981 Itami-

2185 3039 2333 3089 num,
2364 3037 2626 3093 usqttequo
2662 3023 2829 3091 gravi,
2863 3020 2981 3075 sive
3023 3020 3205 3091 pingui
3243 3018 3400 3075 corde
3427 3017 3546 3090 (Ps.
3570 3035 3650 3090 ιν,
3677 3018 3773 3089 5),

2188 3113 2493 3171 secundum
2521 3111 2905 3167 crassitudinis
2951 3125 3064 3166 sua:
3100 3109 3314 3181 pondus
3357 3110 3423 3163 ad
3452 3110 3640 3164 inﬁma
3687 3110 3774 3163 de-

486 3198 730 3281 copulet,
760 3184 816 3263 et
839 3205 944 3262 sub
972 3203 1154 3261 Patris
1174 3217 1295 3258 esse
1340 3198 1979 3264 faciatduiune,erutos
2017 3198 2085 3252 de
2113 3184 2155 3247 C
2192 3208 2371 3271 nam,
2395 3214 2454 3262 ει
2492 3205 2823 3276 pinguedine
2860 3204 3213 3275 ρηρκιιτινπί,
3259 3202 3391 3259 post
3423 3202 3529 3258 hoc
3572 3199 3779 3258 aliqua

489 3300 792 3378 spiritualis
813 3300 1073 3374 nequitia:
1095 3306 1385 3368 potestate,
1402 3308 1455 3352 et
1479 3297 1549 3352 tle
1570 3297 1710 3352 ocelli
1722 3311 1913 3351 eorum
1939 3294 2086 3366 quod

491 3396 846 3455 transiturum
880 3404 983 3463 est,
1017 3407 1117 3449 nec
1148 3392 1243 3447 Dei
1271 3390 1433 3447 sedes
1459 3387 1721 3462 appellari
1755 3397 1956 3458 potest.
1985 3387 2090 3443 ltu-

489 3489 637 3563 pium
660 3488 860 3560 quippe
879 3495 985 3551 est,
1001 3483 1379 3555 utspiritualia
1404 3480 1656 3552 nequitia:
1677 3478 1728 3534 in
1748 3478 2088 3543 ctelestibus,

491 3600 618 3640 cum
648 3581 845 3639 ctelum
874 3591 1061 3638 tenere
1081 3578 1394 3645 credantur,
1414 3576 1483 3632 de
1511 3590 1619 3646 quo
1647 3575 1889 3647 loquitur
1916 3577 2093 3631 Deus:

498 3678 698 3733 Catum
721 3673 847 3730 mihi
871 3673 1086 3729 thronus
1113 3682 1186 3728 est
1212 3671 1371 3746 (Isui.
1398 3688 1542 3740 LXVI,
1574 3674 1648 3744 l).
1669 3670 1857 3744 Itaque
1894 3673 1986 3744 qui
2011 3673 2093 3727 in-

497 3766 691 3846 lélligit
717 3781 920 3841 quanta
950 3774 1001 3827 in
1032 3771 1137 3825 isto
1184 3769 1409 3836 mundo,
1441 3767 1598 3824 nobis
1626 3777 1676 3822 cl
1715 3767 2090 3837 praesentibus,

495 3880 551 3928 et
581 3869 898 3927 absentibus
945 3867 1073 3923 ﬁant
1106 3884 1120 3920 :
1154 3866 1279 3920 dum
1317 3880 1380 3921 ea
1409 3864 1595 3919 videre
1626 3878 1735 3918 non
1774 3877 2089 3933 possumus,

498 3968 614 4022 sive
664 3974 891 4033 propter
916 3976 1114 4031 corpus
1154 3957 1480 4014 humilitatis
1527 3965 1726 4011 no.~tra:
1767 3956 1871 4011 hoc
1905 3954 2095 4026 fragile

498 4068 663 4131 atque
692 4066 1118 4126 terrenum,quo
1145 4055 1324 4108 anima
1349 4054 1663 4120 involvitur,
1685 4053 1801 4108 sive
1830 4052 1955 4123 quia
1979 4066 2099 4107 car-

501 4152 713 4209 nalibus
741 4150 922 4206 oculis
943 4148 1197 4205 subtilior
1224 4159 1417 4203 natura
1452 4162 1555 4200 non
1587 4146 1840 4215 panditur
1871 4164 1883 4202 :
1917 4143 2007 4202 hic
2023 4148 2098 4200 vi-

500 4247 654 4304 debit
675 4263 793 4319 qua:
823 4246 935 4300 sint
957 4243 1198 4301 tenebrae
1227 4259 1346 4315 qua:
1376 4242 1442 4296 ab
1467 4242 1727 4312 Apostolo
1749 4255 1893 4297 nunc
1912 4240 2100 4297 dican-

502 4349 594 4398 tur
625 4358 639 4397 ε
668 4338 813 4413 quod
845 4337 1054 4394 scilicet
1081 4345 1175 4392 aut
1200 4345 1309 4392 tota
1334 4334 1440 4390 vita
1464 4333 1564 4389 ista
1589 4331 1827 4400 terrena,
1859 4335 2100 4390 tenebrte

503 4440 892 4503 nuncupentur
920 4431 1035 4502 (lux
1069 4429 1267 4499 quippe
1299 4427 1445 4483 lucet
1487 4425 1540 4481 in
1569 4426 1829 4491 tenebris,
1862 4437 1916 4481 et
1945 4437 2099 4480 teuc-

506 4528 621 4583 brte
661 4540 781 4581 eam
830 4538 940 4578 non
986 4522 1523 4592 comprehenderunt
1554 4516 1761 4593 (Joan.
1789 4534 1834 4584 ι,
1869 4519 1960 4589 5),
2005 4527 2097 4573 aut

505 4619 702 4673 anima:
730 4612 915 4671 lumen
943 4622 998 4667 et
1023 4627 1236 4678 sensus,
1271 4622 1544 4668 terrenum
1577 4627 1797 4680 corpus,
1820 4622 1875 4664 et
1898 4624 2096 4680 corpus

509 4709 728 4777 mortis,
758 4715 816 4763 et
841 4706 1159 4762 humilitatis
1185 4706 1493 4775 obumbret,
1524 4705 1735 4775 operiat
1756 4715 1810 4760 et
1835 4705 2092 4760 alica-cet.

500 4805 747 4863 Sciamus
775 4808 959 4858 autem
981 4799 1149 4872 quod,
1183 4809 1419 4871 excepto
1446 4799 1700 4872 praesenti
1731 4802 1869 4867 loco,
1902 4817 2002 4857 nec
2044 4802 2097 4856 in

503 5030 560 5084 in
583 5025 856 5101 infernum
893 5024 981 5096 (ad
1010 5034 1326 5101 perpetuam
1368 5026 1572 5083 scilicet
1607 5026 1972 5101 mansionem)
2006 5029 2100 5085 de-

502 5100 808 5157 trutleodos
854 5099 1051 5171 ttsSerit
1081 5117 1092 5151 :
1128 5098 1272 5154 sicut
1307 5100 1631 5165 verissime,
1677 5098 2101 5171 doctissimeque

509 5174 612 5228 hoc
644 5173 817 5244 ipsum
859 5170 910 5225 in
948 5172 1245 5239 AugnStiuo
1278 5173 1669 5244 illlCl‘pt‘t'ltlllll‘
1694 5173 1980 5244 catholica:
2003 5170 2097 5228 vc-

507 5244 691 5300 ritalis
723 5252 993 5313 assa-ton
1027 5252 1081 5295 i-t
1107 5243 1429 5297 orlltt.d0xa-
1471 5244 1596 5297 lidei
1638 5243 1944 5299 acerrimus
1978 5261 2102 5313 pro-

545 5322 791 5387 uguator_
818 5312 1241 5387 divus'li‘liomas
1274 5314 1327 5387 in
1363 5315 1533 5379 mima
1579 5323 1733 5382 parte
1770 5312 2007 5371 Summa:
2038 5333 2094 5387 q.

548 5383 609 5456 at,
626 5395 733 5443 art.
765 5383 823 5451 ι,
851 5397 909 5443 et
945 5386 1075 5441 alibi
1105 5387 1291 5442 multis
1321 5386 1372 5439 in
1398 5388 1533 5441 locis
1560 5403 1574 5441 :
1601 5397 1799 5455 praeter
1835 5388 1980 5455 quod
2011 5383 2095 5442 re-

503 5474 721 5530 ceptum
752 5474 922 5530 penes
955 5460 1025 5512 ιΙιο
1049 5459 1241 5527 olog-is
1266 5467 1392 5530 est,
1428 5472 1600 5523 usque
1635 5457 1700 5509 ad
1735 5456 1881 5530 illum
1923 5458 2091 5525 diem,

506 5529 945 5605 pmtiatn,quam
976 5529 1370 5605 occidentalem
1404 5536 1629 5591 vocant,
1655 5529 1724 5605 ob
1765 5529 1904 5582 mala
1926 5571 1941 5592 ,
1974 5547 2095 5599 qua:

501 5599 751 5672 quotidie
774 5599 1091 5671 operantur,
1118 5601 1459 5655 tltentonibus
1484 5599 1719 5672 augeri;
1755 5610 1811 5655 ut
1833 5607 1966 5655 satis
1997 5604 2043 5654 lit
2067 5617 2099 5658 c

503 5670 681 5743 ipsum
715 5684 968 5744 constare
1007 5682 1192 5741 potest
1221 5687 1286 5726 ex
1318 5670 1610 5744 eodent‘D.
1655 5670 1696 5725 Τ
1703 5672 1859 5744 ltntna
1882 5714 1896 5736 ,
1929 5688 2098 5744 super

504 5740 757 5817 quartum
804 5740 1451 5799 librum’b‘ententiarum
1493 5740 1624 5817 dist.
1675 5742 1746 5817 £70
1785 5758 1839 5817 et
1870 5740 2095 5802 aliisin

506 5808 668 5877 locis.
692 5808 848 5874 Hunc
882 5822 1071 5871 autem
1116 5819 1453 5891 praecipuum
1493 5812 1763 5875 Ecclesiae
1791 5816 2098 5891 doctorem,

2192 3302 2396 3372 pariter
2433 3298 2851 3364 disserendum,
2885 3313 2953 3353 an
2998 3300 3098 3352 bac
3126 3304 3274 3352 terra
3323 3307 3379 3351 et
3417 3309 3547 3351 aere
3594 3294 3779 3366 aliquis

2194 3392 2445 3465 pinguior
2474 3393 2629 3448 locus
2657 3393 2763 3459 sit,
2808 3392 2903 3463 qui
2928 3407 2958 3446 ιι
2990 3389 3263 3462 plerisque
3290 3389 3597 3459 appellatur
3623 3385 3781 3444 luter-

2192 3503 2331 3555 nus,
2374 3486 2426 3542 in
2468 3502 2576 3559 quo
2614 3487 2665 3539 lii
2716 3488 2805 3554 qui
2834 3486 3090 3540 dicuntur
3128 3482 3320 3543 inferi.
3356 3491 3779 3539 commoremur.

2192 3582 2425 3650 Quinam
2451 3596 2585 3637 vero
2612 3580 2703 3636 isti
2725 3582 2853 3639 sint.
2885 3589 2941 3635 et
2961 3594 3124 3648 quam
3154 3578 3239 3633 vel
3272 3575 3679 3649 cognationem.
3704 3573 3783 3631 vel

2193 3678 2573 3733 diversitatem
2608 3673 2949 3737 liabeant,ad
2972 3688 3067 3729 eos
3091 3675 3179 3743 qui
3200 3673 3505 3741 spiritualia
3534 3671 3782 3744 nequitia:

2195 3773 2248 3826 in
2269 3771 2590 3827 cmlestibus
2612 3771 2981 3841 appellantur,
3002 3786 3108 3825 non
3125 3781 3210 3825 est
3234 3769 3520 3837 pra~sentis
3535 3765 3785 3838 temporis

2194 3864 2493 3936 disputare.
2512 3864 2804 3934 Reliquum
2833 3872 3007 3931 cst,nt
3027 3863 3154 3934 quid
3184 3865 3325 3920 inter
3348 3862 3781 3919 colluctationem

2194 3959 2377 4016 Carnis
2404 3969 2461 4015 et
2486 3958 2790 4030 sanguinis,
2818 3971 2867 4014 et
2895 3959 3038 4013 inter
3079 3969 3323 4014 rectores
3352 3959 3698 4014 tenebrarum
3721 3956 3787 4010 is-

2198 4061 2398 4119 tarum,
2422 4051 2792 4122 etspiritualia
2819 4052 3069 4123 nequitia:
3087 4052 3137 4105 in
3162 4050 3482 4107 caelestibus
3495 4050 3785 4114 sit,induo-

2197 4145 2297 4201 bus
2311 4145 2452 4216 apud
2474 4144 2791 4215 Apostolutn
2824 4141 3159 4199 ntztttichIius
3177 4143 3452 4198 discamus
3464 4140 3784 4214 agminibus.

2198 4239 2429 4306 Quando
2456 4238 2599 4293 enim
2622 4238 2735 4291 vult
2759 4237 3025 4291 humanas
3054 4234 3405 4303 tentationcs,
3436 4238 3541 4291 hoc
3565 4244 3671 4299 est,
3694 4232 3789 4288 eol-

2198 4335 2548 4390 luctatiouetn
2574 4334 2764 4388 Carnis
2796 4342 2848 4385 et
2872 4331 3155 4402 sanguinis
3184 4332 3454 4397 indicare,
3489 4328 3789 4401 despicirns

2200 4444 2293 4482 eas
2320 4437 2483 4499 atque
2511 4436 2870 4481 centctnncns
2895 4426 3170 4494 loquitur:
3197 4424 3327 4488 Quis
3358 4441 3455 4479 nos
3480 4422 3736 4493 separabit
3759 4438 3790 4473 a

2201 4524 2457 4578 citarimte
2494 4520 2592 4577 Dei
2617 4536 2635 4576 :
2661 4521 2954 4587 tribulatio,
2988 4535 3056 4573 an
3092 4519 3327 4590 angustia
3347 4562 3361 4585 ,
3391 4535 3459 4572 an
3488 4518 3787 4588 persecutia,

2200 4633 2270 4671 an
2306 4616 2469 4682 fames
2495 4622 2541 4668 et
2567 4613 2775 4667 auditas
2795 4653 2810 4677 ,
2851 4622 2902 4667 et
2934 4610 3242 4683 periculum,
3272 4620 3321 4666 et
3356 4611 3609 4682 gladius?
3636 4608 3789 4665 Jux'a

2203 4708 2343 4784 quod
2367 4708 2616 4783 scriptum
2643 4716 2715 4762 est
2746 4705 2867 4779 (Ps.
2899 4722 3053 4775 ιιιιιι,
3083 4705 3177 4776 22)
3204 4727 3215 4758 :
3246 4704 3474 4775 Propter
3504 4718 3552 4763 te
3577 4703 3794 4774 mortiﬁ-

2207 4819 2389 4859 camur
2408 4811 2517 4857 tota
2539 4803 2642 4870 die,
2667 4802 2894 4875 reputati
2920 4818 3099 4857 sumus
3132 4808 3188 4856 ut
3212 4817 3331 4856 oves
3354 4800 3651 4857 occisionis.
3693 4798 3794 4855 Sed

2204 5030 2286 5087 Pii
2312 5031 2352 5086 ν
2378 5031 2656 5101 pontiﬁcis
2685 5042 2802 5103 opt.
2837 5049 2984 5089 max.
3021 5034 3299 5101 mandato,
3332 5034 3613 5089 illustriss.
3647 5029 3790 5087 card.

2203 5103 2525 5159 Vincentius
2556 5103 2925 5172 Justinianus,
2971 5107 3078 5159 tltvi
3127 5105 3389 5161 Dominici
3434 5104 3649 5159 ordinis
3691 5104 3795 5172 pri-

2204 5190 2342 5236 mas'.
2374 5184 2430 5231 ιιι
2455 5178 2865 5232 eruditissimus
2890 5178 3071 5242 simul,
3102 5193 3165 5231 ac
3195 5190 3492 5244 numquam
3523 5178 3661 5230 satis
3687 5180 3795 5225 lau-

2202 5247 2365 5302 dalus
2399 5247 2458 5302 F.
2493 5248 2733 5304 'l‘liotnas
2776 5250 3094 5317 Mat-riquvs,
3127 5254 3265 5302 sacri
3304 5247 3496 5301 Palatii
3542 5246 3795 5315 magister

2202 5319 2338 5391 (qui
2384 5322 2435 5373 in
2468 5319 2809 5375 restituendo
2838 5321 3170 5390 Hieronymo
3204 5320 3412 5391 piitnus
3444 5333 3533 5391 tne
3556 5318 3792 5391 impulit,

2202 5387 2257 5453 et
2280 5404 2427 5458 saepe
2459 5395 2645 5459 aperis
2679 5395 2923 5459 pondere
2953 5387 3291 5447 ΐςιιίὲρριιιὲιιι
3333 5390 3667 5453 sublevavit,
3688 5387 3797 5443 aui-

2207 5464 2531 5533 movitque),
2565 5464 2716 5518 omni
2745 5481 2811 5518 ex
2842 5474 2999 5533 parte
3021 5463 3552 5530 emendatissimum,
3590 5463 3793 5531 integre

2205 5532 2394 5606 Romae
2444 5538 2813 5605 impressum,
2849 5532 3059 5606 inagna
3105 5535 3501 5606 catholicorum
3551 5534 3795 5588 omnium

2209 5605 2481 5678 utilitate,
2510 5622 2683 5678 nuper
2710 5606 2912 5662 Christi
2955 5608 3219 5678 Ecclesiae
3238 5605 3613 5661 reddiderunt.

2278 5675 2299 5697 "
2330 5679 2467 5745 Quae
2500 5674 2913 5746 subsequuntur
2946 5678 3112 5733 verba
3149 5696 3162 5735 :
3194 5677 3264 5731 Et
3308 5693 3409 5731 nan
3450 5686 3681 5743 tantum,
3707 5674 3798 5730 ad-

2202 5764 2401 5830 versum
2447 5750 2746 5830 spiritantia
2796 5751 3038 5822 nequitia
3088 5751 3141 5805 itt
3192 5747 3520 5820 ccelestibus,
3566 5748 3626 5808 in
3655 5746 3794 5811 γιοι.

2204 5821 2450 5880 editione
2469 5822 2689 5883 desunt.
