3962 6338
222 337 305 396 519

635 331 1288 394 COMMENTARIORUM
1326 332 1395 393 IN
1436 334 1828 395 EPISTULAM
1866 337 1960 394 AD
2002 338 2340 401 EPIIESIOS
2379 342 2512 401 LIB.
2552 341 2645 404 Ill.
2683 343 2841 405 CAP.
2886 345 2974 405 Vl.

3350 354 3460 417 550

216 458 257 511 in
278 457 342 511 bis
359 453 577 510 omnibus
602 471 938 527 superamus,
958 466 1169 529 propter
1188 473 1302 512 eum
1324 460 1415 529 qni
1452 457 1633 513 dilexit
1657 475 1748 513 nos
1781 466 1817 519 .\
1852 469 1911 512 tri
1933 476 1984 513 m
2009 462 2165 530 pedes
2198 481 2337 519 meos
2364 464 2539 536 (Psnl.
2585 485 2780 538 xxxrv,
2811 470 2889 542 ει).
2943 469 3123 527 Tertia
3164 488 3381 545 quoque
3425 491 3454 531 a

214 548 354 621 (liam.
383 563 483 614 vui,
508 546 600 615 35,
629 548 746 618 56).
768 547 999 617 Quando
1025 565 1151 604 vero
1183 549 1381 605 docere
1412 565 1509 604 nos
1542 554 1649 605 vult
1683 553 1749 606 de

210 641 489 699 adversariis
517 644 907 712 potestatibus,
938 652 992 698 et
1032 645 1338 698 rectoribus
1366 645 1745 708 tenebrarum,

208 747 252 794 et
269 734 610 806 spiritualibus
638 737 901 807 nequitiae
925 739 974 792 iu
1003 738 1337 805 cant-suibus,
1362 740 1430 796 ab
1457 741 1566 794 alio
1595 740 1748 811 quasi

207 830 350 899 capite
385 831 542 885 sumit
572 831 898 896 exordium,
941 844 997 888 et
1024 832 1154 888 dit-it
1186 852 1198 889 :
1236 833 1420 889 Certus
1447 852 1561 889 sunt
1587 836 1744 902 enim,

204 925 455 994 quinneque
474 939 634 990 mors,
662 940 825 995 neque
852 925 976 992 vita,
1008 942 1171 997 neque
1194 928 1389 1001 angeli,
1419 944 1580 996 neque
1605 928 1753 999 prin-

203 1014 387 1086 cipattts,
414 1030 572 1084 neque
599 1019 899 1087 prtesentia,
943 1035 1107 1090 neque
1142 1024 1357 1092 futura,
1405 1037 1566 1094 neque
1593 1023 1747 1091 forti-

202 1107 330 1173 tudo,
369 1122 518 1179 neque
541 1109 815 1177 altitudo,
841 1127 1003 1183 neque
1045 1114 1401 1185 profundum,
1438 1129 1604 1183 neque
1640 1113 1749 1170 alia

198 1204 397 1276 qualibet
418 1218 655 1262 creatura
680 1210 867 1280 poterit
888 1225 981 1263 nos
1003 1224 1244 1279 separare
1269 1227 1302 1264 a
1327 1211 1584 1266 charitate
1623 1209 1743 1278 Dei,

197 1313 290 1366 quae
307 1304 373 1352 est
397 1298 447 1353 in
466 1296 672 1355 Christo
699 1299 828 1355 Jesn
854 1299 1085 1356 Domino
1105 1315 1303 1359 nostro.
1335 1303 1607 1360 Prolixius
1638 1303 1749 1360 fur-

195 1394 309 1447 sitan
332 1407 483 1463 quam
515 1391 695 1450 lector
728 1395 983 1463 voluerit,
1015 1397 1084 1452 de
1116 1399 1216 1452 hoc
1244 1399 1481 1467 capitulo
1506 1397 1749 1469 disputa—

200 1495 288 1541 Iutn
322 1488 386 1542 sit
407 1505 421 1541 :
442 1487 537 1543 sed
564 1533 579 1557 ,
610 1504 828 1560 quaeso,
860 1489 953 1546 det
981 1491 1191 1546 veniam
1233 1492 1538 1547 difficultati
1577 1492 1747 1563 ipsius

194 1579 278 1635 loci
301 1591 349 1636 et
367 1597 609 1651 personas
639 1582 1026 1655 Ephesiorum,
1059 1586 1151 1654 qui
1178 1597 1304 1656 post
1332 1596 1481 1642 artes
1511 1588 1747 1660 magicas

192 1670 307 1729 scire
354 1673 693 1743 debueram,
739 1693 770 1730 a
806 1678 1003 1749 quibus
1053 1678 1288 1734 fuissent
1329 1678 1624 1751 aliquando
1650 1680 1747 1737 de-

186 1768 318 1837 cepit.

1852 554 2173 623 ιιιιὶιιυδὼιιη
2222 555 2596 629 interpretatio
2647 562 3052 633 subindncitur,
3099 563 3453 625 dicentibus:

1852 660 1960 699 non
1983 663 2144 703 omne
2173 649 2462 708 adversum
2488 654 2761 711 diabolum
2794 656 3044 726 praelium
3070 672 3247 715 morte
3278 660 3452 729 finiri;

1849 737 1944 794 sed
1962 754 2085 795 cum
2108 740 2176 797 de
2208 745 2309 798 isto
2334 748 2535 803 sicculo
2556 749 2875 820 exierioms,
2915 761 3043 807 tunc
3074 750 3231 809 nobis
3257 751 3453 812 fortius

1850 838 2195 905 etapertius,
2244 839 2603 907 prmsemibus
2632 850 2820 900 contra
2866 851 3164 915 praesentes
3213 836 3450 904 futurum

1849 938 1975 980 esse
1998 936 2278 985 certamen
2309 946 2324 987 :
2354 940 2408 986 et
2443 930 2524 989 sic
2553 922 2682 990 illud
2712 935 2856 1007 quod
2907 937 3067 1007 paulo
3094 946 3223 995 ante
3269 941 3454 1011 posui-

1853 1033 1993 1085 mus,
2032 1032 2330 1091 cxponeut,
2383 1039 2559 1096 neque
2594 1030 2908 1098 praesentia,
2944 1028 3112 1104 678
3142 1047 3318 1103 neque
3369 1032 3454 1089 fu-

1852 1116 2008 1166 tura:
2062 1122 2120 1167 ut
2165 1112 2340 1169 futura
2398 1116 2513 1174 lucc
2558 1119 2741 1176 dicunt
2769 1136 2916 1190 esse,
2944 1140 3064 1195 qua:
3114 1137 3237 1197 post
3286 1127 3451 1185 vitam

1851 1203 2009 1260 iSIam
2030 1206 2140 1263 sint
2170 1208 2402 1264 iucunda
2431 1212 2750 1269 certamina.
2782 1213 3002 1272 Necnon
3028 1228 3081 1274 et
3106 1219 3234 1277 illud
3261 1240 3275 1276 ;
3302 1222 3448 1289 Qua-

1846 1308 2060 1369 prOpter
2081 1302 2463 1373 contendimus,
2495 1306 2603 1362 sive
2620 1308 2675 1362 in
2708 1311 2972 1382 prtesenti,
3001 1314 3107 1368 sive
3150 1315 3203 1369 in
3249 1317 3452 1388 futuro,

1847 1392 2049 1463 placere
2088 1392 2172 1448 illi
2215 1394 2281 1479 (ll
2323 1395 2443 1452 Cor.
2471 1414 2527 1468 v,
2552 1399 2633 1470 9),
2661 1408 2720 1457 ut
2748 1417 2993 1475 praesens
3017 1416 3249 1479 tempus,
3308 1411 3452 1470 hanc

1852 1489 2037 1557 vitam,
2064 1478 2472 1562 futurum,post
2497 1507 2729 1552 mortem
2752 1496 3042 1571 significnri
3079 1478 3285 1572 putent.
3339 1507 3452 1566 Hoc

1848 1592 2063 1647 quoque
2093 1581 2235 1650 quod
2263 1599 2406 1640 nunc
2426 1586 2664 1643 dicitur:
2710 1587 2779 1644 Et
2821 1593 2998 1648 omnia
3026 1597 3250 1669 operati,
3292 1607 3450 1671 stare,

1846 1671 1913 1724 ad
1943 1674 2196 1729 eumdem
2235 1689 2453 1732 sensum
2478 1679 2716 1737 referent
2749 1699 2761 1736 :
2797 1684 2950 1755 quasi
2997 1701 3103 1741 non
3149 1690 3322 1759 possit
3348 1692 3450 1748 ali-

1848 1763 1979 1830 quis
2000 1765 2181 1820 omnia
2206 1766 2258 1822 in
2285 1772 2537 1838 praesenti
2561 1772 2669 1828 vita
2692 1776 2926 1845 operari,
2945 1778 3041 1833 sed
3063 1794 3129 1835 ex
3151 1792 3301 1850 parte
3322 1783 3450 1855 quid

241 1859 399 1932 (Vers.
431 1863 549 1936 i3.)
578 1863 716 1920 Ideo
734 1867 922 1921 sumite
949 1866 1122 1921 omnia
1142 1882 1290 1922 arma
1314 1865 1434 1934 Dei,
1462 1876 1516 1922 ut
1538 1868 1745 1940 possitis

1856 1857 2008 1914 iaciat
2041 1860 2225 1916 :sicut
2245 1877 2309 1917 ex
2341 1876 2493 1933 parte
2523 1865 2727 1934 videat,
2769 1877 2825 1925 et
2844 1884 2907 1925 ex
2942 1883 3097 1943 parte
3122 1874 3409 1946 prophetet
3437 1893 3453 1934 :

181 1957 381 2012 resistere
402 1957 456 2011 in
481 1958 572 2013 die
597 1961 737 2014 malo
762 1975 780 2013 :
810 1966 859 2013 et
894 1962 1136 2015 universa
1157 1960 1381 2033 operati,
1402 1969 1560 2016 stare.
1593 1960 1743 2016 Diem

182 2050 386 2119 malum,
438 2059 532 2107 aut
592 2067 840 2123 praesens
896 2066 1108 2124 tempus
1171 2055 1462 2122 ostendit,
1515 2054 1584 2110 de
1636 2070 1746 2125 quo

177 2155 309 2209 supra
349 2145 563 2201 dixerat
598 2164 613 2201 :
664 2144 994 2201 Redimentes
1040 2159 1270 2218 tempus,
1313 2147 1438 2214 quia
1478 2146 1588 2200 dies
1622 2145 1747 2200 mali

175 2235 305 2307 677
347 2247 487 2308 sunt,
535 2248 762 2312 propter
808 2240 1111 2310 angustiam
1133 2248 1194 2295 et
1234 2239 1360 2296 vita
1389 2238 1551 2310 hujus
1590 2239 1746 2295 labo-

172 2342 262 2393 res,
283 2331 399 2400 quia
427 2348 538 2387 non
572 2333 784 2405 absque
823 2334 1027 2389 sudore
1067 2342 1123 2389 et
1159 2333 1464 2389 certamine
1495 2334 1747 2403 perveni-

174 2433 270 2474 mus
288 2421 349 2477 ad
380 2423 660 2495 palmam:
704 2434 801 2480 aut
848 2436 1005 2482 certe
1042 2425 1529 2481 consummationis
1579 2437 1743 2495 atque

164 2513 350 2584 indicii,
377 2518 604 2587 Quando
631 2518 907 2583 diabolus,
937 2519 1189 2575 inimicus
1223 2531 1278 2575 et
1300 2521 1520 2587 vindex,
1564 2522 1616 2575 in
1648 2535 1744 2576 sua

168 2624 252 2665 nos
267 2613 440 2683 cupiet
464 2623 625 2681 parte
652 2615 919 2680 retinere,
948 2614 1016 2671 de
1035 2632 1142 2686 qua
1171 2615 1514 2684 liberabitur,
1544 2616 1635 2685 qui
1662 2616 1747 2670 iu—

166 2703 334 2773 telligit
360 2720 531 2776 super
550 2721 788 2776 egenum
806 2715 863 2761 et
888 2723 1180 2775 pauperem
1206 2722 1225 2762 :
1256 2704 1322 2761 In
1342 2706 1426 2761 die
1445 2707 1582 2761 enim
1607 2708 1745 2760 mala

167 2795 368 2853 liberabit
385 2815 506 2853 eum
528 2796 798 2855 Dominus
830 2797 952 2871 (Ps.
984 2814 1074 2866 ιι,
1109 2799 1186 2872 1).
1226 2798 1353 2854 Haec
1374 2809 1457 2856 est
1483 2799 1624 2865 dies,
1677 2799 1747 2856 de

159 2905 313 2962 quaet
343 2892 395 2948 itt
428 2894 548 2949 alio
579 2894 707 2949 loco
743 2892 1011 2963 scriptum
1058 2901 1184 2949 est:
1242 2891 1375 2948 Ecce
1430 2895 1582 2957 venit,
1635 2893 1744 2948 dies

160 2981 237 3039 irte
268 2985 473 3041 Domini
526 2986 700 3057 (hui.
744 3002 859 3052 xm,
889 2987 984 3057 9);
1022 2999 1077 3043 et
1103 2986 1237 3044 alibi
1268 3005 1282 3042 :
1312 2986 1436 3043 Dies
1461 2990 1601 3043 enim
1635 2987 1743 3042 Do-

157 3078 265 3133 mini
280 3080 594 3136 insanabilis
621 3082 805 3150 veniet,
832 3080 1024 3153 furoris
1036 3089 1085 3135 et
1105 3080 1200 3135 ine
1230 3077 1386 3151 (Isni.
1422 3096 1555 3148 xxn,
1580 3080 1659 3151 6);
1689 3090 1746 3137 et

159 3185 346 3228 rursum
375 3190 394 3229 :
428 3173 527 3229 Va:
549 3172 975 3229 desiderantibus
1012 3175 1152 3228 diem
1194 3170 1450 3229 Domini:
1500 3173 1569 3230 Ut
1614 3172 1741 3247 quid

1848 1959 1904 2005 et
1934 1961 2065 2007 tunc
2096 1954 2334 2023 perlecte
2382 1966 2532 2013 stare
2576 1959 2779 2028 valeat,
2827 1976 2949 2017 cum
2989 1965 3243 2023 universa
3292 1969 3459 2027 fuerit

1848 2053 2126 2111 operatus.
2157 2044 2312 2101 Alius
2334 2062 2464 2104 vero
2484 2049 2785 2119 simplicius
2824 2051 2943 2111 htec
2970 2059 3197 2128 exponit
3240 2060 3450 2129 dicens,

1850 2133 2119 2205 Ephesios
2170 2136 2239 2194 ad
2290 2138 2501 2196 futuras
2550 2146 2897 2211 tentationes,
2954 2160 3008 2205 et
3040 2154 3449 2222 persecutiones

1847 2247 1984 2298 quas
1998 2231 2078 2288 eis
2109 2232 2312 2290 Paulus
2336 2238 2616 2306 apostolus
2662 2249 2785 2311 post
2822 2242 2962 2300 hanc
2990 2246 3278 2315 epistolam
3319 2265 3449 2321 pro-

1849 2323 2064 2395 phetico
2091 2325 2308 2384 videbat
2337 2331 2529 2400 spiritu
2576 2334 2883 2406 provenire,
2925 2338 3201 2395 cohortari
3250 2355 3301 2399 et
3337 2360 3457 2399 mo-

1848 2417 1992 2481 neri,
2024 2427 2080 2472 ut
2100 2420 2282 2475 omnia
2313 2421 2531 2492 faciant,
2564 2441 2665 2498 per
2689 2443 2809 2499 quae
2832 2430 3037 2499 possint
3082 2431 3135 2489 in
3165 2432 3274 2489 fide
3302 2446 3450 2494 stare

1851 2509 2149 2581 Evangelii,
2175 2528 2275 2567 nec
2299 2512 2354 2568 in
2378 2518 2756 2584 persecutione
2782 2535 3063 2578 corruere.
3088 2522 3241 2581 Diem
3264 2537 3446 2585 autem

1848 2601 2069 2667 malam,
2106 2605 2321 2675 proprie
2348 2605 2417 2663 de
2444 2609 2859 2681 quadragesimo
2889 2622 3085 2671 octavo
3107 2617 3319 2686 psalmo
3362 2635 3452 2675 ar-

1849 2693 2116 2751 bitramur
2144 2712 2266 2754 esse
2293 2715 2436 2754 nune
2466 2713 2757 2773 sumptam.

1922 2790 2109 2863 (Vers.
2151 2789 2264 2863 14.)
2307 2793 2457 2849 State
2501 2810 2624 2869 ergo
2656 2798 2906 2855 succincti
2943 2798 3140 2857 lumbos
3169 2812 3360 2859 uestros
3396 2804 3452 2860 in

1846 2886 2072 2939 veritate.
2101 2885 2255 2951 Quod
2272 2885 2425 2956 juxta
2456 2889 2697 2945 mrmbra
2724 2892 2906 2947 carnis
2944 2902 3000 2949 et
3029 2898 3295 2965 corporis,
3324 2912 3447 2953 om-

1847 2977 1935 3033 nia
1967 2979 2207 3034 membra
2230 2982 2428 3036 animae
2453 2983 2505 3036 iu
2531 2981 2832 3055 Scripturis
2857 2996 3147 3058 vocentur,
3182 2989 3317 3043 nulli
3349 2992 3449 3046 du-

1847 3069 1994 3126 bium
2019 3080 2124 3141 est,
2156 3072 2227 3129 de
2248 3075 2442 3145 quibus
2471 3092 2636 3131 unum
2661 3090 2792 3149 puto
2807 3094 2930 3136 esse
2954 3097 3095 3137 nunc
3119 3084 3446 3153 membrum,

1849 3164 2069 3233 lumbos,
2125 3183 2263 3239 quos
2317 3178 2374 3223 ut
2426 3172 2773 3243 accingamus
2810 3176 3063 3241 veritate,
3118 3176 3450 3249 percipitur.

154 3267 273 3321 vobis
287 3269 394 3323 dies
426 3268 706 3324 Domini?
744 3276 795 3322 et
839 3268 950 3323 lucc
993 3278 1067 3322 est
1106 3268 1345 3332 tenebrte,
1387 3278 1433 3322 et
1477 3286 1581 3322 non
1627 3272 1738 3324 lux.
1771 3263 1816 3325 C
1847 3256 2124 3329 Scriptum
2155 3268 2475 3334 estquoque
2505 3263 2560 3319 in
2593 3264 2886 3336 Evangelia
2911 3269 3042 3323 κατὰ
3065 3275 3302 3326 Λουκᾶνε
3333 3269 3456 3327 Sint

157 3355 587 3425 Quemadmodum
618 3360 663 3414 si
690 3359 860 3431 fugiat
889 3358 1042 3414 homo
1066 3377 1099 3412 u
1120 3360 1255 3429 facie
1289 3360 1472 3423 leonis,
1496 3368 1545 3414 et
1567 3358 1745 3414 incur-

151 3461 222 3506 rat
239 3452 290 3507 in
318 3471 506 3509 ursum
532 3470 554 3510 :
574 3465 630 3510 et
655 3455 877 3509 introeat
906 3454 959 3507 in
997 3453 1205 3507 domum
1228 3470 1397 3521 suam,
1441 3463 1492 3508 et
1533 3453 1745 3507 reclinet

152 3560 313 3602 mes
331 3566 460 3604 suos
489 3564 660 3620 super
681 3549 932 3619 parietem
954 3563 973 3602 .'
1018 3557 1068 3601 et
1108 3548 1340 3602 mordeat
1369 3563 1487 3601 eum
1510 3545 1743 3601 coluber.

154 3636 323 3698 Nonne
349 3644 593 3699 tenebris
613 3643 726 3697 dies
755 3641 986 3705 Domini,
1019 3659 1120 3696 non
1152 3640 1291 3695 lux:
1339 3649 1387 3696 et
1430 3641 1601 3714 caligo
1642 3657 1747 3696 non

149 3728 316 3789 habens
341 3735 693 3807 splendorem
724 3735 904 3808 (Antos
935 3751 986 3802 v,
1014 3733 1137 3806 18)?
1157 3733 1443 3802 Quomodo
1472 3736 1617 3790 enim
1638 3750 1746 3789 non

143 3828 264 3883 mala
285 3840 371 3885 est
390 3830 517 3887 haec
531 3832 685 3896 dies,
699 3846 819 3901 qua:
834 3828 1077 3886 tenebris
1095 3830 1393 3900 etcaligine
1423 3827 1749 3884 involvitur?

148 3917 212 3974 De
235 3937 338 3993 qua
362 3923 492 3980 Joel
521 3938 756 3995 quoque
783 3922 1052 3994 prepheta
1090 3933 1485 3979 commemorat
1512 3920 1701 3978 dicens
1732 3941 1745 3978 :

142 4009 306 4071 Canite
322 4017 451 4073 tabo
474 4018 538 4073 in
564 4017 701 4075 Sion
725 4033 746 4073 :
775 4016 1054 4089 prtedicate
1096 4016 1151 4071 in
1180 4028 1351 4071 monte
1390 4024 1569 4070 sancto
1597 4032 1708 4072 meo
1730 4031 1750 4071 :

140 4120 179 4161 et
195 4113 592 4184 confundantur
624 4126 801 4167 omnes
843 4112 933 4182 qui
974 4109 1208 4165 habitant
1252 4111 1749 4183 terram;quoniam

137 4200 266 4257 adest
299 4205 413 4261 dies
444 4204 723 4259 Domini:
751 4206 877 4275 quia
909 4221 1070 4277 prope
1096 4214 1170 4260 est
1201 4204 1310 4259 dies
1336 4203 1661 4259 tenebrarum
1703 4215 1749 4259 et

1846 3351 2007 3407 lumbi
2036 3353 2187 3407 vestri
2214 3354 2505 3425 pra-cincti,
2536 3367 2586 3410 et
2614 3358 2840 3413 lucerna:
2879 3363 3118 3416 ardentes
3137 3361 3193 3415 in
3217 3362 3453 3417 inanibus

1848 3446 2027 3501 uestris
2074 3445 2228 3517 (Luc.
2270 3460 2365 3513 xu,
2398 3448 2513 3520 35).
2544 3449 2681 3519 Quia
2715 3451 2877 3523 igitur
2908 3452 3075 3510 lumbi
3118 3455 3169 3508 in
3225 3470 3455 3525 genera-

1850 3537 2000 3595 tione
2029 3552 2246 3610 semper
2272 3540 2620 3611 accipiuntur
2637 3554 2692 3600 et
2710 3546 2940 3615 semine,
2965 3544 3265 3602 secundum
3290 3547 3457 3603 illud:

1851 3627 1930 3686 De
1951 3629 2127 3705 {ructu
2154 3631 2316 3688 lumbi
2343 3634 2418 3688 tui
2458 3651 2650 3707 ponam
2675 3652 2835 3708 super
2871 3635 3119 3693 thronum
3146 3649 3289 3694 tuum
3335 3639 3456 3713 (Ps.

1850 3740 2033 3791 cxxxl,
2067 3727 2182 3797 tl).
2213 3727 2284 3783 Et
2312 3728 2439 3785 alibi
2466 3745 2479 3783 :
2513 3730 2697 3785 Adhuc
2716 3729 2771 3787 in
2801 3732 2991 3787 lumbis
3013 3743 3120 3788 erat
3146 3731 3269 3788 Levi
3288 3736 3453 3807 patris

1850 3819 1935 3872 sui
1952 3818 2236 3887 Abraham,
2259 3822 2471 3893 quando
2507 3822 2727 3878 obuiauit
2784 3826 2832 3881 ei
2873 3823 3218 3881 Melchisedec
3261 3825 3458 3897 (Hebr.

1849 3925 1968 3980 vni,
2004 3913 2119 3982 10),
2145 3914 2357 3971 videtur
2379 3915 2538 3973 nobis
2571 3917 2878 3974 accinxisse
2928 3920 3139 3976 lumbos
3182 3935 3332 3992 suos,
3363 3922 3456 3993 qui

1853 4023 2196 4079 nequaquam
2224 4011 2381 4064 uxori
2402 4010 2643 4067 debitum
2673 4012 2874 4080 reddit,
2908 4029 3009 4070 nec
3028 4012 3197 4070 servit
3216 4014 3456 4071 libidini:

1852 4102 1952 4157 sed
1982 4101 2229 4158 imitatur
2256 4103 2553 4175 ingenitum
2591 4105 2783 4175 Deum,
2815 4108 3187 4180 generationis
3230 4111 3463 4181 negotiis

1856 4212 1961 4251 non
1999 4198 2332 4253 ministratus.
2367 4198 2479 4256 lluc
2509 4198 2675 4263 idem,
2703 4215 2852 4268 reor,
2881 4210 2936 4257 et
2966 4202 3097 4257 illud
3149 4203 3458 4275 signifietre

136 4296 361 4365 turbinis,
392 4302 517 4354 die;
543 4297 750 4352 nebula:
795 4305 840 4350 et
887 4296 1127 4369 caliginis
1149 4295 1306 4368 (Joel.
1339 4313 1397 4356 ιι.
1438 4298 1511 4366 l).
1550 4297 1611 4350 Ει
1653 4298 1753 4353 Sn-
1855 4292 1999 4360 quod
2018 4289 2259 4349 Joannes
2279 4308 2472 4349 zonam
2501 4295 2789 4366 pelliceam
2822 4296 3218 4354 babehatcirca
3249 4299 3463 4357 lumbos

134 4389 351 4459 pltonias
374 4393 451 4449 de
474 4392 683 4448 eadem
714 4392 803 4447 die
832 4390 1067 4461 loquitur
1089 4389 1517 4461 dicens:Prope
1543 4401 1618 4446 est
1642 4393 1752 4446 dies
1856 4397 1987 4440 Suos
2028 4383 2250 4454 (Matth.
2304 4388 2411 4457 tu),
2445 4401 2501 4443 et
2550 4403 2655 4444 non
2699 4398 2819 4446 erat
2876 4387 2948 4446 de
2998 4390 3320 4461 immundis,
3371 4395 3465 4464 qui

134 4477 333 4539 Domini
363 4502 602 4558 magna,
631 4499 795 4556 prope
821 4492 869 4538 et
896 4483 1237 4540 velomnintis.
1276 4482 1394 4538 Vox
1415 4484 1518 4537 diei
1541 4480 1753 4537 Domini
1858 4488 2077 4548 propter
2108 4477 2314 4534 ﬂuxum
2358 4480 2584 4536 seminis
2625 4491 2781 4538 extra
2827 4493 3006 4539 casus
3037 4484 3287 4556 projecti,
3338 4500 3464 4543 cum

130 4592 316 4649 natura,
339 4589 390 4634 et
412 4583 592 4646 dura,
623 4588 674 4632 et
695 4577 848 4649 fortis
869 4592 889 4633 :
917 4578 1027 4631 dies
1070 4578 1183 4645 irte,
1218 4576 1327 4630 dies
1358 4576 1476 4642 illa,
1502 4574 1612 4630 dies
1659 4591 1755 4629 an-
1859 4586 1983 4627 arca
2020 4573 2231 4627 Domini
2276 4573 2527 4630 habitare
2554 4589 2660 4630 non
2696 4586 2921 4646 possunt
2946 4576 3138 4650 (Leuit.
3171 4579 3327 4652 xm):
3365 4596 3467 4636 nec

129 4674 297 4738 gustia:
324 4685 374 4727 et
402 4671 749 4728 necessitatis
771 4669 966 4742 (Soph.
992 4684 1032 4737 t,
1061 4668 1128 4724 14
1153 4679 1199 4723 et
1223 4667 1413 4742 seqq),
1437 4676 1491 4723 et
1522 4667 1747 4737 reliqua.
1786 4673 1833 4733 D
1856 4680 1924 4721 ex
1947 4665 2031 4721 his
2061 4668 2128 4721 de
2156 4667 2355 4738 quibus
2402 4668 2454 4723 in
2505 4667 2757 4725 Nnmeris
2782 4670 3040 4727 scribitur
3079 4691 3093 4729 :
3138 4673 3263 4732 Sint
3311 4676 3470 4759 vestis

126 4761 244 4821 Post
266 4784 391 4838 qum
417 4766 643 4823 infert:
674 4763 737 4819 Et
762 4764 987 4836 afﬂigant
1030 4763 1286 4829 homines,
1319 4773 1367 4819 et
1413 4761 1750 4817 ambulabunt

126 4868 173 4911 ut
192 4862 314 4914 circi
337 4876 359 4917 :
390 4862 540 4933 quia
566 4857 798 4913 Domino
820 4868 1153 4922 peccaverunt
1178 4857 1362 4929 (Apoc.
1400 4855 1522 4928 xu).
1557 4854 1629 4911 Ut
1656 4855 1756 4926 igi-

126 4954 205 5005 tur
224 4954 404 5025 possit
438 4953 586 5025 quis
608 4951 665 5007 in
692 4952 794 5005 liae
812 4950 899 5005 die
920 4949 1140 5005 diabolo
1167 4952 1424 5005 resistere
1450 4966 1465 5004 :
1486 4946 1611 5019 quia
1639 4948 1754 5016 ipse

123 5053 197 5098 est
233 5055 559 5101 accusator
606 5042 836 5098 fratrum
895 5052 1229 5109 nostrorum,
1281 5048 1526 5096 assumat
1573 5043 1754 5095 oumia

122 5148 258 5194 arma
286 5138 387 5195 Dei
422 5139 577 5210 {hoc
598 5136 745 5191 enim
766 5143 929 5190 sonat
948 5136 1220 5197 πανοπλία.
1252 5150 1359 5190 non
1394 5142 1453 5188 ut
1480 5134 1532 5189 in
1563 5132 1755 5189 Latino

120 5232 449 5303 simpliciter
474 5248 645 5288 arma
676 5232 935 5286 translata
967 5230 1140 5300 sunt),
1171 5236 1228 5285 et
1246 5229 1499 5285 omnibus
1526 5228 1647 5283 telis
1666 5244 1755 5284 ar-

120 5326 330 5400 misque
358 5326 730 5388 succinctus,
763 5323 834 5379 de
858 5322 1056 5393 quibus
1102 5323 1155 5378 in
1184 5321 1537 5393 sequentibus
1581 5325 1758 5393 expli-

117 5435 285 5493 catur,
340 5424 503 5480 sciat
568 5429 699 5475 tunc
736 5433 798 5474 se
837 5429 983 5473 stare
1016 5431 1197 5488 posse,
1236 5418 1282 5472 si
1315 5415 1565 5473 universa
1599 5415 1760 5471 fuerit

117 5527 399 5587 operatus,
432 5527 502 5571 ut
529 5517 735 5586 plenus
757 5512 969 5569 cunctis
1000 5510 1306 5578 virtutibus,
1334 5510 1586 5567 stabilem
1633 5510 1760 5581 ligat

112 5614 368 5685 gradum,
405 5620 474 5669 et
508 5625 631 5667 non
662 5620 951 5665 moveatur
976 5607 1046 5664 de
1069 5606 1210 5675 acie,
1238 5605 1417 5678 sitque
1463 5622 1530 5663 ex
1559 5604 1646 5659 his
1690 5604 1760 5661 de

112 5708 311 5779 quibus
358 5706 655 5764 Dominus
686 5705 765 5759 ait
793 5721 810 5758 :
843 5701 980 5759 Sunt
1007 5700 1223 5773 quidam
1269 5700 1333 5755 de
1381 5701 1465 5755 hic
1511 5698 1768 5755 stantibus

111 5801 339 5873 (Matth.
373 5816 514 5867 xvi,
541 5795 678 5870 28);
701 5795 832 5853 etin
856 5795 967 5852 alio
993 5795 1113 5853 loco
1149 5810 1162 5848 :
1200 5793 1408 5850 Etenim
1463 5792 1571 5865 [ide
1618 5793 1769 5848 statis

112 5891 177 5972 (ll
204 5895 342 5955 Cor.
358 5888 572 5967 1,22);
596 5898 650 5948 et
671 5887 965 5948 Psalmista
986 5906 1001 5947 :
1026 5885 1247 5956 Statuit,
1273 5885 1474 5961 inquit,
1496 5901 1660 5960 supra
1679 5900 1767 5961 pe-

1858 4767 2035 4815 menta
2061 4761 2172 4832 ejus
2199 4760 2399 4814 dissuta
2446 4758 2637 4833 (Num.
2664 4759 2806 4835 vm).
2869 4764 2972 4832 Qui
3019 4774 3199 4821 autem
3248 4762 3469 4823 Christo

1859 4852 2137 4909 accinctus
2165 4865 2247 4908 est
2268 4854 2516 4920 veritate,
2543 4854 2662 4912 haec
2694 4858 3019 4914 vestimenta
3053 4859 3106 4914 in
3136 4860 3307 4916 altum
3357 4865 3472 4917 eul-

1863 4947 2002 5018 ligit,
2031 4955 2087 5001 et
2104 4962 2321 5002 sursum
2355 4948 2522 5003 trahit
2552 4966 2565 5003 :
2597 4957 2653 5005 et
2673 4950 2945 5006 nudorum
2974 4951 3203 5008 laterum
3250 4952 3472 5009 fmdita-

1863 5048 1973 5096 tem
1998 5039 2180 5096 balteo
2208 5041 2478 5112 spirituali
2510 5042 2681 5111 velat,
2736 5044 2977 5115 stringit,
3034 5054 3091 5101 et
3136 5044 3382 5113 includit,
3414 5052 3473 5101 et

1866 5143 2087 5206 paratus
2114 5136 2182 5192 ad
2223 5138 2470 5208 praelium
2518 5150 2625 5204 est,
2671 5148 2724 5194 et
2778 5153 2946 5211 opera
2994 5139 3162 5197 habet
3206 5140 3474 5209 lucentia,

1866 5244 1991 5300 quae
2018 5228 2256 5287 lucerna:
2279 5231 2534 5289 dicuntur
2561 5233 2841 5291 ardentes.

1935 5323 2103 5397 679
2130 5324 2197 5380 Et
2224 5327 2395 5382 induti
2422 5328 2638 5383 loricam
2656 5327 2897 5402 jnstitite.
2933 5327 3087 5385 Sicut
3109 5327 3331 5385 difﬁcile
3354 5331 3472 5385 vul-

1868 5429 2111 5482 neratur,
2145 5417 2200 5473 in
2224 5417 2308 5475 bis
2329 5420 2412 5475 vel
2441 5420 2684 5475 maxime
2716 5421 2849 5476 locis
2895 5436 3017 5493 quae
3059 5420 3226 5477 vitam
3258 5429 3468 5493 tenent,

1868 5510 1960 5582 qui
1979 5509 2282 5567 confertam
2317 5511 2512 5579 hamis,
2536 5522 2592 5569 et
2621 5512 2817 5569 ferreis
2862 5512 3095 5569 invicem
3142 5514 3359 5571 circulis
3410 5528 3471 5571 se

1872 5611 2145 5659 tenentem
2177 5596 2405 5660 loricam
2432 5604 2647 5660 virtutis
2679 5604 2902 5660 indutus
2953 5612 3077 5660 est:
3133 5604 3205 5660 ita
3251 5606 3341 5677 qui
3391 5615 3477 5662 est

1870 5693 2237 5751 circumdatus
2267 5696 2553 5769 multiplici
2580 5705 2732 5753 veste
2755 5696 3003 5767 justitiae,
3051 5711 3152 5753 nec
3180 5695 3250 5753 ad
3281 5698 3477 5754 simili-

1873 5787 2120 5846 tudinem
2149 5788 2295 5845 cervi
2323 5790 2378 5844 iu
2405 5790 2563 5860 jecur
2590 5788 2824 5862 accipiet
2852 5788 3129 5861 sagittam,
3162 5804 3265 5847 nec
3290 5790 3344 5846 in
3376 5789 3477 5849 de-

1874 5879 2075 5943 sideria
2103 5890 2328 5942 corruet
2352 5891 2415 5945 et
2437 5882 2689 5956 furores.
2737 5880 2835 5944 sui
2876 5882 2988 5955 erit
3018 5883 3226 5950 mundo
3267 5883 3466 5967 corde,
