3962 6338
453 247 557 318 831

1698 257 1755 315 S.
1801 251 2073 317 [{USEBII
2114 246 2492 309 lllERONYtll

3547 240 3566 263 '
3656 229 3752 296 ΞΜ

457 377 664 435 liabens
693 374 955 431 artiﬁcem
980 373 1144 443 hujus
1180 372 1366 427 loi-iczc
1396 373 1560 427 licitzn
1583 417 1596 439 ,
1631 376 1722 445 qui
1754 379 2050 448 unicuique,
2080 373 2126 433 Α
2160 387 2302 434 rimi,
2343 371 2596 435 loquetur
2629 355 2929 433 intrepidus
2960 381 2972 418 :
3003 349 3066 415 1η
3098 349 3321 414 Domino
3352 356 3557 428 con/ida
3591 375 3602 410 :
3634 375 3754 428 qua

462 482 778 529 sani-torum
811 470 988 525 omnia
1019 485 1166 523 arma
1194 468 1508 532 fabricatur,
1541 482 1593 523 c'.
1626 488 1732 524 ιιιιιι
1763 473 1896 526 sinit
1927 490 2052 527 cum

455 582 486 622 a
515 567 700 636 iaculo
732 565 946 619 volante
972 580 1068 634 per
1110 562 1278 629 diem,
1312 573 1367 618 ct
1420 580 1449 619 a
1482 563 1694 636 sagittis
1731 567 2056 624 ardentibus

467 661 678 733 perculi
714 663 918 730 pariter
941 671 987 713 ct
1015 659 1196 714 exuri.

533 755 694 822 (Vere
753 754 865 822 15.)
938 750 1005 804 Et
1065 752 1277 806 calciati
1325 753 1521 822 pedes,
1569 753 1624 807 in
1673 754 2062 826 praeparatione

467 845 750 921 Evangelii
773 847 940 920 pacis.
968 844 1286 917 Diligentius
1315 847 1609 902 observate
1629 890 1643 911 ,
1696 847 1840 916 quod
1894 848 2065 903 virtu-

468 950 578 998 tem
606 940 899 1012 quamdam
947 941 1146 995 animai
1199 941 1561 1011 appellaierit
1619 944 1816 1012 pedes,
1871 943 2068 1012 quibus

467 1033 806 1106 ingredimur
835 1032 890 1088 in
914 1047 982 1088 eo
1011 1033 1100 1098 qui
1130 1032 1263 1087 dicit
1296 1051 1310 1088 :
1342 1031 1458 1106 Ego
1484 1050 1600 1088 sum
1629 1050 1713 1090 tua
1739 1031 1920 1101 (Joan.
1947 1049 2060 1101 xiv,

469 1129 550 1194 ϐ).
581 1137 637 1183 et
657 1141 795 1198 quos
818 1141 918 1181 nos
948 1133 1169 1198 oportet
1196 1125 1434 1189 calciare
1461 1128 1861 1197 praeparatione
1887 1128 2066 1183 Evan-

464 1217 590 1288 gelii
623 1217 793 1288 pacis.
825 1216 884 1272 In
937 1216 1131 1272 borum
1163 1216 1653 1274 calciaitientorum
1695 1219 1918 1289 ﬁguram
1952 1262 1966 1284 ,
2017 1229 2074 1275 ct

490 1311 578 1367 illa
603 1311 963 1367 calciamenta
1010 1312 1064 1366 in
1097 1309 1293 1368 Excido
1336 1323 1774 1379 praecesserunt,
1805 1328 1924 1384 qua:
1975 1311 2072 1368 lia-

481 1405 611 1460 here
642 1402 847 1460 Pascha
886 1403 1237 1460 vescentibus
1275 1405 1578 1475 imperatur
1605 1413 1662 1461 et
1687 1405 1804 1470 his,
1855 1405 1948 1477 qui
2003 1404 2070 1460 ad

471 1498 779 1555 iaciendum
821 1499 924 1554 iter
955 1498 1128 1569 parati
1153 1511 1300 1554 sunt.
1348 1497 1440 1555 Sic
1465 1501 1609 1555 enim
1661 1500 1758 1565 ait,
1789 1500 2078 1553 mendica-

474 1595 595 1648 bitis
623 1595 758 1648 illud
791 1609 812 1648 :
837 1592 1000 1648 lumbi
1023 1595 1177 1648 restri
1205 1595 1444 1658 accincti,
1476 1604 1524 1649 ct
1551 1594 1888 1649 calciamenta
1911 1603 2078 1649 restra

472 1689 525 1742 in
553 1688 766 1755 pedibus
789 1689 992 1754 uestris,
1027 1698 1073 1743 et
1103 1686 1442 1742 buculiveslri
1462 1688 1516 1742 in
1546 1688 1780 1742 manibus
1799 1689 2008 1742 vestris:
2031 1697 2080 1742 et

2164 465 2314 518 modo
2344 461 2513 515 d.'citis
2540 459 2730 513 anima!
2752 471 2915 510 nere:
2946 453 3278 526 Traitsntigra
3302 453 3353 506 in
3383 464 3605 506 nionreai
3635 454 3754 506 sicut

2166 557 2368 626 passer?
2389 554 2640 622 Quoniam
2666 567 2777 606 ereti
2794 558 3083 622 peccatores
3101 547 3427 602 intenderunt
3442 560 3645 608 arcum,
3671 558 3753 612 pa-

2164 672 2242 709 rai
2259 670 2302 707 Cl
2317 661 2402 706 unt
2418 650 2632 723 sagittas
2646 664 2764 701 snas
2780 647 2828 699 in
2842 643 3119 717 pharetris,
3137 654 3188 695 ut
3207 643 3454 714 sagittent
3477 639 3530 691 in
3550 637 3754 692 obscuro

2165 759 2330 801 rectos
2362 745 2514 798 corde
2551 738 2725 804 (μιαί.
2769 755 2822 805 s,
2864 742 2912 804 1,
2947 735 3173 807 ἳ).(;ιιιη
3213 749 3375 804 ergo,
3400 729 3607 802 inquit,
3636 745 3758 784 con-

2171 841 2334 897 lidetn
2373 839 2427 893 in
2471 836 2700 892 Domino
2725 877 2739 900 ,
2772 848 2876 904 qua
2909 829 3039 885 mihi
3066 827 3205 884 datis
3232 827 3440 882 ratione
3464 821 3758 892 consilium,

2181 944 2240 990 ut
2277 947 2383 988 non
2429 938 2566 986 stem
2613 926 2898 982 adversum
2930 921 3270 979 inimicorum
3303 920 3534 991 impetus
3561 958 3579 985 ,
3606 927 3660 973 et
3684 916 3759 988 ja-

2171 1029 2290 1085 cula
2334 1042 2454 1098 quae
2497 1034 2685 1081 contra
2737 1037 2824 1076 me
2855 1021 2908 1076 in
2959 1017 3228 1090 pharetris
3254 1023 3648 1089 pra‘pararunt,
3677 1028 3763 1069 vo-

2183 1122 2360 1178 lentes
2403 1134 2509 1174 non
2545 1117 2718 1172 solum
2757 1129 2844 1170 me
2867 1153 2884 1181 ,
2911 1111 3004 1169 sed
3035 1111 3196 1167 etiam
3237 1125 3427 1167 omnes
3457 1118 3639 1166 rectos
3665 1105 3761 1179 [ΑΙ.

2182 1219 2355 1294 recto]
2383 1219 2547 1277 corde
2585 1213 2911 1289 percutere?
2951 1213 3093 1269 Ecce
3137 1219 3222 1266 sto
3250 1224 3406 1280 super
3453 1215 3681 1278 petram,
3717 1215 3766 1262 et

2178 1330 2285 1370 non
2321 1312 2646 1381 transmigro
2693 1309 2744 1363 in
2797 1315 3014 1363 montes
3069 1301 3440 1360 tenebricosos
3469 1317 3484 1355 :
3511 1309 3568 1356 et
3594 1299 3765 1354 omnia

2181 1407 2288 1462 tela
2342 1405 2579 1460 hostium
2627 1399 2867 1472 repulsa,
2898 1398 2952 1454 in
2983 1398 3130 1469 ipsos
3151 1395 3240 1467 qui
3271 1393 3530 1465 dirigunt,
3551 1405 3770 1448 conver-

2192 1507 2399 1553 tuntur.

2253 1591 2437 1660 (Vers.
2489 1587 2605 1661 l7.)
2660 1586 2726 1642 Et
2766 1585 2972 1661 galeam
3023 1583 3208 1641 salutis
3253 1582 3492 1655 accipite.
3543 1579 3770 1652 Propter

2185 1684 2326 1742 hanc
2363 1684 2569 1755 galeam
2611 1681 2868 1738 salutaris
2894 1723 2908 1747 ,
2943 1694 3135 1736 omnes
3162 1679 3214 1734 in
3239 1675 3425 1749 capite
3444 1687 3634 1732 nOstro
3661 1689 3772 1731 sen-

472 1777 897 1835 comedeiisillud
909 1796 1024 1834 cum
1037 1779 1704 1844 festinatione:Pascliaest
1719 1783 1855 1835 enim
1868 1779 2078 1835 Domini
2110 1771 2160 1832 Β
2187 1795 2279 1833 sus
2304 1777 2494 1848 integri
2526 1784 2873 1843 perseverant
2897 1792 2910 1829 :
2937 1781 2993 1828 et
3013 1771 3247 1828 maxime
3275 1771 3416 1826 oculi
3449 1815 3464 1840 ,
3493 1771 3562 1826 de
3584 1769 3774 1840 quibus

477 1872 681 1947 (Ea-od.
711 1888 809 1938 XII,
835 1873 943 1947 ll).
975 1873 1203 1945 Signum
1233 1874 1503 1946 siquidem
1531 1855 2073 1948 pra-parationis‘est,

483 1987 606 2024 cum
641 1971 1009 2036 festinatione,
1049 1981 1103 2026 et
1130 1971 1374 2027 calciatis
1400 1972 1624 2042 pedibus
1646 1974 1967 2029 comedere:
1994 1983 2072 2037 ut,

477 2063 815 2119 corroborati
841 2065 1078 2134 paschali
1101 2066 1249 2134 cibo,
1270 2067 1430 2120 latam
1447 2081 1501 2123 et
1521 2066 1839 2124 horribilem
1867 2070 2080 2138 possint

492 2176 739 2215 cremum
773 2161 1134 2231 pertransire.
1164 2161 1264 2229 Qui
1295 2178 1426 2233 ergo
1457 2164 1635 2219 adhuc
1670 2164 1935 2230 ambulat,
1968 2167 2082 2220 cal-

487 2255 666 2308 cietur
704 2268 719 2306 :
771 2254 862 2324 qui
915 2268 1063 2321 vero,
1094 2254 1204 2322 jam
1236 2252 1475 2310 Jordanc
1505 2255 1849 2321 transmisso,
1879 2267 2078 2312 terra'u

499 2345 1230 2414 repromissionisintravit,
1264 2346 1429 2403 nudet
1475 2349 1687 2418 pedem.
1740 2349 1934 2415 Solve,
1981 2353 2079 2417 ait,

451 2439 878 2491 'calciatnentum
906 2438 970 2492 de
1010 2439 1225 2511 pedibus
1256 2442 1357 2494 tuis
1386 2457 1405 2495 :
1451 2442 1592 2496 locus
1631 2443 1766 2497 enim
1807 2444 1859 2498 in
1879 2461 1984 2516 quo
2029 2456 2084 2500 tu

483 2538 612 2596 stus,
639 2539 776 2583 terra
800 2539 982 2584 sancta
1029 2542 1104 2586 est
1129 2529 1328 2600 (Exod.
1361 2549 1439 2599 ιιι,
1471 2535 1547 2603 Pi).
1583 2534 1642 2590 Si
1685 2538 1808 2606 quis
1839 2552 1945 2591 non
1997 2546 2084 2591 est

483 2623 650 2681 Jcsns
701 2625 850 2681 Nave
882 2624 1032 2698 (Cap.
1060 2628 1138 2697 ν),
1166 2643 1264 2682 nec
1293 2627 1617 2698 Apostolus.
1669 2630 1862 2685 calciet
1919 2631 2084 2701 pedes

497 2734 626 2774 suos
653 2719 706 2774 in
733 2723 1130 2791 pra-paratione
1170 2719 1446 2792 Evangelii
1479 2721 1644 2793 pacis.
1679 2722 1734 2778 Si
1762 2725 1885 2794 quis
1905 2733 2082 2778 autem

495 2811 793 2883 Apostolus
820 2828 926 2878 est,
955 2823 1012 2868 et
1040 2815 1181 2868 inter
1207 2812 1496 2870 duodecim
1550 2819 1822 2870 numerari
1876 2825 2080 2886 potest,

497 2925 544 2962 n-
568 2924 836 2979 quaquam
888 2907 1043 2962 tollat
1082 2911 1135 2962 in
1167 2909 1249 2962 via
1285 2910 1704 2965 calciamentum
1743 2925 1947 2976 suum,
1988 2927 2086 2966 nec

496 3001 560 3057 ad
595 3003 941 3068 scorpiones.
974 3013 1029 3057 et
1073 3002 1331 3059 colubros
1358 3003 1716 3060 declinanilos
1771 3007 2086 3062 caleaneuin

497 3104 643 3165 tegat
670 3109 685 3161 ;
713 3093 810 3150 scd
827 3095 938 3164 jam
972 3106 1388 3151 consummatus
1425 3112 1588 3169 atque
1617 3097 1892 3167 perlecuis
1915 3143 1932 3166 ,
1982 3111 2086 3156 stet

512 3187 733 3241 interra
765 3201 983 3254 sancta,
1033 3199 1088 3244 ct
1132 3189 1277 3243 vivat
1323 3192 1374 3244 in
1418 3189 1637 3246 Cnristo
1665 3237 1678 3258 ,
1727 3203 1783 3248 et
1831 3208 2090 3263 sequatur

489 3285 704 3352 Agnum
739 3299 1088 3355 quocumque
1138 3284 1308 3340 vadit.
1354 3285 1629 3350 Qua-ritur
1658 3300 1967 3344 utrumnim
2021 3288 2088 3344 ad

511 3381 918 3436 distinctionem
947 3379 1227 3450 Evangelii
1251 3379 1517 3445 alterius,
1552 3397 1690 3436 nunc
1731 3381 1963 3448 dixerit,
1999 3401 2092 3452 pa-

509 3477 588 3528 cis
618 3473 1018 3545 Evatigelium?
1045 3474 1126 3528 Att
1146 3483 1297 3528 certe
1321 3473 1595 3544 propritim
1629 3477 1701 3528 sit
1723 3473 1825 3530 ltoc
1849 3475 2092 3545 Evange-

511 3567 592 3633 lii,
635 3579 689 3621 iit
717 3568 870 3638 pacis
904 3567 1256 3638 Evangelium
1290 3567 1640 3623 nomini-tur?
1683 3569 1784 3638 Qui
1814 3571 1978 3641 igitur
2001 3572 2093 3626 liu-

515 3663 606 3718 bct
634 3675 844 3732 paceni,
876 3662 1138 3716 calciatus
1165 3672 1248 3717 est
1277 3659 1481 3716 ClitiSti
1516 3662 1810 3733 Evangelii)
1842 3682 1853 3718 :
1883 3675 1938 3719 et
1969 3680 2090 3720 cunt

505 3755 772 3811 calciatus
798 3753 982 3823 fuerit,
1016 3770 1354 3825 pneparaius
1377 3764 1501 3810 est:
1533 3767 1588 3810 et
1621 3772 1956 3825 pra-paratus
1985 3772 2092 3813 non

501 3865 561 3904 se
593 3859 748 3920 putet
783 3863 908 3904 esse
948 3846 1246 3913 perlecmm
1281 3864 1296 3903 :
1347 3847 1442 3903 sed
1474 3847 1540 3903 ad
1570 3846 1673 3902 hoc
1733 3861 2094 3920 prmparetur,

497 3954 556 4000 ut
600 3951 809 4014 pergat,
841 3951 1154 4014 ctpergens
1179 3943 1363 3998 veniat
1387 3943 1451 3997 ad
1479 3943 1660 3998 linem.

564 4037 734 4110 680
775 4035 957 4108 (Vers.
1001 4035 1112 4106 l6.)
1143 4034 1312 4108 Super
1344 4037 1519 4090 omnia
1553 4037 1865 4109 accipientes
1895 4048 2096 4093 scutum

504 4131 656 4202 ﬁdei,
678 4132 728 4184 in
749 4146 850 4200 quo
874 4129 1081 4199 possitis
1099 4129 1270 4184 angnia
1283 4127 1467 4202 jarula
1490 4131 1701 4203 maligni
1722 4131 1882 4204 ignita
1899 4135 2098 4185 exstin-

499 4238 675 4292 gnere.
700 4222 865 4288 Quasi
891 4220 1125 4275 dixerit:
1158 4222 1211 4275 In
1233 4221 1380 4274 omni
1411 4236 1576 4289 opere
1609 4233 1818 4290 portate
1843 4224 2093 4293 clypeum

510 4316 660 4383 li.lei,
688 4324 750 4368 ut
780 4317 1002 4383 possitis
1033 4315 1158 4368 tecti
1191 4325 1351 4381 atque
1380 4315 1570 4369 muniti
1597 4318 1852 4384 excipere
1883 4316 2099 4369 venien-

503 4415 588 4461 tes
617 4412 866 4476 sagittas,
899 4416 954 4460 ct
983 4404 1088 4460 line
1131 4421 1290 4476 atque
1326 4405 1455 4461 illuc
1491 4422 1607 4462 arae
1641 4422 1735 4462 eas
1782 4408 1973 4463 bellica
2003 4408 2099 4461 ile-

501 4501 733 4554 cliuare.
776 4498 903 4553 llaec
939 4509 1028 4553 est
1073 4500 1206 4554 lides
1246 4517 1410 4568 super
1437 4517 1542 4570 qua
1581 4515 1636 4554 et
1672 4499 1945 4555 Abraham
1980 4513 2099 4572 post

516 4591 687 4647 multa
718 4606 882 4662 opera
913 4603 971 4646 at
993 4609 1076 4659 (uc
1106 4593 1334 4648 virtutes
1369 4593 1456 4648 vix
1486 4594 1654 4664 potuit
1685 4597 2018 4664 promereri,
2048 4607 2104 4648 iit
2129 4568 2185 4629 D

508 4683 579 4740 de
620 4698 688 4739 eo
733 4683 1019 4754 Seriptura
1064 4686 1270 4740 diceret
1310 4704 1322 4739 :
1367 4684 1601 4740 Credidit
1632 4698 1803 4742 autem
1843 4686 2104 4741 Abraham

508 4777 645 4844 Deo,
688 4787 736 4833 et
764 4787 1058 4850 reparatum
1089 4791 1163 4834 est
1203 4780 1286 4834 illi
1321 4781 1392 4834 ad
1413 4782 1674 4852 justitiam
1705 4780 1862 4854 (Gen.
1901 4799 1990 4853 xv,
2022 4783 2100 4854 8).

515 4869 818 4941 Perspicua
846 4881 976 4926 sunt
1003 4881 1186 4928 autem
1213 4873 1390 4944 jacula
1421 4875 1664 4946 maligni,
1698 4892 1819 4948 qua:
1846 4877 1960 4931 vult
1986 4880 2109 4932 mit-

515 4978 632 5022 tere
663 4964 718 5021 in
751 4965 922 5020 corda
963 4974 1147 5021 nostra
1182 4982 1279 5038 per
1314 4967 1672 5039 cogitationes
1705 4971 1968 5040 pessimas
1995 4990 2008 5026 :
2037 4970 2106 5028 de

511 5061 710 5133 quibus
735 5075 906 5115 unum
927 5062 1056 5132 jecit
1083 5061 1136 5117 in
1169 5077 1268 5118 cor
1288 5062 1464 5132 Judm,
1498 5077 1552 5120 ut
1581 5065 1826 5123 traderet
1854 5067 2103 5124 Silvani.

511 5174 649 5214 rem.
695 5156 885 5227 Itaque
922 5171 990 5213 ne
1031 5157 1350 5230 principium
1399 5158 1618 5230 quidem
1668 5160 1870 5217 habere
1909 5163 2108 5232 poterit

510 5250 765 5308 inimicus
794 5250 993 5307 anima:
1018 5252 1390 5318 vulneraudae,
1423 5253 1468 5308 si
1511 5262 1848 5312 tenuerimus
1893 5267 2106 5313 scutum

513 5345 639 5402 lidei
677 5363 690 5400 :
722 5345 776 5401 in
804 5359 914 5416 quo
944 5360 1048 5402 non
1101 5347 1278 5400 solum
1311 5346 1583 5401 venientia
1613 5349 1717 5403 tela
1764 5354 2104 5419 lranguutur,

512 5439 606 5494 sed
635 5439 797 5494 etiam
831 5441 1062 5494 telorum
1095 5439 1212 5509 ipse
1242 5439 1380 5510 ignis
1410 5441 1797 5511 exstinguitur,
1827 5442 1893 5498 de
1922 5458 2032 5513 quo
2055 5452 2110 5498 et

515 5538 782 5602 propheta
833 5532 1138 5602 coinplorat
1189 5531 1378 5586 dicens
1428 5549 1442 5586 :
1495 5532 1684 5588 Omnes
1731 5535 2108 5604 adulterantes,

513 5623 660 5698 quasi
701 5623 932 5677 clibanus
959 5624 1116 5677 corda
1158 5639 1335 5678 eorum
1382 5623 1530 5697 (Osc.
1573 5641 1670 5696 \itt,
1704 5627 1784 5699 6).
1823 5630 1920 5696 Qui
1971 5631 2112 5689 hunc

517 5718 808 5774 umbooem
857 5717 980 5774 lldci
1026 5735 1187 5775 mattu
1223 5719 1346 5776 forti
1396 5724 1654 5788 tenuerit,
1689 5737 1737 5777 ct
1770 5725 2009 5781 conlisos
2059 5728 2110 5783 in

517 5809 768 5882 Domino,
799 5807 986 5871 scierit
1021 5827 1084 5871 se
1119 5829 1150 5874 ιι
1181 5814 1522 5874 venientibus
1559 5815 1759 5892 iaculis
1797 5834 1924 5878 esse
1954 5834 2111 5882 secu-

2185 1874 2236 1928 iu
2287 1871 2614 1928 Ecclesiaste
2652 1869 2908 1924 Salomon
2951 1866 3027 1922 ait
3060 1884 3074 1920 :
3117 1866 3378 1938 Sapientis
3416 1865 3552 1921 oculi
3590 1865 3650 1918 in
3692 1881 3773 1918 ca.

2180 1967 2286 2038 pile
2321 1968 2436 2039 ejus
2477 1962 2701 2037 (Eccles.
2748 1977 2825 2029 tt,
2868 1960 2981 2026 M).
3021 1961 3241 2016 Sciebat
3281 1963 3426 2017 enim
3464 1960 3612 2030 quod
3645 1968 3778 2016 esset

2181 2060 2284 2115 viri
2313 2069 2475 2128 caput
2500 2102 2515 2126 ,
2549 2068 2604 2114 et
2651 2057 2869 2124 quinam
2899 2055 2985 2112 isli
3022 2057 3167 2112 oculi
3198 2057 3250 2113 in
3293 2055 3394 2111 viii
3419 2056 3594 2128 capite
3619 2055 3779 2111 collo-

2183 2155 2314 2208 Cati.
2357 2154 2412 2208 Si
2453 2151 2596 2207 enim
2636 2160 2798 2222 caput
2837 2149 2936 2204 viri
2982 2147 3235 2205 Christus
3275 2161 3358 2205 est
3394 2189 3411 2215 ,
3440 2157 3492 2204 et
3521 2148 3669 2204 oculi
3700 2163 3780 2202 sa-

2185 2247 2384 2318 pientis
2427 2244 2479 2300 in
2520 2247 2695 2317 capite
2732 2246 2851 2311 ejus
2889 2254 3014 2299 sunt
3046 2261 3060 2297 :
3090 2244 3336 2314 sequitur
3364 2251 3421 2297 ut
3451 2243 3636 2297 omnis
3688 2257 3778 2296 no-

2186 2351 2299 2397 ster
2337 2355 2534 2396 sensus
2563 2383 2578 2407 ,
2624 2355 2799 2407 utens,
2847 2339 3128 2409 cogita'io,
3166 2353 3367 2404 sermo,
3397 2337 3685 2392 consilium
3716 2336 3780 2404 (si

2190 2453 2372 2496 tamen
2424 2440 2698 2504 sapientes
2729 2435 3012 2507 fuerimus)
3042 2438 3093 2490 in
3125 2433 3346 2490 Christo
3377 2435 3506 2490 sint.
3539 2433 3596 2490 in
3632 2431 3783 2490 Cltrio

2196 2547 2281 2593 sto
2309 2545 2488 2591 autem
2515 2533 2718 2599 Verbo,
2752 2532 2977 2598 lumine,
3004 2528 3234 2602 justitia,
3257 2527 3514 2597 veritate,
3549 2528 3783 2584 eunetis-

2186 2649 2294 2702 que
2320 2628 2629 2685 virtutibus.

2260 2723 2443 2794 (Vers.
2477 2725 2564 2784 18.
2599 2719 2714 2791 l9.)
2746 2718 2815 2774 Et
2853 2719 3086 2792 gladium
3111 2719 3347 2791 spiritus,
3377 2719 3519 2789 quod
3561 2725 3639 2771 est
3664 2732 3772 2770 rer-

2193 2820 2310 2873 buin
2355 2814 2471 2871 Dei.
2525 2814 2627 2869 Per
2665 2830 2865 2868 onmem
2913 2815 3195 2867 orationem
3245 2822 3294 2866 et
3344 2811 3779 2874 obsecrationem,

2191 2923 2398 2966 Orontes
2431 2911 2485 2964 in
2529 2909 2668 2963 onmi
2703 2917 2930 2979 tempore
2965 2908 3017 2960 in
3061 2908 3250 2977 spiritu
3286 2925 3300 2961 :
3338 2916 3386 2960 et
3414 2906 3468 2959 in
3499 2908 3616 2971 ipso
3648 2905 3776 2975 rigi-

2189 3003 2356 3058 luntes
2395 3003 2453 3057 in
2487 3003 2628 3056 omni
2667 3001 2914 3056 instantia
2945 3010 2994 3056 et
3018 3016 3198 3072 prece,
3225 2999 3387 3071 σει
3420 3014 3515 3067 pro
3539 2997 3772 3051 omnibus

2191 3099 2382 3154 sanctis
2408 3107 2455 3152 et
2482 3113 2576 3169 pro
2604 3113 2702 3152 me.
2739 3095 2831 3151 Dei
2859 3110 3040 3150 sermo
3062 3093 3132 3148 de
3156 3093 3363 3162 Spiritu
3395 3100 3591 3147 sancto
3621 3091 3733 3146 lliiit
3767 3108 3781 3146 :

2115 3160 2161 3225 Ο
2194 3196 2504 3250 οιιιιιι-ειιίιιε
2544 3209 2674 3248 vero
2723 3191 2792 3246 de
2841 3201 2984 3246 terra
3029 3189 3306 3258 loquitur,
3353 3197 3410 3242 et
3456 3188 3585 3242 inde
3625 3185 3786 3242 sumit

2193 3289 2499 3344 cxiirdium.
2538 3285 2639 3353 Qui
2677 3285 2812 3340 enim
2845 3287 2908 3337 de
2944 3293 3080 3337 terra
3113 3289 3204 3345 est,
3249 3281 3314 3334 de
3350 3290 3486 3334 terra
3523 3281 3781 3353 loquitur.

2197 3387 2298 3452 Qui
2337 3385 2400 3439 de
2439 3381 2566 3437 caelo
2602 3381 2757 3445 venit,
2781 3394 2936 3446 super
2963 3393 3137 3432 omnes
3163 3383 3236 3430 est
3267 3392 3285 3430 :
3316 3373 3381 3430 Et
3408 3376 3552 3446 quod
3585 3375 3713 3430 vidit
3735 3382 3784 3428 et

2193 3481 2392 3535 audivit
2424 3479 2519 3532 hoc
2547 3483 2758 3532 testatur
2780 3473 2962 3546 (Joan.
2993 3489 3073 3537 iit,
3102 3473 3221 3544 5i).
3245 3470 3420 3526 Porro
3448 3483 3639 3525 seruio
3664 3466 3786 3534 Dei,

2193 3573 2407 3646 gladius
2441 3571 2670 3641 spiritus
2708 3579 2811 3632 est,
2847 3568 2914 3622 de
2953 3583 3062 3638 quo
3096 3579 3244 3620 nunc
3281 3562 3478 3620 Paulus
3507 3563 3582 3618 ait
3619 3559 3791 3616 :Gla-

2196 3668 2314 3720 dius
2340 3665 2574 3732 spiritus,
2603 3663 2738 3734 quod
2768 3671 2840 3714 est
2869 3659 3072 3714 verbum
3099 3656 3194 3712 D:i
3222 3655 3410 3728 (Hebr.
3445 3656 3550 3726 tv).
3592 3654 3794 3709 Vivens

2197 3763 2397 3832 quippe
2425 3773 2608 3813 sermo
2635 3755 2724 3810 Dei
2753 3760 2809 3808 et
2834 3751 3045 3818 ellicax,
3076 3763 3126 3806 et
3155 3763 3344 3805 acutus
3371 3763 3542 3816 super
3563 3761 3787 3803 omnem

2197 3855 2433 3925 gladium
2473 3850 2811 3918 ancipitem,
2856 3855 2914 3902 et
2961 3855 3256 3917 penetrans
3299 3858 3474 3912 usque
3520 3841 3591 3897 ad
3645 3851 3795 3896 artus

2117 3950 2120 3956 '
2199 3947 2415 4011 animai,
2445 3954 2499 3998 et
2524 3943 2748 4006 ossium,
2775 3949 2827 3995 et
2851 3937 3232 3994 medullarum.
3265 3935 3364 4006 Qui
3395 3935 3629 4006 spiritus
3659 3951 3803 4007 prm-

2197 4041 2333 4095 cidit
2374 4047 2431 4093 et
2465 4035 2686 4100 dividit,
2731 4034 2959 4088 multum
3001 4031 3297 4102 proﬁciens
3326 4047 3421 4100 per
3446 4029 3788 4096 orationem,

2199 4144 2249 4188 et
2282 4130 2716 4186 obsecrationem
2745 4141 2955 4191 eorum,
2989 4123 3081 4194 qui
3119 4122 3173 4178 in
3202 4123 3350 4177 omni
3394 4129 3655 4192 tempore
3701 4122 3800 4176 Do-

2202 4229 2406 4283 minum
2444 4225 2804 4296 deprecantur
2852 4222 2904 4276 in
2949 4220 3162 4290 spiritu,
3199 4219 3354 4287 juxta
3395 4217 3535 4272 illud
3569 4236 3581 4270 :
3633 4216 3808 4270 Osabo

2200 4325 2280 4394 spi
2313 4323 2407 4393 itii,
2429 4319 2584 4376 orabo
2601 4330 2646 4373 et
2665 4315 2887 4385 mente(|
2913 4313 3030 4369 Cor.
3055 4329 3164 4380 λιν,
3191 4311 3305 4385 lii).
3323 4312 3386 4367 Et
3414 4313 3465 4366 ιιι
3498 4313 3608 4366 hoc
3644 4310 3807 4381 proli-

2200 4419 2372 4480 ciens,
2405 4427 2462 4468 ut
2488 4429 2582 4484 per
2613 4412 2848 4482 vigiliis,
2885 4419 2940 4464 et
2965 4407 3258 4462 instantem
3291 4420 3507 4474 precem
3548 4407 3795 4475 Ap-isto-

2209 4513 2291 4566 lus
2318 4512 2368 4564 in
2402 4509 2494 4564 Dei
2527 4508 2694 4562 verbo
2733 4504 3090 4572 doctrinaque
3120 4501 3343 4555 tlitctur.
3375 4497 3442 4552 Et
3470 4498 3598 4552 hac
3630 4497 3812 4553 omnis

2209 4605 2487 4675 opulentia
2521 4601 2588 4656 ad
2631 4600 2861 4654 aliormn
2908 4595 3152 4667 proticiat
3181 4593 3432 4656 salutem,
3461 4602 3522 4646 ut
3553 4591 3646 4646 eis
3681 4605 3814 4662 quo-

2206 4715 2308 4769 que
2329 4697 2458 4767 ipsis
2481 4692 2779 4766 prosit,qui
2805 4705 2901 4760 pro
2927 4704 2993 4744 eo
3021 4688 3332 4743 obsecrant.
3351 4683 3647 4753 Simulque
3674 4687 3816 4752 Apo-

2207 4793 2327 4847 stoti
2361 4789 2642 4844 humilitas
2669 4783 3006 4850 admiranda,
3035 4782 3269 4853 petentis
3299 4778 3598 4850 Ephesios,
3637 4791 3692 4832 ut
3721 4792 3815 4849 pro

2206 4902 2264 4940 se
2304 4883 2502 4939 faciant
2543 4879 2972 4936 obsecrationes.
3019 4876 3110 4930 Ait
3148 4875 3348 4946 quippe
3389 4890 3404 4927 :
3447 4869 3519 4927 In
3560 4874 3712 4927 enini
3741 4873 3824 4926 in-

2206 4979 2415 5044 stantia,
2459 4985 2506 5031 et
2545 4990 2693 5047 prece
2731 4988 2825 5046 pro
2862 4970 3099 5025 omnibus
3134 4969 3325 5023 sanctis
3361 4979 3411 5022 et
3451 4983 3554 5040 pro
3605 4981 3711 5020 me.
3757 4963 3826 5020 Ut

2213 5085 2461 5126 seorsum
2490 5081 2826 5132 sauciorum,
2858 5074 2913 5120 et
2943 5076 3192 5120 seorsum
3224 5061 3308 5118 sui
3335 5060 3546 5116 laceret
3579 5059 3828 5116 mentio-

2215 5183 2362 5224 nem.

2289 5259 2474 5333 (Vers.
2505 5257 2578 5313 20
2608 5255 2651 5328 .)
2701 5254 2766 5310 Ut
2798 5254 2924 5309 mihi
2950 5253 3102 5308 detur
3131 5268 3295 5308 sermo
3325 5251 3380 5306 in
3406 5254 3701 5320 apertione
3731 5254 3836 5309 oris

2215 5355 2336 5422 "tri,
2366 5355 2418 5408 in
2444 5351 2756 5423 conﬁdentia
2779 5360 2956 5405 notum
2987 5353 3154 5421 facere
3188 5346 3489 5418 mysterium
3520 5345 3832 5420 Evangelii,

2215 5463 2310 5520 p.‘0
2332 5463 2430 5517 quo
2461 5445 2716 5516 legatione
2737 5442 2929 5513 fungar
2951 5442 3000 5494 in
3035 5449 3216 5495 catena
3243 5453 3259 5491 :
3287 5439 3361 5492 ita
3383 5447 3436 5492 ut
3463 5437 3521 5493 in
3572 5439 3698 5509 ipso
3738 5457 3835 5494 au-

2215 5541 2364 5592 deam
2387 5547 2441 5592 ut
2461 5545 2660 5610 oportet
2683 5551 2761 5590 me
2784 5534 2944 5605 loqui.
2964 5533 3075 5589 lloc
3096 5531 3241 5604 quod
3266 5546 3410 5587 nunc
3438 5535 3518 5587 ait
3551 5551 3566 5588 :
3589 5532 3665 5589 In
3688 5552 3842 5608 aper-

2220 5635 2356 5688 tione
2379 5633 2484 5687 oris
2509 5631 2633 5694 mei;
2657 5639 2705 5684 et
2730 5629 2856 5683 alibi
2884 5648 2896 5682 :
2926 5627 2995 5681 Os
3025 5641 3192 5681 meum
3210 5626 3278 5679 ad
3301 5641 3387 5680 tios
3409 5636 3665 5699 apertum
3688 5642 3786 5698 est,
3810 5647 3839 5685 ο

2220 5727 2480 5784 Corinthii
2501 5727 2566 5802 (ll
2597 5725 2721 5781 Cor.
2754 5741 2826 5787 γι,
2858 5723 2966 5792 ll);
2991 5732 3044 5777 et
3073 5739 3088 5776 ι
3114 5723 3364 5791 Aperiens
3388 5738 3443 5777 os
3463 5741 3660 5792 suum,
3689 5727 3844 5780 doce-

2223 5824 2304 5882 bat
2326 5821 2611 5894 discipulos
2641 5832 2760 5876 suos
2789 5815 2965 5900 dicens
2991 5812 3212 5889 (Matth.
3239 5830 3291 5885 v,
3319 5812 3400 5888 2);
3423 5822 3477 5872 et
3511 5833 3526 5874 :
3561 5816 3644 5876 0s
3672 5835 3845 5880 nteant
