3962 6338
262 281 347 339 553

257 394 402 466 sperni
441 402 485 450 et
510 399 710 456 attraxi
760 403 1008 471 spiritum
1051 404 1230 478 (Psal.
1278 424 1477 480 cxvnt,

256 483 455 556 Aperiunt
501 488 553 541 in
583 493 851 563 parabolis
878 512 936 551 os
979 513 1147 553 meum
1177 498 1364 573 (Psal.
1395 483 1605 575 Lxxvn,
1633 508 1715 577 2),
1747 518 1802 565 et

251 586 411 636 cetera
454 579 532 639 bis
578 582 928 654 similia,'sic
954 592 1332 663 accipiendum
1375 599 1527 668 quasi
1557 600 1799 658 dixerit:

249 676 522 747 aperiantur
549 679 824 753 thesauri,
870 695 927 741 et
951 685 1270 745 abscondita
1312 707 1343 747 a
1372 694 1587 751 sarculis
1613 711 1802 753 sacra-

247 779 398 827 menta
417 771 738 844 pandantur,
765 784 825 832 ut
848 776 1087 850 Spiritus
1112 792 1334 841 sanctus
1378 786 1610 845 introeat
1638 789 1705 845 ad
1737 804 1802 847 ea

246 862 526 935 proferenda
554 882 677 940 qua:
700 868 933 928 latitant.
956 872 1091 931 Nam
1119 878 1262 952 quod
1294 878 1455 952 hujus
1484 884 1801 949 testimonii,

242 955 388 1025 idest,
408 966 462 1014 ut
479 958 631 1017 detur
654 964 781 1019 mihi
798 982 968 1021 sermo
984 968 1040 1023 in
1056 973 1321 1042 apertione
1343 974 1447 1030 oris
1468 977 1591 1042 mei,
1607 977 1709 1032 iste
1731 978 1803 1033 sit

242 1048 530 1117 intellectus.
551 1060 835 1127 sequentia
860 1062 1116 1131 probant.
1138 1063 1206 1119 In
1227 1066 1570 1137 conﬁdentia,
1602 1069 1799 1142 inquit,

240 1154 382 1201 notum
403 1146 566 1217 facere
593 1153 895 1223 mysterium
921 1153 1210 1230 Evangelii.
1251 1157 1601 1233 Nequaquam
1632 1162 1683 1218 in
1709 1178 1803 1233 pa-

238 1240 408 1296 rabolis
419 1251 469 1297 et
487 1245 823 1313 proverbiis:
849 1250 992 1304 sicut
1014 1260 1065 1307 et
1093 1252 1399 1326 prophetm,
1423 1256 1605 1327 etipse
1618 1256 1771 1313 Domi
1786 1288 1803 1300 ο

236 1346 318 1388 nus
339 1332 500 1390 adhuc
522 1339 857 1396 constitutus
885 1341 939 1397 in
970 1358 1205 1415 corpore
1238 1346 1557 1419 loquebatur
1577 1351 1762 1408 dicens
1784 1371 1795 1407 :

245 1426 364 1483 Venit
377 1431 496 1485 hora
506 1432 722 1501 quando
735 1451 1058 1508 nequaquam
1070 1440 1210 1495 vobis
1222 1442 1275 1495 in
1293 1442 1569 1512 proverbiis
1590 1444 1796 1515 loquar,

232 1526 307 1581 sed
312 1528 613 1598 confidenter
622 1531 689 1588 de
702 1529 864 1589 Patre
872 1535 1192 1592 annuntiabo
1204 1537 1344 1594 vobis
1356 1535 1539 1609 (Joan.
1559 1555 1591 1594 χ
1600 1538 1773 1613 vt,25)
1782 1581 1795 1595 .

232 1617 358 1675 Hunc
376 1622 715 1681 conﬁdentia:
742 1641 1080 1696 sermonem,
1110 1630 1260 1686 solus
1283 1633 1481 1703 poterit
1508 1633 1675 1707 682
1702 1635 1800 1692 ob-

230 1711 404 1780 tinere,
451 1717 542 1787 qui
577 1733 688 1774 non
718 1718 971 1778 habuerit
998 1737 1095 1778 cor
1137 1738 1199 1781 se
1235 1726 1644 1794 reprehendens
1688 1745 1702 1782 :
1737 1729 1798 1785 Si

706 283 1364 351 COMMENTARIORUM
1401 293 1471 352 IN
1510 294 1898 357 EPISTOLAM
1937 302 2029 361 AD
2070 306 2285 370 TITUM
2324 314 2552 374 LIBER.
2595 317 2982 382 PROLOGUS.

3394 339 3501 397 554

1522 414 1668 521 15):
1679 418 2149 521 |et:Ai_t.nperii',
2200 431 2268 486 de
2315 447 2537 493 carcere
2567 446 2624 493 et
2669 439 2739 495 de
2770 441 3004 500 vinculis
3054 445 3498 521 triumphantem.

1907 511 2006 569 Vel
2034 526 2186 576 certe
2209 521 2280 577 ob
2307 523 2359 580 id
2400 526 2697 600 Tychicum
2732 533 2960 591 missum
2993 553 3136 602 esse.
3163 511 3508 606 ut-vitamet

1905 614 2379 674 conversationem
2408 619 2587 691 Pauli,
2619 639 2782 697 quam
2808 628 2973 703 ωε
3013 631 3360 705 ignorabant,
3407 656 3506 697 an-

1906 700 2184 799 nuntiaret
2226 708 2340 778 eis,
2372 719 2428 768 et
2456 718 2613 785 quasi
2646 700 3253 799 quoddam'exemplar
3290 700 3507 789 vivendi

1904 790 2060 850 daret
2107 796 2447 860 discentibus
2495 820 2645 879 gesta
2696 809 2946 882 Apostoli
2976 790 3149 889 atque
3169 821 3421 892 virtutes,
3452 836 3510 883 et

1905 898 2031 941 eum
2062 888 2264 949 imitari
2288 895 2614 956 volentibus.
2650 901 2761 960 Nec
2790 921 2958 977 parva
2981 888 3106 968 esse
3133 925 3347 984 poterat
3375 888 3511 974 cou-

1904 980 2108 1039 solatio
2136 987 2382 1045 aemulari
2414 993 2774 1065 cupientium,
2809 1016 2931 1072 qua:
2975 980 3297 1075 Apostolum
3328 1012 3509 1082 egisse

1903 1088 2296 1148 cognoverant.

1979 1170 2164 1268 (vers.
2197 1175 2316 1248 25.)
2350 1177 2472 1234 Pax
2501 1183 2772 1254 fratribus,
2817 1198 2863 1243 et
2891 1189 3119 1248 charitas
3150 1213 3267 1251 cum
3298 1199 3430 1268 ﬁde,
3476 1218 3509 1253 ιι

1906 1262 2017 1320 Deo
2041 1264 2205 1325 Patre
2230 1280 2278 1325 et
2305 1270 2535 1331 Domino
2564 1277 2692 1333 Jesu
2716 1279 2943 1340 Christo.
2977 1284 3034 1342 Si
3063 1304 3164 1358 qua
3182 1289 3208 1329 ι»
3232 1262 3334 1346 alia
3364 1262 3505 1350 dona

1903 1365 2035 1413 sunt
2063 1376 2187 1430 qua:
2219 1363 2537 1424 tribuuntur
2565 1385 2595 1424 a
2627 1369 2743 1428 Deo
2773 1372 2958 1447 Patre,
3007 1388 3062 1435 et
3117 1381 3348 1440 Domino
3374 1384 3505 1440 Jesu

1902 1448 2142 1522 Christo,
2196 1457 2341 1515 inter
2370 1458 2489 1517 hinc
2518 1478 2629 1533 pax
2651 1481 2760 1522 non
2793 1467 3073 1527 minimum
3129 1476 3375 1544 possidet
3420 1479 3502 1534 lo-

1902 1559 2046 1615 cum,
2072 1564 2196 1621 qute
2224 1564 2450 1623 supcrat
2478 1572 2702 1614 onmem
2730 1574 2981 1633 sensum,
3006 1575 3059 1621 et
3083 1570 3318 1626 custodit
3339 1574 3504 1631 corda

1903 1637 2327 1717 intellectusque
2360 1658 2701 1723 sanctorum,
2732 1657 3006 1714 serenitas
3054 1662 3303 1730 quaedam
3344 1676 3509 1737 atque

1904 1734 2269 1806 tranquillitas
2312 1741 2510 1797 anima:
2536 1745 2899 1816 quiescentis,
2929 1761 2984 1808 et
3016 1754 3327 1813 universam
3361 1734 3502 1816 tem-

229 1809 343 1863 enint
360 1826 442 1865 cor
464 1822 704 1869 nostrum
730 1831 825 1871 nos
854 1832 959 1872 non
988 1818 1401 1891 reprehenderit,
1431 1822 1799 1893 conﬁdentiam
1827 1821 1878 1882 B
1906 1836 2173 1896 pestatem
2205 1840 2263 1888 et
2292 1809 2569 1892 turbinem
2600 1809 3073 1908 perturbationum
3104 1809 3326 1919 fugatis:
3363 1809 3504 1908 liuic

227 1902 435 1961 [tabanus
459 1905 530 1959 ad
556 1905 747 1975 Deum,
776 1919 823 1964 et
849 1910 1205 1985 quodcumque
1228 1914 1549 1987 petierimus,
1577 1917 1797 1991 accipie-

226 2012 317 2053 ntes
339 1999 397 2054 ob
422 2016 480 2055 eo
508 2002 554 2071 (Ι
582 1999 742 2058 Joan.
777 2004 881 2079 ιιι).
916 2005 1092 2062 Rarus
1132 2007 1319 2079 itaque
1345 2020 1433 2066 est
1462 2010 1552 2080 qui
1582 2011 1635 2065 in
1667 2024 1799 2066 con-

224 2093 414 2154 ﬁdentia
453 2105 649 2155 notum
706 2099 872 2156 faciat
926 2104 1249 2174 mysterium
1296 2105 1622 2177 Evangelii:
1673 2105 1797 2177 quia

223 2205 350 2246 rarus
383 2194 591 2265 estqui
621 2194 1008 2251 confidentiam
1059 2197 1261 2254 haheat
1308 2200 1374 2255 ad
1424 2200 1621 2259 Deum.
1671 2200 1799 2267 Quis

222 2284 335 2339 enim
355 2286 663 2357 gloriabitur
682 2298 887 2344 castum
913 2306 968 2365 se
1008 2290 1195 2346 habere
1236 2309 1322 2349 cor
1345 2309 1365 2349 :
1390 2303 1479 2348 aut
1505 2294 1619 2366 quis
1644 2293 1799 2349 stabit

222 2375 369 2433 dicens
391 2381 643 2436 mundum
666 2398 721 2436 se
749 2398 860 2439 esse
885 2400 917 2437 a
962 2386 1185 2456 peccatis
1213 2384 1402 2457 (Prov.
1436 2403 1530 2455 xx,
1563 2385 1644 2461 9).
1669 2387 1800 2445 Post

219 2466 316 2528 hac
338 2471 458 2544 quid
488 2474 567 2529 sit
605 2474 709 2531 hoc
735 2475 880 2548 quod
903 2478 982 2533 ait
1011 2494 1026 2533 :
1058 2476 1166 2534 Pro
1187 2496 1291 2551 quo
1323 2480 1580 2554 legatione
1606 2484 1797 2554 {ungor

216 2562 262 2617 in
297 2577 492 2634 catena,
547 2577 611 2623 ut
642 2578 835 2625 notum
883 2570 1142 2629 videlicet
1190 2575 1425 2631 tacerem
1470 2577 1794 2648 mysterium

216 2655 497 2732 Evangelii,
532 2661 781 2720 breviter
806 2666 1310 2739 perstringendum.
1364 2670 1431 2726 Et
1455 2670 1673 2742 quidem
1702 2672 1795 2744 qui

214 2752 510 2824 simpliciter
580 2755 876 2829 intelligit,
948 2758 1091 2816 dicet
1146 2768 1372 2832 propter
1425 2763 1795 2820 testimonium

215 2842 389 2903 Christi
435 2864 565 2905 eum
612 2849 683 2907 de
713 2865 958 2919 carcere,
987 2862 1045 2909 et
1091 2853 1162 2910 de
1202 2857 1414 2913 catenis
1445 2856 1561 2913 haec
1607 2858 1797 2915 Roma:

213 2939 423 3011 positum
444 2944 661 3015 scripta
691 2945 930 3004 misisse.
958 2947 1115 3005 Alius
1140 2959 1166 2988 λ
1190 2965 1322 3009 vero
1350 2961 1576 3023 propter
1596 2968 1798 3025 corpus

214 3029 535 3105 humilitatis,
569 3046 627 3093 et
672 3047 920 3096 catenam
950 3041 1111 3098 istam
1149 3058 1254 3115 qua
1281 3044 1711 3113 circumdamur,
1742 3055 1799 3103 et

212 3130 419 3186 necdum
440 3132 656 3190 scimus
680 3134 981 3192 secundum
1004 3137 1152 3209 quod
1179 3147 1401 3210 oportet
1424 3155 1524 3196 nos
1552 3140 1718 3208 scire,
1741 3147 1800 3197 et

211 3235 294 3296 per
310 3227 589 3299 speculum
612 3226 864 3286 videmus
892 3230 948 3287 in
971 3233 1284 3304 aenigmate,
1309 3235 1414 3291 ista
1442 3251 1568 3293 eum
1589 3237 1795 3296 dixisse

211 3321 498 3389 contendet,
529 3332 592 3380 et
609 3334 737 3380 tunc
759 3338 889 3381 vere
909 3339 1071 3393 posse
1098 3326 1151 3382 in
1173 3327 1513 3384 conﬁdentia
1540 3329 1792 3402 Evange-

210 3412 279 3485 lii,
306 3420 523 3489 aperire
553 3420 845 3493 mysteria,
865 3435 989 3478 cum
1013 3430 1265 3478 catenam
1287 3424 1623 3495 deposuerit,
1653 3432 1708 3480 et
1727 3425 1795 3482 de

209 3523 408 3570 carcere
435 3512 585 3570 liber
613 3515 812 3571 exierit
841 3532 855 3569 :
884 3515 991 3571 nisi
1020 3515 1162 3572 forte
1178 3526 1234 3572 et
1266 3516 1319 3571 in
1338 3516 1574 3574 vinculis
1589 3518 1795 3588 absque

207 3601 417 3663 vinculis
436 3607 848 3679 computandas
868 3618 975 3676 est,
1007 3608 1099 3680 qui
1127 3609 1609 3667 conversationem
1633 3610 1796 3667 habet

208 3695 252 3754 in
271 3702 439 3773 cmlis,
468 3713 528 3760 et
561 3701 633 3759 de
657 3717 767 3774 quo
795 3701 901 3760 dici
934 3711 1115 3774 potest
1141 3720 1155 3758 :
1197 3702 1301 3758 Vos
1330 3712 1507 3759 autem
1542 3720 1647 3758 non
1672 3706 1795 3760 estis

206 3790 253 3846 in
277 3811 443 3864 carne,
481 3795 583 3852 sed
610 3795 666 3850 in
686 3795 916 3868 spiritu:
947 3795 993 3851 si
1018 3804 1190 3850 tamen
1217 3796 1433 3866 spiritus
1463 3795 1557 3851 Dei
1596 3795 1796 3853 habitat

202 3885 250 3942 in
272 3891 406 3947 vobis
436 3890 624 3962 (Rom.
655 3907 772 3959 vin,
804 3891 884 3966 9).

266 3983 437 4057 (Vera.
455 3985 541 4042 .2l
556 4029 573 4057 ,
602 3985 723 4058 22.)
747 3984 817 4041 Ut
844 3995 1019 4041 autem
1037 3986 1216 4042 sciatis
1238 3994 1285 4042 et
1314 4003 1400 4042 vos
1425 4003 1543 4061 quae
1562 3987 1697 4042 circa
1716 4004 1795 4043 me

202 4076 311 4145 sint,
343 4080 473 4152 quid
502 4095 687 4152 agam,
716 4079 896 4134 omnia
922 4091 1049 4135 nota
1077 4079 1217 4134 vobis
1248 4082 1401 4152 faciet
1427 4079 1686 4153 Tgcliicus
1714 4081 1796 4135 di-

202 4166 348 4228 lectus
367 4174 559 4243 frater,
587 4180 634 4228 et
656 4171 832 4243 fidelis
859 4172 1091 4227 minister
1128 4173 1185 4227 in
1208 4169 1434 4227 Domino
1461 4188 1481 4227 :
1504 4190 1654 4245 quem
1680 4173 1798 4229 misi

200 4264 261 4316 ad
286 4279 372 4319 vos
398 4265 458 4320 in
479 4264 585 4319 hoc
599 4264 797 4336 ipsum,
826 4273 885 4318 ut
905 4265 1226 4337 cognoscatis
1241 4281 1355 4336 qua:
1372 4265 1512 4320 circa
1537 4281 1630 4320 nos
1649 4273 1791 4335 sunt,

202 4364 244 4409 et
267 4358 566 4414 consoletur
616 4356 782 4414 corda
832 4365 1023 4413 vestra.
1057 4356 1360 4429 Dupliciter
1390 4358 1620 4429 accipite
1652 4374 1667 4413 :
1697 4357 1793 4416 Vel

199 4446 311 4505 ideo
337 4450 647 4524 Tyehicum
678 4451 906 4507 missum
957 4450 1257 4521 Ephesum,
1300 4460 1360 4506 ut
1395 4451 1671 4508 nuntiaret
1716 4450 1796 4508 eis

199 4538 403 4600 vincula
442 4543 689 4617 apostoli
718 4544 874 4601 Pauli
902 4556 1028 4600 nota
1057 4544 1198 4602 facta
1225 4560 1349 4603 esse
1381 4547 1434 4602 in
1464 4546 1613 4603 omni
1650 4562 1792 4619 pra:-

1822 3210 1870 3276 C

1900 1918 2097 2013 similis
2126 1932 2213 1979 est
2240 1924 2480 1985 charitas
2506 1945 2629 1988 cum
2677 1933 2808 2001 lide,
2853 1952 3012 2004 quam
3041 1948 3097 1995 et
3139 1918 3312 2013 ipsam
3344 1944 3506 2002 simul

1901 2008 2042 2066 Deus
2074 2012 2237 2072 Pater
2266 2016 2434 2075 donat
2464 2029 2521 2077 et
2541 2020 2736 2093 Filius,
2790 2035 2850 2083 ut
2897 2008 3191 2101 diligamus
3232 2035 3401 2093 Deum
3433 2036 3503 2094 de

1901 2110 2015 2158 toto
2061 2107 2250 2177 corde,
2302 2121 2356 2167 et
2389 2115 2670 2184 proximos
2716 2117 2860 2176 sicut
2889 2125 3276 2199 nosmetipsos,
3318 2138 3375 2186 et
3405 2145 3509 2203 pro

1900 2194 2143 2255 inimicis
2180 2206 2385 2259 nostris
2435 2223 2746 2275 precemur.
2784 2212 2931 2270 llanc
2957 2194 3145 2287 paceni
3177 2231 3232 2276 et
3262 2194 3504 2280 cltarita~

1902 2298 2043 2361 tem,
2104 2308 2266 2366 quam
2316 2298 2672 2358 credentibus
2702 2306 2998 2375 Apostolus
3050 2310 3400 2383 imprecatur,
3449 2316 3503 2373 hi

1900 2391 2113 2443 tantum
2136 2386 2363 2461 habent,
2395 2395 2485 2465 qui
2504 2394 2733 2453 fratrum
2756 2400 2980 2458 nomine
3000 2416 3279 2463 merentur
3295 2414 3503 2467 vocari.

1902 2475 2023 2575 Pax
2050 2482 2250 2554 quippe
2278 2486 2546 2556 fratribus,
2579 2499 2628 2545 et
2658 2490 2888 2548 charitas
2934 2513 3050 2550 cum
3102 2499 3206 2566 ,‘ide
3256 2512 3304 2556 ct
3353 2520 3501 2575 pace.

1900 2567 2072 2640 Igitur
2097 2582 2152 2630 et
2181 2576 2505 2636 charitatcm
2551 2591 2606 2637 et
2655 2583 2815 2640 [idem
2872 2586 2949 2641 sic
3006 2588 3166 2646 Pater
3194 2567 3417 2663 prmstat
3447 2606 3505 2653 ut

1900 2662 2069 2722 Filius
2098 2683 2113 2723 :
2145 2678 2200 2724 et
2229 2669 2453 2730 liceresis
2482 2674 2841 2747 obmutescit,
2870 2698 2993 2753 qua:
3026 2700 3132 2741 non
3165 2688 3277 2744 vult
3307 2691 3501 2749 eadem

1902 2754 2101 2816 Filium
2130 2778 2295 2833 posse
2323 2782 2443 2837 qua:
2470 2767 2709 2827 Patrem.

1972 2851 2155 2949 (Vers.
2201 2856 2323 2931 24.)
2371 2858 2554 2917 Gratia
2596 2880 2713 2920 cum
2754 2869 2990 2925 omnibus
3018 2874 3106 2940 qui
3136 2874 3358 2949 diligunt
3392 2877 3503 2934 Do-

1899 2947 2099 3004 minum
2118 2947 2299 3008 Iesum
2325 2953 2588 3012 Christum
2612 2958 2665 3014 in
2703 2960 3110 3034 incorruptione.
3148 2947 3329 3025 Ant—en.
3353 2971 3505 3030 Non-

1900 3041 2033 3097 nulli
2057 3042 2159 3101 hoc
2181 3045 2251 3100 ita
2278 3047 2624 3122 interpretati
2656 3062 2802 3120 sunt,
2827 3065 2886 3109 ut
2908 3057 3076 3132 684
3096 3076 3220 3117 eum
3246 3074 3502 3134 putarent

1901 3133 2129 3208 diligere
2160 3135 2448 3196 Dominum
2485 3154 2733 3201 nostrum
2766 3146 2952 3205 Jesum
2975 3150 3277 3223 Christum,
3310 3159 3403 3229 qui
3434 3160 3503 3216 ab

1899 3231 2157 3301 operibus
2183 3239 2562 3309 corruptionis
2592 3241 2802 3298 alienus
2821 3243 2915 3310 sit,
2942 3260 3111 3317 opera
3133 3255 3507 3324 corruptionis

1899 3322 1952 3377 in
1984 3324 2130 3380 coitu
2176 3328 2501 3386 sentientes.
2542 3331 2695 3391 Unde
2743 3345 2798 3391 et
2843 3341 3182 3398 consuetudo
3230 3354 3284 3399 et
3305 3322 3503 3405 sermo

1899 3419 2138 3491 vulgaris
2166 3423 2539 3497 incorruptos,
2561 3428 2807 3500 virgines
2820 3443 3000 3503 vocat,
3031 3452 3237 3510 eosque
3268 3442 3361 3513 qui
3389 3444 3503 3500 coi—

1901 3520 2012 3568 tum
2043 3516 2288 3573 nesciant
2335 3518 2683 3577 feminarum.
2732 3522 3033 3599 Corruptos
3082 3546 3213 3587 vero
3239 3549 3358 3604 eos,
3408 3538 3498 3609 qui

1898 3605 2211 3665 istiusmodi
2253 3609 2662 3683 degustaverint
2693 3616 3052 3690 voluptatem.
3094 3624 3236 3682 Illud
3284 3605 3500 3703 quoque

1898 3701 2273 3760 testimonium
2320 3716 2645 3778 coaptantes
2674 3726 2689 3767 :
2736 3711 2799 3768 Si
2834 3714 2950 3784 quis
2979 3719 3228 3788 templum
3261 3720 3359 3776 Dei
3386 3701 3503 3779 cor-

1898 3796 2115 3868 rumpit,
2154 3808 2444 3872 corrumpet
2501 3800 2652 3857 illum
2697 3801 2906 3876 Deus(l
2936 3806 3055 3862 Cor.
3102 3824 3180 3877 ιιι,
3231 3811 3341 3883 l7).
3392 3815 3498 3872 Sed

1896 3890 2085 3946 nescio
2136 3906 2204 3946 an
2261 3892 2364 3948 hoc
2414 3894 2633 3951 valeant
2667 3898 2962 3968 explanare
3004 3901 3148 3971 quod
3194 3905 3500 3965 scribitur;

1902 3982 2265 4059 Unusquisque
2292 3991 2558 4060 proprium
2593 3989 2745 4045 habet
2789 3991 2982 4046 donum
3006 4010 3039 4047 a
3060 3993 3167 4049 Deo
3190 4012 3209 4051 :
3229 3997 3363 4053 alius
3386 4001 3503 4070 qui-

1898 4078 2014 4133 dem
2041 4080 2137 4145 sic,
2170 4087 2215 4134 et
2243 4080 2379 4136 alius
2404 4082 2478 4137 sic
2501 4080 2661 4155 (Ibid.
2685 4099 2780 4148 vn,
2817 4085 2894 4154 7).
2921 4084 3213 4143 Videamus
3243 4090 3409 4162 igitur
3431 4110 3499 4150 ue

1898 4170 2039 4227 forte
2062 4173 2257 4228 melius
2285 4174 2357 4229 sit
2385 4190 2548 4231 omne
2570 4186 2851 4247 peccatum
2874 4180 3278 4250 corruptionem
3303 4185 3501 4241 anima-

1898 4263 2226 4336 intelligere,
2263 4275 2323 4322 et
2356 4280 2453 4323 cos
2482 4268 2573 4338 qui
2601 4281 2631 4322 a
2662 4282 2890 4339 peccato
2922 4269 3078 4326 liberi
3121 4285 3271 4340 sunt,
3321 4277 3501 4333 inror-

1899 4363 2090 4427 ruptos
2138 4356 2322 4413 vocari
2361 4373 2375 4415 :
2409 4358 2481 4415 ita
2528 4366 2589 4414 ut
2636 4359 2926 4433 diligentes
2977 4361 3261 4422 Dominum
3309 4369 3497 4425 Jesum

1900 4450 2200 4518 Christum,
2218 4451 2271 4506 in
2290 4450 2704 4525 incorruptione
2727 4454 2856 4521 sint,
2879 4454 3004 4511 dum
3032 4460 3236 4527 peccati
3265 4461 3498 4519 vinculis

1902 4559 2010 4599 non
2054 4553 2331 4613 tenentur,
2360 4553 2415 4601 et
2443 4560 2567 4602 cum
2617 4546 2697 4602 eis
2738 4556 2821 4602 est
2863 4548 3034 4619 gratia
3069 4550 3182 4606 Dei.
3217 4551 3498 4625 Simulque

196 4636 356 4705 torio,
388 4646 450 4694 et
487 4615 756 4694 catenam
798 4637 948 4693 illius
992 4638 1058 4694 ad
1087 4637 1248 4696 iidem
1281 4638 1566 4712 Evangelii
1613 4615 1797 4712 prole-
1818 4615 1873 4677 Ῐ)
1899 4636 2141 4693 arbitror
2170 4636 2238 4693 ad
2265 4637 2676 4695 distinctionem
2706 4615 2897 4696 eorum
2927 4642 3022 4714 qui
3053 4645 3279 4717 diligunt
3315 4615 3497 4705 Domi-

195 4726 350 4797 cisse,
384 4746 457 4787 eo
490 4739 742 4800 tempore
772 4746 881 4799 quo
908 4738 965 4787 et
987 4729 1055 4786 ad
1085 4730 1439 4787 Colossenses
1466 4732 1687 4804 scripsit
1712 4732 1795 4787 di-

192 4835 362 4881 cens:
394 4825 533 4893 Qui:
582 4824 723 4879 circa
755 4841 834 4880 me
879 4834 1018 4888 sunt.
1073 4826 1245 4879 omnia
1292 4835 1414 4879 nota
1460 4826 1600 4880 vobis
1645 4826 1803 4897 faciet

194 4912 447 4988 Tgcaicus
476 4920 644 4993 frater
671 4920 913 4988 dilectus,
951 4930 998 4974 et
1045 4920 1297 4986 minister,
1348 4929 1395 4976 et
1440 4936 1714 4992 conservus
1744 4922 1797 4976 in

189 5008 414 5069 Domino
429 5030 449 5069 :
473 5031 627 5085 quem
652 5014 771 5068 misi
789 5013 857 5068 ad
868 5030 954 5069 vos
980 5014 1041 5068 ob
1068 5013 1166 5067 hoc
1191 5015 1382 5081 ipsum,
1403 5024 1459 5069 ut
1480 5016 1797 5087 cognoscatis

190 5119 299 5174 quc
338 5106 487 5161 circa
516 5124 612 5162 nos
658 5114 823 5161 sunt:
852 5116 899 5160 et
935 5106 1229 5161 consoletur
1277 5108 1438 5163 corda
1480 5118 1647 5162 vestra
1683 5126 1795 5163 run

192 5193 436 5254 Onesimo
487 5198 792 5253 charissima
821 5206 869 5251 et
913 5196 1055 5265 ﬁdeli
1080 5197 1269 5268 fratre,
1298 5198 1385 5268 qui
1427 5206 1502 5253 est
1531 5215 1593 5254 ea:
1636 5198 1797 5267 vobis,

192 5288 277 5358 qui
303 5292 491 5347 omnia
509 5306 628 5363 quis
651 5289 738 5345 hic
777 5302 1024 5365 aguntur,
1057 5301 1182 5346 nota
1211 5291 1368 5362 faciet
1406 5291 1545 5347 vobis
1575 5292 1799 5365 (Coloss.

188 5395 258 5451 tv,
306 5383 341 5439 7
371 5383 572 5457 seqq.).
620 5383 859 5442 Grandis
910 5385 1054 5441 enim
1096 5386 1399 5442 consolatio
1428 5398 1575 5455 erat,
1610 5387 1800 5445 audire

188 5472 419 5534 Paulum
444 5477 635 5534 Roma:
667 5477 720 5534 in
753 5477 977 5535 domina
1001 5478 1245 5549 urbium,
1266 5489 1319 5536 et
1347 5479 1400 5535 in
1416 5494 1548 5537 arce
1570 5479 1797 5538 Romani

258 5698 490 5774 {Hunc
526 5712 652 5774 esse
689 5697 1005 5774 Origenem,
1054 5713 1216 5755 nemo
1243 5715 1354 5774 non
1385 5700 1674 5774 intelliget,
1708 5703 1798 5772 qui

187 5768 242 5842 in
273 5768 397 5842 eius
450 5772 673 5841 scriptis
718 5768 985 5842 tantisper
1014 5781 1262 5827 versatus
1309 5773 1400 5828 sit.
1435 5768 1799 5842 Quamobrem

188 5838 398 5899 frustra
426 5851 518 5901 est
544 5838 808 5910 Ruﬁnus,
852 5838 941 5913 qui
977 5842 1069 5898 lib.
1107 5859 1120 5897 I
1150 5838 1479 5899 Invectivam
1526 5861 1674 5901 nunt.
1708 5848 1798 5915 40,

528 5940 803 6003 ΡΑτιιοι..
853 5941 1086 6006 XXVI.

1900 4730 2225 4787 numJesum
2251 4730 2552 4800 Christum,
2579 4732 2673 4791 sed
2706 4749 2815 4791 non
2839 4736 2892 4791 in
2920 4738 3329 4811 incorruptione
3354 4761 3497 4802 nunc

1901 4826 2161 4896 positum,
2211 4841 2307 4882 eos
2352 4825 2583 4897 gratiam
2633 4827 2840 4885 habere
2884 4829 3107 4899 Christi,
3140 4835 3231 4906 qui
3269 4836 3501 4909 diligant

1901 4935 2024 4976 eum
2060 4921 2112 4975 in
2146 4922 2582 4992 incorruptione.
2629 4923 2827 4990 Quanti
2867 4927 3010 4981 enim
3043 4928 3272 5000 diligunt
3315 4932 3499 4988 Domi-

1903 5030 2057 5082 num,
2090 5014 2262 5084 parati
2290 5014 2499 5082 exsilia,
2529 5017 2701 5082 parati
2727 5018 3007 5089 martyr-ia,
3032 5022 3209 5090 parati
3240 5024 3499 5095 inopiam,

1903 5115 1959 5163 ct
1988 5107 2168 5163 omnia
2195 5124 2295 5180 pro
2322 5122 2388 5164 eo
2416 5109 2869 5165 contumeliarum
2898 5126 3102 5180 genera
3124 5117 3423 5183 sustinere,
3447 5127 3503 5173 et

1904 5200 2256 5257 nihilominus
2277 5201 2459 5256 carnis
2481 5201 2738 5274 passione
2759 5211 3088 5272 superantur
3111 5220 3125 5258 :
3149 5205 3245 5260 sed
3275 5204 3360 5260 his
3393 5221 3498 5263 non

1903 5295 2237 5366 imprecatur
2272 5295 2572 5373 Apostolus
2600 5295 2827 5368 gratiam
2862 5298 3026 5367 :quia
3069 5298 3242 5370 gratia
3289 5300 3503 5357 Domini

1902 5396 1987 5443 est
2031 5403 2152 5443 cum
2204 5387 2462 5443 omnibus
2517 5389 2608 5459 qui
2680 5387 2909 5459 diligunt
2968 5403 3095 5444 eum
3148 5390 3201 5445 in
3260 5391 3507 5449 incorru-

1905 5483 2110 5553 ptione.

1910 5702 2029 5779 haec
2042 5705 2210 5779 quasi
2236 5705 2551 5779 llierouymi
2581 5708 2796 5779 propria
2824 5706 3215 5762 calumniatur.

1983 5775 2286 5851 bgltetinuit
2317 5775 2697 5849 Μυιίἷειιιιιὲιιει,⁷
2732 5778 2794 5834 Si
2843 5794 2945 5849 qua
2991 5779 3161 5835 aliena
3204 5780 3364 5851 (Iona,
3397 5792 3505 5840 etc.

1909 5846 2136 5906 Leviora
2161 5864 2285 5906 mox
2312 5852 2664 5922 castigamus.

2894 5951 2972 6013 18
