3962 6338
467 286 577 349 555
1680 289 1739 348 S.
1784 284 2050 349 EUSEBII
2094 286 2475 349 HIERONYMI
3664 291 3756 353 556

1073 594 1219 719 ε.
1290 600 2011 723 ausum:
2082 567 3210 747 manorum,

1535 775 2103 843 STRIDONENSIS
2144 774 2666 853 PRESBYTER],

1239 933 3001 1069 COMMENTARIORUM

538 1171 782 1332 IN
913 1164 2327 1333 EPISTOLAM
2466 1165 2784 1329 Al)
2918 1161 3721 1330 TITUM

1726 1432 2073 1518 LIBER
2147 1434 2510 1522 UNUS.

1602 1869 1609 1874 Α
1758 1694 2475 1878 ﬁnitoque.

520 2056 882 2135 εδδ-686
915 2054 1071 2115 Licet
1115 2070 1225 2113 non
1256 2054 1369 2112 sint
1404 2051 1559 2124 digni
1586 2050 1717 2119 lide,
1762 2050 1857 2125 qui
1889 2050 2053 2107 ﬁdem
2079 2046 2131 2107 A
2159 2046 2260 2121 ipsi
2292 2064 2405 2107 non
2425 2052 2761 2111 erubescunt
2794 2054 2931 2114 falsa
2962 2057 3244 2117 simulare.
3294 2058 3407 2117 Sed
3433 2069 3460 2099 ι
3491 2060 3753 2120 Tatianus

453 2155 686 2227 primam
720 2151 937 2208 irritam
959 2149 1229 2217 fecerunt,
1259 2147 1593 2205 Marcionem
1630 2144 1826 2216 loquor
1866 2152 1924 2201 et
1948 2142 2047 2199 Ba—
2154 2140 2555 2201 Encratitarum
2581 2147 2935 2219 patriarchas,
2961 2150 3124 2224 quiet
3144 2152 3262 2224 ipse
3286 2154 3573 2211 nonnullas
3598 2155 3752 2213 Pauli

446 2246 690 2314 silidem,
717 2253 773 2303 et
795 2258 985 2302 omnes
1016 2241 1307 2300 haereticos
1330 2241 1424 2312 qui
1445 2247 1602 2299 vetus
1627 2237 1839 2297 laniant
1861 2235 2051 2294 Testa-
2153 2235 2415 2304 epistolas
2441 2238 2772 2307 repudiavit,
2808 2241 2949 2299 hanc
2981 2244 3075 2300 vel
3115 2245 3374 2311 maxime,
3406 2246 3511 2303 hoc
3545 2255 3663 2315 est,
3688 2247 3753 2304 ad

447 2349 694 2397 mentum
727 2355 742 2395 :
772 2346 953 2396 tamen
994 2349 1091 2392 eos
1139 2332 1322 2407 aliqua
1346 2348 1416 2392 ex
1448 2341 1605 2404 parte
1654 2330 1953 2397 ferremus,
2002 2327 2051 2384 si
2153 2325 2360 2396 Titum,
2392 2327 2642 2401 Aposmli
2672 2336 3132 2402 pronuntiandam
3159 2338 3431 2406 credidit;
3466 2341 3755 2412 parvipen-

443 2436 641 2493 saltem
665 2433 718 2487 in
752 2446 893 2489 novo
921 2429 1274 2488 continerent
1308 2441 1508 2485 manus
1530 2440 1661 2483 suas
1691 2443 1705 2479 :
1730 2436 1787 2482 et
1816 2440 1926 2479 non
1952 2438 2049 2479 au—
2152 2420 2288 2477 dens
2321 2418 2617 2479 Marcionis
2641 2433 2697 2482 et
2736 2427 2994 2493 aliorum,
3025 2430 3114 2501 qui
3143 2445 3267 2487 cum
3296 2446 3363 2489 eo
3385 2431 3441 2488 in
3465 2431 3571 2488 hac
3604 2443 3756 2504 parte

447 2526 647 2582 derent
672 2522 878 2579 Christi
915 2522 1002 2595 (ut
1032 2520 1138 2592 ipsi
1164 2518 1439 2592 jactitant)
1469 2516 1606 2576 boui
1650 2514 1747 2572 Dei
1778 2513 1931 2580 Filii,
1964 2512 2049 2570 vel
2151 2516 2531 2587 consentiunt,
2568 2519 2956 2580 assertionem.
2988 2523 3195 2581 Scribit
3237 2526 3402 2597 igitur
3432 2529 3757 2599 Apostolus,

442 2617 814 2690 evangelistas
842 2615 1074 2683 violare,
1102 2612 1192 2670 vel
1231 2611 1533 2684 apostolos.
1569 2609 1726 2667 Nunc
1768 2623 1897 2663 vero
1924 2620 2048 2663 cum
2151 2625 2185 2668 o
2209 2611 2377 2670 Paula
2406 2622 2463 2670 et
2502 2615 2887 2684 Eustochium,
2919 2619 2986 2676 de
3017 2619 3265 2691 Nicopoli
3285 2637 3406 2692 qua:
3432 2621 3491 2677 in
3523 2622 3757 2681 Actiaco

443 2721 502 2769 et
552 2712 849 2783 Evangelia
914 2708 1034 2780 ejus
1088 2705 1495 2778 dissipaverint,
1548 2715 1605 2760 et
1669 2701 2007 2773 apostolorur

2192 2715 2332 2765 ttore
2379 2710 2513 2772 sita.
2560 2727 2707 2768 nunc
2754 2714 3124 2787 possessionis
3166 2720 3197 2759 ιι
3238 2727 3440 2772 vestra:
3486 2731 3619 2787 pars
3671 2718 3756 2775 vel

443 2804 733 2879 epistolas,
778 2817 885 2858 non
941 2799 1331 2873 Apostolorum
1381 2795 1584 2853 Christi
1616 2794 1850 2853 fecerint
1897 2807 2041 2861 esse,
2150 2801 2387 2858 maxima
2416 2812 2543 2869 est;
2585 2814 2640 2861 et
2669 2805 2865 2863 scribit
2891 2807 3253 2885 687.683
3282 2809 3351 2866 ad
3378 2810 3563 2867 τίωη,
3592 2810 3756 2868 disci.

442 2898 543 2957 sed
588 2896 861 2968 proprias,
908 2895 1080 2950 miror
1128 2890 1403 2964 quomodo
1450 2889 1561 2946 sibi
1608 2886 2006 2944 Christianorut

2191 2895 2332 2953 ulum
2361 2912 2541 2960 suum.
2575 2909 2629 2955 et
2660 2901 2716 2955 in
2759 2898 2983 2957 Christo
3030 2902 3200 2959 lilium
3242 2919 3407 2975 quem
3457 2904 3645 2960 Creta:
3669 2921 3755 2961 re-

443 3010 653 3065 nomen
699 2991 944 3049 audeant
1001 2987 1299 3045 vindicare.
1353 2984 1424 3044 Ut
1489 2984 1641 3042 enim
1710 2983 1779 3040 de
1830 2982 2045 3040 Galeris
2146 2988 2379 3062 liquerat
2408 2991 2475 3047 ad
2524 2991 2803 3051 Ecclesias
2834 2995 3226 3054 instruendas:
3277 2998 3653 3069 prtecepitque
3678 3000 3753 3064 ei,

443 3085 712 3160 Epistolis
758 3094 993 3151 taceam,
1041 3081 1109 3137 de
1144 3080 1343 3154 quibus
1391 3077 1656 3150 quidquid
1708 3076 2045 3161 contrarium
2146 3089 2206 3137 ut
2261 3097 2384 3140 cum
2418 3099 2447 3140 e
2482 3084 2697 3143 duobus
2744 3086 3024 3153 Artemas.
3068 3105 3173 3148 seu
3213 3090 3490 3163 Tychicus
3528 3091 3756 3150 Cretam

440 3202 542 3243 suo
589 3183 837 3256 dogmati
880 3183 1161 3249 viderant,
1209 3190 1530 3248 eraserunt,
1574 3178 1869 3235 nonnullas
1904 3177 2043 3234 inte-
2146 3173 2311 3232 fuerit
2357 3178 2650 3247 appulsus,
2714 3180 2832 3251 ipse
2904 3181 3215 3253 Nicopolim
3265 3186 3473 3242 veniat.
3534 3185 3757 3244 Justum

441 3294 571 3353 gras
612 3274 981 3350 repudiandus
1007 3274 1368 3335 crediderunt
1413 3291 1426 3327 :
1467 3272 1537 3330 ad
1578 3272 1924 3329 Timotheum
1964 3272 2044 3327 vi-
2143 3269 2344 3342 quippe
2370 3267 2476 3342 [AL
2506 3266 2661 3344 quia]
2687 3282 2831 3341 erat,
2854 3283 2913 3331 ut
2936 3275 3029 3331 ille
3056 3276 3150 3347 qui
3176 3277 3418 3344 dixerat,
3444 3277 3758 3334 sollicitudo

440 3371 637 3428 delicet
670 3381 982 3442 utramque,
1006 3367 1076 3424 ad
1105 3367 1389 3434 Hebraeos,
1435 3374 1495 3424 et
1518 3366 1587 3422 ad
1632 3366 1841 3432 Titum,
1879 3379 2040 3436 quam
2145 3377 2259 3417 mea
2287 3362 2515 3417 omnium
2545 3362 2893 3421 Ecclesiarum
2916 3384 2933 3421 :
2958 3380 3014 3425 et
3039 3370 3129 3439 qui
3156 3370 3514 3441 Evangelium
3543 3371 3758 3428 Christi

438 3478 589 3520 nunc
633 3477 897 3520 conamur
942 3476 1239 3533 exponere.
1293 3459 1361 3516 Et
1413 3459 1683 3531 siquidem
1744 3457 2043 3516 redderent
2070 3493 2120 3554 Β
2145 3472 2315 3528 usque
2343 3458 2410 3513 ad
2433 3459 2717 3531 Illyricum
2748 3461 2814 3517 de
2837 3461 3197 3537 Jerosolymis
3222 3466 3601 3537 proﬁciscens,
3635 3471 3761 3522 fun-

438 3571 654 3625 causas,
700 3570 799 3613 cur
832 3568 931 3612 eas
960 3553 1207 3627 Apostoli
1232 3567 1345 3608 non
1382 3560 1660 3622 putarent,
1702 3560 2041 3607 tentaremus
2070 3548 2114 3554 ”
2144 3548 2387 3620 daverat,
2419 3568 2528 3608 non
2550 3562 2832 3623 pateretur
2852 3565 2909 3612 et
2929 3557 3079 3613 suiet
3102 3558 3211 3615 Titi
3238 3558 3493 3616 absentia
3514 3560 3763 3618 Creten-

442 3651 653 3724 aliquid
703 3649 1075 3724 respondere,
1112 3658 1168 3705 et
1193 3647 1427 3703 forsitan
1456 3645 1776 3703 satisfacere
1825 3645 2038 3702 lectori.
2145 3659 2238 3701 ses
2267 3659 2389 3705 esse
2414 3646 2711 3714 desertos;
2748 3664 2777 3703 a
2809 3648 3006 3720 quibus
3037 3651 3272 3723 primum
3307 3651 3645 3711 idololatria:
3672 3670 3764 3710 se-

438 3745 597 3803 Nunc
646 3760 778 3802 vero
832 3761 955 3801 cum
988 3741 1246 3800 haeretica
1300 3740 1632 3798 auctoritate
1686 3741 2041 3811 pronuntient
2146 3737 2290 3793 mina
2321 3737 2701 3808 pullularunt:
2743 3742 2838 3798 sed
2879 3744 3127 3799 mitteret
3156 3745 3233 3801 eis
3277 3761 3375 3817 pro
3407 3761 3472 3803 se
3515 3756 3581 3803 et
3632 3748 3766 3805 Tito

442 3847 499 3896 et
519 3838 747 3897 dicant:
788 3837 885 3894 Illa
925 3835 1155 3908 epistola
1184 3833 1339 3889 Pauli
1385 3841 1491 3899 est,
1526 3832 1641 3887 hazc
1686 3845 1792 3887 non
1836 3840 1948 3897 est;
1975 3846 2038 3887 ea
2142 3828 2430 3897 Arteman,
2473 3832 2558 3887 vel
2591 3832 2914 3904 Tychicum,
2943 3851 3177 3907 quorum
3213 3836 3469 3897 doctrina
3495 3848 3559 3897 et
3611 3842 3767 3897 sola-

439 3936 770 3993 auctoritate
815 3930 993 3990 refelli
1036 3946 1097 3987 se
1127 3945 1226 4001 pro
1275 3927 1508 3985 veritate
1559 3924 1884 3998 intelligant,
1932 3940 2036 3997 qua
2148 3923 2224 3980 tio
2260 3923 2703 3981 confoverentur.

512 4107 541 4136 ι
578 4094 781 4155 Recole
808 4108 930 4163 qua:
961 4090 1126 4163 paulo
1164 4087 1419 4160 superius
1445 4085 1497 4141 in
1528 4100 1650 4156 cap.
1700 4082 1733 4140 6
1758 4084 1825 4140 ad
1855 4081 2033 4139 Galat.
2145 4079 2289 4163 quod
2340 4091 2469 4163 post
2510 4080 3150 4163 iiiero_n_yn_mm__gr_umii
3197 4085 3405 4157 p33,?”
3444 4088 3770 4163 39,59,qu

446 4168 513 4226 de
542 4152 774 4224 Tatiano
812 4152 1067 4221 diximus.
1235 4152 1247 4160 ’
1600 4152 1614 4156 “
1712 4227 1753 4229 η
1881 4226 1891 4229 _
1977 4226 1988 4229 _
2146 4152 2643 4229 sentiunt,_deben
2676 4152 2765 4211 hic
2792 4155 3050 4229 intotiigj,
3074 4152 3227 4229 uta-5
3248 4152 3623 4229 ρσεωάωίι,
3656 4160 3768 4218 γε.

518 4239 546 4279 δ
586 4238 853 4310 Equidem
882 4250 990 4310 non
1020 4234 1270 4310 Thracia
1299 4229 1586 4310 Nicepolin
1619 4229 1672 4284 in
1708 4226 2040 4310 Macedonia:
2147 4225 2441 4310 rum‘quod
2483 4224 2602 4309 [nec
2635 4224 3181 4310 possessionis‘Paulie
3211 4224 3269 4285 ei
3303 4231 3602 4289 Eustachii
3636 4250 3770 4310 pars

442 4298 664 4376 ﬁnibus;
684 4309 830 4379 quod
870 4307 1051 4366 Grmci
1087 4306 1391 4379 scriptores
1432 4298 1682 4379 plerique
1715 4306 2038 4379 autumant;
2148 4298 2682 4379 esset-vetptaxima,
2717 4299 2860 4356 haud
2884 4299 3020 4366 scio,
3067 4301 3263 4371 quibus
3297 4311 3550 4361 veterum
3601 4298 3769 4361 testi-

439 4366 853 4453 sedWNico'polin
886 4379 1033 4450 Epiri
1064 4366 1258 4433 urbem
1289 4366 1448 4432 secus
1483 4371 1792 4428 Ambracia:
1837 4370 2038 4437 sinum,
2150 4368 2351 4424 moniis
2376 4366 2497 4425 aliis
2528 4368 2860 4427 confirmem.

439 4513 3767 4542 MM

1471 4636 2126 4751 INCIPIT
2191 4638 2704 4754 LIBER.

1844 4822 2303 4846 *νώ-

502 4944 662 5020 (Cap.
696 4942 986 5002 l.-—Vers.
1022 4938 1323 5014 1.),Paulus
1349 4953 1524 4993 servus
1555 4933 1693 4991 Dei:
1724 4934 2029 5010 Apostolus,
2058 4936 2106 5001 C
2135 4937 2431 5011 adoptionis
2460 4936 2586 5010 '[AL
2645 4937 2800 4994 addit
2862 4938 3142 5013 ﬁliorum],
3199 4941 3254 4997 in
3297 4957 3401 5014 quo
3449 4942 3774 5003 clamamus

434 5050 605 5097 autem
668 5037 797 5094 Jesu
844 5035 1059 5093 Christi.
1111 5035 1169 5090 In
1226 5031 1465 5105 Epistula
1514 5029 1580 5085 ad
1635 5031 1907 5085 Romanos
1958 5034 2033 5087 ita
2142 5029 2307 5100 Abba,
2338 5027 2498 5084 Pater
2525 5028 2709 5103 (Rom.
2731 5030 2995 5103 “11,98),
3031 5046 3217 5089 verum
3250 5033 3449 5092 nobilis
3468 5036 3773 5107 servitus,

432 5147 661 5190 exorsus
708 5140 792 5186 est
839 5148 851 5184 :
910 5127 1114 5183 Paulus
1164 5142 1339 5181 servus
1392 5122 1519 5179 Iesu
1572 5122 1765 5178 Christi
1820 5135 2031 5179 vocatus
2139 5124 2208 5180 de
2252 5139 2360 5197 qua
2406 5134 2466 5180 et
2502 5123 2674 5180 David
2726 5124 2791 5180 ad
2826 5124 2994 5181 Deum
3040 5126 3282 5196 loquitur
3312 5145 3332 5183 :
3390 5127 3501 5201 Ego
3564 5146 3775 5187 servm

433 5224 738 5295 Apostolus.
795 5222 852 5278 In
914 5219 1017 5276 hac
1064 5228 1248 5273 autem
1306 5230 1523 5270 servum
1573 5229 1632 5271 se
1682 5213 1777 5270 Dei
1828 5213 1959 5268 dicit
2009 5230 2024 5269 :
2139 5225 2279 5284 tuus,
2324 5217 2467 5288 ﬁlius
2519 5216 2729 5273 ancilla:
2768 5226 2871 5273 tua:
2904 5215 3080 5290 (Psal.
3128 5236 3260 5287 cxv,
3296 5217 3408 5290 {6).
3456 5216 3526 5276 Et
3586 5220 3777 5281 beata

430 5318 758 5389 ApoStolum
799 5330 933 5370 vero
962 5310 1091 5370 Jesn
1120 5309 1342 5366 Christi.
1370 5307 1424 5365 Si
1456 5309 1602 5363 enim
1656 5307 1816 5363 Pater
1846 5315 1894 5362 et
1932 5305 2026 5361 Fi-
2136 5308 2302 5364 Maria
2335 5308 2405 5364 ad
2435 5309 2702 5378 Angelum
2751 5327 2763 5363 :
2813 5306 2946 5365 Ecce
2967 5310 3165 5366 ancilla
3193 5308 3429 5378 Domini,
3474 5312 3581 5381 ﬁat
3629 5316 3780 5371 mihi

424 5414 527 5469 lius
556 5427 720 5467 unum
755 5418 901 5472 sunt,
944 5416 998 5463 et
1028 5409 1119 5477 qui
1161 5402 1460 5460 crediderit
1501 5401 1554 5456 in
1586 5398 1804 5463 Filium.
1853 5399 2024 5456 credit
2133 5403 2413 5457 secundum
2445 5403 2553 5477 [AL
2578 5400 2759 5477 juxta]
2784 5403 2994 5459 verbum
3021 5414 3164 5458 tuum
3191 5402 3347 5476 (Luc.
3381 5422 3418 5472 ι,
3442 5404 3565 5474 38’).
3604 5408 3778 5466 lianc

423 5508 552 5562 etin
588 5507 805 5560 Patrem
836 5521 848 5556 :
882 5501 1115 5556 servitus
1140 5487 1355 5569 quoque
1384 5493 1758 5551 indilferenter
1789 5493 2022 5562 apostoli
2129 5492 2446 5551 servitutem
2489 5495 2681 5552 habuit
2718 5504 2775 5552 et
2823 5496 3056 5570 Moyses,
3088 5496 3155 5554 de
3192 5513 3306 5569 quo
3348 5498 3644 5556 Dominus
3696 5503 3778 5558 ad

418 5600 596 5665 Pauli,
622 5596 708 5653 vel
737 5595 803 5650 ad
848 5595 1067 5649 Patrem
1101 5600 1187 5647 est
1214 5588 1528 5649 referenda.
1564 5587 1648 5641 Vel
1702 5586 1767 5641 nd
1799 5585 2014 5642 Filium.
2124 5589 2311 5646 desum
2342 5589 2512 5645 filium
2545 5589 2691 5647 Nave
2726 5606 2738 5646 :
2782 5588 3009 5664 Moyses.
3059 5592 3258 5664 inquit,
3302 5593 3545 5665 famulus
3609 5614 3781 5654 meus

414 5694 548 5752 llan
574 5703 757 5750 autem
783 5688 1022 5747 servitus
1049 5702 1157 5742 non
1189 5692 1272 5739 est
1300 5681 1392 5737 illa
1414 5679 1482 5735 de
1503 5694 1606 5751 qua
1637 5678 1759 5749 ipse
1784 5680 2019 5750 Aposto-
2123 5693 2363 5737 mrtuus
2385 5691 2464 5738 est
2494 5682 2633 5751 (los.
2662 5699 2701 5749 ι,
2730 5682 2810 5754 2).
2843 5684 2915 5739 Et
2944 5684 3009 5739 in
3042 5684 3154 5741 alia
3175 5684 3306 5741 loco
3331 5700 3354 5741 :
3384 5684 3661 5743 Mem:
3693 5702 3777 5745 est

417 5790 506 5845 lus
534 5788 609 5842 ait
641 5806 652 5839 ε
690 5785 800 5841 Nec
823 5784 961 5839 enim
982 5778 1257 5850 accepistis
1283 5776 1521 5849 spiritum
1549 5773 1807 5829 servitutis
1828 5774 2018 5829 iterum
2126 5772 2336 5845 Moyses
2380 5775 2612 5848 famulus
2654 5775 2864 5831 Domini
2905 5777 2957 5830 in
2995 5784 3132 5832 terra
3175 5775 3337 5832 Moab
3382 5792 3470 5850 per
3524 5782 3779 5839 urbm

416 5895 468 5934 tn
521 5880 704 5933 timore
765 5874 892 5947 [ΑΙ.
946 5869 1241 5943 timorem],
1294 5869 1382 5926 sed
1440 5866 1715 5939 accepistis
1770 5864 2014 5938 spiritum
2122 5864 2343 5954 Domini
2367 5863 2552 5938 (Deut.
2589 5881 2773 5938 xxxrv,
2810 5864 2889 5938 5).
2931 5864 3089 5929 Absit
3117 5868 3323 5943 quippe
3370 5875 3429 5928 ut
3464 5871 3777 5940 spiritum
