3962 6338
461 322 568 382 559

1770 317 1828 374 S.
1873 315 2141 374 EUSEBll
2181 316 2565 376 lllERONYMl
3608 325 3696 390 560

459 440 554 511 qui
610 436 814 494 habent
856 436 1075 507 pietatis
1125 448 1312 491 veram
1352 433 1723 506 cognitionem
1759 431 1899 490 :sed
1948 448 2057 488 non
2087 433 2135 494 Α
2164 433 2344 490 lorum
2376 434 2546 490 fuisse
2575 432 2910 492 credendum
2940 441 3058 501 est,
3113 433 3311 507 quibus
3361 447 3559 508 semper
3592 456 3693 501 cum

460 534 647 589 Statim
677 542 734 587 et
762 541 1086 587 camerarum
1137 528 1335 586 artium
1382 536 1439 584 et
1466 542 1695 592 earum,
1750 524 1818 581 de
1861 524 2061 597 quibus
2162 524 2304 583 Filio
2328 539 2382 585 ct
2414 527 2624 599 Spiritu
2656 539 2846 585 sancto
2888 529 3057 586 fuerit
3096 528 3303 585 Pater:
3344 539 3400 585 et
3451 539 3502 586 ut
3537 533 3595 588 ita
3631 536 3698 591 di-

460 639 629 692 supra
661 622 995 679 mentionem
1050 620 1311 687 fecimus,
1359 619 1669 676 veritatem.
1715 617 1842 673 Haec
1897 616 2061 688 igitur
2161 636 2307 691 cam,
2330 616 2495 677 unum
2529 632 2749 694 tempus
2773 623 2890 689 Dei,
2923 623 3206 680 estomnis
3226 622 3498 682 aeternitas
3524 643 3537 681 ε
3565 626 3700 685 immo

456 719 687 784 veritas,
714 716 870 787 cujus
893 717 1139 786 cognitio
1162 714 1317 786 juxta
1352 715 1611 785 pietatem
1643 720 1752 782 est,
1784 712 1837 768 in
1860 727 1957 783 Spe
1979 713 2062 768 vi-
2163 714 2588 773 innumerabilia
2621 724 2869 787 tempora
2894 727 3045 785 sunt,
3070 731 3196 773 cum
3242 715 3483 774 inﬁnitus
3526 719 3588 774 sit
3606 719 3701 789 ipse

430 849 435 855 η
461 822 533 869 ta:
561 821 780 868 :eterna:
811 812 988 880 posita
1016 818 1103 865 est
1135 827 1147 865 :
1173 810 1300 882 quia
1330 813 1512 865 statim
1537 810 1587 866 ei
1621 810 1714 881 qui
1764 824 1826 865 se
1855 822 2062 881 cogno-

459 908 624 976 verit,
650 907 936 977 praemium
964 906 1161 963 tribuit
1184 907 1639 963 immortalitatis.
1690 904 1911 978 Absque
1941 904 2056 974 pie-

464 1012 575 1056 tate
624 1016 756 1057 vcro
818 1001 1011 1055 notitia
1059 1003 1312 1057 veritatis
1368 1001 1603 1056 delectat
1660 999 1726 1055 ad
1772 1013 2055 1070 praesens:

456 1094 555 1151 sed
579 1094 949 1151 aeternitatem
983 1109 1090 1150 non
1119 1095 1285 1151 habet
1309 1094 1683 1166 praemiorum,
1734 1107 1897 1164 quam
1925 1105 2057 1164 pro-

2162 811 2254 882 qui
2287 823 2416 867 ante
2447 820 2687 882 tempora
2714 826 2878 867 omne
2908 819 3122 881 tempus
3146 809 3384 867 excedit.
3413 808 3509 867 Sed
3535 809 3560 851 δ
3581 814 3705 871 mille

2169 904 2405 963 necdum
2445 906 2621 960 nostri
2660 904 2813 962 orbis
2855 905 3153 975 implentur
3188 905 3319 960 anni
3354 922 3368 959 :
3416 916 3466 960 et
3511 916 3705 977 quantas

2164 996 2321 1067 prius
2341 997 2700 1065 mternitates,
2728 1008 2927 1068 quanta
2951 1005 3226 1067 tempora,
3268 1006 3493 1067 quantas
3516 1001 3712 1055 saeculo-

2159 1106 2279 1147 rum
2308 1092 2548 1161 origines
2594 1090 2762 1146 fuisse
2798 1090 3173 1146 arbitrandum
3201 1098 3306 1157 est,
3338 1089 3391 1144 in
3415 1089 3592 1160 quibus
3630 1107 3712 1149 an-

459 1189 611 1245 mi~it
641 1205 753 1244 non
804 1188 1034 1244 mendax
1091 1189 1236 1244 Deus
1289 1200 1417 1244 ante
1462 1189 1664 1244 sarcula
1722 1195 1970 1243 aeterna:
2003 1193 2060 1243 et
2154 1183 2286 1255 geli,
2321 1182 2526 1249 throni,
2557 1182 2992 1250 dominationes,
3024 1190 3349 1253 creterzeque
3378 1180 3593 1239 virtutes
3609 1200 3711 1242 ser-

458 1280 829 1340 manifestavit
872 1298 994 1340 eam
1037 1282 1379 1353 temporibus
1406 1284 1522 1339 suis
1572 1283 1624 1338 in
1650 1280 1874 1338 Christo
1898 1278 2051 1337 Jesu.

458 1375 555 1431 Cui
587 1384 768 1432 autem
796 1376 1051 1446 promisit
1077 1387 1227 1441 ante,
1280 1386 1335 1431 et
1359 1385 1548 1448 postea
1597 1374 1729 1431 fecit
1763 1388 1888 1431 esse
1931 1388 2057 1445 per-

452 1468 723 1539 spicuam,
756 1468 857 1524 nisi
890 1468 1175 1540 sapientiae
1206 1484 1340 1531 suae,
1372 1484 1493 1537 qua:
1519 1477 1641 1524 erat
1666 1482 1885 1540 semper
1929 1481 2053 1522 cum

2158 1276 2358 1333 vierint
2395 1277 2509 1334 Deo
2554 1294 2565 1330 :
2607 1287 2664 1333 et
2713 1276 2920 1348 absque
2969 1285 3277 1348 temporum
3323 1273 3526 1331 vicibus
3574 1289 3711 1350 atque

2160 1376 2456 1441 mensuris,
2493 1374 2604 1430 Deo
2630 1372 2880 1444 iubente,
2908 1371 3262 1429 substiterint
3287 1370 3304 1425 !
3332 1372 3472 1428 Ante
3498 1371 3604 1429 haec
3630 1374 3716 1429 ita-

2156 1484 2265 1539 que
2292 1467 2474 1524 omnia
2506 1477 2757 1539 tempora
2784 1510 2800 1535 ,
2851 1483 2975 1538 qure
3017 1480 3119 1522 nec
3167 1479 3354 1521 sermo
3379 1466 3587 1537 eloqui,
3626 1482 3712 1525 nec

456 1561 645 1628 Patre,
678 1577 799 1617 cum
857 1560 1140 1617 laetaretur
1168 1561 1306 1616 orbe
1336 1561 1586 1632 perfecto
1620 1607 1633 1630 ,
1687 1569 1742 1615 et
1794 1558 2059 1631 gauderet
2158 1578 2311 1620 mens
2334 1563 2830 1635 comprehendere,
2862 1578 2964 1619 nec
2999 1561 3262 1633 cogitatio
3288 1560 3453 1617 tacita
3476 1563 3626 1619 audet
3646 1572 3716 1618 at-

453 1670 623 1726 super
656 1654 781 1711 ﬁliis
803 1654 1109 1721 hominum,
1152 1662 1213 1709 et
1236 1653 1557 1724 repromisit
1596 1667 1692 1709 eos
1721 1654 2052 1725 quicumque

453 1749 509 1805 in
540 1749 634 1804 illa
665 1748 922 1804 credituri
944 1756 1151 1813 essent,
1185 1748 1469 1803 habituros
1519 1762 1642 1803 esse
1673 1746 1839 1802 vitam
1892 1754 2050 1801 aster-

2159 1659 2394 1728 tingere,
2427 1658 2688 1729 promisit
2714 1657 2859 1714 Deus
2887 1655 3049 1712 Pater
3070 1654 3361 1726 sapientiae
3382 1669 3490 1710 sua:
3512 1657 3714 1712 verbum

2156 1765 2340 1819 suum,
2369 1762 2422 1808 et
2458 1755 2633 1821 ipsam
2662 1750 2990 1823 sapientiam
3019 1764 3172 1806 suam
3198 1791 3216 1817 ,
3263 1756 3320 1804 et
3347 1750 3506 1805 vitam
3550 1764 3715 1806 eorum

453 1843 618 1899 nam?
648 1848 955 1913 Antequam
989 1842 1139 1897 orbis
1183 1840 1393 1913 iaceret
1443 1840 1797 1897 fundamenta
1823 1881 1837 1907 ,
1889 1849 2048 1893 anle-
2081 1827 2131 1889 Β
2157 1845 2529 1914 quicredituri
2555 1844 2963 1913 erant,mundo
2982 1855 3422 1903 esseventuram.
3447 1842 3718 1913 Diligenter

454 1952 616 2008 quam
642 1935 813 1990 maria
840 1933 1198 2002 diffunderet,
1227 1944 1446 1989 montes
1498 1940 1793 2001 statueret,
1851 1931 2050 1988 coelum

452 2031 838 2101 suspenderet,
870 2041 1068 2084 terram
1113 2028 1322 2099 dejecta
1375 2027 1521 2084 mole
1573 2027 1880 2092 solidaret,
1933 2026 2052 2079 haec

452 2124 772 2193 repromisit
824 2124 969 2177 Deus
992 2164 1006 2189 ,
1057 2122 1111 2177 in
1143 2137 1253 2194 quo
1276 2121 1619 2177 mendacium
1652 2137 1758 2176 non
1791 2130 1897 2175 est.
1929 2117 2050 2175 Non

451 2217 576 2288 quia
604 2216 782 2287 possit
803 2215 1043 2281 mentiri,
1073 2225 1128 2270 et
1159 2214 1296 2269 nolit
1321 2213 1374 2269 in
1402 2212 1658 2268 falsitatis
1697 2214 1861 2268 verba
1918 2227 2047 2284 pro-

451 2326 706 2384 rumpere
743 2330 754 2365 :
786 2312 884 2367 sed
912 2312 1034 2380 quia
1068 2308 1162 2381 qui
1195 2318 1349 2381 pater
1380 2308 1453 2363 sit
1490 2307 1740 2363 veritatis
1761 2347 1777 2373 ,
1835 2305 2046 2360 nullum

451 2405 506 2459 in
537 2422 597 2459 se
625 2404 785 2460 habet
821 2400 1188 2468 mendacium,
1232 2400 1533 2457 secundum
1569 2398 1706 2455 illud
1739 2416 1755 2454 :
1783 2395 1904 2451 Fiat
1954 2413 2050 2451 au—

450 2511 552 2556 tem
584 2499 721 2554 Deus
760 2514 916 2553 vei-aa:
945 2512 964 2552 :
1008 2498 1176 2552 omnis
1205 2505 1380 2551 autem
1408 2493 1566 2550 homo
1594 2492 1820 2548 mendax
1863 2491 2047 2565 (Rom.

450 2612 532 2668 ιιι,
561 2598 638 2665 li).
667 2595 974 2665 Propterea
1002 2601 1184 2649 autem
1213 2609 1319 2647 non
1356 2592 1593 2647 mendax
1622 2589 1768 2645 Deus
1799 2588 1999 2643 dicitur
2034 2606 2045 2642 :

448 2691 651 2747 etenim
675 2687 785 2761 [AL
820 2686 897 2760 et]
930 2702 1055 2743 cum
1109 2684 1476 2758 jurejurando
1524 2683 1772 2756 quaedam
1823 2681 1877 2737 in
1923 2696 2049 2752 pro-

449 2784 629 2855 phetis
666 2785 974 2856 pollicetur,
1032 2791 1092 2836 ut
1126 2795 1228 2836 nos
1281 2780 1594 2837 securiores
1623 2777 1801 2834 eﬁ‘ecti
1828 2820 1841 2843 ,
1874 2775 2049 2848 magis

447 2892 734 2948 speremus
774 2878 957 2931 futura
996 2888 1121 2929 esse
1152 2888 1273 2943 qum
1306 2871 1562 2943 praedicta
1602 2879 1731 2927 sunt
1755 2911 1770 2935 .
1820 2879 1877 2926 et
1931 2877 2045 2925 tota

445 2981 631 3028 mente
653 2971 966 3034 credentes,
992 2968 1058 3023 ad
1088 2967 1475 3039 consequenda
1525 2982 1589 3023 ea
1640 2983 1761 3038 qua:
1812 2975 2043 3023 ventura

445 3077 593 3129 sunt.
626 3081 1016 3137 praeparemur.

513 3157 629 3215 Non
654 3162 722 3213 ab
753 3175 812 3215 re
841 3158 1057 3214 videtur
1076 3157 1321 3214 breviter
1348 3158 1745 3230 perstringere,
1771 3173 1873 3214 cur
1901 3158 2042 3215 Deus

447 3254 597 3310 solus
621 3267 808 3319 verax,
831 3260 889 3308 et
910 3250 1093 3307 omnis
1117 3250 1280 3308 homo
1311 3251 1568 3319 mendax,
1626 3252 1877 3322 Apostoli
1908 3266 2044 3307 voce

444 3350 683 3405 dicatur.
715 3349 779 3403 Et
807 3348 910 3403 nisi
939 3346 1135 3415 fallor,
1167 3345 1446 3418 quomodo
1490 3348 1639 3402 solus
1676 3347 1879 3402 habere
1906 3346 2045 3401 dici-

444 3454 533 3498 tur
556 3442 1043 3511 immortalitatem,
1075 3456 1200 3497 cum
1231 3451 1288 3495 et
1311 3440 1538 3512 angelos
1560 3450 1617 3496 et
1643 3441 1843 3495 multas
1869 3441 2032 3495 ratio-

440 3534 653 3590 nabiles
685 3533 881 3591 fecerit
907 3546 1216 3599 creaturas,
1248 3534 1449 3605 quibus
1476 3532 1691 3589 dederit
1720 3533 2042 3589 immortali-

442 3634 611 3681 tatem
646 3643 661 3680 :
696 3627 769 3681 ita
799 3639 849 3682 et
885 3630 1035 3680 solus
1064 3625 1273 3682 dicitur
1306 3639 1430 3681 esse
1474 3624 1636 3698 691
1665 3641 1829 3681 verax
1874 3644 1887 3680 :
1930 3640 2039 3680 non

441 3719 589 3790 qttod
618 3730 674 3776 et
699 3720 905 3786 caeteri,
937 3735 1044 3774 non
1097 3719 1473 3783 immortales,
1531 3731 1581 3775 et
1633 3721 1884 3776 veritatis
1933 3720 2044 3776 sint

443 3822 751 3880 amatores,
784 3812 883 3869 sed
914 3813 1058 3883 quod
1086 3812 1186 3868 ille
1207 3813 1358 3869 solus
1391 3811 1713 3869 naturaliter
1744 3814 1836 3881 sit,
1861 3822 1916 3870 et
1941 3815 2043 3869 im-

439 3910 716 3975 mortalis,
747 3919 805 3963 et
837 3923 1019 3964 verus.
1048 3906 1248 3963 Caneri
1297 3923 1432 3964 vero
1489 3907 1960 3963 immortalitatem
1988 3918 2043 3965 et

439 4002 724 4057 veritatem
749 4017 814 4056 ex
850 4001 1140 4072 largitione
1167 4000 1313 4056 illius
1335 4009 1767 4071 consequantur,
1816 4010 1872 4057 et
1891 4001 2038 4057 aliud

442 4095 515 4149 sit
538 4110 727 4150 verum
760 4107 909 4159 esse,
941 4102 968 4131 ⁸
996 4091 1128 4165 quid
1159 4092 1362 4149 habere
1410 4109 1512 4164 per
1539 4101 1717 4150 semet
1748 4112 1760 4148 :
1811 4093 1959 4149 aliud
1986 4095 2038 4150 in

438 4198 717 4260 potestate
767 4187 1026 4243 donantis
1053 4202 1177 4244 esse
1216 4186 1360 4258 quod
1390 4186 1615 4242 habeas.
1648 4187 1755 4244 Sed
1787 4201 1890 4243 nec
1938 4187 2038 4242 hoc

443 4281 668 4336 silentio
699 4280 1145 4353 praetereundum
1178 4289 1335 4351 puto,
1363 4280 1639 4350 quomodo
1669 4297 1779 4336 non
1806 4281 2039 4338 mendax

442 4371 610 4440 Dens,
640 4382 766 4428 ante
789 4383 995 4429 aeterna
1019 4372 1255 4437 saecula,
1279 4383 1539 4429 mternam
1567 4372 1932 4445 speponderit
1960 4374 2042 4430 vi-

441 4479 551 4522 tam
588 4485 602 4522 :
632 4483 699 4523 ex
730 4482 841 4538 quo
865 4467 1020 4539 juxta
1050 4467 1336 4524 historiam
1392 4468 1677 4524 Geneseos
1729 4469 1907 4526 factus
1953 4478 2038 4526 est

2156 1939 2424 1995 attendite
2474 1949 2680 1996 textum
2727 1948 2784 1997 et
2826 1939 3075 1995 ordinem
3126 1939 3384 1996 lectionis
3430 1955 3444 1991 :
3489 1934 3719 2008 quoniam

2155 2032 2266 2089 vita
2295 2042 2501 2089 aeterna
2532 2049 2693 2105 quam
2745 2049 2854 2089 non
2884 2032 3118 2089 mendax
3172 2033 3315 2089 Dens
3369 2044 3495 2087 ante
3545 2026 3720 2086 saecula

2154 2135 2362 2205 :eterna
2415 2127 2707 2197 promisit,
2764 2142 2874 2182 non
2920 2126 3024 2182 alia
3070 2127 3140 2181 sit
3183 2126 3396 2198 absque
3422 2123 3588 2181 verbo
3616 2121 3720 2178 Dei.

2154 2221 2520 2279 Manifestavit
2542 2223 2714 2289 enim,
2740 2222 2949 2289 inquit,
2997 2221 3346 2294 temporibus
3376 2220 3492 2275 suis
3520 2218 3720 2274 verbum

2152 2331 2308 2373 suum
2339 2332 2353 2371 :
2381 2315 2528 2387 Ergo
2555 2331 2721 2387 quam
2749 2318 3082 2387 promiserat
3125 2316 3293 2369 vitam
3319 2326 3597 2377 aeternam,
3622 2311 3723 2381 ipsa

2151 2421 2239 2468 est
2267 2410 2505 2468 Verbum
2538 2426 2693 2465 suum
2722 2452 2737 2477 ,
2790 2409 2934 2481 quod
2982 2410 3036 2466 in
3094 2408 3366 2479 principio
3411 2407 3571 2481 ωε
3613 2414 3717 2462 erat

2151 2503 2295 2575 apud
2349 2504 2692 2561 Patrem:et
2747 2503 2893 2559 Deus
2942 2512 3063 2559 erat
3111 2501 3379 2567 Verbum,
3411 2512 3466 2557 et
3513 2500 3723 2557 Verbum

2152 2615 2282 2656 caro
2336 2598 2536 2655 factum
2586 2608 2709 2664 est,
2755 2605 2811 2653 et
2852 2597 3115 2654 habitavit
3161 2597 3217 2652 in
3258 2596 3422 2652 nobis
3465 2592 3720 2671 (learnt).

2151 2693 2307 2762 Quod
2339 2703 2519 2748 autem
2558 2691 2798 2747 Verbum
2838 2691 2954 2761 Dei,
2980 2690 3083 2747 hoc
3106 2701 3218 2758 est,
3247 2691 3506 2748 Christus
3530 2691 3641 2760 ipse
3662 2687 3727 2744 sit

2150 2792 2298 2854 vita,
2353 2790 2405 2844 in
2453 2788 2565 2843 alio
2616 2787 2737 2843 loco
2776 2794 3011 2843 testatur
3039 2786 3285 2847 dicens:
3333 2785 3453 2860 Ego
3480 2802 3592 2844 sum
3636 2785 3727 2839 vita

2152 2881 2331 2954 (Joan.
2365 2896 2474 2945 xtv,
2500 2881 2579 2951 6).
2616 2879 2734 2935 Vita
2766 2895 2903 2936 vero
2930 2896 3038 2936 non
3070 2880 3285 2948 brevis,
3338 2898 3448 2937 non
3477 2879 3727 2953 aliquibus

2148 2974 2563 3043 circumscripta
2589 2972 2971 3042 temporibus;
3005 2973 3101 3029 sed
3131 2982 3418 3045 perpetua,
3448 2974 3540 3030 sed
3583 2982 3726 3029 teter-

2150 3082 2219 3123 na
2252 3086 2263 3123 :
2291 3083 2409 3137 qum
2432 3065 2773 3122 manifestata
2801 3076 2886 3121 est
2923 3066 2981 3122 in
3027 3066 3341 3123 novissimis
3378 3067 3626 3134 saeculis,
3677 3065 3731 3122 in

2150 3159 2536 3230 pra'diCatione
2557 3174 2680 3231 qua:
2699 3158 2905 3215 credita
2936 3167 3021 3216 est
3048 3159 3220 3216 Paulo
3239 3159 3455 3218 doctori
3483 3160 3725 3233 gentium,

2074 3228 2121 3294 θ
2150 3228 2206 3310 et
2235 3255 2498 3322 magistro
2530 3269 2545 3311 :
2576 3228 2642 3309 ut
2675 3253 3097 3309 annuntiaretur
3118 3255 3173 3309 in
3202 3255 3436 3321 mundo,
3485 3228 3543 3312 et
3569 3254 3727 3310 homi-

2145 3344 2307 3401 nibus
2338 3356 2461 3400 nota
2515 3345 2707 3412 ﬁeret,
2736 3345 2895 3415 juxta
2939 3344 3222 3417 imperiunm
3275 3345 3581 3403 Salvatoris
3624 3344 3728 3413 Dei,

2142 3439 2232 3510 qui
2264 3454 2364 3493 nos
2396 3438 2575 3493 salvos
2602 3452 2728 3495 esse
2753 3437 2953 3502 voluit,
2979 3437 3032 3493 id
3068 3438 3212 3509 quod
3247 3438 3530 3507 pollicitus
3573 3438 3732 3496 fuerat

2144 3530 2443 3601 implendo.
2465 3530 2670 3588 Scribit
2707 3539 2887 3587 autem
2923 3530 3213 3600 Apostolus
3259 3530 3390 3588 Tito
3439 3532 3733 3587 charissima

2143 3624 2278 3693 ﬁlio,
2311 3623 2455 3693 quod
2484 3622 2676 3679 (ἔπνεε
2716 3623 2948 3692 dicitur,
2998 3627 3195 3699 γνησίῳ
3230 3627 3396 3699 τέκνῳ
3422 3644 3435 3680 :
3464 3635 3521 3682 et
3554 3625 3733 3682 Latino

2140 3733 2397 3775 sermone
2428 3734 2534 3773 non
2564 3725 2747 3786 potest
2769 3718 3030 3785 explicari
3058 3738 3069 3773 :
3095 3724 3302 3788 γνήσιος
3335 3721 3487 3777 enim
3520 3720 3620 3776 hoc
3648 3733 3736 3790 po—

2144 3812 2253 3869 tius
2281 3822 2458 3877 sonat,
2490 3827 2610 3867 cum
2641 3813 2763 3884 quis
2793 3810 2967 3883 ﬁdelis
2987 3823 3042 3868 et
3068 3814 3339 3887 proprius,
3370 3823 3430 3870 et
3459 3813 3544 3888 (ut
3570 3812 3639 3869 ita
3663 3809 3738 3868 αἱ·

2142 3904 2284 3976 cam)
2310 3906 2572 3979 legitimus
2600 3904 2717 3960 sive
2763 3921 3041 3979 germanus
3087 3905 3295 3978 absque
3342 3906 3741 3978 comparatione

2140 3997 2369 4053 alterius
2394 3997 2732 4067 appellatur.
2764 3996 2843 4053 Ex
2871 4013 2979 4069 quo
3009 3997 3373 4069 intelligimus
3405 3999 3588 4056 fuisse
3609 4007 3662 4054 et
3688 3994 3739 4052 in

2141 4090 2269 4146 ﬁliis
2297 4089 2446 4145 Pauli
2481 4092 2768 4161 plurimam
2801 4091 3190 4157 diﬁ‘erentiam,
3223 4093 3379 4164 quod
3406 4093 3550 4151 alios
3580 4092 3742 4148 habe-

2140 4191 2227 4240 ret
2254 4186 2519 4258 γνησίους,
2550 4184 2604 4241 id
2630 4194 2737 4251 est,
2761 4184 3215 4258 germanissimos,
3247 4186 3479 4257 sibique
3523 4184 3742 4257 conjun-

2138 4284 2281 4343 ctos,
2307 4288 2361 4334 et
2398 4278 2467 4333 de
2499 4292 2633 4335 vero
2665 4278 3037 4346 matrimonio,
3069 4293 3133 4334 ac
3159 4277 3228 4335 de
3280 4277 3464 4337 libera
3497 4292 3746 4352 procrea-

2143 4380 2226 4425 tos
2256 4387 2269 4423 :
2304 4370 2441 4426 alios
2463 4384 2594 4426 vero
2620 4370 2776 4441 quasi
2807 4385 2876 4427 ex
2901 4370 3100 4428 ancilla
3129 4380 3185 4428 et
3207 4388 3277 4429 ex
3306 4373 3484 4447 Agar,
3516 4372 3612 4447 qui
3639 4384 3744 4428 non

2138 4472 2370 4534 possunt
2398 4462 2774 4520 hmreditalem
2800 4463 3050 4534 accipere
3070 4480 3193 4520 cum
3218 4464 3421 4523 liberm.
3440 4466 3561 4524 ﬁlio
3584 4466 3744 4521 lsaac.

438 4560 703 4625 mundus,
736 4567 791 4614 et
815 4575 910 4630 per
933 4558 1075 4615 vices
1104 4560 1343 4616 noctium
1368 4576 1434 4616 ac
1464 4560 1699 4630 dierum,
1761 4564 2032 4619 mensium
2058 4625 2095 4630 Α
2139 4553 2338 4611 Sermo
2365 4557 2568 4626 quippe
2589 4563 2646 4612 et
2671 4557 2966 4627 sapientia,
3025 4565 3082 4614 et
3129 4556 3384 4615 doctrina
3437 4573 3552 4628 qua
3598 4557 3745 4612 Titus

438 4651 648 4721 pariter
675 4625 1039 4720 etatmorum,
1076 4660 1323 4721 tempora
1338 4656 1637 4711 constituta
1669 4625 1814 4711 sunt.
1844 4656 1902 4711 In
1928 4656 2031 4713 hoc
2057 4625 2114 4689 D
2139 4644 2343 4704 Οιιτίδιί
2378 4625 2653 4705 Εοοιίθδίηε
2681 4625 2992 4704 inﬁmam
3015 4691 3028 4708 -
3063 4647 3396 4707 efﬁCiebam
3435 4625 3568 4707 cium
3628 4663 3748 4719 ΡΝ·

439 4744 718 4801 curriculo
729 4754 783 4800 et
807 4756 924 4800 rota
942 4745 1151 4810 mundi,
1168 4753 1410 4813 tempora
1427 4746 1686 4804 labuntur
1707 4759 1760 4805 et
1782 4750 2026 4816 veniunt,

444 4849 498 4894 et
530 4847 626 4893 aut
649 4839 832 4893 futura
860 4847 1009 4907 sunt,
1045 4847 1140 4894 aut
1183 4837 1424 4895 fuerunt.
1460 4841 1618 4897 Unde
1670 4843 1888 4914 quidam
1920 4844 2041 4916 phi-

437 4934 798 5006 losophorum
830 4951 934 4989 non
968 4943 1162 5005 putant
1196 4950 1321 4991 esse
1354 4945 1568 5007 tempus
1604 4953 1853 5008 praesens
1891 4958 1903 4993 :
1934 4939 2029 4996 sed

438 5036 533 5081 aut
563 5026 918 5096 pra-teritum,
952 5036 1044 5080 aut
1076 5026 1358 5093 futurum;
1412 5028 1538 5096 quia
1570 5043 1734 5084 omne
1777 5031 1922 5103 quod
1952 5032 2033 5087 lo-

432 5121 673 5189 quimur,
701 5119 933 5188 agimus,
956 5120 1279 5190 cogitamus,
1314 5133 1405 5175 aut
1439 5120 1563 5176 dum
1609 5122 1669 5177 lit
1693 5165 1706 5189 ,
1768 5124 2030 5193 praeterit,

438 5224 533 5267 aut
559 5216 602 5267 si
635 5213 877 5270 nondum
910 5214 1110 5271 factum
1140 5226 1244 5282 est,
1281 5227 1685 5286 exspectamus.
1744 5218 1888 5275 Ante
1916 5220 2034 5278 haec

437 5309 601 5381 igitur
623 5312 808 5365 mundi
840 5319 1112 5381 tempora,
1142 5312 1511 5367 mternitatem
1540 5311 1836 5381 quamdam
1861 5331 2036 5374 δινευ-

508 5461 533 5528 {I
562 5452 959 5528 Cistercienses
988 5467 1147 5521 mss.,
1184 5461 1231 5505 et
1248 5450 1400 5505 aliud
1426 5451 1492 5506 sit
1527 5467 1704 5507 verum
1733 5469 1864 5525 esse,
1891 5459 2031 5528 quod

434 5524 629 5581 habeas
655 5541 673 5578 :
704 5525 854 5578 aliud
869 5566 884 5589 ,
906 5533 1013 5578 etc.

506 5595 533 5635 δ
567 5596 722 5651 Paria
748 5598 853 5663 his,
886 5596 1001 5651 sive
1026 5613 1088 5648 ex
1119 5592 1364 5665 propria,
1394 5596 1512 5652 sive
1534 5612 1599 5652 ex
1628 5597 1863 5655 aliorum
1890 5616 2020 5657 sen-

434 5668 603 5725 tentia
662 5668 869 5734 profert
898 5667 956 5723 S.
988 5664 1190 5723 Doctor
1241 5664 1404 5741 epist.
1436 5669 1526 5732 18,
1582 5669 1649 5725 ad
1711 5670 2022 5741 Damasum,

435 5741 576 5805 n.7,
622 5742 903 5813 exstitisse
954 5754 1149 5809 nempe
1176 5740 1405 5813 angelos
1448 5748 1738 5811 antequam
1793 5740 2023 5801 mundus

432 5812 536 5865 iste
558 5811 916 5875 conderetur,
950 5814 1080 5877 quin
1111 5811 1274 5867 etiam
1310 5822 1363 5866 et
1394 5812 1577 5879 lapsos
1603 5823 1762 5869 antea
1798 5832 1812 5869 :
1846 5816 2020 5872 homi-

433 5895 640 5954 nesque
665 5882 1013 5950 postmodum
1061 5897 1127 5939 ea
1158 5892 1375 5940 creatus
1411 5884 1482 5939 da
1530 5897 1692 5941 causa
1718 5928 1734 5955 ,
1780 5893 1844 5943 ut
1878 5888 2021 5947 beati

2139 4744 2315 4815 prium
2343 4743 2589 4813 Apostoli
2614 4743 2805 4814 lilium,
2831 4750 2890 4799 et
2915 4743 2986 4798 ab
3013 4743 3162 4798 omni
3189 4744 3435 4800 aliorum
3466 4741 3746 4801 consortio

2137 4845 2473 4905 separatum.
2508 4835 2805 4891 Videamus
2833 4845 2958 4906 post
2989 4835 3106 4892 haec
3134 4836 3279 4908 quod
3313 4838 3585 4908 sequitur
3618 4854 3632 4892 :
3660 4835 3752 4893 Se-

2138 4931 2372 4989 cundum
2397 4945 2721 4985 communem
2750 4928 2946 4998 ﬁdem,
2996 4938 3308 4987 utrumnam
3351 4933 3615 4989 omnium
3662 4930 3750 4999 qui

2139 5028 2193 5081 in
2220 5023 2438 5080 Christo
2466 5023 2783 5092 credebant,
2811 5038 3156 5079 communem
3204 5022 3419 5080 dixerit
3454 5025 3624 5081 ﬁdem
3650 5038 3750 5080 :an

2138 5134 2512 5185 communem,
2545 5133 2700 5174 suam
2748 5126 2956 5173 tantum
3009 5126 3065 5174 et
3110 5116 3258 5174 Titii
3310 5118 3486 5187 Quod
3533 5118 3748 5191 quidem

2142 5216 2275 5272 mihi
2325 5214 2523 5271 melius
2562 5212 2782 5273 videtur
2828 5214 3059 5282 apostoli
3108 5210 3263 5268 Pauli
3305 5221 3372 5268 et
3416 5214 3533 5270 Titi
3592 5214 3751 5269 ﬁdem

2140 5310 2306 5367 fuisse
2335 5322 2704 5373 communem,
2751 5322 2913 5378 quam
2945 5306 3186 5363 omnium
3230 5306 3641 5375 credentium;
3698 5306 3752 5361 in

2143 5468 2323 5515 cintus
2350 5468 2639 5510 numerum
2670 5450 2982 5521 implerent.
3008 5450 3218 5508 Placuit
3261 5452 3393 5508 haec
3444 5463 3505 5511 et
3536 5448 3755 5508 Tertul-

2138 5531 2287 5587 liano
2311 5528 2609 5591 sententia,
2646 5523 3042 5595 nonnullisque
3067 5525 3193 5578 aliis
3233 5524 3497 5595 antiquis
3520 5541 3539 5587 ς
3564 5534 3752 5580 verum

2136 5612 2192 5659 et
2220 5604 2386 5671 longe
2412 5598 2657 5671 plurium,
2677 5597 2937 5652 Ecclesia:
2971 5598 3575 5671 l’atrumauctoritate
3604 5596 3754 5650 iuva-

2136 5667 2576 5742 luitop'positum
2630 5670 2950 5742 dogma,_et
3003 5668 3327 5742 melioribus
3364 5667 3573 5742 nititur
3594 5679 3754 5742 argu-

2132 5737 2357 5811 mentis,
2378 5742 2603 5813 angelos
2628 5737 2753 5795 cum
2776 5739 2939 5808 caelo,
2985 5747 3127 5796 terra
3166 5755 3232 5798 ac
3260 5738 3425 5812 luce,
3464 5740 3642 5814 prima
3665 5737 3755 5796 die

2133 5815 2323 5875 mundi
2347 5816 2613 5870 conditos.
