  <div class='ocr_page' id='page_1' title='image "/cluster/home/n/w/nwhite01/storage/ocr_20150623/26/hvd.32044015471402/286.png"; bbox 0 0 3962 6338; ppageno 0'>
   <div class='ocr_carea' id='block_1_1' title="bbox 270 294 2916 361">
    <p class='ocr_par' dir='ltr' id='par_1_1' title="bbox 270 294 2916 361">
     <span class='ocr_line' id='line_1_1' title="bbox 270 294 2916 361; baseline 0.002 -9"><span class='ocrx_word' id='word_1_1' title='bbox 270 298 344 353; x_wconf 77' lang='grc'><strong>561</strong></span> <span class='ocrx_word' id='word_1_2' title='bbox 779 294 1430 361; x_wconf 75' lang='lat' dir='ltr'><strong>COMMENTARIORUM</strong></span> <span class='ocrx_word' id='word_1_3' title='bbox 1468 303 1534 360; x_wconf 85' lang='lat' dir='ltr'><strong>IN</strong></span> <span class='ocrx_word' id='word_1_4' title='bbox 1579 298 1968 360; x_wconf 76' lang='lat' dir='ltr'><strong>EPISTOLAM</strong></span> <span class='ocrx_word' id='word_1_5' title='bbox 2016 302 2106 358; x_wconf 83' lang='lat' dir='ltr'><strong>AD</strong></span> <span class='ocrx_word' id='word_1_6' title='bbox 2145 301 2361 359; x_wconf 83' lang='lat' dir='ltr'><strong>TITUM</strong></span> <span class='ocrx_word' id='word_1_7' title='bbox 2404 300 2631 357; x_wconf 72' lang='lat' dir='ltr'><strong>LIBER.</strong></span> <span class='ocrx_word' id='word_1_8' title='bbox 2675 301 2830 358; x_wconf 78' lang='lat' dir='ltr'><strong>CAP.</strong></span> <span class='ocrx_word' id='word_1_9' title='bbox 2875 302 2916 358; x_wconf 86' lang='lat' dir='ltr'><strong>l.</strong></span> 
     </span>
    </p>
   </div>
   <div class='ocr_carea' id='block_1_2' title="bbox 3394 306 3504 364">
    <p class='ocr_par' dir='ltr' id='par_1_2' title="bbox 3394 306 3504 364">
     <span class='ocr_line' id='line_1_2' title="bbox 3394 306 3504 364; baseline 0.018 -2"><span class='ocrx_word' id='word_1_10' title='bbox 3394 306 3504 364; x_wconf 68' lang='lat'><strong>569..</strong></span> 
     </span>
    </p>
   </div>
   <div class='ocr_carea' id='block_1_3' title="bbox 267 408 3504 493">
    <p class='ocr_par' dir='ltr' id='par_1_3' title="bbox 267 408 3504 493">
     <span class='ocr_line' id='line_1_3' title="bbox 267 408 3504 493; baseline 0.004 -28"><span class='ocrx_word' id='word_1_11' title='bbox 267 411 423 485; x_wconf 85' lang='lat' dir='ltr'><strong>quibus</strong></span> <span class='ocrx_word' id='word_1_12' title='bbox 442 422 532 481; x_wconf 88' lang='lat' dir='ltr'><strong>pro</strong></span> <span class='ocrx_word' id='word_1_13' title='bbox 558 408 821 464; x_wconf 91' lang='lat' dir='ltr'><strong>varietate</strong></span> <span class='ocrx_word' id='word_1_14' title='bbox 849 413 1112 468; x_wconf 90' lang='lat' dir='ltr'><strong>mentium</strong></span> <span class='ocrx_word' id='word_1_15' title='bbox 1142 456 1156 479; x_wconf 93' lang='lat'><strong>,</strong></span> <span class='ocrx_word' id='word_1_16' title='bbox 1205 416 1340 472; x_wconf 88' lang='lat' dir='ltr'><strong>lides</strong></span> <span class='ocrx_word' id='word_1_17' title='bbox 1381 432 1596 488; x_wconf 90' lang='lat' dir='ltr'><strong>quoque</strong></span> <span class='ocrx_word' id='word_1_18' title='bbox 1642 432 1798 473; x_wconf 90' lang='lat' dir='ltr'><strong>com-</strong></span> <span class='ocrx_word' id='word_1_19' title='bbox 1824 413 1882 476; x_wconf 78' lang='grc' dir='ltr'><strong>Δ</strong></span> <span class='ocrx_word' id='word_1_20' title='bbox 1901 413 2088 484; x_wconf 83' lang='lat' dir='ltr'><strong>jectio,</strong></span> <span class='ocrx_word' id='word_1_21' title='bbox 2120 431 2221 484; x_wconf 90' lang='lat' dir='ltr'><strong>qua</strong></span> <span class='ocrx_word' id='word_1_22' title='bbox 2251 416 2512 472; x_wconf 90' lang='lat' dir='ltr'><strong>scribitur</strong></span> <span class='ocrx_word' id='word_1_23' title='bbox 2541 414 2905 493; x_wconf 74' lang='grc' dir='ltr'><strong>ἐπιδιορθώσῃ,</strong></span> <span class='ocrx_word' id='word_1_24' title='bbox 2941 434 3048 473; x_wconf 91' lang='lat' dir='ltr'><strong>non</strong></span> <span class='ocrx_word' id='word_1_25' title='bbox 3079 419 3310 492; x_wconf 91' lang='lat' dir='ltr'><strong>idipsum</strong></span> <span class='ocrx_word' id='word_1_26' title='bbox 3344 431 3504 479; x_wconf 85' lang='lat' dir='ltr'><strong>sonat</strong></span> 
     </span>
    </p>
   </div>
   <div class='ocr_carea' id='block_1_4' title="bbox 264 503 1794 572">
    <p class='ocr_par' dir='ltr' id='par_1_4' title="bbox 264 503 1794 572">
     <span class='ocr_line' id='line_1_4' title="bbox 264 503 1794 572; baseline 0.001 -11"><span class='ocrx_word' id='word_1_27' title='bbox 264 503 404 563; x_wconf 86' lang='lat' dir='ltr'><strong>munis</strong></span> <span class='ocrx_word' id='word_1_28' title='bbox 431 517 541 557; x_wconf 79' lang='lat' dir='ltr'><strong>esse</strong></span> <span class='ocrx_word' id='word_1_29' title='bbox 563 517 670 556; x_wconf 93' lang='lat' dir='ltr'><strong>non</strong></span> <span class='ocrx_word' id='word_1_30' title='bbox 706 511 939 572; x_wconf 85' lang='lat' dir='ltr'><strong>poterat,</strong></span> <span class='ocrx_word' id='word_1_31' title='bbox 972 505 1071 560; x_wconf 89' lang='lat' dir='ltr'><strong>sed</strong></span> <span class='ocrx_word' id='word_1_32' title='bbox 1099 506 1338 563; x_wconf 88' lang='lat' dir='ltr'><strong>diversa.</strong></span> <span class='ocrx_word' id='word_1_33' title='bbox 1373 508 1455 564; x_wconf 82' lang='lat' dir='ltr'><strong>Ad</strong></span> <span class='ocrx_word' id='word_1_34' title='bbox 1487 519 1794 566; x_wconf 83' lang='lat' dir='ltr'><strong>extremum</strong></span> 
     </span>
    </p>
   </div>
   <div class='ocr_carea' id='block_1_5' title="bbox 258 594 1795 672">
    <p class='ocr_par' dir='ltr' id='par_1_5' title="bbox 258 594 1795 672">
     <span class='ocr_line' id='line_1_5' title="bbox 258 594 1795 672; baseline 0.002 -20"><span class='ocrx_word' id='word_1_35' title='bbox 258 594 466 671; x_wconf 64' lang='lat' dir='ltr'><strong>praelatio</strong></span> <span class='ocrx_word' id='word_1_36' title='bbox 494 594 768 666; x_wconf 72' lang='lat' dir='ltr'><strong>Epistolze,</strong></span> <span class='ocrx_word' id='word_1_37' title='bbox 801 603 858 651; x_wconf 89' lang='lat' dir='ltr'><strong>et</strong></span> <span class='ocrx_word' id='word_1_38' title='bbox 887 598 1140 654; x_wconf 84' lang='lat' dir='ltr'><strong>salutatio</strong></span> <span class='ocrx_word' id='word_1_39' title='bbox 1173 601 1517 671; x_wconf 65' lang='lat' dir='ltr'><strong>prmlationis</strong></span> <span class='ocrx_word' id='word_1_40' title='bbox 1543 601 1795 672; x_wconf 75' lang='lat' dir='ltr'><strong>Aptistoli</strong></span> 
     </span>
    </p>
   </div>
   <div class='ocr_carea' id='block_1_6' title="bbox 257 690 1794 769">
    <p class='ocr_par' dir='ltr' id='par_1_6' title="bbox 257 690 1794 769">
     <span class='ocr_line' id='line_1_6' title="bbox 257 690 1794 769; baseline 0.001 -19"><span class='ocrx_word' id='word_1_41' title='bbox 257 695 308 750; x_wconf 87' lang='lat' dir='ltr'><strong>ad</strong></span> <span class='ocrx_word' id='word_1_42' title='bbox 332 694 504 752; x_wconf 89' lang='lat' dir='ltr'><strong>Titum.</strong></span> <span class='ocrx_word' id='word_1_43' title='bbox 542 692 631 745; x_wconf 92' lang='lat' dir='ltr'><strong>tali</strong></span> <span class='ocrx_word' id='word_1_44' title='bbox 666 690 775 746; x_wconf 83' lang='lat' dir='ltr'><strong>ﬁne</strong></span> <span class='ocrx_word' id='word_1_45' title='bbox 803 695 1111 762; x_wconf 72' lang='lat' dir='ltr'><strong>completur</strong></span> <span class='ocrx_word' id='word_1_46' title='bbox 1138 715 1149 750; x_wconf 91' lang='lat'>:</span> <span class='ocrx_word' id='word_1_47' title='bbox 1181 695 1370 752; x_wconf 84' lang='lat' dir='ltr'><strong>Gratia</strong></span> <span class='ocrx_word' id='word_1_48' title='bbox 1391 708 1437 752; x_wconf 87' lang='lat' dir='ltr'><strong>et</strong></span> <span class='ocrx_word' id='word_1_49' title='bbox 1466 715 1573 769; x_wconf 71' lang='lat' dir='ltr'><strong>pax</strong></span> <span class='ocrx_word' id='word_1_50' title='bbox 1611 714 1644 751; x_wconf 89' lang='lat' dir='ltr'><strong>a</strong></span> <span class='ocrx_word' id='word_1_51' title='bbox 1683 695 1794 752; x_wconf 85' lang='lat' dir='ltr'><strong>Deo</strong></span> 
     </span>
    </p>
   </div>
   <div class='ocr_carea' id='block_1_7' title="bbox 254 782 1797 857">
    <p class='ocr_par' dir='ltr' id='par_1_7' title="bbox 254 782 1797 857">
     <span class='ocr_line' id='line_1_7' title="bbox 254 782 1797 857; baseline 0.001 -15"><span class='ocrx_word' id='word_1_52' title='bbox 254 785 384 842; x_wconf 84' lang='lat' dir='ltr'><strong>Patre</strong></span> <span class='ocrx_word' id='word_1_53' title='bbox 400 792 441 839; x_wconf 83' lang='lat' dir='ltr'><strong>et</strong></span> <span class='ocrx_word' id='word_1_54' title='bbox 468 782 671 837; x_wconf 80' lang='lat' dir='ltr'><strong>Christo</strong></span> <span class='ocrx_word' id='word_1_55' title='bbox 699 783 829 839; x_wconf 82' lang='lat' dir='ltr'><strong>Jesu</strong></span> <span class='ocrx_word' id='word_1_56' title='bbox 859 784 1138 842; x_wconf 85' lang='lat' dir='ltr'><strong>Saluatore</strong></span> <span class='ocrx_word' id='word_1_57' title='bbox 1159 800 1359 843; x_wconf 85' lang='lat' dir='ltr'><strong>nostra.</strong></span> <span class='ocrx_word' id='word_1_58' title='bbox 1397 791 1526 845; x_wconf 87' lang='lat' dir='ltr'><strong>Sive</strong></span> <span class='ocrx_word' id='word_1_59' title='bbox 1574 789 1716 857; x_wconf 89' lang='lat' dir='ltr'><strong>quod</strong></span> <span class='ocrx_word' id='word_1_60' title='bbox 1742 798 1797 844; x_wconf 90' lang='lat' dir='ltr'><strong>et</strong></span> 
     </span>
    </p>
   </div>
   <div class='ocr_carea' id='block_1_8' title="bbox 253 878 1799 952">
    <p class='ocr_par' dir='ltr' id='par_1_8' title="bbox 253 878 1799 952">
     <span class='ocr_line' id='line_1_8' title="bbox 253 878 1799 952; baseline 0.003 -21"><span class='ocrx_word' id='word_1_61' title='bbox 253 879 416 950; x_wconf 88' lang='lat' dir='ltr'><strong>gratia,</strong></span> <span class='ocrx_word' id='word_1_62' title='bbox 445 884 496 932; x_wconf 90' lang='lat' dir='ltr'><strong>et</strong></span> <span class='ocrx_word' id='word_1_63' title='bbox 525 891 652 947; x_wconf 81' lang='lat' dir='ltr'><strong>pax,</strong></span> <span class='ocrx_word' id='word_1_64' title='bbox 688 886 796 932; x_wconf 89' lang='lat' dir='ltr'><strong>tam</strong></span> <span class='ocrx_word' id='word_1_65' title='bbox 825 894 853 931; x_wconf 91' lang='lat' dir='ltr'><strong>a</strong></span> <span class='ocrx_word' id='word_1_66' title='bbox 878 878 990 934; x_wconf 88' lang='lat' dir='ltr'><strong>Deo</strong></span> <span class='ocrx_word' id='word_1_67' title='bbox 1019 879 1182 936; x_wconf 85' lang='lat' dir='ltr'><strong>Patre</strong></span> <span class='ocrx_word' id='word_1_68' title='bbox 1211 882 1278 936; x_wconf 82' lang='lat' dir='ltr'><strong>sit</strong></span> <span class='ocrx_word' id='word_1_69' title='bbox 1306 898 1469 952; x_wconf 90' lang='lat' dir='ltr'><strong>quam</strong></span> <span class='ocrx_word' id='word_1_70' title='bbox 1500 898 1528 935; x_wconf 88' lang='lat' dir='ltr'><strong>a</strong></span> <span class='ocrx_word' id='word_1_71' title='bbox 1579 880 1799 937; x_wconf 80' lang='lat' dir='ltr'><strong>Christo</strong></span> 
     </span>
    </p>
   </div>
   <div class='ocr_carea' id='block_1_9' title="bbox 249 971 1797 1047">
    <p class='ocr_par' dir='ltr' id='par_1_9' title="bbox 249 971 1797 1047">
     <span class='ocr_line' id='line_1_9' title="bbox 249 971 1797 1047; baseline 0.004 -20"><span class='ocrx_word' id='word_1_72' title='bbox 249 973 375 1037; x_wconf 83' lang='lat' dir='ltr'><strong>Jesu,</strong></span> <span class='ocrx_word' id='word_1_73' title='bbox 402 979 451 1026; x_wconf 87' lang='lat' dir='ltr'><strong>et</strong></span> <span class='ocrx_word' id='word_1_74' title='bbox 476 979 762 1041; x_wconf 90' lang='lat' dir='ltr'><strong>utrumque</strong></span> <span class='ocrx_word' id='word_1_75' title='bbox 809 971 879 1027; x_wconf 86' lang='lat' dir='ltr'><strong>ab</strong></span> <span class='ocrx_word' id='word_1_76' title='bbox 928 983 1160 1045; x_wconf 90' lang='lat' dir='ltr'><strong>utroque</strong></span> <span class='ocrx_word' id='word_1_77' title='bbox 1211 975 1395 1030; x_wconf 91' lang='lat' dir='ltr'><strong>datum</strong></span> <span class='ocrx_word' id='word_1_78' title='bbox 1431 977 1601 1047; x_wconf 89' lang='lat' dir='ltr'><strong>possit</strong></span> <span class='ocrx_word' id='word_1_79' title='bbox 1635 977 1797 1032; x_wconf 81' lang='lat' dir='ltr'><strong>intel-</strong></span> 
     </span>
    </p>
   </div>
   <div class='ocr_carea' id='block_1_10' title="bbox 251 1061 1795 1140">
    <p class='ocr_par' dir='ltr' id='par_1_10' title="bbox 251 1061 1795 1140">
     <span class='ocr_line' id='line_1_10' title="bbox 251 1061 1795 1140; baseline 0.003 -20"><span class='ocrx_word' id='word_1_80' title='bbox 251 1064 321 1136; x_wconf 86' lang='lat' dir='ltr'><strong>ligi</strong></span> <span class='ocrx_word' id='word_1_81' title='bbox 349 1082 360 1119; x_wconf 91' lang='lat'>:</span> <span class='ocrx_word' id='word_1_82' title='bbox 387 1063 490 1118; x_wconf 86' lang='lat' dir='ltr'><strong>sive</strong></span> <span class='ocrx_word' id='word_1_83' title='bbox 515 1061 663 1136; x_wconf 87' lang='lat' dir='ltr'><strong>quod</strong></span> <span class='ocrx_word' id='word_1_84' title='bbox 706 1065 879 1134; x_wconf 88' lang='lat' dir='ltr'><strong>gratia</strong></span> <span class='ocrx_word' id='word_1_85' title='bbox 910 1065 978 1120; x_wconf 90' lang='lat' dir='ltr'><strong>ad</strong></span> <span class='ocrx_word' id='word_1_86' title='bbox 1009 1066 1226 1123; x_wconf 88' lang='lat' dir='ltr'><strong>Patrem</strong></span> <span class='ocrx_word' id='word_1_87' title='bbox 1252 1110 1267 1133; x_wconf 94' lang='lat'><strong>,</strong></span> <span class='ocrx_word' id='word_1_88' title='bbox 1301 1079 1355 1124; x_wconf 91' lang='lat' dir='ltr'><strong>ct</strong></span> <span class='ocrx_word' id='word_1_89' title='bbox 1386 1086 1487 1140; x_wconf 83' lang='lat' dir='ltr'><strong>pax</strong></span> <span class='ocrx_word' id='word_1_90' title='bbox 1528 1071 1795 1125; x_wconf 77' lang='lat' dir='ltr'><strong>referatur</strong></span> 
     </span>
    </p>
   </div>
   <div class='ocr_carea' id='block_1_11' title="bbox 249 1155 1792 1230">
    <p class='ocr_par' dir='ltr' id='par_1_11' title="bbox 249 1155 1792 1230">
     <span class='ocr_line' id='line_1_11' title="bbox 249 1155 1792 1230; baseline 0.001 -16"><span class='ocrx_word' id='word_1_91' title='bbox 249 1162 300 1214; x_wconf 83' lang='lat' dir='ltr'><strong>ad</strong></span> <span class='ocrx_word' id='word_1_92' title='bbox 326 1156 516 1213; x_wconf 83' lang='lat' dir='ltr'><strong>Filium.</strong></span> <span class='ocrx_word' id='word_1_93' title='bbox 547 1155 665 1212; x_wconf 86' lang='lat' dir='ltr'><strong>Non</strong></span> <span class='ocrx_word' id='word_1_94' title='bbox 689 1159 898 1230; x_wconf 83' lang='lat' dir='ltr'><strong>absque</strong></span> <span class='ocrx_word' id='word_1_95' title='bbox 936 1162 1201 1229; x_wconf 81' lang='lat' dir='ltr'><strong>scrupulo</strong></span> <span class='ocrx_word' id='word_1_96' title='bbox 1245 1164 1635 1218; x_wconf 87' lang='lat' dir='ltr'><strong>transeundum</strong></span> <span class='ocrx_word' id='word_1_97' title='bbox 1686 1173 1792 1227; x_wconf 88' lang='lat' dir='ltr'><strong>est,</strong></span> 
     </span>
    </p>
   </div>
   <div class='ocr_carea' id='block_1_12' title="bbox 249 1249 1796 1326">
    <p class='ocr_par' dir='ltr' id='par_1_12' title="bbox 249 1249 1796 1326">
     <span class='ocr_line' id='line_1_12' title="bbox 249 1249 1796 1326; baseline 0.005 -22"><span class='ocrx_word' id='word_1_98' title='bbox 249 1249 362 1321; x_wconf 88' lang='lat' dir='ltr'><strong>quod</strong></span> <span class='ocrx_word' id='word_1_99' title='bbox 385 1249 695 1320; x_wconf 72' lang='lat' dir='ltr'><strong>quibusdam</strong></span> <span class='ocrx_word' id='word_1_100' title='bbox 720 1251 1018 1320; x_wconf 81' lang='lat' dir='ltr'><strong>Apostolus</strong></span> <span class='ocrx_word' id='word_1_101' title='bbox 1047 1253 1212 1326; x_wconf 76' lang='lat'><strong>693</strong></span> <span class='ocrx_word' id='word_1_102' title='bbox 1247 1254 1583 1324; x_wconf 84' lang='lat' dir='ltr'><strong>imprecatus</strong></span> <span class='ocrx_word' id='word_1_103' title='bbox 1602 1266 1708 1319; x_wconf 89' lang='lat' dir='ltr'><strong>est,</strong></span> <span class='ocrx_word' id='word_1_104' title='bbox 1735 1265 1796 1310; x_wconf 94' lang='lat' dir='ltr'><strong>ut</strong></span> 
     </span>
    </p>
   </div>
   <div class='ocr_carea' id='block_1_13' title="bbox 247 1340 1792 1415">
    <p class='ocr_par' dir='ltr' id='par_1_13' title="bbox 247 1340 1792 1415">
     <span class='ocr_line' id='line_1_13' title="bbox 247 1340 1792 1415; baseline 0.005 -18"><span class='ocrx_word' id='word_1_105' title='bbox 247 1340 309 1397; x_wconf 88' lang='lat' dir='ltr'><strong>eis</strong></span> <span class='ocrx_word' id='word_1_106' title='bbox 329 1340 481 1412; x_wconf 85' lang='lat' dir='ltr'><strong>gratia</strong></span> <span class='ocrx_word' id='word_1_107' title='bbox 519 1350 575 1397; x_wconf 89' lang='lat' dir='ltr'><strong>et</strong></span> <span class='ocrx_word' id='word_1_108' title='bbox 633 1357 733 1412; x_wconf 84' lang='lat' dir='ltr'><strong>pax</strong></span> <span class='ocrx_word' id='word_1_109' title='bbox 766 1344 1260 1415; x_wconf 82' lang='lat' dir='ltr'><strong>mttltipliCareltlur</strong></span> <span class='ocrx_word' id='word_1_110' title='bbox 1293 1365 1305 1402; x_wconf 92' lang='lat'>:</span> <span class='ocrx_word' id='word_1_111' title='bbox 1341 1365 1482 1403; x_wconf 89' lang='lat' dir='ltr'><strong>nunc</strong></span> <span class='ocrx_word' id='word_1_112' title='bbox 1536 1364 1668 1406; x_wconf 86' lang='lat' dir='ltr'><strong>vero</strong></span> <span class='ocrx_word' id='word_1_113' title='bbox 1722 1348 1792 1404; x_wconf 90' lang='lat' dir='ltr'><strong>ad</strong></span> 
     </span>
    </p>
   </div>
   <div class='ocr_carea' id='block_1_14' title="bbox 242 1434 1790 1515">
    <p class='ocr_par' dir='ltr' id='par_1_14' title="bbox 242 1434 1790 1515">
     <span class='ocr_line' id='line_1_14' title="bbox 242 1434 1790 1515; baseline 0.006 -24"><span class='ocrx_word' id='word_1_114' title='bbox 242 1434 390 1491; x_wconf 86' lang='lat' dir='ltr'><strong>Titum</strong></span> <span class='ocrx_word' id='word_1_115' title='bbox 435 1450 530 1504; x_wconf 89' lang='lat' dir='ltr'><strong>pax</strong></span> <span class='ocrx_word' id='word_1_116' title='bbox 556 1445 612 1492; x_wconf 90' lang='lat' dir='ltr'><strong>et</strong></span> <span class='ocrx_word' id='word_1_117' title='bbox 639 1438 832 1507; x_wconf 84' lang='lat' dir='ltr'><strong>gratia.</strong></span> <span class='ocrx_word' id='word_1_118' title='bbox 870 1439 992 1494; x_wconf 88' lang='lat' dir='ltr'><strong>sine</strong></span> <span class='ocrx_word' id='word_1_119' title='bbox 1018 1440 1478 1512; x_wconf 79' lang='lat' dir='ltr'><strong>multiplicatione</strong></span> <span class='ocrx_word' id='word_1_120' title='bbox 1527 1443 1638 1498; x_wconf 91' lang='lat' dir='ltr'><strong>sint</strong></span> <span class='ocrx_word' id='word_1_121' title='bbox 1688 1459 1790 1515; x_wconf 91' lang='lat' dir='ltr'><strong>po-</strong></span> 
     </span>
    </p>
   </div>
   <div class='ocr_carea' id='block_1_15' title="bbox 238 1527 1792 1604">
    <p class='ocr_par' dir='ltr' id='par_1_15' title="bbox 238 1527 1792 1604">
     <span class='ocr_line' id='line_1_15' title="bbox 238 1527 1792 1604; baseline 0.007 -22"><span class='ocrx_word' id='word_1_122' title='bbox 238 1528 350 1582; x_wconf 65' lang='lat' dir='ltr'><strong>sitae.</strong></span> <span class='ocrx_word' id='word_1_123' title='bbox 377 1527 478 1584; x_wconf 87' lang='lat' dir='ltr'><strong>Noe</strong></span> <span class='ocrx_word' id='word_1_124' title='bbox 509 1529 592 1584; x_wconf 89' lang='lat' dir='ltr'><strong>vir</strong></span> <span class='ocrx_word' id='word_1_125' title='bbox 612 1529 816 1598; x_wconf 88' lang='lat' dir='ltr'><strong>justus,</strong></span> <span class='ocrx_word' id='word_1_126' title='bbox 842 1541 894 1587; x_wconf 93' lang='lat' dir='ltr'><strong>et</strong></span> <span class='ocrx_word' id='word_1_127' title='bbox 922 1531 1188 1604; x_wconf 79' lang='lat' dir='ltr'><strong>naufrago</strong></span> <span class='ocrx_word' id='word_1_128' title='bbox 1211 1536 1344 1590; x_wconf 85' lang='lat' dir='ltr'><strong>orbe</strong></span> <span class='ocrx_word' id='word_1_129' title='bbox 1370 1536 1521 1591; x_wconf 71' lang='lat' dir='ltr'><strong>stilus</strong></span> <span class='ocrx_word' id='word_1_130' title='bbox 1543 1549 1792 1593; x_wconf 89' lang='lat' dir='ltr'><strong>servatus</strong></span> 
     </span>
    </p>
   </div>
   <div class='ocr_carea' id='block_1_16' title="bbox 240 1620 1790 1696">
    <p class='ocr_par' dir='ltr' id='par_1_16' title="bbox 240 1620 1790 1696">
     <span class='ocr_line' id='line_1_16' title="bbox 240 1620 1790 1696; baseline 0.005 -18"><span class='ocrx_word' id='word_1_131' title='bbox 240 1635 324 1678; x_wconf 91' lang='lat' dir='ltr'><strong>non</strong></span> <span class='ocrx_word' id='word_1_132' title='bbox 349 1620 540 1676; x_wconf 88' lang='lat' dir='ltr'><strong>dicitur</strong></span> <span class='ocrx_word' id='word_1_133' title='bbox 572 1623 758 1693; x_wconf 89' lang='lat' dir='ltr'><strong>plures</strong></span> <span class='ocrx_word' id='word_1_134' title='bbox 781 1625 1015 1695; x_wconf 85' lang='lat' dir='ltr'><strong>gratias,</strong></span> <span class='ocrx_word' id='word_1_135' title='bbox 1045 1627 1140 1681; x_wconf 86' lang='lat' dir='ltr'><strong>sed</strong></span> <span class='ocrx_word' id='word_1_136' title='bbox 1170 1643 1330 1682; x_wconf 89' lang='lat' dir='ltr'><strong>unam</strong></span> <span class='ocrx_word' id='word_1_137' title='bbox 1363 1628 1594 1696; x_wconf 73' lang='lat' dir='ltr'><strong>graliam</strong></span> <span class='ocrx_word' id='word_1_138' title='bbox 1639 1630 1790 1685; x_wconf 86' lang='lat' dir='ltr'><strong>inve-</strong></span> 
     </span>
    </p>
   </div>
   <div class='ocr_carea' id='block_1_17' title="bbox 239 1717 1785 1794">
    <p class='ocr_par' dir='ltr' id='par_1_17' title="bbox 239 1717 1785 1794">
     <span class='ocr_line' id='line_1_17' title="bbox 239 1717 1785 1794; baseline 0.005 -21"><span class='ocrx_word' id='word_1_139' title='bbox 239 1717 355 1774; x_wconf 84' lang='lat' dir='ltr'><strong>uisse</strong></span> <span class='ocrx_word' id='word_1_140' title='bbox 380 1719 427 1772; x_wconf 92' lang='lat' dir='ltr'><strong>in</strong></span> <span class='ocrx_word' id='word_1_141' title='bbox 447 1726 744 1786; x_wconf 77' lang='lat' dir='ltr'><strong>conSpectu</strong></span> <span class='ocrx_word' id='word_1_142' title='bbox 768 1718 888 1777; x_wconf 83' lang='lat' dir='ltr'><strong>Dei.</strong></span> <span class='ocrx_word' id='word_1_143' title='bbox 941 1719 1010 1775; x_wconf 88' lang='lat' dir='ltr'><strong>Et</strong></span> <span class='ocrx_word' id='word_1_144' title='bbox 1063 1721 1282 1794; x_wconf 82' lang='lat' dir='ltr'><strong>Moyses</strong></span> <span class='ocrx_word' id='word_1_145' title='bbox 1321 1723 1388 1777; x_wconf 91' lang='lat' dir='ltr'><strong>ad</strong></span> <span class='ocrx_word' id='word_1_146' title='bbox 1444 1723 1734 1778; x_wconf 77' lang='lat' dir='ltr'><strong>Dominum</strong></span> <span class='ocrx_word' id='word_1_147' title='bbox 1771 1744 1785 1780; x_wconf 90' lang='lat'><strong>:</strong></span> 
     </span>
    </p>
   </div>
   <div class='ocr_carea' id='block_1_18' title="bbox 1902 508 3494 587">
    <p class='ocr_par' dir='ltr' id='par_1_18' title="bbox 1902 508 3494 587">
     <span class='ocr_line' id='line_1_18' title="bbox 1902 508 3494 587; baseline 0.004 -24"><span class='ocrx_word' id='word_1_148' title='bbox 1902 509 2044 579; x_wconf 89' lang='lat' dir='ltr'><strong>quod</strong></span> <span class='ocrx_word' id='word_1_149' title='bbox 2075 508 2350 587; x_wconf 76' lang='grc' dir='ltr'><strong>διορθὼσῃ,</strong></span> <span class='ocrx_word' id='word_1_150' title='bbox 2383 509 2434 562; x_wconf 88' lang='lat' dir='ltr'><strong>id</strong></span> <span class='ocrx_word' id='word_1_151' title='bbox 2465 518 2568 576; x_wconf 88' lang='lat' dir='ltr'><strong>est,</strong></span> <span class='ocrx_word' id='word_1_152' title='bbox 2597 511 2884 583; x_wconf 73' lang='lat' dir='ltr'><strong>corrigeres</strong></span> <span class='ocrx_word' id='word_1_153' title='bbox 2917 527 2934 563; x_wconf 92' lang='lat'><em>:</em></span> <span class='ocrx_word' id='word_1_154' title='bbox 2967 511 3060 566; x_wconf 76' lang='lat' dir='ltr'><strong>aed</strong></span> <span class='ocrx_word' id='word_1_155' title='bbox 3091 525 3149 567; x_wconf 88' lang='lat' dir='ltr'><strong>ut</strong></span> <span class='ocrx_word' id='word_1_156' title='bbox 3191 514 3262 567; x_wconf 90' lang='lat' dir='ltr'><strong>ita</strong></span> <span class='ocrx_word' id='word_1_157' title='bbox 3294 513 3494 582; x_wconf 88' lang='lat' dir='ltr'><strong>dicam,</strong></span> 
     </span>
    </p>
   </div>
   <div class='ocr_carea' id='block_1_19' title="bbox 1901 601 3501 673">
    <p class='ocr_par' dir='ltr' id='par_1_19' title="bbox 1901 601 3501 673">
     <span class='ocr_line' id='line_1_19' title="bbox 1901 601 3501 673; baseline 0.005 -18"><span class='ocrx_word' id='word_1_158' title='bbox 1901 603 2335 672; x_wconf 80' lang='lat' dir='ltr'><strong>supercorrigcres</strong></span> <span class='ocrx_word' id='word_1_159' title='bbox 2375 619 2392 655; x_wconf 91' lang='lat'><strong><em>:</em></strong></span> <span class='ocrx_word' id='word_1_160' title='bbox 2433 611 2489 656; x_wconf 93' lang='lat' dir='ltr'><strong>ut</strong></span> <span class='ocrx_word' id='word_1_161' title='bbox 2527 601 2739 657; x_wconf 81' lang='lat' dir='ltr'><strong>scilicet</strong></span> <span class='ocrx_word' id='word_1_162' title='bbox 2785 619 2844 657; x_wconf 84' lang='lat' dir='ltr'><strong>ea</strong></span> <span class='ocrx_word' id='word_1_163' title='bbox 2889 619 3008 673; x_wconf 66' lang='lat' dir='ltr'><strong>qua:</strong></span> <span class='ocrx_word' id='word_1_164' title='bbox 3040 620 3067 656; x_wconf 88' lang='lat' dir='ltr'><strong>a</strong></span> <span class='ocrx_word' id='word_1_165' title='bbox 3121 620 3206 660; x_wconf 90' lang='lat' dir='ltr'><strong>me</strong></span> <span class='ocrx_word' id='word_1_166' title='bbox 3252 616 3501 663; x_wconf 71' lang='lat' dir='ltr'><strong>cci-recta</strong></span> 
     </span>
    </p>
   </div>
   <div class='ocr_carea' id='block_1_20' title="bbox 1902 696 3499 770">
    <p class='ocr_par' dir='ltr' id='par_1_20' title="bbox 1902 696 3499 770">
     <span class='ocr_line' id='line_1_20' title="bbox 1902 696 3499 770; baseline 0.003 -19"><span class='ocrx_word' id='word_1_167' title='bbox 1902 707 2048 760; x_wconf 89' lang='lat' dir='ltr'><strong>sunt,</strong></span> <span class='ocrx_word' id='word_1_168' title='bbox 2079 696 2246 770; x_wconf 61' lang='lat'><strong>694</strong></span> <span class='ocrx_word' id='word_1_169' title='bbox 2269 709 2323 752; x_wconf 90' lang='lat' dir='ltr'><strong>et</strong></span> <span class='ocrx_word' id='word_1_170' title='bbox 2372 697 2603 752; x_wconf 85' lang='lat' dir='ltr'><strong>necdum</strong></span> <span class='ocrx_word' id='word_1_171' title='bbox 2635 697 2704 751; x_wconf 90' lang='lat' dir='ltr'><strong>ad</strong></span> <span class='ocrx_word' id='word_1_172' title='bbox 2737 697 2952 767; x_wconf 84' lang='lat' dir='ltr'><strong>plenam</strong></span> <span class='ocrx_word' id='word_1_173' title='bbox 2977 699 3088 754; x_wconf 90' lang='lat' dir='ltr'><strong>veri</strong></span> <span class='ocrx_word' id='word_1_174' title='bbox 3123 699 3319 755; x_wconf 88' lang='lat' dir='ltr'><strong>lineam</strong></span> <span class='ocrx_word' id='word_1_175' title='bbox 3368 709 3499 755; x_wconf 86' lang='lat' dir='ltr'><strong>sunt</strong></span> 
     </span>
    </p>
   </div>
   <div class='ocr_carea' id='block_1_21' title="bbox 1901 791 3507 866">
    <p class='ocr_par' dir='ltr' id='par_1_21' title="bbox 1901 791 3507 866">
     <span class='ocr_line' id='line_1_21' title="bbox 1901 791 3507 866; baseline 0.005 -19"><span class='ocrx_word' id='word_1_176' title='bbox 1901 802 2133 847; x_wconf 86' lang='lat' dir='ltr'><strong>retracta</strong></span> <span class='ocrx_word' id='word_1_177' title='bbox 2165 791 2273 864; x_wconf 77' lang='grc' dir='ltr'><strong>[ΑΙ.</strong></span> <span class='ocrx_word' id='word_1_178' title='bbox 2309 792 2664 866; x_wconf 87' lang='lat' dir='ltr'><strong>retractata],</strong></span> <span class='ocrx_word' id='word_1_179' title='bbox 2708 808 2738 848; x_wconf 95' lang='lat' dir='ltr'><strong>a</strong></span> <span class='ocrx_word' id='word_1_180' title='bbox 2781 804 2832 850; x_wconf 92' lang='lat' dir='ltr'><strong>te</strong></span> <span class='ocrx_word' id='word_1_181' title='bbox 2874 795 3244 866; x_wconf 81' lang='lat' dir='ltr'><strong>corrigantur,</strong></span> <span class='ocrx_word' id='word_1_182' title='bbox 3294 807 3347 852; x_wconf 87' lang='lat' dir='ltr'><strong>et</strong></span> <span class='ocrx_word' id='word_1_183' title='bbox 3376 811 3507 854; x_wconf 62' lang='lat' dir='ltr'><strong>norv</strong></span> 
     </span>
    </p>
   </div>
   <div class='ocr_carea' id='block_1_22' title="bbox 1901 884 2706 953">
    <p class='ocr_par' dir='ltr' id='par_1_22' title="bbox 1901 884 2706 953">
     <span class='ocr_line' id='line_1_22' title="bbox 1901 884 2706 953; baseline 0 -15"><span class='ocrx_word' id='word_1_184' title='bbox 1901 899 2042 938; x_wconf 92' lang='lat' dir='ltr'><strong>mam</strong></span> <span class='ocrx_word' id='word_1_185' title='bbox 2074 884 2397 953; x_wconf 79' lang='lat' dir='ltr'><strong>:eqnalitatis</strong></span> <span class='ocrx_word' id='word_1_186' title='bbox 2423 886 2706 950; x_wconf 87' lang='lat' dir='ltr'><strong>accipiant.</strong></span> 
     </span>
    </p>
   </div>
   <div class='ocr_carea' id='block_1_23' title="bbox 1971 975 3494 1052">
    <p class='ocr_par' dir='ltr' id='par_1_23' title="bbox 1971 975 3494 1052">
     <span class='ocr_line' id='line_1_23' title="bbox 1971 975 3494 1052; baseline 0.005 -23"><span class='ocrx_word' id='word_1_187' title='bbox 1971 975 2040 1030; x_wconf 88' lang='lat' dir='ltr'><strong>Et</strong></span> <span class='ocrx_word' id='word_1_188' title='bbox 2083 975 2188 1049; x_wconf 82' lang='grc' dir='ltr'><strong>[Αι.</strong></span> <span class='ocrx_word' id='word_1_189' title='bbox 2239 976 2328 1049; x_wconf 89' lang='lat' dir='ltr'><strong>Ut]</strong></span> <span class='ocrx_word' id='word_1_190' title='bbox 2386 979 2669 1032; x_wconf 82' lang='lat' dir='ltr'><strong>constituas</strong></span> <span class='ocrx_word' id='word_1_191' title='bbox 2713 995 2807 1050; x_wconf 90' lang='lat' dir='ltr'><strong>per</strong></span> <span class='ocrx_word' id='word_1_192' title='bbox 2855 978 3083 1034; x_wconf 81' lang='lat' dir='ltr'><strong>civitates</strong></span> <span class='ocrx_word' id='word_1_193' title='bbox 3129 982 3448 1052; x_wconf 77' lang='lat' dir='ltr'><strong>presbyteros</strong></span> <span class='ocrx_word' id='word_1_194' title='bbox 3478 1024 3494 1048; x_wconf 95' lang='lat'><strong>,</strong></span> 
     </span>
    </p>
   </div>
   <div class='ocr_carea' id='block_1_24' title="bbox 1898 1068 3501 1145">
    <p class='ocr_par' dir='ltr' id='par_1_24' title="bbox 1898 1068 3501 1145">
     <span class='ocr_line' id='line_1_24' title="bbox 1898 1068 3501 1145; baseline 0.005 -21"><span class='ocrx_word' id='word_1_195' title='bbox 1898 1071 2034 1124; x_wconf 85' lang='lat' dir='ltr'><strong>sicut</strong></span> <span class='ocrx_word' id='word_1_196' title='bbox 2065 1086 2158 1141; x_wconf 90' lang='lat' dir='ltr'><strong>ego</strong></span> <span class='ocrx_word' id='word_1_197' title='bbox 2192 1069 2282 1124; x_wconf 83' lang='lat' dir='ltr'><strong>tibi</strong></span> <span class='ocrx_word' id='word_1_198' title='bbox 2324 1068 2579 1142; x_wconf 74' lang='lat' dir='ltr'><strong>disposui.</strong></span> <span class='ocrx_word' id='word_1_199' title='bbox 2616 1071 2851 1126; x_wconf 81' lang='lat' dir='ltr'><strong>Audiant</strong></span> <span class='ocrx_word' id='word_1_200' title='bbox 2877 1073 3118 1145; x_wconf 90' lang='lat' dir='ltr'><strong>episcopi</strong></span> <span class='ocrx_word' id='word_1_201' title='bbox 3163 1076 3252 1145; x_wconf 87' lang='lat' dir='ltr'><strong>qui</strong></span> <span class='ocrx_word' id='word_1_202' title='bbox 3299 1076 3501 1132; x_wconf 85' lang='lat' dir='ltr'><strong>habent</strong></span> 
     </span>
    </p>
   </div>
   <div class='ocr_carea' id='block_1_25' title="bbox 1898 1163 3491 1236">
    <p class='ocr_par' dir='ltr' id='par_1_25' title="bbox 1898 1163 3491 1236">
     <span class='ocr_line' id='line_1_25' title="bbox 1898 1163 3491 1236; baseline 0.004 -18"><span class='ocrx_word' id='word_1_203' title='bbox 1898 1163 2264 1219; x_wconf 76' lang='lat' dir='ltr'><strong>constituendi</strong></span> <span class='ocrx_word' id='word_1_204' title='bbox 2296 1167 2646 1235; x_wconf 74' lang='lat' dir='ltr'><strong>presbyteros</strong></span> <span class='ocrx_word' id='word_1_205' title='bbox 2679 1180 2775 1232; x_wconf 85' lang='lat' dir='ltr'><strong>per</strong></span> <span class='ocrx_word' id='word_1_206' title='bbox 2798 1165 2958 1221; x_wconf 89' lang='lat' dir='ltr'><strong>urbes</strong></span> <span class='ocrx_word' id='word_1_207' title='bbox 2983 1167 3223 1236; x_wconf 87' lang='lat' dir='ltr'><strong>singulas</strong></span> <span class='ocrx_word' id='word_1_208' title='bbox 3250 1179 3491 1236; x_wconf 85' lang='lat' dir='ltr'><strong>potesta-</strong></span> 
     </span>
    </p>
   </div>
   <div class='ocr_carea' id='block_1_26' title="bbox 1899 1255 3501 1328">
    <p class='ocr_par' dir='ltr' id='par_1_26' title="bbox 1899 1255 3501 1328">
     <span class='ocr_line' id='line_1_26' title="bbox 1899 1255 3501 1328; baseline 0.005 -17"><span class='ocrx_word' id='word_1_209' title='bbox 1899 1265 2029 1322; x_wconf 92' lang='lat' dir='ltr'><strong>tem,</strong></span> <span class='ocrx_word' id='word_1_210' title='bbox 2052 1257 2153 1312; x_wconf 88' lang='lat' dir='ltr'><strong>sub</strong></span> <span class='ocrx_word' id='word_1_211' title='bbox 2179 1256 2322 1327; x_wconf 85' lang='lat' dir='ltr'><strong>quali</strong></span> <span class='ocrx_word' id='word_1_212' title='bbox 2359 1255 2474 1328; x_wconf 84' lang='lat' dir='ltr'><strong>lege</strong></span> <span class='ocrx_word' id='word_1_213' title='bbox 2502 1257 2903 1313; x_wconf 68' lang='lat' dir='ltr'><strong>Ecclesiasticae</strong></span> <span class='ocrx_word' id='word_1_214' title='bbox 2932 1259 3337 1316; x_wconf 63' lang='lat' dir='ltr'><strong>constitutionis</strong></span> <span class='ocrx_word' id='word_1_215' title='bbox 3364 1262 3501 1320; x_wconf 91' lang='lat' dir='ltr'><strong>ordo</strong></span> 
     </span>
    </p>
   </div>
   <div class='ocr_carea' id='block_1_27' title="bbox 1899 1353 3499 1425">
    <p class='ocr_par' dir='ltr' id='par_1_27' title="bbox 1899 1353 3499 1425">
     <span class='ocr_line' id='line_1_27' title="bbox 1899 1353 3499 1425; baseline 0.005 -19"><span class='ocrx_word' id='word_1_216' title='bbox 1899 1363 2144 1408; x_wconf 82' lang='lat' dir='ltr'><strong>teneatur</strong></span> <span class='ocrx_word' id='word_1_217' title='bbox 2203 1370 2214 1406; x_wconf 93' lang='lat'>:</span> <span class='ocrx_word' id='word_1_218' title='bbox 2275 1367 2375 1408; x_wconf 93' lang='lat' dir='ltr'><strong>nec</strong></span> <span class='ocrx_word' id='word_1_219' title='bbox 2426 1360 2615 1423; x_wconf 89' lang='lat' dir='ltr'><strong>putent</strong></span> <span class='ocrx_word' id='word_1_220' title='bbox 2666 1353 2899 1422; x_wconf 88' lang='lat' dir='ltr'><strong>apostoli</strong></span> <span class='ocrx_word' id='word_1_221' title='bbox 2954 1354 3119 1409; x_wconf 89' lang='lat' dir='ltr'><strong>verba</strong></span> <span class='ocrx_word' id='word_1_222' title='bbox 3180 1370 3339 1425; x_wconf 90' lang='lat' dir='ltr'><strong>esse,</strong></span> <span class='ocrx_word' id='word_1_223' title='bbox 3398 1357 3499 1414; x_wconf 92' lang='lat' dir='ltr'><strong>sed</strong></span> 
     </span>
    </p>
   </div>
   <div class='ocr_carea' id='block_1_28' title="bbox 1893 1442 3490 1520">
    <p class='ocr_par' dir='ltr' id='par_1_28' title="bbox 1893 1442 3490 1520">
     <span class='ocr_line' id='line_1_28' title="bbox 1893 1442 3490 1520; baseline 0.003 -21"><span class='ocrx_word' id='word_1_224' title='bbox 1893 1444 2119 1508; x_wconf 86' lang='lat' dir='ltr'><strong>Christi,</strong></span> <span class='ocrx_word' id='word_1_225' title='bbox 2147 1444 2234 1514; x_wconf 88' lang='lat' dir='ltr'><strong>qui</strong></span> <span class='ocrx_word' id='word_1_226' title='bbox 2263 1442 2328 1498; x_wconf 86' lang='lat' dir='ltr'><strong>ad</strong></span> <span class='ocrx_word' id='word_1_227' title='bbox 2359 1443 2656 1514; x_wconf 88' lang='lat' dir='ltr'><strong>dtscipulns</strong></span> <span class='ocrx_word' id='word_1_228' title='bbox 2683 1446 2758 1498; x_wconf 94' lang='lat' dir='ltr'><strong>ait</strong></span> <span class='ocrx_word' id='word_1_229' title='bbox 2801 1463 2814 1499; x_wconf 93' lang='lat'><strong>:</strong></span> <span class='ocrx_word' id='word_1_230' title='bbox 2875 1445 2976 1510; x_wconf 86' lang='lat' dir='ltr'><strong>Qui</strong></span> <span class='ocrx_word' id='word_1_231' title='bbox 3038 1463 3123 1500; x_wconf 88' lang='lat' dir='ltr'><strong>vos</strong></span> <span class='ocrx_word' id='word_1_232' title='bbox 3162 1449 3380 1520; x_wconf 75' lang='lat' dir='ltr'><strong>spernit,</strong></span> <span class='ocrx_word' id='word_1_233' title='bbox 3411 1465 3490 1504; x_wconf 90' lang='lat' dir='ltr'><strong>me</strong></span> 
     </span>
    </p>
   </div>
   <div class='ocr_carea' id='block_1_29' title="bbox 1892 1539 3501 1613">
    <p class='ocr_par' dir='ltr' id='par_1_29' title="bbox 1892 1539 3501 1613">
     <span class='ocr_line' id='line_1_29' title="bbox 1892 1539 3501 1613; baseline 0 -19"><span class='ocrx_word' id='word_1_234' title='bbox 1892 1539 2086 1611; x_wconf 90' lang='lat' dir='ltr'><strong>spernit</strong></span> <span class='ocrx_word' id='word_1_235' title='bbox 2129 1555 2146 1592; x_wconf 90' lang='lat'><em>:</em></span> <span class='ocrx_word' id='word_1_236' title='bbox 2189 1539 2278 1610; x_wconf 86' lang='lat' dir='ltr'><strong>qui</strong></span> <span class='ocrx_word' id='word_1_237' title='bbox 2324 1549 2494 1592; x_wconf 86' lang='lat' dir='ltr'><strong>autem</strong></span> <span class='ocrx_word' id='word_1_238' title='bbox 2539 1555 2617 1591; x_wconf 89' lang='lat' dir='ltr'><strong>me</strong></span> <span class='ocrx_word' id='word_1_239' title='bbox 2665 1540 2878 1609; x_wconf 82' lang='lat' dir='ltr'><strong>spernit,</strong></span> <span class='ocrx_word' id='word_1_240' title='bbox 2911 1540 3108 1610; x_wconf 79' lang='lat' dir='ltr'><strong>spernit</strong></span> <span class='ocrx_word' id='word_1_241' title='bbox 3134 1555 3252 1594; x_wconf 86' lang='lat' dir='ltr'><strong>eum</strong></span> <span class='ocrx_word' id='word_1_242' title='bbox 3295 1544 3384 1613; x_wconf 89' lang='lat' dir='ltr'><strong>qui</strong></span> <span class='ocrx_word' id='word_1_243' title='bbox 3418 1558 3501 1596; x_wconf 85' lang='lat' dir='ltr'><strong>me</strong></span> 
     </span>
    </p>
   </div>
   <div class='ocr_carea' id='block_1_30' title="bbox 1893 1632 3500 1706">
    <p class='ocr_par' dir='ltr' id='par_1_30' title="bbox 1893 1632 3500 1706">
     <span class='ocr_line' id='line_1_30' title="bbox 1893 1632 3500 1706; baseline 0.002 -19"><span class='ocrx_word' id='word_1_244' title='bbox 1893 1634 2029 1687; x_wconf 80' lang='lat' dir='ltr'><strong>misit</strong></span> <span class='ocrx_word' id='word_1_245' title='bbox 2060 1633 2212 1702; x_wconf 89' lang='lat' dir='ltr'><strong>(Luc.</strong></span> <span class='ocrx_word' id='word_1_246' title='bbox 2239 1649 2293 1701; x_wconf 86' lang='lat' dir='ltr'><strong>x,</strong></span> <span class='ocrx_word' id='word_1_247' title='bbox 2325 1633 2431 1700; x_wconf 82' lang='lat' dir='ltr'><strong>t6).</strong></span> <span class='ocrx_word' id='word_1_248' title='bbox 2465 1633 2554 1687; x_wconf 87' lang='lat' dir='ltr'><strong>Sic</strong></span> <span class='ocrx_word' id='word_1_249' title='bbox 2583 1643 2636 1687; x_wconf 92' lang='lat' dir='ltr'><strong>et</strong></span> <span class='ocrx_word' id='word_1_250' title='bbox 2666 1632 2756 1704; x_wconf 90' lang='lat' dir='ltr'><strong>qui</strong></span> <span class='ocrx_word' id='word_1_251' title='bbox 2789 1648 2882 1688; x_wconf 85' lang='lat' dir='ltr'><strong>vos</strong></span> <span class='ocrx_word' id='word_1_252' title='bbox 2903 1633 3070 1696; x_wconf 88' lang='lat' dir='ltr'><strong>audit,</strong></span> <span class='ocrx_word' id='word_1_253' title='bbox 3089 1649 3175 1690; x_wconf 91' lang='lat' dir='ltr'><strong>me</strong></span> <span class='ocrx_word' id='word_1_254' title='bbox 3205 1635 3500 1706; x_wconf 82' lang='lat' dir='ltr'><strong>auditzqui</strong></span> 
     </span>
    </p>
   </div>
   <div class='ocr_carea' id='block_1_31' title="bbox 1891 1723 3494 1799">
    <p class='ocr_par' dir='ltr' id='par_1_31' title="bbox 1891 1723 3494 1799">
     <span class='ocr_line' id='line_1_31' title="bbox 1891 1723 3494 1799; baseline 0.002 -21"><span class='ocrx_word' id='word_1_255' title='bbox 1891 1735 2070 1780; x_wconf 88' lang='lat' dir='ltr'><strong>autem</strong></span> <span class='ocrx_word' id='word_1_256' title='bbox 2110 1741 2196 1780; x_wconf 84' lang='lat' dir='ltr'><strong>tne</strong></span> <span class='ocrx_word' id='word_1_257' title='bbox 2245 1727 2414 1791; x_wconf 89' lang='lat' dir='ltr'><strong>audit,</strong></span> <span class='ocrx_word' id='word_1_258' title='bbox 2469 1723 2622 1778; x_wconf 89' lang='lat' dir='ltr'><strong>audit</strong></span> <span class='ocrx_word' id='word_1_259' title='bbox 2658 1739 2781 1779; x_wconf 91' lang='lat' dir='ltr'><strong>eum</strong></span> <span class='ocrx_word' id='word_1_260' title='bbox 2818 1725 2909 1795; x_wconf 87' lang='lat' dir='ltr'><strong>qui</strong></span> <span class='ocrx_word' id='word_1_261' title='bbox 2950 1741 3036 1780; x_wconf 91' lang='lat' dir='ltr'><strong>me</strong></span> <span class='ocrx_word' id='word_1_262' title='bbox 3063 1726 3228 1780; x_wconf 86' lang='lat' dir='ltr'><strong>misit.</strong></span> <span class='ocrx_word' id='word_1_263' title='bbox 3270 1727 3350 1781; x_wconf 83' lang='lat' dir='ltr'><strong>Ex</strong></span> <span class='ocrx_word' id='word_1_264' title='bbox 3384 1743 3494 1799; x_wconf 91' lang='lat' dir='ltr'><strong>quo</strong></span> 
     </span>
    </p>
   </div>
   <div class='ocr_carea' id='block_1_32' title="bbox 239 1807 3496 1890">
    <p class='ocr_par' dir='ltr' id='par_1_32' title="bbox 239 1807 3496 1890">
     <span class='ocr_line' id='line_1_32' title="bbox 239 1807 3496 1890; baseline 0.003 -24"><span class='ocrx_word' id='word_1_265' title='bbox 239 1810 286 1866; x_wconf 88' lang='lat' dir='ltr'><strong>Si</strong></span> <span class='ocrx_word' id='word_1_266' title='bbox 303 1811 470 1873; x_wconf 83' lang='lat' dir='ltr'><strong>inreui,</strong></span> <span class='ocrx_word' id='word_1_267' title='bbox 498 1810 697 1880; x_wconf 88' lang='lat' dir='ltr'><strong>inquit,</strong></span> <span class='ocrx_word' id='word_1_268' title='bbox 727 1813 949 1882; x_wconf 86' lang='lat' dir='ltr'><strong>gratiam</strong></span> <span class='ocrx_word' id='word_1_269' title='bbox 971 1814 1113 1886; x_wconf 85' lang='lat' dir='ltr'><strong>apud</strong></span> <span class='ocrx_word' id='word_1_270' title='bbox 1136 1823 1185 1870; x_wconf 89' lang='lat' dir='ltr'><strong>te</strong></span> <span class='ocrx_word' id='word_1_271' title='bbox 1208 1813 1404 1886; x_wconf 73' lang='lat' dir='ltr'><strong>(Exod.</strong></span> <span class='ocrx_word' id='word_1_272' title='bbox 1433 1832 1628 1882; x_wconf 77' lang='lat' dir='ltr'><strong>xxxiii,</strong></span> <span class='ocrx_word' id='word_1_273' title='bbox 1671 1818 1782 1890; x_wconf 79' lang='grc'><strong>15).</strong></span> <span class='ocrx_word' id='word_1_274' title='bbox 1821 1807 1866 1868; x_wconf 85' lang='grc' dir='ltr'><strong>Β</strong></span> <span class='ocrx_word' id='word_1_275' title='bbox 1895 1817 2240 1873; x_wconf 79' lang='lat' dir='ltr'><strong>manifestum</strong></span> <span class='ocrx_word' id='word_1_276' title='bbox 2289 1826 2392 1885; x_wconf 88' lang='lat' dir='ltr'><strong>est,</strong></span> <span class='ocrx_word' id='word_1_277' title='bbox 2428 1831 2524 1873; x_wconf 79' lang='lat' dir='ltr'><strong>eos</strong></span> <span class='ocrx_word' id='word_1_278' title='bbox 2551 1816 2667 1886; x_wconf 82' lang='lat' dir='ltr'><strong>qui.</strong></span> <span class='ocrx_word' id='word_1_279' title='bbox 2707 1816 2952 1885; x_wconf 84' lang='lat' dir='ltr'><strong>Apostoli</strong></span> <span class='ocrx_word' id='word_1_280' title='bbox 3003 1819 3120 1888; x_wconf 86' lang='lat' dir='ltr'><strong>lege</strong></span> <span class='ocrx_word' id='word_1_281' title='bbox 3158 1829 3496 1890; x_wconf 90' lang='lat' dir='ltr'><strong>contempta,</strong></span> 
     </span>
    </p>
   </div>
   <div class='ocr_carea' id='block_1_33' title="bbox 237 1905 1788 1980">
    <p class='ocr_par' dir='ltr' id='par_1_33' title="bbox 237 1905 1788 1980">
     <span class='ocr_line' id='line_1_33' title="bbox 237 1905 1788 1980; baseline 0.003 -19"><span class='ocrx_word' id='word_1_282' title='bbox 237 1905 611 1962; x_wconf 83' lang='lat' dir='ltr'><strong>Etsicubialibi</strong></span> <span class='ocrx_word' id='word_1_283' title='bbox 651 1907 703 1960; x_wconf 93' lang='lat' dir='ltr'><strong>in</strong></span> <span class='ocrx_word' id='word_1_284' title='bbox 736 1922 970 1978; x_wconf 79' lang='lat' dir='ltr'><strong>persona</strong></span> <span class='ocrx_word' id='word_1_285' title='bbox 1021 1918 1335 1963; x_wconf 87' lang='lat' dir='ltr'><strong>sanctorum</strong></span> <span class='ocrx_word' id='word_1_286' title='bbox 1385 1910 1562 1980; x_wconf 85' lang='lat' dir='ltr'><strong>gratia</strong></span> <span class='ocrx_word' id='word_1_287' title='bbox 1617 1912 1788 1980; x_wconf 81' lang='lat' dir='ltr'><strong>posita</strong></span> 
     </span>
    </p>
   </div>
   <div class='ocr_carea' id='block_1_34' title="bbox 235 2000 1788 2077">
    <p class='ocr_par' dir='ltr' id='par_1_34' title="bbox 235 2000 1788 2077">
     <span class='ocr_line' id='line_1_34' title="bbox 235 2000 1788 2077; baseline 0.002 -20"><span class='ocrx_word' id='word_1_288' title='bbox 235 2011 321 2067; x_wconf 86' lang='lat' dir='ltr'><strong>est,</strong></span> <span class='ocrx_word' id='word_1_289' title='bbox 344 2017 512 2073; x_wconf 66' lang='lat' dir='ltr'><strong>quaere</strong></span> <span class='ocrx_word' id='word_1_290' title='bbox 543 2011 599 2056; x_wconf 90' lang='lat' dir='ltr'><strong>et</strong></span> <span class='ocrx_word' id='word_1_291' title='bbox 632 2002 881 2057; x_wconf 83' lang='lat' dir='ltr'><strong>invenies</strong></span> <span class='ocrx_word' id='word_1_292' title='bbox 909 2000 1019 2074; x_wconf 80' lang='grc' dir='ltr'><strong>[ΑΙ.</strong></span> <span class='ocrx_word' id='word_1_293' title='bbox 1052 2003 1338 2077; x_wconf 84' lang='lat' dir='ltr'><strong>reperies],</strong></span> <span class='ocrx_word' id='word_1_294' title='bbox 1384 2021 1491 2059; x_wconf 90' lang='lat' dir='ltr'><strong>non</strong></span> <span class='ocrx_word' id='word_1_295' title='bbox 1541 2021 1635 2060; x_wconf 85' lang='lat' dir='ltr'><strong>eos</strong></span> <span class='ocrx_word' id='word_1_296' title='bbox 1664 2022 1788 2076; x_wconf 85' lang='lat' dir='ltr'><strong>gra-</strong></span> 
     </span>
    </p>
   </div>
   <div class='ocr_carea' id='block_1_35' title="bbox 235 2093 1788 2166">
    <p class='ocr_par' dir='ltr' id='par_1_35' title="bbox 235 2093 1788 2166">
     <span class='ocr_line' id='line_1_35' title="bbox 235 2093 1788 2166; baseline 0.001 -16"><span class='ocrx_word' id='word_1_297' title='bbox 235 2093 315 2150; x_wconf 86' lang='lat' dir='ltr'><strong>tiss</strong></span> <span class='ocrx_word' id='word_1_298' title='bbox 343 2094 629 2163; x_wconf 81' lang='lat' dir='ltr'><strong>invenisse,</strong></span> <span class='ocrx_word' id='word_1_299' title='bbox 665 2095 762 2150; x_wconf 88' lang='lat' dir='ltr'><strong>sed</strong></span> <span class='ocrx_word' id='word_1_300' title='bbox 793 2097 1046 2166; x_wconf 76' lang='lat' dir='ltr'><strong>gratiam.</strong></span> <span class='ocrx_word' id='word_1_301' title='bbox 1079 2096 1346 2153; x_wconf 83' lang='lat' dir='ltr'><strong>Mercator</strong></span> <span class='ocrx_word' id='word_1_302' title='bbox 1391 2098 1481 2153; x_wconf 88' lang='lat' dir='ltr'><strong>ille</strong></span> <span class='ocrx_word' id='word_1_303' title='bbox 1507 2098 1576 2152; x_wconf 89' lang='lat' dir='ltr'><strong>de</strong></span> <span class='ocrx_word' id='word_1_304' title='bbox 1606 2099 1788 2153; x_wconf 84' lang='lat' dir='ltr'><strong>Evan-</strong></span> 
     </span>
    </p>
   </div>
   <div class='ocr_carea' id='block_1_36' title="bbox 231 2186 1784 2259">
    <p class='ocr_par' dir='ltr' id='par_1_36' title="bbox 231 2186 1784 2259">
     <span class='ocr_line' id='line_1_36' title="bbox 231 2186 1784 2259; baseline 0.003 -17"><span class='ocrx_word' id='word_1_305' title='bbox 231 2186 348 2257; x_wconf 75' lang='lat' dir='ltr'><strong>gelio</strong></span> <span class='ocrx_word' id='word_1_306' title='bbox 371 2187 452 2258; x_wconf 88' lang='lat' dir='ltr'><strong>qui</strong></span> <span class='ocrx_word' id='word_1_307' title='bbox 484 2188 675 2258; x_wconf 88' lang='lat' dir='ltr'><strong>plures</strong></span> <span class='ocrx_word' id='word_1_308' title='bbox 703 2186 891 2244; x_wconf 89' lang='lat' dir='ltr'><strong>habuit</strong></span> <span class='ocrx_word' id='word_1_309' title='bbox 919 2190 1243 2259; x_wconf 78' lang='lat' dir='ltr'><strong>margaritas</strong></span> <span class='ocrx_word' id='word_1_310' title='bbox 1273 2231 1289 2256; x_wconf 96' lang='lat'><strong>,</strong></span> <span class='ocrx_word' id='word_1_311' title='bbox 1352 2189 1419 2244; x_wconf 91' lang='lat' dir='ltr'><strong>ad</strong></span> <span class='ocrx_word' id='word_1_312' title='bbox 1472 2203 1784 2246; x_wconf 80' lang='lat' dir='ltr'><strong>extremum</strong></span> 
     </span>
    </p>
   </div>
   <div class='ocr_carea' id='block_1_37' title="bbox 231 2280 1788 2354">
    <p class='ocr_par' dir='ltr' id='par_1_37' title="bbox 231 2280 1788 2354">
     <span class='ocr_line' id='line_1_37' title="bbox 231 2280 1788 2354; baseline 0.003 -20"><span class='ocrx_word' id='word_1_313' title='bbox 231 2294 360 2334; x_wconf 82' lang='lat' dir='ltr'><strong>unam</strong></span> <span class='ocrx_word' id='word_1_314' title='bbox 392 2280 683 2349; x_wconf 88' lang='lat' dir='ltr'><strong>pretiosam</strong></span> <span class='ocrx_word' id='word_1_315' title='bbox 715 2280 942 2349; x_wconf 87' lang='lat' dir='ltr'><strong>reperit,</strong></span> <span class='ocrx_word' id='word_1_316' title='bbox 977 2297 1142 2352; x_wconf 91' lang='lat' dir='ltr'><strong>qnam</strong></span> <span class='ocrx_word' id='word_1_317' title='bbox 1182 2283 1250 2338; x_wconf 92' lang='lat' dir='ltr'><strong>de</strong></span> <span class='ocrx_word' id='word_1_318' title='bbox 1294 2282 1482 2338; x_wconf 90' lang='lat' dir='ltr'><strong>multis</strong></span> <span class='ocrx_word' id='word_1_319' title='bbox 1523 2285 1788 2354; x_wconf 88' lang='lat' dir='ltr'><strong>margari-</strong></span> 
     </span>
    </p>
   </div>
   <div class='ocr_carea' id='block_1_38' title="bbox 230 2373 1788 2452">
    <p class='ocr_par' dir='ltr' id='par_1_38' title="bbox 230 2373 1788 2452">
     <span class='ocr_line' id='line_1_38' title="bbox 230 2373 1788 2452; baseline 0.006 -23"><span class='ocrx_word' id='word_1_320' title='bbox 230 2373 286 2429; x_wconf 91' lang='lat' dir='ltr'><strong>tis</strong></span> <span class='ocrx_word' id='word_1_321' title='bbox 302 2373 454 2430; x_wconf 89' lang='lat' dir='ltr'><strong>solam</strong></span> <span class='ocrx_word' id='word_1_322' title='bbox 479 2377 614 2432; x_wconf 86' lang='lat' dir='ltr'><strong>emit</strong></span> <span class='ocrx_word' id='word_1_323' title='bbox 646 2374 863 2447; x_wconf 81' lang='lat' dir='ltr'><strong>(Matth.</strong></span> <span class='ocrx_word' id='word_1_324' title='bbox 898 2376 1041 2448; x_wconf 86' lang='lat' dir='ltr'><strong>xm).</strong></span> <span class='ocrx_word' id='word_1_325' title='bbox 1070 2378 1438 2435; x_wconf 78' lang='lat' dir='ltr'><strong>Perfectnruin</strong></span> <span class='ocrx_word' id='word_1_326' title='bbox 1471 2381 1672 2452; x_wconf 84' lang='lat' dir='ltr'><strong>quippe</strong></span> <span class='ocrx_word' id='word_1_327' title='bbox 1703 2391 1788 2438; x_wconf 90' lang='lat' dir='ltr'><strong>est</strong></span> 
     </span>
    </p>
   </div>
   <div class='ocr_carea' id='block_1_39' title="bbox 230 2469 1787 2540">
    <p class='ocr_par' dir='ltr' id='par_1_39' title="bbox 230 2469 1787 2540">
     <span class='ocr_line' id='line_1_39' title="bbox 230 2469 1787 2540; baseline 0.006 -18"><span class='ocrx_word' id='word_1_328' title='bbox 230 2481 360 2522; x_wconf 88' lang='lat' dir='ltr'><strong>unam</strong></span> <span class='ocrx_word' id='word_1_329' title='bbox 391 2469 737 2540; x_wconf 78' lang='lat' dir='ltr'><strong>margaritam</strong></span> <span class='ocrx_word' id='word_1_330' title='bbox 757 2510 771 2536; x_wconf 92' lang='lat'><strong>,</strong></span> <span class='ocrx_word' id='word_1_331' title='bbox 821 2477 876 2524; x_wconf 89' lang='lat' dir='ltr'><strong>et</strong></span> <span class='ocrx_word' id='word_1_332' title='bbox 908 2486 1071 2525; x_wconf 92' lang='lat' dir='ltr'><strong>unum</strong></span> <span class='ocrx_word' id='word_1_333' title='bbox 1125 2471 1438 2528; x_wconf 87' lang='lat' dir='ltr'><strong>thesaurum</strong></span> <span class='ocrx_word' id='word_1_334' title='bbox 1466 2516 1480 2539; x_wconf 88' lang='lat'><strong>,</strong></span> <span class='ocrx_word' id='word_1_335' title='bbox 1535 2475 1787 2532; x_wconf 85' lang='lat' dir='ltr'><strong>omnibus</strong></span> 
     </span>
    </p>
   </div>
   <div class='ocr_carea' id='block_1_40' title="bbox 228 2560 1784 2632">
    <p class='ocr_par' dir='ltr' id='par_1_40' title="bbox 228 2560 1784 2632">
     <span class='ocr_line' id='line_1_40' title="bbox 228 2560 1784 2632; baseline 0.009 -20"><span class='ocrx_word' id='word_1_336' title='bbox 228 2560 496 2632; x_wconf 72' lang='lat' dir='ltr'><strong>margaritis</strong></span> <span class='ocrx_word' id='word_1_337' title='bbox 522 2570 578 2616; x_wconf 91' lang='lat' dir='ltr'><strong>et</strong></span> <span class='ocrx_word' id='word_1_338' title='bbox 609 2562 779 2617; x_wconf 89' lang='lat' dir='ltr'><strong>totius</strong></span> <span class='ocrx_word' id='word_1_339' title='bbox 807 2563 1133 2621; x_wconf 65' lang='lat' dir='ltr'><strong>substantia:</strong></span> <span class='ocrx_word' id='word_1_340' title='bbox 1163 2581 1276 2622; x_wconf 69' lang='lat' dir='ltr'><strong>sua:</strong></span> <span class='ocrx_word' id='word_1_341' title='bbox 1306 2582 1493 2624; x_wconf 91' lang='lat' dir='ltr'><strong>emere</strong></span> <span class='ocrx_word' id='word_1_342' title='bbox 1515 2585 1784 2626; x_wconf 84' lang='lat' dir='ltr'><strong>commer-</strong></span> 
     </span>
    </p>
   </div>
   <div class='ocr_carea' id='block_1_41' title="bbox 229 2654 1787 2736">
    <p class='ocr_par' dir='ltr' id='par_1_41' title="bbox 229 2654 1787 2736">
     <span class='ocr_line' id='line_1_41' title="bbox 229 2654 1787 2736; baseline 0.008 -25"><span class='ocrx_word' id='word_1_343' title='bbox 229 2654 333 2712; x_wconf 88' lang='lat' dir='ltr'><strong>cio:</strong></span> <span class='ocrx_word' id='word_1_344' title='bbox 375 2656 753 2728; x_wconf 90' lang='lat' dir='ltr'><strong>incipientium</strong></span> <span class='ocrx_word' id='word_1_345' title='bbox 785 2675 916 2717; x_wconf 88' lang='lat' dir='ltr'><strong>vero</strong></span> <span class='ocrx_word' id='word_1_346' title='bbox 942 2671 1000 2718; x_wconf 90' lang='lat' dir='ltr'><strong>et</strong></span> <span class='ocrx_word' id='word_1_347' title='bbox 1027 2661 1209 2719; x_wconf 91' lang='lat' dir='ltr'><strong>adhuc</strong></span> <span class='ocrx_word' id='word_1_348' title='bbox 1238 2663 1292 2719; x_wconf 89' lang='lat' dir='ltr'><strong>in</strong></span> <span class='ocrx_word' id='word_1_349' title='bbox 1335 2665 1533 2722; x_wconf 88' lang='lat' dir='ltr'><strong>itinere</strong></span> <span class='ocrx_word' id='word_1_350' title='bbox 1583 2668 1787 2736; x_wconf 87' lang='lat' dir='ltr'><strong>posito-</strong></span> 
     </span>
    </p>
   </div>
   <div class='ocr_carea' id='block_1_42' title="bbox 225 2753 1786 2831">
    <p class='ocr_par' dir='ltr' id='par_1_42' title="bbox 225 2753 1786 2831">
     <span class='ocr_line' id='line_1_42' title="bbox 225 2753 1786 2831; baseline 0.009 -26"><span class='ocrx_word' id='word_1_351' title='bbox 225 2765 342 2819; x_wconf 88' lang='lat' dir='ltr'><strong>rum,</strong></span> <span class='ocrx_word' id='word_1_352' title='bbox 393 2753 590 2811; x_wconf 88' lang='lat' dir='ltr'><strong>nedum</strong></span> <span class='ocrx_word' id='word_1_353' title='bbox 649 2769 814 2811; x_wconf 92' lang='lat' dir='ltr'><strong>unam</strong></span> <span class='ocrx_word' id='word_1_354' title='bbox 868 2765 922 2812; x_wconf 90' lang='lat' dir='ltr'><strong>et</strong></span> <span class='ocrx_word' id='word_1_355' title='bbox 968 2758 1300 2829; x_wconf 89' lang='lat' dir='ltr'><strong>solam,scd</strong></span> <span class='ocrx_word' id='word_1_356' title='bbox 1330 2760 1519 2831; x_wconf 88' lang='lat' dir='ltr'><strong>plures</strong></span> <span class='ocrx_word' id='word_1_357' title='bbox 1579 2762 1786 2820; x_wconf 89' lang='lat' dir='ltr'><strong>habere</strong></span> 
     </span>
    </p>
   </div>
   <div class='ocr_carea' id='block_1_43' title="bbox 231 2849 547 2913">
    <p class='ocr_par' dir='ltr' id='par_1_43' title="bbox 231 2849 547 2913">
     <span class='ocr_line' id='line_1_43' title="bbox 231 2849 547 2913; baseline 0.013 -11"><span class='ocrx_word' id='word_1_358' title='bbox 231 2849 547 2913; x_wconf 72' lang='lat' dir='ltr'><strong>margaritas.</strong></span> 
     </span>
    </p>
   </div>
   <div class='ocr_carea' id='block_1_44' title="bbox 281 2940 1786 3021">
    <p class='ocr_par' dir='ltr' id='par_1_44' title="bbox 281 2940 1786 3021">
     <span class='ocr_line' id='line_1_44' title="bbox 281 2940 1786 3021; baseline 0.008 -25"><span class='ocrx_word' id='word_1_359' title='bbox 281 2940 440 3014; x_wconf 86' lang='lat' dir='ltr'><strong>(Vers.</strong></span> <span class='ocrx_word' id='word_1_360' title='bbox 471 2945 557 3015; x_wconf 86' lang='lat'><strong>5.)</strong></span> <span class='ocrx_word' id='word_1_361' title='bbox 587 2944 770 3017; x_wconf 84' lang='lat' dir='ltr'><strong>Hujus</strong></span> <span class='ocrx_word' id='word_1_362' title='bbox 798 2947 872 3000; x_wconf 90' lang='lat' dir='ltr'><strong>rei</strong></span> <span class='ocrx_word' id='word_1_363' title='bbox 901 2947 1072 3017; x_wconf 86' lang='lat' dir='ltr'><strong>gratia</strong></span> <span class='ocrx_word' id='word_1_364' title='bbox 1107 2949 1298 3021; x_wconf 78' lang='lat' dir='ltr'><strong>reliqui</strong></span> <span class='ocrx_word' id='word_1_365' title='bbox 1333 2960 1380 3004; x_wconf 90' lang='lat' dir='ltr'><strong>te</strong></span> <span class='ocrx_word' id='word_1_366' title='bbox 1409 2949 1595 3017; x_wconf 76' lang='lat' dir='ltr'><strong>Cretw,</strong></span> <span class='ocrx_word' id='word_1_367' title='bbox 1630 2962 1684 3007; x_wconf 88' lang='lat' dir='ltr'><strong>ut</strong></span> <span class='ocrx_word' id='word_1_368' title='bbox 1727 2971 1786 3008; x_wconf 90' lang='lat' dir='ltr'><strong>ea</strong></span> 
     </span>
    </p>
   </div>
   <div class='ocr_carea' id='block_1_45' title="bbox 223 3038 1788 3116">
    <p class='ocr_par' dir='ltr' id='par_1_45' title="bbox 223 3038 1788 3116">
     <span class='ocr_line' id='line_1_45' title="bbox 223 3038 1788 3116; baseline 0.012 -29"><span class='ocrx_word' id='word_1_369' title='bbox 223 3050 320 3104; x_wconf 71' lang='lat' dir='ltr'><strong>qua</strong></span> <span class='ocrx_word' id='word_1_370' title='bbox 344 3038 546 3093; x_wconf 83' lang='lat' dir='ltr'><strong>deerant</strong></span> <span class='ocrx_word' id='word_1_371' title='bbox 571 3040 878 3113; x_wconf 77' lang='lat' dir='ltr'><strong>corrigeres.</strong></span> <span class='ocrx_word' id='word_1_372' title='bbox 911 3042 1246 3113; x_wconf 78' lang='lat' dir='ltr'><strong>Apostnlicte</strong></span> <span class='ocrx_word' id='word_1_373' title='bbox 1274 3045 1556 3116; x_wconf 78' lang='lat' dir='ltr'><strong>dignitatis</strong></span> <span class='ocrx_word' id='word_1_374' title='bbox 1581 3057 1664 3102; x_wconf 91' lang='lat' dir='ltr'><strong>est</strong></span> <span class='ocrx_word' id='word_1_375' title='bbox 1692 3049 1788 3105; x_wconf 85' lang='lat' dir='ltr'><strong>Ec-</strong></span> 
     </span>
    </p>
   </div>
   <div class='ocr_carea' id='block_1_46' title="bbox 222 3129 1782 3212">
    <p class='ocr_par' dir='ltr' id='par_1_46' title="bbox 222 3129 1782 3212">
     <span class='ocr_line' id='line_1_46' title="bbox 222 3129 1782 3212; baseline 0.008 -27"><span class='ocrx_word' id='word_1_376' title='bbox 222 3129 377 3187; x_wconf 71' lang='lat' dir='ltr'><strong>clesia:</strong></span> <span class='ocrx_word' id='word_1_377' title='bbox 397 3133 584 3203; x_wconf 88' lang='lat' dir='ltr'><strong>jacere</strong></span> <span class='ocrx_word' id='word_1_378' title='bbox 615 3132 1056 3200; x_wconf 78' lang='lat' dir='ltr'><strong>fundamentum,</strong></span> <span class='ocrx_word' id='word_1_379' title='bbox 1087 3138 1230 3209; x_wconf 91' lang='lat' dir='ltr'><strong>quod</strong></span> <span class='ocrx_word' id='word_1_380' title='bbox 1278 3154 1436 3193; x_wconf 91' lang='lat' dir='ltr'><strong>nemo</strong></span> <span class='ocrx_word' id='word_1_381' title='bbox 1487 3150 1662 3210; x_wconf 79' lang='lat' dir='ltr'><strong>potest</strong></span> <span class='ocrx_word' id='word_1_382' title='bbox 1691 3156 1782 3212; x_wconf 86' lang='lat' dir='ltr'><strong>po-</strong></span> 
     </span>
    </p>
   </div>
   <div class='ocr_carea' id='block_1_47' title="bbox 1895 1911 3500 1984">
    <p class='ocr_par' dir='ltr' id='par_1_47' title="bbox 1895 1911 3500 1984">
     <span class='ocr_line' id='line_1_47' title="bbox 1895 1911 3500 1984; baseline 0.001 -16"><span class='ocrx_word' id='word_1_383' title='bbox 1895 1913 2342 1968; x_wconf 86' lang='lat' dir='ltr'><strong>Ecclesiasticum</strong></span> <span class='ocrx_word' id='word_1_384' title='bbox 2391 1911 2621 1984; x_wconf 90' lang='lat' dir='ltr'><strong>gradum</strong></span> <span class='ocrx_word' id='word_1_385' title='bbox 2651 1927 2755 1966; x_wconf 90' lang='lat' dir='ltr'><strong>non</strong></span> <span class='ocrx_word' id='word_1_386' title='bbox 2789 1913 2984 1967; x_wconf 86' lang='lat' dir='ltr'><strong>merito</strong></span> <span class='ocrx_word' id='word_1_387' title='bbox 3025 1912 3302 1968; x_wconf 77' lang='lat' dir='ltr'><strong>voluerint</strong></span> <span class='ocrx_word' id='word_1_388' title='bbox 3333 1915 3500 1970; x_wconf 86' lang='lat' dir='ltr'><strong>alicui</strong></span> 
     </span>
    </p>
   </div>
   <div class='ocr_carea' id='block_1_48' title="bbox 1891 2004 3500 2079">
    <p class='ocr_par' dir='ltr' id='par_1_48' title="bbox 1891 2004 3500 2079">
     <span class='ocr_line' id='line_1_48' title="bbox 1891 2004 3500 2079; baseline 0.002 -19"><span class='ocrx_word' id='word_1_389' title='bbox 1891 2004 2130 2071; x_wconf 84' lang='lat' dir='ltr'><strong>deferre,</strong></span> <span class='ocrx_word' id='word_1_390' title='bbox 2186 2004 2281 2059; x_wconf 90' lang='lat' dir='ltr'><strong>sed</strong></span> <span class='ocrx_word' id='word_1_391' title='bbox 2333 2006 2528 2075; x_wconf 86' lang='lat' dir='ltr'><strong>gratia,</strong></span> <span class='ocrx_word' id='word_1_392' title='bbox 2576 2013 2765 2060; x_wconf 84' lang='lat' dir='ltr'><strong>contra</strong></span> <span class='ocrx_word' id='word_1_393' title='bbox 2813 2004 3094 2060; x_wconf 85' lang='lat' dir='ltr'><strong>Christum</strong></span> <span class='ocrx_word' id='word_1_394' title='bbox 3149 2005 3353 2073; x_wconf 78' lang='lat' dir='ltr'><strong>facere,</strong></span> <span class='ocrx_word' id='word_1_395' title='bbox 3404 2009 3500 2079; x_wconf 86' lang='lat' dir='ltr'><strong>qui</strong></span> 
     </span>
    </p>
   </div>
   <div class='ocr_carea' id='block_1_49' title="bbox 1891 2101 3499 2174">
    <p class='ocr_par' dir='ltr' id='par_1_49' title="bbox 1891 2101 3499 2174">
     <span class='ocr_line' id='line_1_49' title="bbox 1891 2101 3499 2174; baseline 0.004 -21"><span class='ocrx_word' id='word_1_396' title='bbox 1891 2101 2068 2172; x_wconf 87' lang='lat' dir='ltr'><strong>qualis</strong></span> <span class='ocrx_word' id='word_1_397' title='bbox 2100 2102 2151 2155; x_wconf 93' lang='lat' dir='ltr'><strong>in</strong></span> <span class='ocrx_word' id='word_1_398' title='bbox 2187 2101 2428 2156; x_wconf 77' lang='lat' dir='ltr'><strong>Ecclesia</strong></span> <span class='ocrx_word' id='word_1_399' title='bbox 2480 2101 2766 2173; x_wconf 84' lang='lat' dir='ltr'><strong>presbyter</strong></span> <span class='ocrx_word' id='word_1_400' title='bbox 2797 2101 3212 2156; x_wconf 70' lang='lat' dir='ltr'><strong>constituendus</strong></span> <span class='ocrx_word' id='word_1_401' title='bbox 3253 2103 3347 2168; x_wconf 89' lang='lat' dir='ltr'><strong>sit,</strong></span> <span class='ocrx_word' id='word_1_402' title='bbox 3398 2118 3499 2174; x_wconf 88' lang='lat' dir='ltr'><strong>per</strong></span> 
     </span>
    </p>
   </div>
   <div class='ocr_carea' id='block_1_50' title="bbox 1891 2195 3492 2266">
    <p class='ocr_par' dir='ltr' id='par_1_50' title="bbox 1891 2195 3492 2266">
     <span class='ocr_line' id='line_1_50' title="bbox 1891 2195 3492 2266; baseline 0.006 -23"><span class='ocrx_word' id='word_1_403' title='bbox 1891 2195 2212 2266; x_wconf 76' lang='lat' dir='ltr'><strong>Apostolum</strong></span> <span class='ocrx_word' id='word_1_404' title='bbox 2273 2211 2426 2248; x_wconf 84' lang='lat' dir='ltr'><strong>suum</strong></span> <span class='ocrx_word' id='word_1_405' title='bbox 2500 2195 2550 2248; x_wconf 94' lang='lat' dir='ltr'><strong>in</strong></span> <span class='ocrx_word' id='word_1_406' title='bbox 2621 2195 2979 2259; x_wconf 68' lang='lat' dir='ltr'><strong>sequentibus</strong></span> <span class='ocrx_word' id='word_1_407' title='bbox 3028 2206 3323 2252; x_wconf 78' lang='lat' dir='ltr'><strong>exsecutus</strong></span> <span class='ocrx_word' id='word_1_408' title='bbox 3388 2206 3492 2254; x_wconf 88' lang='lat' dir='ltr'><strong>est.</strong></span> 
     </span>
    </p>
   </div>
   <div class='ocr_carea' id='block_1_51' title="bbox 1893 2288 3497 2362">
    <p class='ocr_par' dir='ltr' id='par_1_51' title="bbox 1893 2288 3497 2362">
     <span class='ocr_line' id='line_1_51' title="bbox 1893 2288 3497 2362; baseline 0 -18"><span class='ocrx_word' id='word_1_409' title='bbox 1893 2289 2106 2362; x_wconf 74' lang='lat' dir='ltr'><strong>Moyses</strong></span> <span class='ocrx_word' id='word_1_410' title='bbox 2128 2289 2337 2344; x_wconf 89' lang='lat' dir='ltr'><strong>amicus</strong></span> <span class='ocrx_word' id='word_1_411' title='bbox 2368 2288 2483 2351; x_wconf 86' lang='lat' dir='ltr'><strong>Dei,</strong></span> <span class='ocrx_word' id='word_1_412' title='bbox 2509 2288 2600 2341; x_wconf 90' lang='lat' dir='ltr'><strong>cui</strong></span> <span class='ocrx_word' id='word_1_413' title='bbox 2632 2289 2766 2342; x_wconf 74' lang='lat' dir='ltr'><strong>facie</strong></span> <span class='ocrx_word' id='word_1_414' title='bbox 2789 2289 2856 2343; x_wconf 86' lang='lat' dir='ltr'><strong>ad</strong></span> <span class='ocrx_word' id='word_1_415' title='bbox 2888 2288 3078 2342; x_wconf 81' lang='lat' dir='ltr'><strong>faciem</strong></span> <span class='ocrx_word' id='word_1_416' title='bbox 3106 2288 3250 2343; x_wconf 89' lang='lat' dir='ltr'><strong>Deus</strong></span> <span class='ocrx_word' id='word_1_417' title='bbox 3278 2289 3497 2344; x_wconf 88' lang='lat' dir='ltr'><strong>locutus</strong></span> 
     </span>
    </p>
   </div>
   <div class='ocr_carea' id='block_1_52' title="bbox 1890 2383 3498 2458">
    <p class='ocr_par' dir='ltr' id='par_1_52' title="bbox 1890 2383 3498 2458">
     <span class='ocr_line' id='line_1_52' title="bbox 1890 2383 3498 2458; baseline -0.001 -16"><span class='ocrx_word' id='word_1_418' title='bbox 1890 2395 1971 2442; x_wconf 60' lang='lat' dir='ltr'><strong>est</strong></span> <span class='ocrx_word' id='word_1_419' title='bbox 2006 2383 2186 2458; x_wconf 87' lang='lat' dir='ltr'><strong>(Deut.</strong></span> <span class='ocrx_word' id='word_1_420' title='bbox 2220 2401 2252 2439; x_wconf 91' lang='lat' dir='ltr'><strong>v</strong></span> <span class='ocrx_word' id='word_1_421' title='bbox 2283 2396 2328 2440; x_wconf 87' lang='lat' dir='ltr'><strong>et</strong></span> <span class='ocrx_word' id='word_1_422' title='bbox 2354 2383 2534 2457; x_wconf 81' lang='lat' dir='ltr'><strong>xxxi),</strong></span> <span class='ocrx_word' id='word_1_423' title='bbox 2570 2385 2941 2452; x_wconf 87' lang='lat' dir='ltr'><strong>potnitntique</strong></span> <span class='ocrx_word' id='word_1_424' title='bbox 2964 2398 3311 2438; x_wconf 89' lang='lat' dir='ltr'><strong>successores</strong></span> <span class='ocrx_word' id='word_1_425' title='bbox 3344 2384 3498 2453; x_wconf 80' lang='lat' dir='ltr'><strong>prin-</strong></span> 
     </span>
    </p>
   </div>
   <div class='ocr_carea' id='block_1_53' title="bbox 1889 2476 3494 2548">
    <p class='ocr_par' dir='ltr' id='par_1_53' title="bbox 1889 2476 3494 2548">
     <span class='ocr_line' id='line_1_53' title="bbox 1889 2476 3494 2548; baseline -0.001 -15"><span class='ocrx_word' id='word_1_426' title='bbox 1889 2479 2122 2548; x_wconf 88' lang='lat' dir='ltr'><strong>cipatus,</strong></span> <span class='ocrx_word' id='word_1_427' title='bbox 2157 2477 2301 2533; x_wconf 87' lang='lat' dir='ltr'><strong>ﬁlios</strong></span> <span class='ocrx_word' id='word_1_428' title='bbox 2339 2493 2468 2534; x_wconf 89' lang='lat' dir='ltr'><strong>suos</strong></span> <span class='ocrx_word' id='word_1_429' title='bbox 2500 2477 2707 2542; x_wconf 83' lang='lat' dir='ltr'><strong>facere,</strong></span> <span class='ocrx_word' id='word_1_430' title='bbox 2740 2486 2795 2531; x_wconf 88' lang='lat' dir='ltr'><strong>et</strong></span> <span class='ocrx_word' id='word_1_431' title='bbox 2827 2476 3061 2545; x_wconf 89' lang='lat' dir='ltr'><strong>posteris</strong></span> <span class='ocrx_word' id='word_1_432' title='bbox 3090 2477 3366 2547; x_wconf 83' lang='lat' dir='ltr'><strong>propriam</strong></span> <span class='ocrx_word' id='word_1_433' title='bbox 3399 2492 3494 2532; x_wconf 57' lang='lat' dir='ltr'><strong>re-</strong></span> 
     </span>
    </p>
   </div>
   <div class='ocr_carea' id='block_1_54' title="bbox 1890 2569 3490 2642">
    <p class='ocr_par' dir='ltr' id='par_1_54' title="bbox 1890 2569 3490 2642">
     <span class='ocr_line' id='line_1_54' title="bbox 1890 2569 3490 2642; baseline -0.001 -15"><span class='ocrx_word' id='word_1_434' title='bbox 1890 2572 2136 2642; x_wconf 89' lang='lat' dir='ltr'><strong>linquere</strong></span> <span class='ocrx_word' id='word_1_435' title='bbox 2193 2571 2550 2642; x_wconf 90' lang='lat' dir='ltr'><strong>dignitatem;</strong></span> <span class='ocrx_word' id='word_1_436' title='bbox 2605 2570 2700 2626; x_wconf 89' lang='lat' dir='ltr'><strong>sed</strong></span> <span class='ocrx_word' id='word_1_437' title='bbox 2749 2578 3041 2625; x_wconf 80' lang='lat' dir='ltr'><strong>extraneas</strong></span> <span class='ocrx_word' id='word_1_438' title='bbox 3089 2570 3158 2624; x_wconf 92' lang='lat' dir='ltr'><strong>de</strong></span> <span class='ocrx_word' id='word_1_439' title='bbox 3202 2569 3309 2624; x_wconf 89' lang='lat' dir='ltr'><strong>alia</strong></span> <span class='ocrx_word' id='word_1_440' title='bbox 3345 2569 3490 2626; x_wconf 88' lang='lat' dir='ltr'><strong>tribu</strong></span> 
     </span>
    </p>
   </div>
   <div class='ocr_carea' id='block_1_55' title="bbox 1890 2663 3495 2738">
    <p class='ocr_par' dir='ltr' id='par_1_55' title="bbox 1890 2663 3495 2738">
     <span class='ocr_line' id='line_1_55' title="bbox 1890 2663 3495 2738; baseline -0.002 -16"><span class='ocrx_word' id='word_1_441' title='bbox 1890 2666 2107 2738; x_wconf 86' lang='lat' dir='ltr'><strong>eligitur</strong></span> <span class='ocrx_word' id='word_1_442' title='bbox 2137 2665 2315 2733; x_wconf 77' lang='lat' dir='ltr'><strong>Iesus,</strong></span> <span class='ocrx_word' id='word_1_443' title='bbox 2357 2674 2413 2720; x_wconf 93' lang='lat' dir='ltr'><strong>ut</strong></span> <span class='ocrx_word' id='word_1_444' title='bbox 2456 2666 2722 2720; x_wconf 79' lang='lat' dir='ltr'><strong>sciremus</strong></span> <span class='ocrx_word' id='word_1_445' title='bbox 2764 2664 3134 2734; x_wconf 77' lang='lat' dir='ltr'><strong>principatum</strong></span> <span class='ocrx_word' id='word_1_446' title='bbox 3177 2663 3228 2717; x_wconf 92' lang='lat' dir='ltr'><strong>in</strong></span> <span class='ocrx_word' id='word_1_447' title='bbox 3261 2663 3495 2734; x_wconf 82' lang='lat' dir='ltr'><strong>populos</strong></span> 
     </span>
    </p>
   </div>
   <div class='ocr_carea' id='block_1_56' title="bbox 1891 2755 3494 2832">
    <p class='ocr_par' dir='ltr' id='par_1_56' title="bbox 1891 2755 3494 2832">
     <span class='ocr_line' id='line_1_56' title="bbox 1891 2755 3494 2832; baseline -0.004 -15"><span class='ocrx_word' id='word_1_448' title='bbox 1891 2777 1996 2817; x_wconf 88' lang='lat' dir='ltr'><strong>non</strong></span> <span class='ocrx_word' id='word_1_449' title='bbox 2039 2759 2288 2832; x_wconf 76' lang='lat' dir='ltr'><strong>sanguini</strong></span> <span class='ocrx_word' id='word_1_450' title='bbox 2330 2758 2686 2813; x_wconf 80' lang='lat' dir='ltr'><strong>deferendum</strong></span> <span class='ocrx_word' id='word_1_451' title='bbox 2713 2771 2858 2823; x_wconf 87' lang='lat' dir='ltr'><strong>esse,</strong></span> <span class='ocrx_word' id='word_1_452' title='bbox 2893 2755 2988 2812; x_wconf 90' lang='lat' dir='ltr'><strong>sed</strong></span> <span class='ocrx_word' id='word_1_453' title='bbox 3032 2755 3180 2810; x_wconf 79' lang='lat' dir='ltr'><strong>vitae.</strong></span> <span class='ocrx_word' id='word_1_454' title='bbox 3235 2760 3301 2808; x_wconf 79' lang='lat' dir='ltr'><strong>At</strong></span> <span class='ocrx_word' id='word_1_455' title='bbox 3347 2769 3494 2810; x_wconf 74' lang='lat' dir='ltr'><strong>stunc</strong></span> 
     </span>
    </p>
   </div>
   <div class='ocr_carea' id='block_1_57' title="bbox 1889 2846 3495 2923">
    <p class='ocr_par' dir='ltr' id='par_1_57' title="bbox 1889 2846 3495 2923">
     <span class='ocr_line' id='line_1_57' title="bbox 1889 2846 3495 2923; baseline -0.005 -13"><span class='ocrx_word' id='word_1_456' title='bbox 1889 2855 2167 2910; x_wconf 89' lang='lat' dir='ltr'><strong>cernimus</strong></span> <span class='ocrx_word' id='word_1_457' title='bbox 2197 2852 2459 2923; x_wconf 90' lang='lat' dir='ltr'><strong>plurimos</strong></span> <span class='ocrx_word' id='word_1_458' title='bbox 2491 2851 2630 2905; x_wconf 91' lang='lat' dir='ltr'><strong>hanc</strong></span> <span class='ocrx_word' id='word_1_459' title='bbox 2665 2865 2777 2906; x_wconf 86' lang='lat' dir='ltr'><strong>rem</strong></span> <span class='ocrx_word' id='word_1_460' title='bbox 2810 2848 3131 2904; x_wconf 86' lang='lat' dir='ltr'><strong>beneﬁcium</strong></span> <span class='ocrx_word' id='word_1_461' title='bbox 3165 2846 3407 2912; x_wconf 64' lang='lat' dir='ltr'><strong>lacere,tl</strong></span> <span class='ocrx_word' id='word_1_462' title='bbox 3433 2855 3495 2902; x_wconf 89' lang='lat' dir='ltr'><strong>ut</strong></span> 
     </span>
    </p>
   </div>
   <div class='ocr_carea' id='block_1_58' title="bbox 1891 2941 3490 3016">
    <p class='ocr_par' dir='ltr' id='par_1_58' title="bbox 1891 2941 3490 3016">
     <span class='ocr_line' id='line_1_58' title="bbox 1891 2941 3490 3016; baseline -0.007 -11"><span class='ocrx_word' id='word_1_463' title='bbox 1891 2965 1998 3005; x_wconf 93' lang='lat' dir='ltr'><strong>non</strong></span> <span class='ocrx_word' id='word_1_464' title='bbox 2032 2957 2276 3016; x_wconf 60' lang='lat' dir='ltr'><strong>quaerant</strong></span> <span class='ocrx_word' id='word_1_465' title='bbox 2323 2960 2440 3012; x_wconf 90' lang='lat' dir='ltr'><strong>eos,</strong></span> <span class='ocrx_word' id='word_1_466' title='bbox 2481 2944 2571 3016; x_wconf 90' lang='lat' dir='ltr'><strong>qui</strong></span> <span class='ocrx_word' id='word_1_467' title='bbox 2613 2951 2844 3015; x_wconf 90' lang='lat' dir='ltr'><strong>possunt</strong></span> <span class='ocrx_word' id='word_1_468' title='bbox 2892 2942 3149 2998; x_wconf 67' lang='lat' dir='ltr'><strong>Ecclesiae</strong></span> <span class='ocrx_word' id='word_1_469' title='bbox 3191 2941 3311 3012; x_wconf 84' lang='lat' dir='ltr'><strong>plus</strong></span> <span class='ocrx_word' id='word_1_470' title='bbox 3359 2955 3490 3012; x_wconf 86' lang='lat' dir='ltr'><strong>pro-</strong></span> 
     </span>
    </p>
   </div>
   <div class='ocr_carea' id='block_1_59' title="bbox 1889 3032 3491 3108">
    <p class='ocr_par' dir='ltr' id='par_1_59' title="bbox 1889 3032 3491 3108">
     <span class='ocr_line' id='line_1_59' title="bbox 1889 3032 3491 3108; baseline -0.007 -10"><span class='ocrx_word' id='word_1_471' title='bbox 1889 3042 2070 3106; x_wconf 90' lang='lat' dir='ltr'><strong>desse,</strong></span> <span class='ocrx_word' id='word_1_472' title='bbox 2104 3042 2155 3096; x_wconf 92' lang='lat' dir='ltr'><strong>in</strong></span> <span class='ocrx_word' id='word_1_473' title='bbox 2190 3039 2451 3096; x_wconf 72' lang='lat' dir='ltr'><strong>Ecclesia:</strong></span> <span class='ocrx_word' id='word_1_474' title='bbox 2481 3039 2692 3108; x_wconf 84' lang='lat' dir='ltr'><strong>erigere</strong></span> <span class='ocrx_word' id='word_1_475' title='bbox 2735 3036 3021 3090; x_wconf 85' lang='lat' dir='ltr'><strong>columnas</strong></span> <span class='ocrx_word' id='word_1_476' title='bbox 3056 3053 3070 3090; x_wconf 91' lang='lat'><strong>:</strong></span> <span class='ocrx_word' id='word_1_477' title='bbox 3109 3032 3205 3088; x_wconf 85' lang='lat' dir='ltr'><strong>sed</strong></span> <span class='ocrx_word' id='word_1_478' title='bbox 3237 3047 3375 3104; x_wconf 91' lang='lat' dir='ltr'><strong>quos</strong></span> <span class='ocrx_word' id='word_1_479' title='bbox 3405 3032 3491 3087; x_wconf 92' lang='lat' dir='ltr'><strong>vel</strong></span> 
     </span>
    </p>
   </div>
   <div class='ocr_carea' id='block_1_60' title="bbox 1890 3126 3492 3209">
    <p class='ocr_par' dir='ltr' id='par_1_60' title="bbox 1890 3126 3492 3209">
     <span class='ocr_line' id='line_1_60' title="bbox 1890 3126 3492 3209; baseline -0.007 -17"><span class='ocrx_word' id='word_1_480' title='bbox 1890 3139 1988 3209; x_wconf 87' lang='lat' dir='ltr'><strong>ipsi</strong></span> <span class='ocrx_word' id='word_1_481' title='bbox 2020 3146 2226 3201; x_wconf 88' lang='lat' dir='ltr'><strong>amant,</strong></span> <span class='ocrx_word' id='word_1_482' title='bbox 2260 3135 2346 3190; x_wconf 85' lang='lat' dir='ltr'><strong>vel</strong></span> <span class='ocrx_word' id='word_1_483' title='bbox 2376 3149 2608 3206; x_wconf 89' lang='lat' dir='ltr'><strong>quorum</strong></span> <span class='ocrx_word' id='word_1_484' title='bbox 2637 3141 2766 3187; x_wconf 89' lang='lat' dir='ltr'><strong>sunt</strong></span> <span class='ocrx_word' id='word_1_485' title='bbox 2797 3129 3076 3201; x_wconf 74' lang='lat' dir='ltr'><strong>obsequiis</strong></span> <span class='ocrx_word' id='word_1_486' title='bbox 3099 3128 3308 3185; x_wconf 88' lang='lat' dir='ltr'><strong>deliniti</strong></span> <span class='ocrx_word' id='word_1_487' title='bbox 3343 3145 3356 3182; x_wconf 90' lang='lat'><strong>:</strong></span> <span class='ocrx_word' id='word_1_488' title='bbox 3401 3126 3492 3182; x_wconf 87' lang='lat' dir='ltr'><strong>vel</strong></span> 
     </span>
    </p>
   </div>
   <div class='ocr_carea' id='block_1_61' title="bbox 223 3212 3496 3303">
    <p class='ocr_par' dir='ltr' id='par_1_61' title="bbox 223 3212 3496 3303">
     <span class='ocr_line' id='line_1_61' title="bbox 223 3212 3496 3303; baseline -0 -25"><span class='ocrx_word' id='word_1_489' title='bbox 223 3237 350 3293; x_wconf 86' lang='lat' dir='ltr'><strong>nere,</strong></span> <span class='ocrx_word' id='word_1_490' title='bbox 383 3227 485 3282; x_wconf 88' lang='lat' dir='ltr'><strong>nisi</strong></span> <span class='ocrx_word' id='word_1_491' title='bbox 513 3228 874 3284; x_wconf 85' lang='lat' dir='ltr'><strong>architectus.</strong></span> <span class='ocrx_word' id='word_1_492' title='bbox 907 3227 1333 3286; x_wconf 85' lang='lat' dir='ltr'><strong>Fundamentum</strong></span> <span class='ocrx_word' id='word_1_493' title='bbox 1376 3243 1544 3287; x_wconf 86' lang='lat' dir='ltr'><strong>autem</strong></span> <span class='ocrx_word' id='word_1_494' title='bbox 1577 3251 1680 3289; x_wconf 89' lang='lat' dir='ltr'><strong>non</strong></span> <span class='ocrx_word' id='word_1_495' title='bbox 1709 3245 1782 3290; x_wconf 90' lang='lat' dir='ltr'><strong>est</strong></span> <span class='ocrx_word' id='word_1_496' title='bbox 1810 3212 1856 3274; x_wconf 65' lang='grc' dir='ltr'>α</span> <span class='ocrx_word' id='word_1_497' title='bbox 1892 3247 1990 3303; x_wconf 91' lang='lat' dir='ltr'><strong>pro</strong></span> <span class='ocrx_word' id='word_1_498' title='bbox 2015 3230 2208 3301; x_wconf 91' lang='lat' dir='ltr'><strong>quibus</strong></span> <span class='ocrx_word' id='word_1_499' title='bbox 2235 3229 2502 3300; x_wconf 72' lang='lat' dir='ltr'><strong>majorum</strong></span> <span class='ocrx_word' id='word_1_500' title='bbox 2527 3226 2794 3296; x_wconf 70' lang='lat' dir='ltr'><strong>quisiiiam</strong></span> <span class='ocrx_word' id='word_1_501' title='bbox 2823 3225 3115 3297; x_wconf 86' lang='lat' dir='ltr'><strong>rogaverit,</strong></span> <span class='ocrx_word' id='word_1_502' title='bbox 3141 3231 3217 3288; x_wconf 91' lang='lat' dir='ltr'><strong>et,</strong></span> <span class='ocrx_word' id='word_1_503' title='bbox 3248 3234 3304 3276; x_wconf 87' lang='grc' dir='ltr'><strong>ιιι</strong></span> <span class='ocrx_word' id='word_1_504' title='bbox 3340 3221 3496 3278; x_wconf 74' lang='lat' dir='ltr'><strong>dete-</strong></span> 
     </span>
    </p>
   </div>
   <div class='ocr_carea' id='block_1_62' title="bbox 219 3315 1786 3398">
    <p class='ocr_par' dir='ltr' id='par_1_62' title="bbox 219 3315 1786 3398">
     <span class='ocr_line' id='line_1_62' title="bbox 219 3315 1786 3398; baseline 0.01 -30"><span class='ocrx_word' id='word_1_505' title='bbox 219 3315 341 3370; x_wconf 81' lang='lat' dir='ltr'><strong>aliud</strong></span> <span class='ocrx_word' id='word_1_506' title='bbox 366 3333 551 3390; x_wconf 68' lang='lat' dir='ltr'><strong>preter</strong></span> <span class='ocrx_word' id='word_1_507' title='bbox 580 3318 846 3376; x_wconf 83' lang='lat' dir='ltr'><strong>Christum</strong></span> <span class='ocrx_word' id='word_1_508' title='bbox 869 3321 1047 3377; x_wconf 77' lang='lat' dir='ltr'><strong>Iesum</strong></span> <span class='ocrx_word' id='word_1_509' title='bbox 1077 3324 1121 3393; x_wconf 85' lang='grc' dir='ltr'><strong>(Ι</strong></span> <span class='ocrx_word' id='word_1_510' title='bbox 1153 3323 1272 3379; x_wconf 91' lang='lat' dir='ltr'><strong>Cor.</strong></span> <span class='ocrx_word' id='word_1_511' title='bbox 1306 3342 1385 3392; x_wconf 87' lang='grc' dir='ltr'>ιιι,</span> <span class='ocrx_word' id='word_1_512' title='bbox 1418 3327 1528 3398; x_wconf 80' lang='grc' dir='ltr'><strong>Η).</strong></span> <span class='ocrx_word' id='word_1_513' title='bbox 1562 3328 1668 3396; x_wconf 85' lang='lat' dir='ltr'><strong>Qui</strong></span> <span class='ocrx_word' id='word_1_514' title='bbox 1704 3329 1786 3383; x_wconf 91' lang='lat' dir='ltr'><strong>in-</strong></span> 
     </span>
    </p>
   </div>
   <div class='ocr_carea' id='block_1_63' title="bbox 219 3405 1787 3490">
    <p class='ocr_par' dir='ltr' id='par_1_63' title="bbox 219 3405 1787 3490">
     <span class='ocr_line' id='line_1_63' title="bbox 219 3405 1787 3490; baseline 0.01 -27"><span class='ocrx_word' id='word_1_515' title='bbox 219 3405 419 3467; x_wconf 80' lang='lat' dir='ltr'><strong>feriores</strong></span> <span class='ocrx_word' id='word_1_516' title='bbox 441 3412 683 3469; x_wconf 88' lang='lat' dir='ltr'><strong>artilices</strong></span> <span class='ocrx_word' id='word_1_517' title='bbox 707 3425 854 3481; x_wconf 89' lang='lat' dir='ltr'><strong>sunt,</strong></span> <span class='ocrx_word' id='word_1_518' title='bbox 882 3414 935 3469; x_wconf 89' lang='lat' dir='ltr'><strong>hi</strong></span> <span class='ocrx_word' id='word_1_519' title='bbox 970 3428 1198 3486; x_wconf 80' lang='lat' dir='ltr'><strong>possunt</strong></span> <span class='ocrx_word' id='word_1_520' title='bbox 1227 3419 1374 3474; x_wconf 69' lang='lat' dir='ltr'><strong>ardes</strong></span> <span class='ocrx_word' id='word_1_521' title='bbox 1403 3436 1565 3490; x_wconf 86' lang='lat' dir='ltr'><strong>super</strong></span> <span class='ocrx_word' id='word_1_522' title='bbox 1595 3419 1787 3478; x_wconf 75' lang='lat' dir='ltr'><strong>funda-</strong></span> 
     </span>
    </p>
   </div>
   <div class='ocr_carea' id='block_1_64' title="bbox 219 3508 1787 3582">
    <p class='ocr_par' dir='ltr' id='par_1_64' title="bbox 219 3508 1787 3582">
     <span class='ocr_line' id='line_1_64' title="bbox 219 3508 1787 3582; baseline 0.008 -25"><span class='ocrx_word' id='word_1_523' title='bbox 219 3515 375 3560; x_wconf 89' lang='lat' dir='ltr'><strong>menta</strong></span> <span class='ocrx_word' id='word_1_524' title='bbox 414 3518 761 3562; x_wconf 78' lang='lat' dir='ltr'><strong>Construere.</strong></span> <span class='ocrx_word' id='word_1_525' title='bbox 811 3508 1013 3564; x_wconf 85' lang='lat' dir='ltr'><strong>Paulus</strong></span> <span class='ocrx_word' id='word_1_526' title='bbox 1054 3509 1236 3582; x_wconf 89' lang='lat' dir='ltr'><strong>itaque</strong></span> <span class='ocrx_word' id='word_1_527' title='bbox 1264 3523 1332 3566; x_wconf 78' lang='lat' dir='ltr'><strong>ut&#39;</strong></span> <span class='ocrx_word' id='word_1_528' title='bbox 1366 3514 1583 3582; x_wconf 88' lang='lat' dir='ltr'><strong>sapiens</strong></span> <span class='ocrx_word' id='word_1_529' title='bbox 1608 3515 1787 3570; x_wconf 87' lang='lat' dir='ltr'><strong>archi-</strong></span> 
     </span>
    </p>
   </div>
   <div class='ocr_carea' id='block_1_65' title="bbox 220 3599 1789 3675">
    <p class='ocr_par' dir='ltr' id='par_1_65' title="bbox 220 3599 1789 3675">
     <span class='ocr_line' id='line_1_65' title="bbox 220 3599 1789 3675; baseline 0.008 -26"><span class='ocrx_word' id='word_1_530' title='bbox 220 3603 390 3664; x_wconf 87' lang='lat' dir='ltr'><strong>tectus,</strong></span> <span class='ocrx_word' id='word_1_531' title='bbox 421 3608 474 3655; x_wconf 92' lang='lat' dir='ltr'><strong>ct</strong></span> <span class='ocrx_word' id='word_1_532' title='bbox 517 3599 625 3656; x_wconf 86' lang='lat' dir='ltr'><strong>hoc</strong></span> <span class='ocrx_word' id='word_1_533' title='bbox 655 3599 808 3655; x_wconf 92' lang='lat' dir='ltr'><strong>omni</strong></span> <span class='ocrx_word' id='word_1_534' title='bbox 837 3600 1021 3656; x_wconf 87' lang='lat' dir='ltr'><strong>labore</strong></span> <span class='ocrx_word' id='word_1_535' title='bbox 1044 3603 1386 3660; x_wconf 82' lang='lat' dir='ltr'><strong>contendens</strong></span> <span class='ocrx_word' id='word_1_536' title='bbox 1405 3646 1420 3669; x_wconf 92' lang='lat'><strong>,</strong></span> <span class='ocrx_word' id='word_1_537' title='bbox 1465 3619 1533 3660; x_wconf 92' lang='lat' dir='ltr'><strong>ne</strong></span> <span class='ocrx_word' id='word_1_538' title='bbox 1563 3606 1616 3660; x_wconf 89' lang='lat' dir='ltr'><strong>in</strong></span> <span class='ocrx_word' id='word_1_539' title='bbox 1650 3622 1789 3675; x_wconf 74' lang='lat' dir='ltr'><strong>pra:—</strong></span> 
     </span>
    </p>
   </div>
   <div class='ocr_carea' id='block_1_66' title="bbox 219 3689 1788 3763">
    <p class='ocr_par' dir='ltr' id='par_1_66' title="bbox 219 3689 1788 3763">
     <span class='ocr_line' id='line_1_66' title="bbox 219 3689 1788 3763; baseline 0.01 -22"><span class='ocrx_word' id='word_1_540' title='bbox 219 3689 397 3758; x_wconf 87' lang='lat' dir='ltr'><strong>paratis</strong></span> <span class='ocrx_word' id='word_1_541' title='bbox 422 3691 781 3763; x_wconf 82' lang='lat' dir='ltr'><strong>gloriaretur,</strong></span> <span class='ocrx_word' id='word_1_542' title='bbox 813 3693 909 3748; x_wconf 86' lang='lat' dir='ltr'><strong>sed</strong></span> <span class='ocrx_word' id='word_1_543' title='bbox 941 3694 1031 3748; x_wconf 88' lang='lat' dir='ltr'><strong>ubi</strong></span> <span class='ocrx_word' id='word_1_544' title='bbox 1064 3695 1293 3750; x_wconf 84' lang='lat' dir='ltr'><strong>necdum</strong></span> <span class='ocrx_word' id='word_1_545' title='bbox 1325 3697 1576 3753; x_wconf 83' lang='lat' dir='ltr'><strong>Christus</strong></span> <span class='ocrx_word' id='word_1_546' title='bbox 1607 3699 1788 3756; x_wconf 84' lang='lat' dir='ltr'><strong>fuerat</strong></span> 
     </span>
    </p>
   </div>
   <div class='ocr_carea' id='block_1_67' title="bbox 217 3787 1786 3858">
    <p class='ocr_par' dir='ltr' id='par_1_67' title="bbox 217 3787 1786 3858">
     <span class='ocr_line' id='line_1_67' title="bbox 217 3787 1786 3858; baseline 0.008 -21"><span class='ocrx_word' id='word_1_547' title='bbox 217 3788 562 3852; x_wconf 82' lang='lat' dir='ltr'><strong>annuntiatus,</strong></span> <span class='ocrx_word' id='word_1_548' title='bbox 612 3798 898 3858; x_wconf 87' lang='lat' dir='ltr'><strong>postquam</strong></span> <span class='ocrx_word' id='word_1_549' title='bbox 950 3787 1086 3844; x_wconf 88' lang='lat' dir='ltr'><strong>dura</strong></span> <span class='ocrx_word' id='word_1_550' title='bbox 1126 3789 1470 3845; x_wconf 84' lang='lat' dir='ltr'><strong>Cretensium</strong></span> <span class='ocrx_word' id='word_1_551' title='bbox 1512 3793 1578 3846; x_wconf 91' lang='lat' dir='ltr'><strong>ad</strong></span> <span class='ocrx_word' id='word_1_552' title='bbox 1627 3793 1786 3850; x_wconf 83' lang='lat' dir='ltr'><strong>[idem</strong></span> 
     </span>
    </p>
   </div>
   <div class='ocr_carea' id='block_1_68' title="bbox 217 3873 1790 3957">
    <p class='ocr_par' dir='ltr' id='par_1_68' title="bbox 217 3873 1790 3957">
     <span class='ocr_line' id='line_1_68' title="bbox 217 3873 1790 3957; baseline 0.009 -27"><span class='ocrx_word' id='word_1_553' title='bbox 217 3873 392 3934; x_wconf 87' lang='lat' dir='ltr'><strong>Christi</strong></span> <span class='ocrx_word' id='word_1_554' title='bbox 421 3881 589 3937; x_wconf 90' lang='lat' dir='ltr'><strong>corda</strong></span> <span class='ocrx_word' id='word_1_555' title='bbox 621 3882 932 3948; x_wconf 88' lang='lat' dir='ltr'><strong>mollierat,</strong></span> <span class='ocrx_word' id='word_1_556' title='bbox 975 3891 1030 3938; x_wconf 89' lang='lat' dir='ltr'><strong>et</strong></span> <span class='ocrx_word' id='word_1_557' title='bbox 1061 3893 1168 3938; x_wconf 89' lang='lat' dir='ltr'><strong>tam</strong></span> <span class='ocrx_word' id='word_1_558' title='bbox 1211 3899 1465 3940; x_wconf 87' lang='lat' dir='ltr'><strong>sermone</strong></span> <span class='ocrx_word' id='word_1_559' title='bbox 1509 3902 1666 3957; x_wconf 90' lang='lat' dir='ltr'><strong>quam</strong></span> <span class='ocrx_word' id='word_1_560' title='bbox 1713 3889 1790 3943; x_wconf 90' lang='lat' dir='ltr'><strong>si-</strong></span> 
     </span>
    </p>
   </div>
   <div class='ocr_carea' id='block_1_69' title="bbox 219 3974 1786 4041">
    <p class='ocr_par' dir='ltr' id='par_1_69' title="bbox 219 3974 1786 4041">
     <span class='ocr_line' id='line_1_69' title="bbox 219 3974 1786 4041; baseline 0.01 -18"><span class='ocrx_word' id='word_1_561' title='bbox 219 3974 320 4041; x_wconf 88' lang='lat' dir='ltr'><strong>gnis</strong></span> <span class='ocrx_word' id='word_1_562' title='bbox 355 3976 697 4041; x_wconf 89' lang='lat' dir='ltr'><strong>edomuerat,</strong></span> <span class='ocrx_word' id='word_1_563' title='bbox 727 3987 782 4033; x_wconf 91' lang='lat' dir='ltr'><strong>et</strong></span> <span class='ocrx_word' id='word_1_564' title='bbox 817 3975 1113 4033; x_wconf 88' lang='lat' dir='ltr'><strong>edocuerat</strong></span> <span class='ocrx_word' id='word_1_565' title='bbox 1145 3993 1239 4035; x_wconf 92' lang='lat' dir='ltr'><strong>eos</strong></span> <span class='ocrx_word' id='word_1_566' title='bbox 1286 3995 1394 4035; x_wconf 91' lang='lat' dir='ltr'><strong>non</strong></span> <span class='ocrx_word' id='word_1_567' title='bbox 1434 3984 1786 4038; x_wconf 87' lang='lat' dir='ltr'><strong>vernaculum</strong></span> 
     </span>
    </p>
   </div>
   <div class='ocr_carea' id='block_1_70' title="bbox 218 4063 1790 4134">
    <p class='ocr_par' dir='ltr' id='par_1_70' title="bbox 218 4063 1790 4134">
     <span class='ocr_line' id='line_1_70' title="bbox 218 4063 1790 4134; baseline 0.008 -13"><span class='ocrx_word' id='word_1_568' title='bbox 218 4063 402 4134; x_wconf 80' lang='lat' dir='ltr'><strong>Jovem,</strong></span> <span class='ocrx_word' id='word_1_569' title='bbox 443 4071 542 4126; x_wconf 88' lang='lat' dir='ltr'><strong>sed</strong></span> <span class='ocrx_word' id='word_1_570' title='bbox 591 4071 645 4126; x_wconf 91' lang='lat' dir='ltr'><strong>in</strong></span> <span class='ocrx_word' id='word_1_571' title='bbox 691 4071 862 4127; x_wconf 91' lang='lat' dir='ltr'><strong>Deum</strong></span> <span class='ocrx_word' id='word_1_572' title='bbox 904 4071 1116 4128; x_wconf 86' lang='lat' dir='ltr'><strong>Patrem</strong></span> <span class='ocrx_word' id='word_1_573' title='bbox 1163 4084 1219 4129; x_wconf 90' lang='lat' dir='ltr'><strong>et</strong></span> <span class='ocrx_word' id='word_1_574' title='bbox 1267 4074 1318 4128; x_wconf 92' lang='lat' dir='ltr'><strong>in</strong></span> <span class='ocrx_word' id='word_1_575' title='bbox 1365 4075 1640 4132; x_wconf 86' lang='lat' dir='ltr'><strong>Christum</strong></span> <span class='ocrx_word' id='word_1_576' title='bbox 1672 4093 1790 4134; x_wconf 91' lang='lat' dir='ltr'><strong>cre-</strong></span> 
     </span>
    </p>
   </div>
   <div class='ocr_carea' id='block_1_71' title="bbox 217 4157 1785 4236">
    <p class='ocr_par' dir='ltr' id='par_1_71' title="bbox 217 4157 1785 4236">
     <span class='ocr_line' id='line_1_71' title="bbox 217 4157 1785 4236; baseline 0.01 -24"><span class='ocrx_word' id='word_1_577' title='bbox 217 4157 344 4228; x_wconf 87' lang='lat' dir='ltr'><strong>dere,</strong></span> <span class='ocrx_word' id='word_1_578' title='bbox 375 4164 599 4234; x_wconf 89' lang='lat' dir='ltr'><strong>reliqnit</strong></span> <span class='ocrx_word' id='word_1_579' title='bbox 616 4164 796 4219; x_wconf 86' lang='lat' dir='ltr'><strong>Titum</strong></span> <span class='ocrx_word' id='word_1_580' title='bbox 824 4165 1150 4236; x_wconf 86' lang='lat' dir='ltr'><strong>discipulum</strong></span> <span class='ocrx_word' id='word_1_581' title='bbox 1170 4167 1365 4234; x_wconf 65' lang='lat' dir='ltr'><strong>Cretae,</strong></span> <span class='ocrx_word' id='word_1_582' title='bbox 1395 4179 1452 4222; x_wconf 90' lang='lat' dir='ltr'><strong>ut</strong></span> <span class='ocrx_word' id='word_1_583' title='bbox 1479 4170 1785 4227; x_wconf 85' lang='lat' dir='ltr'><strong>rudimenta</strong></span> 
     </span>
    </p>
   </div>
   <div class='ocr_carea' id='block_1_72' title="bbox 214 4259 1789 4334">
    <p class='ocr_par' dir='ltr' id='par_1_72' title="bbox 214 4259 1789 4334">
     <span class='ocr_line' id='line_1_72' title="bbox 214 4259 1789 4334; baseline 0.009 -26"><span class='ocrx_word' id='word_1_584' title='bbox 214 4260 466 4314; x_wconf 88' lang='lat' dir='ltr'><strong>nascentis</strong></span> <span class='ocrx_word' id='word_1_585' title='bbox 501 4259 766 4315; x_wconf 71' lang='lat' dir='ltr'><strong>Ecclesia:</strong></span> <span class='ocrx_word' id='word_1_586' title='bbox 792 4259 1164 4326; x_wconf 81' lang='lat' dir='ltr'><strong>conﬁrmaret,</strong></span> <span class='ocrx_word' id='word_1_587' title='bbox 1199 4272 1251 4318; x_wconf 92' lang='lat' dir='ltr'><strong>et</strong></span> <span class='ocrx_word' id='word_1_588' title='bbox 1279 4264 1322 4317; x_wconf 92' lang='lat' dir='ltr'><strong>si</strong></span> <span class='ocrx_word' id='word_1_589' title='bbox 1351 4263 1475 4334; x_wconf 91' lang='lat' dir='ltr'><strong>quid</strong></span> <span class='ocrx_word' id='word_1_590' title='bbox 1511 4265 1789 4322; x_wconf 82' lang='lat' dir='ltr'><strong>videbatur</strong></span> 
     </span>
    </p>
   </div>
   <div class='ocr_carea' id='block_1_73' title="bbox 214 4349 1785 4430">
    <p class='ocr_par' dir='ltr' id='par_1_73' title="bbox 214 4349 1785 4430">
     <span class='ocr_line' id='line_1_73' title="bbox 214 4349 1785 4430; baseline 0.01 -27"><span class='ocrx_word' id='word_1_591' title='bbox 214 4349 403 4418; x_wconf 82' lang='lat' dir='ltr'><strong>deesse,</strong></span> <span class='ocrx_word' id='word_1_592' title='bbox 447 4354 771 4424; x_wconf 83' lang='lat' dir='ltr'><strong>corrigeret,</strong></span> <span class='ocrx_word' id='word_1_593' title='bbox 817 4355 931 4425; x_wconf 92' lang='lat' dir='ltr'><strong>ipse</strong></span> <span class='ocrx_word' id='word_1_594' title='bbox 977 4371 1208 4426; x_wconf 84' lang='lat' dir='ltr'><strong>pergens</strong></span> <span class='ocrx_word' id='word_1_595' title='bbox 1251 4355 1318 4412; x_wconf 88' lang='lat' dir='ltr'><strong>ad</strong></span> <span class='ocrx_word' id='word_1_596' title='bbox 1349 4358 1484 4413; x_wconf 90' lang='lat' dir='ltr'><strong>alias</strong></span> <span class='ocrx_word' id='word_1_597' title='bbox 1513 4362 1785 4430; x_wconf 80' lang='lat' dir='ltr'><strong>nationes,</strong></span> 
     </span>
    </p>
   </div>
   <div class='ocr_carea' id='block_1_74' title="bbox 214 4445 1789 4522">
    <p class='ocr_par' dir='ltr' id='par_1_74' title="bbox 214 4445 1789 4522">
     <span class='ocr_line' id='line_1_74' title="bbox 214 4445 1789 4522; baseline 0.01 -27"><span class='ocrx_word' id='word_1_598' title='bbox 214 4452 262 4497; x_wconf 89' lang='lat' dir='ltr'><strong>ut</strong></span> <span class='ocrx_word' id='word_1_599' title='bbox 290 4461 498 4502; x_wconf 89' lang='lat' dir='ltr'><strong>rursum</strong></span> <span class='ocrx_word' id='word_1_600' title='bbox 533 4447 587 4502; x_wconf 90' lang='lat' dir='ltr'><strong>in</strong></span> <span class='ocrx_word' id='word_1_601' title='bbox 612 4447 691 4502; x_wconf 91' lang='lat' dir='ltr'><strong>eis</strong></span> <span class='ocrx_word' id='word_1_602' title='bbox 719 4445 922 4503; x_wconf 77' lang='lat' dir='ltr'><strong>Chrisﬁ</strong></span> <span class='ocrx_word' id='word_1_603' title='bbox 946 4447 1156 4518; x_wconf 77' lang='lat' dir='ltr'><strong>jaceret</strong></span> <span class='ocrx_word' id='word_1_604' title='bbox 1187 4447 1789 4522; x_wconf 80' lang='lat' dir='ltr'><strong>fundamentum.Quod</strong></span> 
     </span>
    </p>
   </div>
   <div class='ocr_carea' id='block_1_75' title="bbox 212 4541 1786 4614">
    <p class='ocr_par' dir='ltr' id='par_1_75' title="bbox 212 4541 1786 4614">
     <span class='ocr_line' id='line_1_75' title="bbox 212 4541 1786 4614; baseline 0.01 -27"><span class='ocrx_word' id='word_1_605' title='bbox 212 4547 372 4592; x_wconf 87' lang='lat' dir='ltr'><strong>autem</strong></span> <span class='ocrx_word' id='word_1_606' title='bbox 415 4541 494 4594; x_wconf 88' lang='lat' dir='ltr'><strong>ait</strong></span> <span class='ocrx_word' id='word_1_607' title='bbox 526 4557 541 4596; x_wconf 89' lang='lat'><strong>:</strong></span> <span class='ocrx_word' id='word_1_608' title='bbox 584 4549 640 4594; x_wconf 90' lang='lat' dir='ltr'><strong>ut</strong></span> <span class='ocrx_word' id='word_1_609' title='bbox 679 4557 738 4594; x_wconf 90' lang='lat' dir='ltr'><strong>ea</strong></span> <span class='ocrx_word' id='word_1_610' title='bbox 769 4556 882 4612; x_wconf 72' lang='lat' dir='ltr'><strong>quae</strong></span> <span class='ocrx_word' id='word_1_611' title='bbox 912 4541 1148 4610; x_wconf 84' lang='lat' dir='ltr'><strong>deerant,</strong></span> <span class='ocrx_word' id='word_1_612' title='bbox 1199 4544 1502 4614; x_wconf 87' lang='lat' dir='ltr'><strong>corrigeres,</strong></span> <span class='ocrx_word' id='word_1_613' title='bbox 1547 4549 1786 4602; x_wconf 91' lang='lat' dir='ltr'><strong>ostendit</strong></span> 
     </span>
    </p>
   </div>
   <div class='ocr_carea' id='block_1_76' title="bbox 210 4609 1862 4704">
    <p class='ocr_par' dir='ltr' id='par_1_76' title="bbox 210 4609 1862 4704">
     <span class='ocr_line' id='line_1_76' title="bbox 210 4609 1862 4704; baseline 0.008 -20"><span class='ocrx_word' id='word_1_614' title='bbox 210 4631 417 4687; x_wconf 90' lang='lat' dir='ltr'><strong>necdum</strong></span> <span class='ocrx_word' id='word_1_615' title='bbox 449 4650 546 4688; x_wconf 84' lang='lat' dir='ltr'><strong>cos</strong></span> <span class='ocrx_word' id='word_1_616' title='bbox 569 4634 636 4688; x_wconf 89' lang='lat' dir='ltr'><strong>ad</strong></span> <span class='ocrx_word' id='word_1_617' title='bbox 671 4633 884 4704; x_wconf 78' lang='lat' dir='ltr'><strong>plenam</strong></span> <span class='ocrx_word' id='word_1_618' title='bbox 931 4636 1146 4691; x_wconf 87' lang='lat' dir='ltr'><strong>venisse</strong></span> <span class='ocrx_word' id='word_1_619' title='bbox 1175 4637 1458 4691; x_wconf 85' lang='lat' dir='ltr'><strong>scientiam</strong></span> <span class='ocrx_word' id='word_1_620' title='bbox 1495 4640 1740 4696; x_wconf 88' lang='lat' dir='ltr'><strong>veritatis</strong></span> <span class='ocrx_word' id='word_1_621' title='bbox 1767 4657 1783 4698; x_wconf 87' lang='lat'><strong>:</strong></span> <span class='ocrx_word' id='word_1_622' title='bbox 1816 4609 1862 4668; x_wconf 72' lang='grc' dir='ltr'>θ</span> 
     </span>
    </p>
   </div>
   <div class='ocr_carea' id='block_1_77' title="bbox 213 4725 1792 4798">
    <p class='ocr_par' dir='ltr' id='par_1_77' title="bbox 213 4725 1792 4798">
     <span class='ocr_line' id='line_1_77' title="bbox 213 4725 1792 4798; baseline 0.011 -21"><span class='ocrx_word' id='word_1_623' title='bbox 213 4733 261 4778; x_wconf 89' lang='lat' dir='ltr'><strong>et</strong></span> <span class='ocrx_word' id='word_1_624' title='bbox 284 4725 406 4782; x_wconf 89' lang='lat' dir='ltr'><strong>licet</strong></span> <span class='ocrx_word' id='word_1_625' title='bbox 431 4730 502 4784; x_wconf 90' lang='lat' dir='ltr'><strong>ab</strong></span> <span class='ocrx_word' id='word_1_626' title='bbox 550 4727 817 4798; x_wconf 81' lang='lat' dir='ltr'><strong>Apostolo</strong></span> <span class='ocrx_word' id='word_1_627' title='bbox 850 4731 1080 4786; x_wconf 88' lang='lat' dir='ltr'><strong>correcti</strong></span> <span class='ocrx_word' id='word_1_628' title='bbox 1121 4730 1342 4797; x_wconf 80' lang='lat' dir='ltr'><strong>fuerint,</strong></span> <span class='ocrx_word' id='word_1_629' title='bbox 1390 4742 1570 4789; x_wconf 89' lang='lat' dir='ltr'><strong>tamen</strong></span> <span class='ocrx_word' id='word_1_630' title='bbox 1614 4735 1792 4794; x_wconf 88' lang='lat' dir='ltr'><strong>adhuc</strong></span> 
     </span>
    </p>
   </div>
   <div class='ocr_carea' id='block_1_78' title="bbox 209 4815 1788 4897">
    <p class='ocr_par' dir='ltr' id='par_1_78' title="bbox 209 4815 1788 4897">
     <span class='ocr_line' id='line_1_78' title="bbox 209 4815 1788 4897; baseline 0.008 -26"><span class='ocrx_word' id='word_1_631' title='bbox 209 4815 435 4890; x_wconf 88' lang='lat' dir='ltr'><strong>indigere</strong></span> <span class='ocrx_word' id='word_1_632' title='bbox 465 4823 830 4878; x_wconf 88' lang='lat' dir='ltr'><strong>correctione.</strong></span> <span class='ocrx_word' id='word_1_633' title='bbox 863 4821 1037 4879; x_wconf 88' lang='lat' dir='ltr'><strong>Omne</strong></span> <span class='ocrx_word' id='word_1_634' title='bbox 1081 4831 1263 4879; x_wconf 90' lang='lat' dir='ltr'><strong>autem</strong></span> <span class='ocrx_word' id='word_1_635' title='bbox 1303 4827 1446 4895; x_wconf 90' lang='lat' dir='ltr'><strong>quod</strong></span> <span class='ocrx_word' id='word_1_636' title='bbox 1474 4827 1788 4897; x_wconf 86' lang='lat' dir='ltr'><strong>cnrrigitur,</strong></span> 
     </span>
    </p>
   </div>
   <div class='ocr_carea' id='block_1_79' title="bbox 211 4910 1794 4989">
    <p class='ocr_par' dir='ltr' id='par_1_79' title="bbox 211 4910 1794 4989">
     <span class='ocr_line' id='line_1_79' title="bbox 211 4910 1794 4989; baseline 0.008 -25"><span class='ocrx_word' id='word_1_637' title='bbox 211 4910 564 4982; x_wconf 83' lang='lat' dir='ltr'><strong>imperfectum</strong></span> <span class='ocrx_word' id='word_1_638' title='bbox 586 4927 692 4972; x_wconf 91' lang='lat' dir='ltr'><strong>est.</strong></span> <span class='ocrx_word' id='word_1_639' title='bbox 723 4915 855 4971; x_wconf 86' lang='lat' dir='ltr'><strong>Nam</strong></span> <span class='ocrx_word' id='word_1_640' title='bbox 885 4925 940 4974; x_wconf 90' lang='lat' dir='ltr'><strong>et</strong></span> <span class='ocrx_word' id='word_1_641' title='bbox 966 4917 1021 4972; x_wconf 92' lang='lat' dir='ltr'><strong>in</strong></span> <span class='ocrx_word' id='word_1_642' title='bbox 1055 4917 1249 4974; x_wconf 70' lang='lat' dir='ltr'><strong>Graeco</strong></span> <span class='ocrx_word' id='word_1_643' title='bbox 1279 4918 1682 4989; x_wconf 67' lang='lat' dir='ltr'><strong>praepositionis</strong></span> <span class='ocrx_word' id='word_1_644' title='bbox 1697 4921 1794 4976; x_wconf 88' lang='lat' dir='ltr'><strong>ad-</strong></span> 
     </span>
    </p>
   </div>
   <div class='ocr_carea' id='block_1_80' title="bbox 269 5074 1790 5145">
    <p class='ocr_par' dir='ltr' id='par_1_80' title="bbox 269 5074 1790 5145">
     <span class='ocr_line' id='line_1_80' title="bbox 269 5074 1790 5145; baseline 0.003 -16"><span class='ocrx_word' id='word_1_645' title='bbox 269 5083 292 5110; x_wconf 74' lang='grc' dir='ltr'><strong>ο</strong></span> <span class='ocrx_word' id='word_1_646' title='bbox 321 5074 575 5132; x_wconf 80' lang='lat' dir='ltr'><strong>Codicem</strong></span> <span class='ocrx_word' id='word_1_647' title='bbox 622 5092 724 5131; x_wconf 89' lang='lat' dir='ltr'><strong>ms.</strong></span> <span class='ocrx_word' id='word_1_648' title='bbox 771 5076 828 5132; x_wconf 91' lang='lat' dir='ltr'><strong>S.</strong></span> <span class='ocrx_word' id='word_1_649' title='bbox 878 5076 1095 5132; x_wconf 88' lang='lat' dir='ltr'><strong>Martini</strong></span> <span class='ocrx_word' id='word_1_650' title='bbox 1127 5093 1156 5131; x_wconf 89' lang='lat' dir='ltr'><strong>a</strong></span> <span class='ocrx_word' id='word_1_651' title='bbox 1199 5077 1420 5145; x_wconf 86' lang='lat' dir='ltr'><strong>Campis</strong></span> <span class='ocrx_word' id='word_1_652' title='bbox 1445 5087 1500 5132; x_wconf 91' lang='lat' dir='ltr'><strong>et</strong></span> <span class='ocrx_word' id='word_1_653' title='bbox 1530 5078 1667 5133; x_wconf 88' lang='lat' dir='ltr'><strong>alios</strong></span> <span class='ocrx_word' id='word_1_654' title='bbox 1705 5094 1790 5134; x_wconf 55' lang='lat' dir='ltr'><strong>se.</strong></span> 
     </span>
    </p>
   </div>
   <div class='ocr_carea' id='block_1_81' title="bbox 208 5147 1793 5218">
    <p class='ocr_par' dir='ltr' id='par_1_81' title="bbox 208 5147 1793 5218">
     <span class='ocr_line' id='line_1_81' title="bbox 208 5147 1793 5218; baseline 0.005 -19"><span class='ocrx_word' id='word_1_655' title='bbox 208 5147 305 5202; x_wconf 89' lang='lat' dir='ltr'><strong>cuti</strong></span> <span class='ocrx_word' id='word_1_656' title='bbox 335 5165 544 5204; x_wconf 86' lang='lat' dir='ltr'><strong>sumus.</strong></span> <span class='ocrx_word' id='word_1_657' title='bbox 589 5147 747 5216; x_wconf 80' lang='lat' dir='ltr'><strong>Apud</strong></span> <span class='ocrx_word' id='word_1_658' title='bbox 779 5147 1063 5202; x_wconf 85' lang='lat' dir='ltr'><strong>Erasmum</strong></span> <span class='ocrx_word' id='word_1_659' title='bbox 1096 5160 1352 5216; x_wconf 89' lang='lat' dir='ltr'><strong>corrupte</strong></span> <span class='ocrx_word' id='word_1_660' title='bbox 1383 5150 1652 5216; x_wconf 80' lang='lat' dir='ltr'><strong>legimus:</strong></span> <span class='ocrx_word' id='word_1_661' title='bbox 1691 5151 1793 5218; x_wconf 83' lang='lat' dir='ltr'><strong>Qui</strong></span> 
     </span>
    </p>
   </div>
   <div class='ocr_carea' id='block_1_82' title="bbox 208 5218 1793 5293">
    <p class='ocr_par' dir='ltr' id='par_1_82' title="bbox 208 5218 1793 5293">
     <span class='ocr_line' id='line_1_82' title="bbox 208 5218 1793 5293; baseline 0.006 -24"><span class='ocrx_word' id='word_1_662' title='bbox 208 5231 412 5293; x_wconf 79' lang='lat' dir='ltr'><strong>possunt</strong></span> <span class='ocrx_word' id='word_1_663' title='bbox 435 5219 686 5293; x_wconf 73' lang='lat' dir='ltr'><strong>Ecclesia:</strong></span> <span class='ocrx_word' id='word_1_664' title='bbox 716 5220 831 5290; x_wconf 83' lang='lat' dir='ltr'><strong>plus</strong></span> <span class='ocrx_word' id='word_1_665' title='bbox 863 5219 1129 5293; x_wconf 79' lang='lat' dir='ltr'><strong>prodesse,</strong></span> <span class='ocrx_word' id='word_1_666' title='bbox 1159 5230 1206 5293; x_wconf 85' lang='lat' dir='ltr'><strong>et</strong></span> <span class='ocrx_word' id='word_1_667' title='bbox 1236 5221 1289 5275; x_wconf 89' lang='lat' dir='ltr'><strong>in</strong></span> <span class='ocrx_word' id='word_1_668' title='bbox 1333 5218 1567 5274; x_wconf 77' lang='lat' dir='ltr'><strong>Ecclesia</strong></span> <span class='ocrx_word' id='word_1_669' title='bbox 1595 5224 1793 5293; x_wconf 86' lang='lat' dir='ltr'><strong>erigere</strong></span> 
     </span>
    </p>
   </div>
   <div class='ocr_carea' id='block_1_83' title="bbox 207 5290 1794 5360">
    <p class='ocr_par' dir='ltr' id='par_1_83' title="bbox 207 5290 1794 5360">
     <span class='ocr_line' id='line_1_83' title="bbox 207 5290 1794 5360; baseline 0.006 -20"><span class='ocrx_word' id='word_1_670' title='bbox 207 5290 482 5345; x_wconf 78' lang='lat' dir='ltr'><strong>columnas.</strong></span> <span class='ocrx_word' id='word_1_671' title='bbox 509 5292 783 5346; x_wconf 81' lang='lat' dir='ltr'><strong>Marianas</strong></span> <span class='ocrx_word' id='word_1_672' title='bbox 808 5291 1048 5360; x_wconf 76' lang='lat' dir='ltr'><strong>pejorem</strong></span> <span class='ocrx_word' id='word_1_673' title='bbox 1067 5309 1129 5345; x_wconf 83' lang='lat' dir='ltr'><strong>ex</strong></span> <span class='ocrx_word' id='word_1_674' title='bbox 1152 5292 1377 5348; x_wconf 78' lang='lat' dir='ltr'><strong>dei-retu</strong></span> <span class='ocrx_word' id='word_1_675' title='bbox 1403 5293 1647 5348; x_wconf 86' lang='lat' dir='ltr'><strong>Gratiani</strong></span> <span class='ocrx_word' id='word_1_676' title='bbox 1674 5290 1794 5350; x_wconf 80' lang='lat' dir='ltr'><strong>lec-</strong></span> 
     </span>
    </p>
   </div>
   <div class='ocr_carea' id='block_1_84' title="bbox 208 5361 1794 5432">
    <p class='ocr_par' dir='ltr' id='par_1_84' title="bbox 208 5361 1794 5432">
     <span class='ocr_line' id='line_1_84' title="bbox 208 5361 1794 5432; baseline 0.004 -18"><span class='ocrx_word' id='word_1_677' title='bbox 208 5361 397 5416; x_wconf 84' lang='lat' dir='ltr'><strong>tinnetn</strong></span> <span class='ocrx_word' id='word_1_678' title='bbox 459 5362 511 5418; x_wconf 88' lang='lat' dir='ltr'><strong>in</strong></span> <span class='ocrx_word' id='word_1_679' title='bbox 560 5365 951 5432; x_wconf 82' lang='lat' dir='ltr'><strong>Hieronymum</strong></span> <span class='ocrx_word' id='word_1_680' title='bbox 995 5363 1232 5427; x_wconf 84' lang='lat' dir='ltr'><strong>invexit,</strong></span> <span class='ocrx_word' id='word_1_681' title='bbox 1266 5365 1451 5419; x_wconf 91' lang='lat' dir='ltr'><strong>dicens</strong></span> <span class='ocrx_word' id='word_1_682' title='bbox 1494 5382 1505 5416; x_wconf 90' lang='lat'>:</span> <span class='ocrx_word' id='word_1_683' title='bbox 1553 5365 1616 5418; x_wconf 78' lang='lat' dir='ltr'><strong>At</strong></span> <span class='ocrx_word' id='word_1_684' title='bbox 1660 5383 1794 5420; x_wconf 87' lang='lat' dir='ltr'><strong>nunc</strong></span> 
     </span>
    </p>
   </div>
   <div class='ocr_carea' id='block_1_85' title="bbox 207 5433 1794 5504">
    <p class='ocr_par' dir='ltr' id='par_1_85' title="bbox 207 5433 1794 5504">
     <span class='ocr_line' id='line_1_85' title="bbox 207 5433 1794 5504; baseline 0.005 -21"><span class='ocrx_word' id='word_1_685' title='bbox 207 5436 459 5487; x_wconf 83' lang='lat' dir='ltr'><strong>cernimus</strong></span> <span class='ocrx_word' id='word_1_686' title='bbox 512 5436 768 5504; x_wconf 86' lang='lat' dir='ltr'><strong>plurimos</strong></span> <span class='ocrx_word' id='word_1_687' title='bbox 816 5433 952 5488; x_wconf 85' lang='lat' dir='ltr'><strong>hanc</strong></span> <span class='ocrx_word' id='word_1_688' title='bbox 990 5451 1096 5487; x_wconf 87' lang='lat' dir='ltr'><strong>rem</strong></span> <span class='ocrx_word' id='word_1_689' title='bbox 1142 5436 1443 5504; x_wconf 83' lang='lat' dir='ltr'><strong>beneﬁcium</strong></span> <span class='ocrx_word' id='word_1_690' title='bbox 1483 5436 1659 5502; x_wconf 75' lang='lat' dir='ltr'><strong>facere</strong></span> <span class='ocrx_word' id='word_1_691' title='bbox 1690 5453 1705 5488; x_wconf 92' lang='lat'><em>:</em></span> <span class='ocrx_word' id='word_1_692' title='bbox 1739 5447 1794 5491; x_wconf 89' lang='lat' dir='ltr'><strong>ut</strong></span> 
     </span>
    </p>
   </div>
   <div class='ocr_carea' id='block_1_86' title="bbox 207 5504 1791 5578">
    <p class='ocr_par' dir='ltr' id='par_1_86' title="bbox 207 5504 1791 5578">
     <span class='ocr_line' id='line_1_86' title="bbox 207 5504 1791 5578; baseline 0.003 -21"><span class='ocrx_word' id='word_1_693' title='bbox 207 5520 302 5578; x_wconf 87' lang='lat' dir='ltr'><strong>non</strong></span> <span class='ocrx_word' id='word_1_694' title='bbox 327 5520 564 5577; x_wconf 62' lang='lat' dir='ltr'><strong>quierant</strong></span> <span class='ocrx_word' id='word_1_695' title='bbox 614 5524 699 5561; x_wconf 87' lang='lat' dir='ltr'><strong>eos</strong></span> <span class='ocrx_word' id='word_1_696' title='bbox 729 5507 784 5578; x_wconf 82' lang='lat' dir='ltr'><strong>i_n</strong></span> <span class='ocrx_word' id='word_1_697' title='bbox 817 5504 1054 5578; x_wconf 75' lang='lat' dir='ltr'><strong>Ecclesia</strong></span> <span class='ocrx_word' id='word_1_698' title='bbox 1084 5506 1357 5561; x_wconf 83' lang='lat' dir='ltr'><strong>columnas</strong></span> <span class='ocrx_word' id='word_1_699' title='bbox 1397 5507 1612 5578; x_wconf 80' lang='lat' dir='ltr'><strong>erigere,</strong></span> <span class='ocrx_word' id='word_1_700' title='bbox 1661 5525 1791 5578; x_wconf 88' lang='lat' dir='ltr'><strong>quos</strong></span> 
     </span>
    </p>
   </div>
   <div class='ocr_carea' id='block_1_87' title="bbox 206 5575 1790 5650">
    <p class='ocr_par' dir='ltr' id='par_1_87' title="bbox 206 5575 1790 5650">
     <span class='ocr_line' id='line_1_87' title="bbox 206 5575 1790 5650; baseline 0.004 -21"><span class='ocrx_word' id='word_1_701' title='bbox 206 5577 317 5650; x_wconf 71' lang='lat' dir='ltr'><strong>plus</strong></span> <span class='ocrx_word' id='word_1_702' title='bbox 339 5575 668 5650; x_wconf 73' lang='lat' dir='ltr'><strong>cognoscant</strong></span> <span class='ocrx_word' id='word_1_703' title='bbox 721 5575 972 5633; x_wconf 75' lang='lat' dir='ltr'><strong>Ecclesia:</strong></span> <span class='ocrx_word' id='word_1_704' title='bbox 1019 5578 1261 5646; x_wconf 82' lang='lat' dir='ltr'><strong>prodesse</strong></span> <span class='ocrx_word' id='word_1_705' title='bbox 1308 5595 1326 5632; x_wconf 90' lang='lat'><strong><em>:</em></strong></span> <span class='ocrx_word' id='word_1_706' title='bbox 1371 5575 1646 5650; x_wconf 44' lang='lat' dir='ltr'><strong>sed—quos,</strong></span> <span class='ocrx_word' id='word_1_707' title='bbox 1674 5575 1790 5635; x_wconf 80' lang='lat' dir='ltr'><strong>etc.</strong></span> 
     </span>
    </p>
   </div>
   <div class='ocr_carea' id='block_1_88' title="bbox 206 5646 1793 5718">
    <p class='ocr_par' dir='ltr' id='par_1_88' title="bbox 206 5646 1793 5718">
     <span class='ocr_line' id='line_1_88' title="bbox 206 5646 1793 5718; baseline 0.003 -16"><span class='ocrx_word' id='word_1_708' title='bbox 206 5646 364 5718; x_wconf 81' lang='lat' dir='ltr'><strong>Certe</strong></span> <span class='ocrx_word' id='word_1_709' title='bbox 392 5646 503 5704; x_wconf 73' lang='lat' dir='ltr'><strong>rion</strong></span> <span class='ocrx_word' id='word_1_710' title='bbox 525 5651 759 5706; x_wconf 89' lang='lat' dir='ltr'><strong>contulit</strong></span> <span class='ocrx_word' id='word_1_711' title='bbox 785 5649 1059 5704; x_wconf 87' lang='lat' dir='ltr'><strong>editiones</strong></span> <span class='ocrx_word' id='word_1_712' title='bbox 1078 5665 1201 5704; x_wconf 92' lang='lat' dir='ltr'><strong>cum</strong></span> <span class='ocrx_word' id='word_1_713' title='bbox 1213 5649 1493 5705; x_wconf 84' lang='lat' dir='ltr'><strong>codicibus</strong></span> <span class='ocrx_word' id='word_1_714' title='bbox 1507 5646 1673 5718; x_wconf 36' lang='lat' dir='ltr'><strong>‘mss.,</strong></span> <span class='ocrx_word' id='word_1_715' title='bbox 1698 5650 1793 5706; x_wconf 83' lang='lat' dir='ltr'><strong>sed</strong></span> 
     </span>
    </p>
   </div>
   <div class='ocr_carea' id='block_1_89' title="bbox 208 5716 1796 5793">
    <p class='ocr_par' dir='ltr' id='par_1_89' title="bbox 208 5716 1796 5793">
     <span class='ocr_line' id='line_1_89' title="bbox 208 5716 1796 5793; baseline 0.002 -19"><span class='ocrx_word' id='word_1_716' title='bbox 208 5716 292 5793; x_wconf 83' lang='lat' dir='ltr'><strong>hic</strong></span> <span class='ocrx_word' id='word_1_717' title='bbox 340 5719 662 5793; x_wconf 84' lang='lat' dir='ltr'><strong>Gratianum</strong></span> <span class='ocrx_word' id='word_1_718' title='bbox 715 5720 906 5776; x_wconf 85' lang='lat' dir='ltr'><strong>habuit</strong></span> <span class='ocrx_word' id='word_1_719' title='bbox 938 5735 1057 5793; x_wconf 13' lang='lat' dir='ltr'><strong>pro,</strong></span> <span class='ocrx_word' id='word_1_720' title='bbox 1091 5721 1448 5793; x_wconf 80' lang='lat' dir='ltr'><strong>Hieronymo.</strong></span> <span class='ocrx_word' id='word_1_721' title='bbox 1509 5716 1667 5793; x_wconf 77' lang='lat' dir='ltr'><strong>Ergo</strong></span> <span class='ocrx_word' id='word_1_722' title='bbox 1706 5722 1796 5788; x_wconf 89' lang='lat' dir='ltr'><strong>qui</strong></span> 
     </span>
    </p>
   </div>
   <div class='ocr_carea' id='block_1_90' title="bbox 209 5792 1800 5865">
    <p class='ocr_par' dir='ltr' id='par_1_90' title="bbox 209 5792 1800 5865">
     <span class='ocr_line' id='line_1_90' title="bbox 209 5792 1800 5865; baseline 0.003 -19"><span class='ocrx_word' id='word_1_723' title='bbox 209 5792 334 5865; x_wconf 15' lang='lat' dir='ltr'><strong>plus,</strong></span> <span class='ocrx_word' id='word_1_724' title='bbox 355 5805 586 5863; x_wconf 87' lang='lat' dir='ltr'><strong>possunt</strong></span> <span class='ocrx_word' id='word_1_725' title='bbox 625 5792 889 5865; x_wconf 70' lang='lat' dir='ltr'><strong>Ecclesiae</strong></span> <span class='ocrx_word' id='word_1_726' title='bbox 929 5792 1210 5865; x_wconf 87' lang='lat' dir='ltr'><strong>prodesse,</strong></span> <span class='ocrx_word' id='word_1_727' title='bbox 1259 5792 1386 5850; x_wconf 86' lang='lat' dir='ltr'><strong>sunt</strong></span> <span class='ocrx_word' id='word_1_728' title='bbox 1428 5792 1672 5863; x_wconf 87' lang='lat' dir='ltr'><strong>ejusdem</strong></span> <span class='ocrx_word' id='word_1_729' title='bbox 1696 5793 1800 5850; x_wconf 86' lang='lat' dir='ltr'><strong>Ec-</strong></span> 
     </span>
    </p>
   </div>
   <div class='ocr_carea' id='block_1_91' title="bbox 209 5863 1796 5936">
    <p class='ocr_par' dir='ltr' id='par_1_91' title="bbox 209 5863 1796 5936">
     <span class='ocr_line' id='line_1_91' title="bbox 209 5863 1796 5936; baseline 0.001 -18"><span class='ocrx_word' id='word_1_730' title='bbox 209 5863 391 5921; x_wconf 72' lang='lat' dir='ltr'><strong>clesiae</strong></span> <span class='ocrx_word' id='word_1_731' title='bbox 427 5867 714 5934; x_wconf 63' lang='lat' dir='ltr'><strong>columna‘,</strong></span> <span class='ocrx_word' id='word_1_732' title='bbox 760 5873 820 5920; x_wconf 90' lang='lat' dir='ltr'><strong>ut</strong></span> <span class='ocrx_word' id='word_1_733' title='bbox 864 5863 951 5921; x_wconf 85' lang='lat' dir='ltr'><strong>hic</strong></span> <span class='ocrx_word' id='word_1_734' title='bbox 987 5876 1174 5923; x_wconf 86' lang='lat' dir='ltr'><strong>monet</strong></span> <span class='ocrx_word' id='word_1_735' title='bbox 1211 5866 1268 5924; x_wconf 89' lang='lat' dir='ltr'><strong>S.</strong></span> <span class='ocrx_word' id='word_1_736' title='bbox 1320 5865 1703 5936; x_wconf 88' lang='lat' dir='ltr'><strong>Hieronymus.</strong></span> <span class='ocrx_word' id='word_1_737' title='bbox 1738 5865 1796 5920; x_wconf 90' lang='lat' dir='ltr'><strong>In</strong></span> 
     </span>
    </p>
   </div>
   <div class='ocr_carea' id='block_1_92' title="bbox 1889 3319 3490 3395">
    <p class='ocr_par' dir='ltr' id='par_1_92' title="bbox 1889 3319 3490 3395">
     <span class='ocr_line' id='line_1_92' title="bbox 1889 3319 3490 3395; baseline -0.006 -13"><span class='ocrx_word' id='word_1_738' title='bbox 1889 3327 2035 3382; x_wconf 88' lang='lat' dir='ltr'><strong>riora</strong></span> <span class='ocrx_word' id='word_1_739' title='bbox 2079 3334 2310 3386; x_wconf 85' lang='lat' dir='ltr'><strong>taceam,</strong></span> <span class='ocrx_word' id='word_1_740' title='bbox 2341 3325 2434 3395; x_wconf 91' lang='lat' dir='ltr'><strong>qui</strong></span> <span class='ocrx_word' id='word_1_741' title='bbox 2468 3331 2527 3378; x_wconf 91' lang='lat' dir='ltr'><strong>ut</strong></span> <span class='ocrx_word' id='word_1_742' title='bbox 2549 3322 2737 3378; x_wconf 83' lang='lat' dir='ltr'><strong>clerici</strong></span> <span class='ocrx_word' id='word_1_743' title='bbox 2787 3321 3002 3384; x_wconf 90' lang='lat' dir='ltr'><strong>ﬁerent,</strong></span> <span class='ocrx_word' id='word_1_744' title='bbox 3035 3319 3352 3374; x_wconf 85' lang='lat' dir='ltr'><strong>muneribus</strong></span> <span class='ocrx_word' id='word_1_745' title='bbox 3387 3320 3490 3373; x_wconf 87' lang='lat' dir='ltr'><strong>im-</strong></span> 
     </span>
    </p>
   </div>
   <div class='ocr_carea' id='block_1_93' title="bbox 1891 3411 3493 3489">
    <p class='ocr_par' dir='ltr' id='par_1_93' title="bbox 1891 3411 3493 3489">
     <span class='ocr_line' id='line_1_93' title="bbox 1891 3411 3493 3489; baseline -0.004 -15"><span class='ocrx_word' id='word_1_746' title='bbox 1891 3427 2192 3489; x_wconf 90' lang='lat' dir='ltr'><strong>petrarunt.</strong></span> <span class='ocrx_word' id='word_1_747' title='bbox 2223 3417 2525 3486; x_wconf 82' lang='lat' dir='ltr'><strong>Diligenter</strong></span> <span class='ocrx_word' id='word_1_748' title='bbox 2548 3415 2797 3487; x_wconf 81' lang='lat' dir='ltr'><strong>Apostnli</strong></span> <span class='ocrx_word' id='word_1_749' title='bbox 2831 3414 2995 3469; x_wconf 87' lang='lat' dir='ltr'><strong>verba</strong></span> <span class='ocrx_word' id='word_1_750' title='bbox 3025 3412 3370 3468; x_wconf 83' lang='lat' dir='ltr'><strong>attendamus</strong></span> <span class='ocrx_word' id='word_1_751' title='bbox 3403 3411 3493 3467; x_wconf 88' lang='lat' dir='ltr'><strong>di-</strong></span> 
     </span>
    </p>
   </div>
   <div class='ocr_carea' id='block_1_94' title="bbox 1889 3507 3494 3580">
    <p class='ocr_par' dir='ltr' id='par_1_94' title="bbox 1889 3507 3494 3580">
     <span class='ocr_line' id='line_1_94' title="bbox 1889 3507 3494 3580; baseline -0.007 -8"><span class='ocrx_word' id='word_1_752' title='bbox 1889 3515 2062 3572; x_wconf 84' lang='lat' dir='ltr'><strong>centis</strong></span> <span class='ocrx_word' id='word_1_753' title='bbox 2108 3532 2121 3567; x_wconf 90' lang='lat'><strong>:</strong></span> <span class='ocrx_word' id='word_1_754' title='bbox 2167 3512 2237 3568; x_wconf 91' lang='lat' dir='ltr'><strong>Ut</strong></span> <span class='ocrx_word' id='word_1_755' title='bbox 2273 3514 2560 3567; x_wconf 85' lang='lat' dir='ltr'><strong>constituas</strong></span> <span class='ocrx_word' id='word_1_756' title='bbox 2589 3528 2679 3580; x_wconf 84' lang='lat' dir='ltr'><strong>per</strong></span> <span class='ocrx_word' id='word_1_757' title='bbox 2715 3511 2944 3564; x_wconf 83' lang='lat' dir='ltr'><strong>ciuitates</strong></span> <span class='ocrx_word' id='word_1_758' title='bbox 2988 3508 3332 3580; x_wconf 85' lang='lat' dir='ltr'><strong>presbyteros,</strong></span> <span class='ocrx_word' id='word_1_759' title='bbox 3357 3507 3494 3562; x_wconf 88' lang='lat' dir='ltr'><strong>sicut</strong></span> 
     </span>
    </p>
   </div>
   <div class='ocr_carea' id='block_1_95' title="bbox 1889 3603 3492 3683">
    <p class='ocr_par' dir='ltr' id='par_1_95' title="bbox 1889 3603 3492 3683">
     <span class='ocr_line' id='line_1_95' title="bbox 1889 3603 3492 3683; baseline -0.006 -18"><span class='ocrx_word' id='word_1_760' title='bbox 1889 3627 1983 3683; x_wconf 88' lang='lat' dir='ltr'><strong>ego</strong></span> <span class='ocrx_word' id='word_1_761' title='bbox 2014 3609 2101 3664; x_wconf 86' lang='lat' dir='ltr'><strong>tibi</strong></span> <span class='ocrx_word' id='word_1_762' title='bbox 2133 3608 2384 3681; x_wconf 86' lang='lat' dir='ltr'><strong>disposui.</strong></span> <span class='ocrx_word' id='word_1_763' title='bbox 2423 3607 2522 3674; x_wconf 90' lang='lat' dir='ltr'><strong>Qui</strong></span> <span class='ocrx_word' id='word_1_764' title='bbox 2564 3606 2740 3678; x_wconf 83' lang='lat' dir='ltr'><strong>qualis</strong></span> <span class='ocrx_word' id='word_1_765' title='bbox 2782 3604 3068 3677; x_wconf 83' lang='lat' dir='ltr'><strong>presbyter</strong></span> <span class='ocrx_word' id='word_1_766' title='bbox 3115 3604 3307 3660; x_wconf 85' lang='lat' dir='ltr'><strong>debeat</strong></span> <span class='ocrx_word' id='word_1_767' title='bbox 3343 3603 3492 3657; x_wconf 89' lang='lat' dir='ltr'><strong>ordi-</strong></span> 
     </span>
    </p>
   </div>
   <div class='ocr_carea' id='block_1_96' title="bbox 1891 3695 3490 3770">
    <p class='ocr_par' dir='ltr' id='par_1_96' title="bbox 1891 3695 3490 3770">
     <span class='ocr_line' id='line_1_96' title="bbox 1891 3695 3490 3770; baseline -0.006 -10"><span class='ocrx_word' id='word_1_768' title='bbox 1891 3703 2034 3770; x_wconf 90' lang='lat' dir='ltr'><strong>nari,</strong></span> <span class='ocrx_word' id='word_1_769' title='bbox 2070 3703 2124 3758; x_wconf 90' lang='lat' dir='ltr'><strong>in</strong></span> <span class='ocrx_word' id='word_1_770' title='bbox 2155 3700 2619 3770; x_wconf 77' lang='lat' dir='ltr'><strong>consequentibus</strong></span> <span class='ocrx_word' id='word_1_771' title='bbox 2651 3699 2953 3763; x_wconf 76' lang='lat' dir='ltr'><strong>disserens,</strong></span> <span class='ocrx_word' id='word_1_772' title='bbox 2989 3697 3090 3751; x_wconf 88' lang='lat' dir='ltr'><strong>hoc</strong></span> <span class='ocrx_word' id='word_1_773' title='bbox 3119 3699 3193 3752; x_wconf 87' lang='lat' dir='ltr'><strong>ait</strong></span> <span class='ocrx_word' id='word_1_774' title='bbox 3231 3714 3243 3750; x_wconf 93' lang='lat'><strong>:</strong></span> <span class='ocrx_word' id='word_1_775' title='bbox 3283 3695 3344 3752; x_wconf 90' lang='lat' dir='ltr'><strong>Si</strong></span> <span class='ocrx_word' id='word_1_776' title='bbox 3373 3697 3490 3766; x_wconf 87' lang='lat' dir='ltr'><strong>quis</strong></span> 
     </span>
    </p>
   </div>
   <div class='ocr_carea' id='block_1_97' title="bbox 1890 3793 3491 3859">
    <p class='ocr_par' dir='ltr' id='par_1_97' title="bbox 1890 3793 3491 3859">
     <span class='ocr_line' id='line_1_97' title="bbox 1890 3793 3491 3859; baseline -0.004 -8"><span class='ocrx_word' id='word_1_777' title='bbox 1890 3807 1964 3852; x_wconf 88' lang='lat' dir='ltr'><strong>est</strong></span> <span class='ocrx_word' id='word_1_778' title='bbox 1989 3797 2098 3850; x_wconf 88' lang='lat' dir='ltr'><strong>sine</strong></span> <span class='ocrx_word' id='word_1_779' title='bbox 2126 3796 2361 3859; x_wconf 87' lang='lat' dir='ltr'><strong>crimine,</strong></span> <span class='ocrx_word' id='word_1_780' title='bbox 2397 3795 2551 3848; x_wconf 87' lang='lat' dir='ltr'><strong>unius</strong></span> <span class='ocrx_word' id='word_1_781' title='bbox 2581 3793 2759 3848; x_wconf 76' lang='lat' dir='ltr'><strong>uxoris</strong></span> <span class='ocrx_word' id='word_1_782' title='bbox 2781 3794 2880 3858; x_wconf 83' lang='lat' dir='ltr'><strong>uir,</strong></span> <span class='ocrx_word' id='word_1_783' title='bbox 2924 3801 2979 3847; x_wconf 91' lang='lat' dir='ltr'><strong>et</strong></span> <span class='ocrx_word' id='word_1_784' title='bbox 3032 3800 3251 3858; x_wconf 67' lang='lat' dir='ltr'><strong>caetera,</strong></span> <span class='ocrx_word' id='word_1_785' title='bbox 3299 3800 3491 3859; x_wconf 61' lang='lat' dir='ltr'><strong>postea</strong></span> 
     </span>
    </p>
   </div>
   <div class='ocr_carea' id='block_1_98' title="bbox 1890 3885 3482 3961">
    <p class='ocr_par' dir='ltr' id='par_1_98' title="bbox 1890 3885 3482 3961">
     <span class='ocr_line' id='line_1_98' title="bbox 1890 3885 3482 3961; baseline -0.008 -14"><span class='ocrx_word' id='word_1_786' title='bbox 1890 3892 2117 3947; x_wconf 91' lang='lat' dir='ltr'><strong>intulit:</strong></span> <span class='ocrx_word' id='word_1_787' title='bbox 2167 3889 2380 3961; x_wconf 87' lang='lat' dir='ltr'><strong>Oportet</strong></span> <span class='ocrx_word' id='word_1_788' title='bbox 2421 3889 2561 3942; x_wconf 90' lang='lat' dir='ltr'><strong>enim</strong></span> <span class='ocrx_word' id='word_1_789' title='bbox 2607 3888 2901 3959; x_wconf 77' lang='lat' dir='ltr'><strong>episcopum</strong></span> <span class='ocrx_word' id='word_1_790' title='bbox 2941 3886 3052 3940; x_wconf 84' lang='lat' dir='ltr'><strong>sine</strong></span> <span class='ocrx_word' id='word_1_791' title='bbox 3093 3885 3304 3938; x_wconf 88' lang='lat' dir='ltr'><strong>crimine</strong></span> <span class='ocrx_word' id='word_1_792' title='bbox 3347 3899 3482 3950; x_wconf 86' lang='lat' dir='ltr'><strong>esse,</strong></span> 
     </span>
    </p>
   </div>
   <div class='ocr_carea' id='block_1_99' title="bbox 1892 3976 3492 4056">
    <p class='ocr_par' dir='ltr' id='par_1_99' title="bbox 1892 3976 3492 4056">
     <span class='ocr_line' id='line_1_99' title="bbox 1892 3976 3492 4056; baseline -0.007 -15"><span class='ocrx_word' id='word_1_793' title='bbox 1892 3996 2152 4056; x_wconf 87' lang='lat' dir='ltr'><strong>tamquam</strong></span> <span class='ocrx_word' id='word_1_794' title='bbox 2179 3983 2272 4038; x_wconf 88' lang='lat' dir='ltr'><strong>Dei</strong></span> <span class='ocrx_word' id='word_1_795' title='bbox 2300 3983 2727 4054; x_wconf 86' lang='lat' dir='ltr'><strong>dispensatorem.</strong></span> <span class='ocrx_word' id='word_1_796' title='bbox 2762 3981 2903 4035; x_wconf 89' lang='lat' dir='ltr'><strong>Idem</strong></span> <span class='ocrx_word' id='word_1_797' title='bbox 2936 3990 3020 4034; x_wconf 92' lang='lat' dir='ltr'><strong>est</strong></span> <span class='ocrx_word' id='word_1_798' title='bbox 3049 3994 3179 4048; x_wconf 79' lang='lat' dir='ltr'><strong>ergo</strong></span> <span class='ocrx_word' id='word_1_799' title='bbox 3207 3976 3492 4048; x_wconf 61' lang='lat' dir='ltr'><strong>presbyter</strong></span> 
     </span>
    </p>
   </div>
   <div class='ocr_carea' id='block_1_100' title="bbox 1890 4069 3479 4153">
    <p class='ocr_par' dir='ltr' id='par_1_100' title="bbox 1890 4069 3479 4153">
     <span class='ocr_line' id='line_1_100' title="bbox 1890 4069 3479 4153; baseline -0.008 -18"><span class='ocrx_word' id='word_1_800' title='bbox 1890 4080 1982 4153; x_wconf 92' lang='lat' dir='ltr'><strong>qui</strong></span> <span class='ocrx_word' id='word_1_801' title='bbox 2023 4089 2078 4135; x_wconf 91' lang='lat' dir='ltr'><strong>et</strong></span> <span class='ocrx_word' id='word_1_802' title='bbox 2116 4077 2427 4148; x_wconf 80' lang='lat' dir='ltr'><strong>cpiscopus,</strong></span> <span class='ocrx_word' id='word_1_803' title='bbox 2483 4085 2540 4130; x_wconf 90' lang='lat' dir='ltr'><strong>et</strong></span> <span class='ocrx_word' id='word_1_804' title='bbox 2591 4084 2876 4142; x_wconf 88' lang='lat' dir='ltr'><strong>antequam</strong></span> <span class='ocrx_word' id='word_1_805' title='bbox 2929 4070 3134 4126; x_wconf 90' lang='lat' dir='ltr'><strong>diaboli</strong></span> <span class='ocrx_word' id='word_1_806' title='bbox 3199 4069 3479 4135; x_wconf 84' lang='lat' dir='ltr'><strong>instinctu,</strong></span> 
     </span>
    </p>
   </div>
   <div class='ocr_carea' id='block_1_101' title="bbox 1891 4164 3485 4240">
    <p class='ocr_par' dir='ltr' id='par_1_101' title="bbox 1891 4164 3485 4240">
     <span class='ocr_line' id='line_1_101' title="bbox 1891 4164 3485 4240; baseline -0.005 -11"><span class='ocrx_word' id='word_1_807' title='bbox 1891 4174 2069 4230; x_wconf 91' lang='lat' dir='ltr'><strong>studia</strong></span> <span class='ocrx_word' id='word_1_808' title='bbox 2120 4173 2173 4226; x_wconf 91' lang='lat' dir='ltr'><strong>in</strong></span> <span class='ocrx_word' id='word_1_809' title='bbox 2208 4171 2467 4240; x_wconf 84' lang='lat' dir='ltr'><strong>religione</strong></span> <span class='ocrx_word' id='word_1_810' title='bbox 2497 4169 2713 4229; x_wconf 88' lang='lat' dir='ltr'><strong>ﬁerent.</strong></span> <span class='ocrx_word' id='word_1_811' title='bbox 2745 4177 2799 4221; x_wconf 86' lang='lat' dir='ltr'><strong>et</strong></span> <span class='ocrx_word' id='word_1_812' title='bbox 2827 4167 3105 4222; x_wconf 86' lang='lat' dir='ltr'><strong>diceretur</strong></span> <span class='ocrx_word' id='word_1_813' title='bbox 3134 4166 3186 4221; x_wconf 91' lang='lat' dir='ltr'><strong>in</strong></span> <span class='ocrx_word' id='word_1_814' title='bbox 3218 4164 3436 4236; x_wconf 81' lang='lat' dir='ltr'><strong>populis</strong></span> <span class='ocrx_word' id='word_1_815' title='bbox 3469 4180 3485 4221; x_wconf 86' lang='lat'><strong>:</strong></span> 
     </span>
    </p>
   </div>
   <div class='ocr_carea' id='block_1_102' title="bbox 1893 4255 3485 4341">
    <p class='ocr_par' dir='ltr' id='par_1_102' title="bbox 1893 4255 3485 4341">
     <span class='ocr_line' id='line_1_102' title="bbox 1893 4255 3485 4341; baseline -0.008 -19"><span class='ocrx_word' id='word_1_816' title='bbox 1893 4265 2008 4341; x_wconf 86' lang='lat' dir='ltr'><strong>Ego</strong></span> <span class='ocrx_word' id='word_1_817' title='bbox 2033 4283 2148 4321; x_wconf 88' lang='lat' dir='ltr'><strong>sum</strong></span> <span class='ocrx_word' id='word_1_818' title='bbox 2181 4263 2359 4331; x_wconf 84' lang='lat' dir='ltr'><strong>Pauli,</strong></span> <span class='ocrx_word' id='word_1_819' title='bbox 2389 4279 2482 4333; x_wconf 88' lang='lat' dir='ltr'><strong>ego</strong></span> <span class='ocrx_word' id='word_1_820' title='bbox 2505 4261 2715 4331; x_wconf 77' lang='lat' dir='ltr'><strong>Apollo,</strong></span> <span class='ocrx_word' id='word_1_821' title='bbox 2751 4277 2845 4330; x_wconf 87' lang='lat' dir='ltr'><strong>ego</strong></span> <span class='ocrx_word' id='word_1_822' title='bbox 2875 4268 3046 4312; x_wconf 87' lang='lat' dir='ltr'><strong>autem</strong></span> <span class='ocrx_word' id='word_1_823' title='bbox 3073 4255 3263 4330; x_wconf 72' lang='lat' dir='ltr'><strong>Cephoe</strong></span> <span class='ocrx_word' id='word_1_824' title='bbox 3287 4257 3328 4327; x_wconf 96' lang='grc' dir='ltr'><strong>(Ι</strong></span> <span class='ocrx_word' id='word_1_825' title='bbox 3360 4255 3485 4311; x_wconf 84' lang='lat' dir='ltr'><strong>Cor.</strong></span> 
     </span>
    </p>
   </div>
   <div class='ocr_carea' id='block_1_103' title="bbox 1893 4350 3494 4432">
    <p class='ocr_par' dir='ltr' id='par_1_103' title="bbox 1893 4350 3494 4432">
     <span class='ocr_line' id='line_1_103' title="bbox 1893 4350 3494 4432; baseline -0.009 -14"><span class='ocrx_word' id='word_1_826' title='bbox 1893 4379 1930 4428; x_wconf 87' lang='grc' dir='ltr'>ι,</span> <span class='ocrx_word' id='word_1_827' title='bbox 1962 4361 2073 4432; x_wconf 73' lang='grc'><strong>12),</strong></span> <span class='ocrx_word' id='word_1_828' title='bbox 2111 4356 2389 4415; x_wconf 90' lang='lat' dir='ltr'><strong>communi</strong></span> <span class='ocrx_word' id='word_1_829' title='bbox 2425 4356 2875 4427; x_wconf 82' lang='lat' dir='ltr'><strong>presbyterorum</strong></span> <span class='ocrx_word' id='word_1_830' title='bbox 2917 4352 3178 4418; x_wconf 85' lang='lat' dir='ltr'><strong>consilio,</strong></span> <span class='ocrx_word' id='word_1_831' title='bbox 3231 4350 3494 4406; x_wconf 61' lang='lat' dir='ltr'><strong>Ecclesia:</strong></span> 
     </span>
    </p>
   </div>
   <div class='ocr_carea' id='block_1_104' title="bbox 1892 4447 3493 4527">
    <p class='ocr_par' dir='ltr' id='par_1_104' title="bbox 1892 4447 3493 4527">
     <span class='ocr_line' id='line_1_104' title="bbox 1892 4447 3493 4527; baseline -0.006 -20"><span class='ocrx_word' id='word_1_832' title='bbox 1892 4453 2351 4527; x_wconf 85' lang='lat' dir='ltr'><strong>gnbernabantur.</strong></span> <span class='ocrx_word' id='word_1_833' title='bbox 2413 4448 2706 4518; x_wconf 89' lang='lat' dir='ltr'><strong>Postquam</strong></span> <span class='ocrx_word' id='word_1_834' title='bbox 2773 4460 2908 4501; x_wconf 88' lang='lat' dir='ltr'><strong>vero</strong></span> <span class='ocrx_word' id='word_1_835' title='bbox 2961 4447 3336 4512; x_wconf 86' lang='lat' dir='ltr'><strong>unusquisque</strong></span> <span class='ocrx_word' id='word_1_836' title='bbox 3393 4458 3493 4497; x_wconf 88' lang='lat' dir='ltr'><strong>eos</strong></span> 
     </span>
    </p>
   </div>
   <div class='ocr_carea' id='block_1_105' title="bbox 1892 4535 3490 4619">
    <p class='ocr_par' dir='ltr' id='par_1_105' title="bbox 1892 4535 3490 4619">
     <span class='ocr_line' id='line_1_105' title="bbox 1892 4535 3490 4619; baseline -0.006 -19"><span class='ocrx_word' id='word_1_837' title='bbox 1892 4561 2032 4619; x_wconf 84' lang='lat' dir='ltr'><strong>quos</strong></span> <span class='ocrx_word' id='word_1_838' title='bbox 2060 4543 2427 4614; x_wconf 84' lang='lat' dir='ltr'><strong>baptizaverat</strong></span> <span class='ocrx_word' id='word_1_839' title='bbox 2453 4555 2583 4595; x_wconf 86' lang='lat' dir='ltr'><strong>suos</strong></span> <span class='ocrx_word' id='word_1_840' title='bbox 2606 4539 2830 4608; x_wconf 82' lang='lat' dir='ltr'><strong>putabat</strong></span> <span class='ocrx_word' id='word_1_841' title='bbox 2858 4553 3003 4600; x_wconf 83' lang='lat' dir='ltr'><strong>esse.</strong></span> <span class='ocrx_word' id='word_1_842' title='bbox 3035 4553 3143 4592; x_wconf 87' lang='lat' dir='ltr'><strong>nnn</strong></span> <span class='ocrx_word' id='word_1_843' title='bbox 3173 4537 3401 4600; x_wconf 76' lang='lat' dir='ltr'><strong>Christi,</strong></span> <span class='ocrx_word' id='word_1_844' title='bbox 3434 4535 3490 4591; x_wconf 88' lang='lat' dir='ltr'><strong>in</strong></span> 
     </span>
    </p>
   </div>
   <div class='ocr_carea' id='block_1_106' title="bbox 1895 4629 3494 4700">
    <p class='ocr_par' dir='ltr' id='par_1_106' title="bbox 1895 4629 3494 4700">
     <span class='ocr_line' id='line_1_106' title="bbox 1895 4629 3494 4700; baseline -0.006 -6"><span class='ocrx_word' id='word_1_845' title='bbox 1895 4649 2007 4695; x_wconf 86' lang='lat' dir='ltr'><strong>toto</strong></span> <span class='ocrx_word' id='word_1_846' title='bbox 2044 4637 2178 4691; x_wconf 82' lang='lat' dir='ltr'><strong>urbe</strong></span> <span class='ocrx_word' id='word_1_847' title='bbox 2233 4635 2511 4689; x_wconf 89' lang='lat' dir='ltr'><strong>decretum</strong></span> <span class='ocrx_word' id='word_1_848' title='bbox 2553 4641 2658 4697; x_wconf 90' lang='lat' dir='ltr'><strong>est,</strong></span> <span class='ocrx_word' id='word_1_849' title='bbox 2721 4644 2777 4686; x_wconf 89' lang='lat' dir='ltr'><strong>ut</strong></span> <span class='ocrx_word' id='word_1_850' title='bbox 2802 4630 2829 4669; x_wconf 72' lang='grc' dir='ltr'>ι)</span> <span class='ocrx_word' id='word_1_851' title='bbox 2867 4645 3007 4686; x_wconf 90' lang='lat' dir='ltr'><strong>unus</strong></span> <span class='ocrx_word' id='word_1_852' title='bbox 3043 4629 3112 4685; x_wconf 93' lang='lat' dir='ltr'><strong>de</strong></span> <span class='ocrx_word' id='word_1_853' title='bbox 3157 4629 3494 4700; x_wconf 76' lang='lat' dir='ltr'><strong>presbyteris</strong></span> 
     </span>
    </p>
   </div>
   <div class='ocr_carea' id='block_1_107' title="bbox 1893 4723 3492 4804">
    <p class='ocr_par' dir='ltr' id='par_1_107' title="bbox 1893 4723 3492 4804">
     <span class='ocr_line' id='line_1_107' title="bbox 1893 4723 3492 4804; baseline -0.005 -18"><span class='ocrx_word' id='word_1_854' title='bbox 1893 4732 2056 4804; x_wconf 75' lang='lat'><strong>695</strong></span> <span class='ocrx_word' id='word_1_855' title='bbox 2115 4731 2324 4785; x_wconf 91' lang='lat' dir='ltr'><strong>electus</strong></span> <span class='ocrx_word' id='word_1_856' title='bbox 2381 4735 2843 4796; x_wconf 84' lang='lat' dir='ltr'><strong>superponerctttr</strong></span> <span class='ocrx_word' id='word_1_857' title='bbox 2896 4725 3150 4788; x_wconf 65' lang='lat' dir='ltr'><strong>caneris,</strong></span> <span class='ocrx_word' id='word_1_858' title='bbox 3209 4723 3274 4778; x_wconf 88' lang='lat' dir='ltr'><strong>ad</strong></span> <span class='ocrx_word' id='word_1_859' title='bbox 3329 4737 3492 4790; x_wconf 87' lang='lat' dir='ltr'><strong>quem</strong></span> 
     </span>
    </p>
   </div>
   <div class='ocr_carea' id='block_1_108' title="bbox 1895 4818 3499 4889">
    <p class='ocr_par' dir='ltr' id='par_1_108' title="bbox 1895 4818 3499 4889">
     <span class='ocr_line' id='line_1_108' title="bbox 1895 4818 3499 4889; baseline -0.006 -8"><span class='ocrx_word' id='word_1_860' title='bbox 1895 4827 2073 4881; x_wconf 88' lang='lat' dir='ltr'><strong>omnis</strong></span> <span class='ocrx_word' id='word_1_861' title='bbox 2098 4821 2362 4877; x_wconf 67' lang='lat' dir='ltr'><strong>Ecclesiae</strong></span> <span class='ocrx_word' id='word_1_862' title='bbox 2402 4835 2530 4875; x_wconf 91' lang='lat' dir='ltr'><strong>cura</strong></span> <span class='ocrx_word' id='word_1_863' title='bbox 2570 4819 2891 4889; x_wconf 88' lang='lat' dir='ltr'><strong>pertineret,</strong></span> <span class='ocrx_word' id='word_1_864' title='bbox 2937 4826 2992 4874; x_wconf 90' lang='lat' dir='ltr'><strong>et</strong></span> <span class='ocrx_word' id='word_1_865' title='bbox 3021 4818 3378 4872; x_wconf 86' lang='lat' dir='ltr'><strong>schismatum</strong></span> <span class='ocrx_word' id='word_1_866' title='bbox 3409 4831 3499 4872; x_wconf 87' lang='lat' dir='ltr'><strong>se-</strong></span> 
     </span>
    </p>
   </div>
   <div class='ocr_carea' id='block_1_109' title="bbox 1896 4908 3490 4984">
    <p class='ocr_par' dir='ltr' id='par_1_109' title="bbox 1896 4908 3490 4984">
     <span class='ocr_line' id='line_1_109' title="bbox 1896 4908 3490 4984; baseline -0.008 -9"><span class='ocrx_word' id='word_1_867' title='bbox 1896 4921 2040 4976; x_wconf 91' lang='lat' dir='ltr'><strong>mina</strong></span> <span class='ocrx_word' id='word_1_868' title='bbox 2099 4915 2442 4970; x_wconf 89' lang='lat' dir='ltr'><strong>tollerentur.</strong></span> <span class='ocrx_word' id='word_1_869' title='bbox 2501 4913 2662 4968; x_wconf 90' lang='lat' dir='ltr'><strong>Putet</strong></span> <span class='ocrx_word' id='word_1_870' title='bbox 2719 4911 2829 4984; x_wconf 77' lang='grc' dir='ltr'><strong>[ΑΙ.</strong></span> <span class='ocrx_word' id='word_1_871' title='bbox 2897 4909 3073 4982; x_wconf 90' lang='lat' dir='ltr'><strong>putat]</strong></span> <span class='ocrx_word' id='word_1_872' title='bbox 3129 4908 3325 4980; x_wconf 86' lang='lat' dir='ltr'><strong>aliquis</strong></span> <span class='ocrx_word' id='word_1_873' title='bbox 3381 4924 3490 4963; x_wconf 94' lang='lat' dir='ltr'><strong>non</strong></span> 
     </span>
    </p>
   </div>
   <div class='ocr_carea' id='block_1_110' title="bbox 1896 5064 3490 5144">
    <p class='ocr_par' dir='ltr' id='par_1_110' title="bbox 1896 5064 3490 5144">
     <span class='ocr_line' id='line_1_110' title="bbox 1896 5064 3490 5144; baseline -0.011 -10"><span class='ocrx_word' id='word_1_874' title='bbox 1896 5073 2194 5144; x_wconf 85' lang='lat' dir='ltr'><strong>exemplari</strong></span> <span class='ocrx_word' id='word_1_875' title='bbox 2251 5085 2354 5126; x_wconf 91' lang='lat' dir='ltr'><strong>ms.</strong></span> <span class='ocrx_word' id='word_1_876' title='bbox 2403 5069 2920 5144; x_wconf 73' lang='lat' dir='ltr'><strong>Augustinianornm</strong></span> <span class='ocrx_word' id='word_1_877' title='bbox 2969 5066 3157 5121; x_wconf 80' lang='lat' dir='ltr'><strong>Totos.</strong></span> <span class='ocrx_word' id='word_1_878' title='bbox 3200 5064 3490 5144; x_wconf 63' lang='lat' dir='ltr'><strong>legimus,</strong></span> 
     </span>
    </p>
   </div>
   <div class='ocr_carea' id='block_1_111' title="bbox 1896 5137 3496 5224">
    <p class='ocr_par' dir='ltr' id='par_1_111' title="bbox 1896 5137 3496 5224">
     <span class='ocr_line' id='line_1_111' title="bbox 1896 5137 3496 5224; baseline -0.006 -25"><span class='ocrx_word' id='word_1_879' title='bbox 1896 5137 2155 5224; x_wconf 77' lang='lat' dir='ltr'><strong>plurimos</strong></span> <span class='ocrx_word' id='word_1_880' title='bbox 2185 5145 2431 5198; x_wconf 81' lang='lat' dir='ltr'><strong>honorem</strong></span> <span class='ocrx_word' id='word_1_881' title='bbox 2451 5137 2765 5224; x_wconf 56' lang='lat' dir='ltr'><strong>beneﬁcium</strong></span> <span class='ocrx_word' id='word_1_882' title='bbox 2786 5139 2986 5224; x_wconf 65' lang='lat' dir='ltr'><strong>facere,</strong></span> <span class='ocrx_word' id='word_1_883' title='bbox 3032 5137 3378 5224; x_wconf 22' lang='lat' dir='ltr'><strong>eici-MART:</strong></span> <span class='ocrx_word' id='word_1_884' title='bbox 3423 5163 3496 5224; x_wconf 53' lang='lat' dir='ltr'><strong>—f</strong></span> 
     </span>
    </p>
   </div>
   <div class='ocr_carea' id='block_1_112' title="bbox 1904 5207 3494 5284">
    <p class='ocr_par' dir='ltr' id='par_1_112' title="bbox 1904 5207 3494 5284">
     <span class='ocr_line' id='line_1_112' title="bbox 1904 5207 3494 5284; baseline -0.008 -10"><span class='ocrx_word' id='word_1_885' title='bbox 1904 5207 2204 5278; x_wconf 59' lang='lat' dir='ltr'><strong>&#39;Victorius,</strong></span> <span class='ocrx_word' id='word_1_886' title='bbox 2239 5229 2398 5284; x_wconf 84' lang='lat' dir='ltr'><strong>quem</strong></span> <span class='ocrx_word' id='word_1_887' title='bbox 2451 5207 2800 5284; x_wconf 64' lang='lat' dir='ltr'><strong>Martianaeus</strong></span> <span class='ocrx_word' id='word_1_888' title='bbox 2853 5212 3102 5276; x_wconf 67' lang='lat' dir='ltr'><strong>etistigat,</strong></span> <span class='ocrx_word' id='word_1_889' title='bbox 3140 5207 3312 5284; x_wconf 49' lang='lat' dir='ltr'><strong>locu-rp</strong></span> <span class='ocrx_word' id='word_1_890' title='bbox 3349 5207 3494 5284; x_wconf 57' lang='lat' dir='ltr'><strong>[tunc</strong></span> 
     </span>
    </p>
   </div>
   <div class='ocr_carea' id='block_1_113' title="bbox 1898 5276 3497 5349">
    <p class='ocr_par' dir='ltr' id='par_1_113' title="bbox 1898 5276 3497 5349">
     <span class='ocr_line' id='line_1_113' title="bbox 1898 5276 3497 5349; baseline -0.01 0"><span class='ocrx_word' id='word_1_891' title='bbox 1898 5309 1965 5349; x_wconf 88' lang='lat' dir='ltr'><strong>ex</strong></span> <span class='ocrx_word' id='word_1_892' title='bbox 1998 5276 2270 5345; x_wconf 64' lang='lat' dir='ltr'><strong>Gratiano</strong></span> <span class='ocrx_word' id='word_1_893' title='bbox 2291 5286 2360 5340; x_wconf 90' lang='lat' dir='ltr'><strong>ita</strong></span> <span class='ocrx_word' id='word_1_894' title='bbox 2395 5285 2571 5340; x_wconf 82' lang='lat' dir='ltr'><strong>reﬁxit</strong></span> <span class='ocrx_word' id='word_1_895' title='bbox 2604 5300 2616 5335; x_wconf 89' lang='lat'><strong>:</strong></span> <span class='ocrx_word' id='word_1_896' title='bbox 2649 5281 2772 5336; x_wconf 87' lang='lat' dir='ltr'><strong>Non</strong></span> <span class='ocrx_word' id='word_1_897' title='bbox 2794 5291 3027 5348; x_wconf 56' lang='lat' dir='ltr'><strong>qua’rant</strong></span> <span class='ocrx_word' id='word_1_898' title='bbox 3050 5296 3135 5332; x_wconf 82' lang='lat' dir='ltr'><strong>eos</strong></span> <span class='ocrx_word' id='word_1_899' title='bbox 3161 5279 3215 5332; x_wconf 88' lang='lat' dir='ltr'><strong>in</strong></span> <span class='ocrx_word' id='word_1_900' title='bbox 3247 5276 3497 5333; x_wconf 75' lang='lat' dir='ltr'><strong>Erclesite</strong></span> 
     </span>
    </p>
   </div>
   <div class='ocr_carea' id='block_1_114' title="bbox 1897 5349 3498 5428">
    <p class='ocr_par' dir='ltr' id='par_1_114' title="bbox 1897 5349 3498 5428">
     <span class='ocr_line' id='line_1_114' title="bbox 1897 5349 3498 5428; baseline -0.009 -10"><span class='ocrx_word' id='word_1_901' title='bbox 1897 5364 2167 5418; x_wconf 87' lang='lat' dir='ltr'><strong>columnas</strong></span> <span class='ocrx_word' id='word_1_902' title='bbox 2196 5363 2413 5428; x_wconf 86' lang='lat' dir='ltr'><strong>erigere,</strong></span> <span class='ocrx_word' id='word_1_903' title='bbox 2430 5372 2556 5426; x_wconf 82' lang='lat' dir='ltr'><strong>quos</strong></span> <span class='ocrx_word' id='word_1_904' title='bbox 2578 5355 2696 5423; x_wconf 87' lang='lat' dir='ltr'><strong>plus</strong></span> <span class='ocrx_word' id='word_1_905' title='bbox 2720 5359 3034 5428; x_wconf 63' lang='lat' dir='ltr'><strong>cognoscant</strong></span> <span class='ocrx_word' id='word_1_906' title='bbox 3058 5349 3312 5428; x_wconf 71' lang='lat' dir='ltr'><strong>Ecclesice</strong></span> <span class='ocrx_word' id='word_1_907' title='bbox 3335 5349 3498 5420; x_wconf 81' lang='lat' dir='ltr'><strong>prod-</strong></span> 
     </span>
    </p>
   </div>
   <div class='ocr_carea' id='block_1_115' title="bbox 1905 5417 3498 5500">
    <p class='ocr_par' dir='ltr' id='par_1_115' title="bbox 1905 5417 3498 5500">
     <span class='ocr_line' id='line_1_115' title="bbox 1905 5417 3498 5500; baseline -0.009 -9"><span class='ocrx_word' id='word_1_908' title='bbox 1905 5417 2046 5500; x_wconf 84' lang='lat' dir='ltr'><strong>esse,</strong></span> <span class='ocrx_word' id='word_1_909' title='bbox 2103 5443 2206 5486; x_wconf 88' lang='lat' dir='ltr'><strong>etc.</strong></span> <span class='ocrx_word' id='word_1_910' title='bbox 2260 5417 2592 5500; x_wconf 59' lang='lat' dir='ltr'><strong>Pauln&#39;post</strong></span> <span class='ocrx_word' id='word_1_911' title='bbox 2632 5417 2869 5498; x_wconf 54' lang='lat' dir='ltr'><strong>Apost&#39;oli</strong></span> <span class='ocrx_word' id='word_1_912' title='bbox 2910 5423 3092 5486; x_wconf 86' lang='lat' dir='ltr'><strong>verba,</strong></span> <span class='ocrx_word' id='word_1_913' title='bbox 3139 5417 3498 5476; x_wconf 45' lang='lat' dir='ltr'><strong>nostri&#39;mss.</strong></span> 
     </span>
    </p>
   </div>
   <div class='ocr_carea' id='block_1_116' title="bbox 1898 5499 3310 5578">
    <p class='ocr_par' dir='ltr' id='par_1_116' title="bbox 1898 5499 3310 5578">
     <span class='ocr_line' id='line_1_116' title="bbox 1898 5499 3310 5578; baseline -0.007 -16"><span class='ocrx_word' id='word_1_914' title='bbox 1898 5499 2136 5578; x_wconf 61' lang='lat' dir='ltr'><strong>Apostoli</strong></span> <span class='ocrx_word' id='word_1_915' title='bbox 2161 5511 2475 5578; x_wconf 65' lang='lat' dir='ltr'><strong>praeceptum</strong></span> <span class='ocrx_word' id='word_1_916' title='bbox 2525 5499 2731 5578; x_wconf 84' lang='lat' dir='ltr'><strong>legunt.</strong></span> <span class='ocrx_word' id='word_1_917' title='bbox 2778 5576 2785 5578; x_wconf 75' lang='lat'>_</span> <span class='ocrx_word' id='word_1_918' title='bbox 2942 5567 2954 5578; x_wconf 41' lang='grc' dir='ltr'><strong>Ι</strong></span> <span class='ocrx_word' id='word_1_919' title='bbox 3147 5564 3160 5578; x_wconf 76' lang='lat'>_</span> <span class='ocrx_word' id='word_1_920' title='bbox 3218 5573 3228 5578; x_wconf 81' lang='lat'>_</span> <span class='ocrx_word' id='word_1_921' title='bbox 3299 5564 3310 5574; x_wconf 45' lang='lat'>.</span> 
     </span>
    </p>
   </div>
   <div class='ocr_carea' id='block_1_117' title="bbox 1973 5564 3496 5638">
    <p class='ocr_par' dir='ltr' id='par_1_117' title="bbox 1973 5564 3496 5638">
     <span class='ocr_line' id='line_1_117' title="bbox 1973 5564 3496 5638; baseline -0.009 -7"><span class='ocrx_word' id='word_1_922' title='bbox 1973 5577 2001 5616; x_wconf 72' lang='grc' dir='ltr'>δ</span> <span class='ocrx_word' id='word_1_923' title='bbox 2025 5564 2417 5631; x_wconf 75' lang='lat' dir='ltr'><strong>Cistércienses</strong></span> <span class='ocrx_word' id='word_1_924' title='bbox 2462 5564 2621 5638; x_wconf 43' lang='lat' dir='ltr'><strong>mssi,</strong></span> <span class='ocrx_word' id='word_1_925' title='bbox 2665 5577 2721 5622; x_wconf 89' lang='lat' dir='ltr'><strong>ut</strong></span> <span class='ocrx_word' id='word_1_926' title='bbox 2768 5576 2892 5622; x_wconf 89' lang='lat' dir='ltr'><strong>tunc</strong></span> <span class='ocrx_word' id='word_1_927' title='bbox 2919 5567 2984 5620; x_wconf 88' lang='lat' dir='ltr'><strong>de</strong></span> <span class='ocrx_word' id='word_1_928' title='bbox 3020 5564 3360 5638; x_wconf 78' lang='lat' dir='ltr'><strong>presbyteris,</strong></span> <span class='ocrx_word' id='word_1_929' title='bbox 3385 5570 3496 5638; x_wconf 76' lang='lat' dir='ltr'><strong>etc.</strong></span> 
     </span>
    </p>
   </div>
   <div class='ocr_carea' id='block_1_118' title="bbox 1901 5633 3497 5718">
    <p class='ocr_par' dir='ltr' id='par_1_118' title="bbox 1901 5633 3497 5718">
     <span class='ocr_line' id='line_1_118' title="bbox 1901 5633 3497 5718; baseline -0.01 -13"><span class='ocrx_word' id='word_1_930' title='bbox 1901 5648 2040 5705; x_wconf 87' lang='lat' dir='ltr'><strong>Vide</strong></span> <span class='ocrx_word' id='word_1_931' title='bbox 2060 5648 2220 5718; x_wconf 86' lang='lat' dir='ltr'><strong>epist.</strong></span> <span class='ocrx_word' id='word_1_932' title='bbox 2249 5641 2471 5718; x_wconf 71' lang='lat' dir='ltr'><strong>t46_,_ad</strong></span> <span class='ocrx_word' id='word_1_933' title='bbox 2509 5633 2858 5718; x_wconf 79' lang='lat' dir='ltr'><strong>Evangelum,</strong></span> <span class='ocrx_word' id='word_1_934' title='bbox 2893 5649 2943 5718; x_wconf 79' lang='lat' dir='ltr'><strong>et</strong></span> <span class='ocrx_word' id='word_1_935' title='bbox 2975 5633 3197 5718; x_wconf 52' lang='lat' dir='ltr'><strong>quas-ad</strong></span> <span class='ocrx_word' id='word_1_936' title='bbox 3235 5650 3355 5689; x_wconf 85' lang='lat' dir='ltr'><strong>eam</strong></span> <span class='ocrx_word' id='word_1_937' title='bbox 3396 5633 3497 5689; x_wconf 86' lang='lat' dir='ltr'><strong>ob-</strong></span> 
     </span>
    </p>
   </div>
   <div class='ocr_carea' id='block_1_119' title="bbox 1901 5707 3500 5784">
    <p class='ocr_par' dir='ltr' id='par_1_119' title="bbox 1901 5707 3500 5784">
     <span class='ocr_line' id='line_1_119' title="bbox 1901 5707 3500 5784; baseline -0.009 -8"><span class='ocrx_word' id='word_1_938' title='bbox 1901 5707 2187 5778; x_wconf 79' lang='lat' dir='ltr'><strong>servamus</strong></span> <span class='ocrx_word' id='word_1_939' title='bbox 2228 5716 2298 5771; x_wconf 91' lang='lat' dir='ltr'><strong>de</strong></span> <span class='ocrx_word' id='word_1_940' title='bbox 2342 5707 2972 5784; x_wconf 62' lang='lat' dir='ltr'><strong>Hieronymi&#39;sententia</strong></span> <span class='ocrx_word' id='word_1_941' title='bbox 3001 5710 3070 5767; x_wconf 92' lang='lat' dir='ltr'><strong>de</strong></span> <span class='ocrx_word' id='word_1_942' title='bbox 3101 5707 3500 5779; x_wconf 86' lang='lat' dir='ltr'><strong>Episcoporum</strong></span> 
     </span>
    </p>
   </div>
   <div class='ocr_carea' id='block_1_120' title="bbox 1900 5783 2756 5865">
    <p class='ocr_par' dir='ltr' id='par_1_120' title="bbox 1900 5783 2756 5865">
     <span class='ocr_line' id='line_1_120' title="bbox 1900 5783 2756 5865; baseline -0.018 -14"><span class='ocrx_word' id='word_1_943' title='bbox 1900 5808 1963 5851; x_wconf 84' lang='lat' dir='ltr'><strong>su</strong></span> <span class='ocrx_word' id='word_1_944' title='bbox 1973 5808 2067 5865; x_wconf 89' lang='lat' dir='ltr'><strong>pra</strong></span> <span class='ocrx_word' id='word_1_945' title='bbox 2098 5789 2446 5863; x_wconf 84' lang='lat' dir='ltr'><strong>presbyteros</strong></span> <span class='ocrx_word' id='word_1_946' title='bbox 2475 5783 2756 5855; x_wconf 78' lang='lat' dir='ltr'><strong>dignitate.</strong></span> 
     </span>
    </p>
   </div>
  </div>
