3962 6338
295 234 381 292 865

815 226 1465 289 COMMENTARIORUM
1508 233 1574 289 IN
1617 230 2007 293 EPISTOLAN
2046 235 2139 292 AD
2178 233 2391 294 ΤΙΤοΜ
2433 234 2660 293 LIBER.
2700 236 2860 296 CAP.
2905 241 2947 297 l.

288 348 517 409 uncam:
541 357 702 414 quem
730 345 996 414 Apostolo
1030 344 1340 412 contraire,
1371 359 1534 403 nemo
1560 345 1656 416 qui
1682 347 1830 416 Apo—
1856 348 1909 415 Α
1936 345 2066 405 bent
2094 366 2108 403 :
2138 357 2344 419 quanto
2368 349 2543 421 magis
2575 352 2951 423 unusquisque
2981 367 3041 410 se
3069 354 3452 423 considerans.
3479 366 3539 414 et

285 442 455 503 stolam
474 437 698 509 legerit,
721 437 1013 509 ignorabit.
1047 437 1118 495 Et
1140 439 1362 512 quidem
1387 455 1512 497 esse
1556 439 1678 499 sine
1724 441 1832 501 cri-

283 535 404 594 mine
424 532 747 605 episcopum,
768 532 887 589 sive
908 532 1309 606 presbyterum,
1338 542 1394 590 et
1412 549 1574 591 uuam
1603 548 1830 593 uxorem

281 627 466 692 habere,
497 626 547 683 in
573 634 757 682 nostra
787 633 875 681 est
902 633 1192 695 potestate.
1218 628 1485 685 Caeterum
1518 626 1652 687 illud
1681 627 1831 699 quod

279 721 534 792 sequitur:
565 718 769 775 Habere
804 719 947 792 filios
981 717 1163 790 ﬁdeles
1185 760 1203 786 .
1249 737 1355 777 non
1398 720 1455 775 in
1502 720 1831 777 accusatione

281 814 487 880 Μανία,
512 827 575 867 ac
597 828 701 868 non
726 812 984 880 subditos,
1016 822 1172 869 extra
1199 824 1444 871 nostram
1464 824 1550 871 est
1574 813 1829 871 volunta-

279 916 389 962 tem.
410 905 533 960 Esto
562 904 781 976 quippe,
814 914 1069 976 paretues
1097 905 1237 962 bene
1280 906 1580 963 instituisse
1621 906 1829 965 liberos

274 1012 407 1069 suos,
438 1005 491 1053 et
531 1013 558 1051 a
592 1013 758 1068 parva
790 1005 952 1053 aetate
989 1012 1212 1070 semper
1240 997 1538 1055 Dominicis
1581 998 1828 1055 erudisse

274 1092 519 1166 praeceptis
545 1110 558 1146 :
590 1092 648 1146 hi
682 1091 730 1146 si
760 1101 947 1163 postea
979 1106 1044 1148 se
1076 1091 1308 1149 luxuriat
1332 1090 1620 1158 dederint,
1646 1103 1702 1148 et
1727 1107 1826 1151 su-

266 1189 415 1259 perati
456 1186 620 1252 vitiis,
665 1185 877 1243 libidini
927 1184 1078 1243 frena
1126 1185 1512 1259 permiserint,
1563 1184 1827 1257 numquid

270 1280 397 1350 culpa
421 1280 483 1334 ad
515 1292 772 1349 parentes
800 1276 1149 1349 redundabit,
1182 1287 1239 1334 et
1259 1278 1606 1335 sanctitatem
1657 1279 1827 1349 patris

267 1374 345 1431 ﬁlii
363 1381 567 1445 peccata
592 1373 989 1431 maculabunt?
1016 1374 1072 1429 Si
1097 1374 1222 1446 quis
1242 1374 1384 1430 bene
1414 1371 1653 1429 erudivit
1681 1371 1825 1429 ﬁlios

262 1480 388 1530 suos,
408 1467 459 1521 in
486 1465 573 1521 bis
601 1476 737 1537 puto
764 1465 935 1521 fuisse
963 1477 1019 1521 et
1052 1464 1226 1533 lsaac,
1250 1464 1345 1535 qui
1371 1466 1558 1536 utique
1588 1464 1734 1521 Esau
1758 1462 1823 1520 fi-

262 1558 371 1614 lium
398 1574 547 1613 suum
592 1558 734 1615 bene
784 1558 1089 1614 instituisse
1130 1555 1442 1614 credendus
1489 1565 1594 1612 est.
1624 1555 1822 1613 Verum

260 1650 379 1708 Esau
404 1651 752 1718 t'ornicarins,
783 1660 842 1707 et
872 1650 1161 1723 profanus,
1195 1665 1296 1721 pro
1341 1665 1445 1705 una
1474 1663 1599 1706 esca
1631 1648 1824 1707 vendi-

1938 438 2149 506 sciens,
2196 440 2321 511 quia
2349 448 2605 513 potentes
2649 452 2903 513 potenter
2942 454 3212 509 tormenta
3261 449 3538 518 patientur

1936 529 2093 603 (Sep.
2122 529 2220 603 v1),
2244 532 2487 591 retrahet
2529 532 2638 606 (At.
2670 535 2923 610 retrahit]
2952 550 3015 594 se
3043 538 3115 594 ab
3153 540 3259 595 hoc
3285 554 3395 601 non
3424 550 3539 599 tam

1937 621 2147 679 honore
2172 638 2333 694 quam
2361 639 2531 681 onere
2562 643 2577 681 :
2609 635 2663 682 et
2694 626 2931 685 aliorum
2976 630 3192 697 locum,
3230 632 3322 703 qui
3360 633 3537 705 magis

1933 712 2084 786 digni
2110 727 2259 786 sunt,
2287 731 2397 773 non
2424 717 2630 775 ambiet
2658 724 2960 792 occupare!
2989 720 3074 777 Ad
3100 730 3403 780 extremum
3430 723 3541 783 hoc

1933 806 2225 865 dicendum
2247 817 2331 867 est
2357 807 2412 867 in
2433 808 2731 883 Scripturis
2754 827 2853 881 per
2875 812 3022 870 ﬁlios
3042 815 3341 888 λογισμοὺς.
3360 817 3535 891 699

1934 901 1990 959 id
2027 912 2148 974 est,
2176 905 2551 976 cogitationes;
2593 920 2690 977 per
2714 907 2854 965 tilias
2886 924 3041 977 vero,
3068 911 3305 988 πράξεις,
3337 913 3394 969 id
3420 921 3530 981 est,

1931 1013 2093 1067 opera
2123 996 2371 1070 intelligi,
2399 1006 2456 1055 et
2482 1014 2609 1055 eum
2639 1015 2783 1059 nunc
2807 1003 3034 1074 praecipi
3066 1002 3271 1063 debere
3300 1005 3533 1077 Episco-

1931 1104 2059 1162 pum
2090 1090 2234 1160 tieri,
2254 1091 2428 1163 quiet
2452 1093 2839 1165 cogitationes,
2862 1106 2915 1151 et
2943 1110 3110 1168 opera
3133 1096 3186 1154 in
3211 1112 3311 1154 sua
3334 1095 3536 1155 habeat

1932 1191 2223 1255 potestate,
2249 1192 2307 1241 et
2336 1199 2466 1241 vere
2492 1185 2683 1241 credat
2706 1185 2762 1242 in
2791 1184 3036 1256 Christo,
3066 1197 3124 1246 et
3144 1188 3297 1247 nulla
3327 1189 3531 1249 subre-

1932 1273 2175 1345 pentium
2203 1274 2458 1333 vitiorum
2487 1274 2612 1334 labe
2632 1276 2957 1335 maculetur.

2002 1366 2185 1439 (Vers.
2206 1365 2288 1441 7.)
2312 1366 2529 1440 Oportet
2553 1370 2691 1424 enim
2710 1371 3004 1445 episcopum
3024 1373 3139 1430 sine
3163 1374 3378 1433 crimine
3398 1392 3531 1447 esse,

1929 1470 2192 1535 tamquam
2210 1461 2315 1518 Dei
2337 1463 2745 1534 dispensatorem
2769 1480 2787 1518 :
2812 1482 2917 1521 non
2945 1477 3265 1537 protervum,
3293 1486 3399 1527 non
3417 1472 3530 1527 ira-

1928 1557 2179 1625 cundum,
2205 1573 2310 1612 non
2336 1557 2673 1624 vinolentum,
2696 1575 2801 1614 non
2820 1576 3197 1633 percussorem,
3225 1579 3325 1618 non
3356 1566 3530 1637 turpis

1931 1648 2061 1705 lucri
2082 1649 2728 1722 appetitorem.Qua:ritur
2752 1668 2888 1727 ergo
2916 1654 3067 1712 inter
3093 1654 3530 1729 dispensatores,

259 1746 325 1800 dit
347 1745 698 1817 primogenita
741 1760 837 1800 sua
867 1743 1022 1815 (Gen.
1063 1741 1178 1816 sv).
1222 1742 1445 1799 Samuel
1483 1756 1703 1815 quoque
1732 1741 1824 1815 qui
1854 1753 1903 1817 Β
1931 1753 1988 1800 ut
2016 1743 2192 1800 ﬁdelis
2206 1745 2331 1817 quis
2354 1745 2665 1803 inveniatur
2688 1756 2778 1805 :et
2804 1763 2914 1804 non
2940 1751 3239 1808 comedens
3262 1753 3532 1815 etbibens

258 1837 357 1892 talis
382 1837 498 1904 fuit,
528 1846 590 1893 ut
613 1837 896 1893 invocaret
924 1836 1241 1907 Dominum,
1272 1842 1330 1893 et
1354 1835 1617 1891 Dominus
1645 1848 1818 1891 exau-

260 1929 506 2004 diretlAt.
554 1929 897 2005 exaudisset]
928 1946 1084 1999 eum,
1132 1939 1188 1986 et
1226 1930 1280 1987 in
1329 1939 1576 2000 tempore
1622 1928 1820 1985 messis

253 2023 455 2093 pluviam
483 2026 696 2099 hyemis
725 2026 1083 2096 impetraret,
1117 2023 1305 2081 habuit
1337 2023 1483 2079 lilios
1509 2023 1603 2094 qui
1647 2022 1818 2081 decli-

252 2128 485 2176 naverunt
518 2118 694 2194 698
732 2129 856 2190 post
884 2120 1167 2176 avaritiam
1195 2161 1210 2187 ,
1243 2127 1301 2176 et
1326 2118 1671 2187 accipiebant
1701 2134 1820 2175 mu-

255 2225 378 2280 nera,
418 2223 470 2268 et
509 2222 621 2269 tam
669 2213 839 2285 iniqui
874 2211 1093 2285 judices
1115 2213 1467 2278 exstiterunt,
1500 2220 1559 2267 ut
1587 2212 1819 2283 populus

253 2320 564 2377 nequaquam
592 2307 804 2378 ferens,
839 2322 1021 2380 regem
1051 2307 1156 2362 sibi
1184 2308 1239 2364 in
1270 2306 1682 2363 similitudinem
1710 2322 1816 2365 cm-

253 2408 461 2456 terarum
511 2402 761 2473 gentium
811 2402 1119 2474 postularet
1146 2399 1204 2473 (l
1243 2399 1375 2474 Reg.
1406 2400 1540 2473 xu).
1578 2401 1717 2472 Ergo
1770 2399 1817 2456 si

246 2492 417 2550 electio
443 2494 792 2552 sacer-domm
822 2494 1001 2564 ﬁeret,
1033 2502 1089 2551 et
1114 2493 1269 2550 lsaac
1296 2504 1519 2566 propter
1548 2493 1718 2560 Esau,
1761 2504 1816 2552 et

247 2578 436 2644 Samuel
460 2597 686 2660 propter
715 2590 857 2645 tilios
888 2603 1043 2655 suos,
1074 2586 1280 2660 indigni
1314 2587 1625 2644 sacerdotio
1653 2598 1813 2659 puta-

245 2690 425 2735 rentur.
460 2683 528 2738 Et
568 2697 695 2738 cum
724 2693 951 2755 peccata
985 2691 1276 2755 parentum
1307 2681 1437 2737 (iliis
1485 2697 1593 2736 non
1635 2680 1815 2753 impu-

247 2780 420 2843 tantur,
447 2790 797 2848 nequaquam
833 2775 947 2847 jam
978 2773 1071 2830 illa
1114 2777 1331 2845 vigente
1360 2775 1671 2839 sententia,
1710 2790 1811 2845 pa-

244 2876 383 2922 rntes
418 2884 567 2924 uram
601 2867 844 2924 acerbam
883 2867 1250 2937 comederunt,
1281 2877 1334 2922 et
1376 2867 1551 2922 dentes
1577 2867 1811 2938 ﬁliorum

245 2960 581 3032 obstupuerunt
608 2960 827 3035 (Eucti.
858 2977 1014 3027 xvtn,
1040 2959 1120 3034 2),
1148 2960 1387 3017 ﬁliorum
1422 2958 1548 3015 vitia
1565 2960 1809 3030 parenti-

243 3053 325 3110 bus
352 3052 825 3127 prejudicabuut?
862 3055 1106 3113 Primum
1147 3055 1330 3126 itaque
1355 3054 1647 3111 dicendum
1683 3064 1806 3122 est,

1926 1851 2052 1895 cum
2082 1837 2340 1907 ebriosis,
2383 1839 2655 1911 percutiat
2697 1855 2889 1901 servos
2919 1852 2975 1899 et
3011 1845 3278 1915 ancillas;
3308 1848 3406 1905 sed
3437 1848 3529 1907 in-

1924 1939 2133 1989 certum
2158 1930 2255 1988 Dei
2287 1941 2567 2004 exspectet
2596 1932 2893 1993 adventum
2912 1980 2930 2009 ,
2960 1945 3017 1994 et
3042 1939 3137 1995 det
3159 1940 3443 1999 conservis
3466 1944 3527 2000 in

1924 2034 2168 2095 tempore
2208 2026 2438 2085 cibaria.
2468 2027 2611 2084 inter
2648 2028 2894 2087 villicum
2940 2042 3123 2090 autem
3169 2044 3229 2091 et
3266 2037 3527 2097 familiam

1921 2118 2042 2175 hcce
2066 2118 2183 2175 sola
2203 2119 2463 2175 distantia
2487 2121 2740 2193 estquod
2763 2137 3066 2185 conservus
3094 2130 3423 2201 prapositus
3441 2142 3530 2190 est

1919 2212 2207 2267 conservis
2238 2212 2374 2267 suis.
2405 2210 2551 2269 Sciat
2583 2212 2764 2286 itaque
2790 2216 3081 2289 episcopus
3110 2229 3166 2275 et
3207 2221 3521 2295 presbyter,

1919 2304 2023 2360 sibi
2059 2303 2319 2377 populum
2357 2320 2687 2362 conservum
2719 2322 2865 2373 esse.
2898 2325 3006 2365 non
3035 2326 3276 2371 servum.
3307 2316 3525 2375 Caetera

1918 2413 2041 2468 quae
2059 2409 2377 2469 sequuntur,
2402 2398 2455 2453 in
2480 2399 2638 2455 nobis
2668 2401 2845 2472 posita
2875 2412 3006 2460 sunt
3030 2404 3185 2461 :Non
3204 2417 3520 2478 protervum,

1920 2492 1971 2547 id
2001 2504 2107 2559 eSI,
2139 2509 2241 2547 non
2270 2501 2544 2548 tumentem
2574 2502 2630 2549 et
2658 2494 2971 2565 placentem
3004 2498 3107 2554 sibi
3132 2501 3279 2573 quod
3304 2503 3524 2572 episro-

1918 2600 2020 2656 pus
2049 2585 2139 2652 sit,
2166 2584 2262 2640 sed
2294 2585 2450 2656 quasi
2486 2586 2688 2641 bonum
2719 2587 2987 2659 villicum,
3020 2589 3073 2645 id
3108 2591 3516 2665 requirentem,

1917 2674 2061 2748 quod
2093 2676 2343 2747 pluribus
2373 2678 2569 2748 prosit.
2597 2676 2725 2734 Non
2752 2679 3080 2737 iracundum.
3095 2681 3390 2742 Iracundus
3412 2700 3519 2757 est,

1917 2769 2007 2840 qui
2039 2784 2256 2841 semper
2288 2768 2566 2839 irascitur,
2592 2780 2648 2827 et
2687 2770 2753 2827 ad
2786 2772 2965 2830 levem
3014 2779 3394 2849 responsionis
3422 2796 3521 2839 au-

1915 2880 2029 2918 ram
2050 2874 2214 2935 atque
2235 2863 2464 2934 peccati,
2482 2864 2636 2937 quasi
2659 2882 2689 2922 a
2713 2878 2878 2923 vento
2899 2867 3094 2926 folium
3118 2884 3514 2932 eontmovetur.

1912 2955 1985 3013 Et
2027 2973 2219 3014 revera
2252 2957 2392 3014 nihil
2431 2968 2517 3015 est
2559 2958 2760 3017 fmdius
2789 2972 3135 3034 praeceptore
3162 2965 3399 3038 furioso,
3421 2969 3520 3039 qui

1914 3065 2035 3106 cum
2059 3049 2257 3107 debeat
2280 3065 2403 3107 esse
2432 3063 2752 3109 mansuetus
2775 3054 2852 3120 (et
2880 3054 3177 3112 secundum
3201 3056 3338 3114 illud
3368 3061 3518 3132 quod

240 3144 357 3218 quod
386 3157 488 3206 tam
515 3159 774 3209 sanctum
826 3166 1031 3207 nomen
1072 3150 1144 3207 sit
1187 3148 1515 3215 sacerdotii,
1563 3158 1624 3205 ut
1649 3148 1804 3206 nobis
1828 3141 1879 3208 ο
1910 3142 2169 3213 scriptum
2201 3151 2285 3197 est
2322 3141 2380 3215 (Ι
2401 3139 2543 3198 Tim.
2566 3142 2674 3216 ll):
2703 3145 2924 3201 Servum
2956 3155 3133 3203 autem
3164 3146 3376 3205 Domini
3416 3168 3520 3209 non

238 3241 375 3301 etiam
402 3260 464 3301 ea
486 3261 613 3318 qua:
637 3256 792 3302 extra
814 3261 917 3301 nos
948 3257 1080 3301 sunt
1107 3246 1308 3316 posita,
1329 3253 1669 3315 reputentur,
1694 3260 1803 3301 non

236 3352 329 3407 quo
352 3350 571 3412 propter
608 3341 745 3398 vitia
774 3348 958 3397 nostra
1001 3342 1249 3413 episcopi
1292 3357 1401 3396 non
1434 3340 1628 3396 ﬁamus
1659 3358 1671 3394 :
1705 3336 1804 3397 sed

235 3434 356 3504 quod
380 3446 601 3508 propter
620 3437 856 3493 ﬁliorum
891 3436 1351 3494 incontinentiam
1394 3435 1465 3490 ab
1502 3434 1607 3490 hoc
1631 3435 1803 3507 gradu

236 3528 426 3585 arcendi
449 3530 643 3586 simus.
669 3529 789 3599 Qua
809 3530 957 3586 enim
989 3530 1246 3587 libertate
1274 3544 1563 3600 possumus
1594 3529 1804 3586 alienos

232 3618 353 3677 ﬁlios
370 3624 671 3696 corripere.
695 3633 749 3679 et
774 3622 974 3680 docere
995 3640 1119 3699 quae
1142 3631 1292 3679 recta
1313 3633 1472 3679 sunt:
1497 3637 1619 3681 cum
1643 3623 1804 3680 nobis

232 3712 392 3771 statim
429 3717 606 3788 possit
652 3717 747 3788 qui
778 3716 942 3775 fuerit
980 3727 1272 3789 correptus
1321 3718 1578 3790 ingerere
1608 3735 1623 3771 :
1657 3719 1803 3775 Ante

232 3805 345 3864 doce
369 3807 511 3867 ﬁlios
540 3810 706 3868 tuos?
727 3808 835 3871 Aut
862 3826 967 3883 qua
999 3811 1178 3867 fronte
1205 3821 1541 3877 extraneum,
1560 3810 1801 3881 corripio

229 3899 592 3973 inminentem,
611 3920 739 3963 cum
762 3904 903 3965 mihi
925 3906 1261 3963 conscieutia
1282 3921 1403 3964 mea
1429 3907 1548 3980 ipsa
1576 3921 1802 3978 respon-

225 3992 371 4051 deat:
404 3996 705 4057 lishaereda
734 4013 864 4071 ergo
896 3999 1253 4057 fornicantem
1284 4000 1456 4055 lilium
1489 4016 1503 4053 :
1537 4000 1712 4071 abjice
1740 4000 1802 4056 ii-

228 4086 313 4144 lios
332 4096 447 4147 tuos
474 4091 627 4148 vitiis
646 4091 995 4149 servientes?
1019 4094 1156 4153 Cum
1187 4101 1371 4150 autem
1399 4109 1632 4165 nequam
1658 4094 1801 4151 ﬁlius

224 4181 271 4239 in
294 4198 395 4240 una
421 4194 602 4245 tecum
627 4196 654 4225 ⁸
676 4190 966 4245 conveniat
987 4188 1175 4257 domo,
1200 4196 1257 4244 tu
1285 4188 1453 4246 audes
1480 4188 1549 4245 ab
1576 4189 1800 4246 alterius

224 4278 363 4335 oculo
389 4280 655 4338 festucam
692 4282 1010 4352 detrahere,
1028 4284 1086 4339 in
1112 4292 1204 4339 tuo
1235 4285 1442 4340 trabem
1468 4300 1578 4341 non
1609 4284 1798 4342 videns

220 4369 419 4438 (Matth.
449 4390 525 4430 vn
555 4386 604 4431 et
632 4374 763 4431 Luc.
791 4374 911 4448 Vt)?
950 4375 1068 4433 Non
1102 4377 1284 4448 itaque
1314 4376 1495 4447 justus
1536 4378 1798 4447 polluitur

219 4478 277 4518 es
305 4463 535 4527 ﬁliorum
568 4467 714 4524 vitiis
744 4486 759 4523 :
790 4469 888 4525 sed
918 4470 1145 4527 libertas
1185 4471 1258 4526 ab
1301 4471 1567 4542 Apostolo
1599 4469 1792 4527 Eccle-

1910 3242 2115 3303 0portet
2137 3232 2305 3289 rixari
2328 3250 2348 3301 ;
2377 3236 2469 3290 sed
2502 3236 2749 3292 humilem
2778 3255 2885 3294 esse
2911 3239 2979 3295 od
3008 3257 3204 3310 omnes,
3229 3240 3512 3314 doctorem,

1909 3336 2212 3404 patientem,
2245 3333 2299 3389 in
2327 3336 2724 3394 mansuetudine
2752 3341 3074 3396 erudientem
3102 3358 3186 3398 eos
3214 3346 3305 3413 qui
3333 3353 3517 3399 contra

1908 3428 2161 3501 ueniunt),
2191 3426 2285 3485 ille
2306 3445 2337 3486 e
2378 3428 2601 3488 diverso
2634 3442 2789 3489 torvo
2822 3436 2973 3491 vultu
2994 3477 3009 3504 ,
3044 3436 3405 3494 trementibus
3438 3438 3518 3495 la-

1906 3521 2035 3586 biis,
2083 3531 2273 3594 rugata
2318 3521 2522 3593 fronte,
2569 3524 2851 3583 elirenatis
2882 3529 3169 3597 conviciis,
3202 3528 3343 3588 facie
3370 3531 3516 3588 inter

1908 3614 2175 3687 pallorem
2206 3620 2579 3693 ruboretnque
2609 3622 2843 3690 variata,
2873 3623 3119 3681 clamore
3149 3634 3462 3698 perstrepat
3493 3644 3510 3682 :

1905 3719 1961 3767 et
1986 3721 2232 3769 errantes
2263 3727 2370 3767 non
2407 3723 2513 3768 tam
2549 3713 2616 3770 ad
2669 3714 2872 3773 bonum
2924 3716 3202 3786 retrahat,
3245 3735 3409 3793 quant
3441 3719 3511 3776 ad

1905 3805 2112 3861 malum
2147 3821 2243 3861 sua
2278 3806 2489 3862 saavitia
2524 3808 2860 3881 pra-cipitet;
2896 3810 3123 3868 iudeest
3152 3812 3296 3882 quod
3326 3822 3377 3868 et
3408 3809 3509 3868 Sa-

1902 3894 2089 3953 lomon
2134 3900 2251 3956 ait:
2285 3899 2378 3954 Ira
2408 3902 2579 3974 perdit
2625 3904 2777 3958 etiam
2820 3904 3079 3974 sapientes
3128 3902 3311 3975 (Prov.
3354 3905 3505 3978 xxr);

1906 3994 1968 4050 Et
1994 4014 2008 4049 :
2034 3992 2123 4050 Ira
2144 3995 2241 4051 viri
2252 3997 2514 4069 justitiam
2538 3992 2636 4052 Dei
2658 4015 2757 4053 non
2787 4008 3035 4068 operatur
3060 3996 3272 4069 (Iacob.
3304 4015 3348 4069 ι,
3380 3999 3502 4072 ‘20).

1902 4089 2091 4161 Neque
2112 4106 2242 4145 vero
2267 4091 2361 4162 qui
2381 4090 2675 4164 aliquando
2704 4090 2983 4160 irascitur,
3016 4091 3314 4151 iracundus
3374 4103 3458 4149 est
3485 4113 3499 4151 :

1901 4184 2001 4242 sed
2032 4183 2126 4241 ille
2157 4183 2360 4241 dicitur
2390 4184 2720 4254 iracundus,
2752 4186 2844 4258 qui
2894 4185 3090 4242 crebro
3118 4185 3220 4243 hac
3247 4189 3507 4260 passione

1901 4287 2215 4349 superatur.
2234 4275 2495 4334 Prohibet
2522 4293 2739 4351 quoque
2761 4279 3081 4351 episcopum
3111 4294 3233 4337 esse
3256 4281 3505 4337 vinolen-

1903 4381 2039 4438 tum,
2072 4371 2141 4429 de
2184 4388 2292 4444 quo
2332 4372 2399 4429 ad
2430 4371 2779 4430 Timotheum
2829 4371 3132 4429 scribitur:
3166 4371 3287 4429 Non
3336 4374 3503 4429 multo

1901 4468 2019 4521 vino
2040 4468 2269 4522 deditum
2294 4466 2338 4539 (l
2365 4464 2500 4521 Tim.
2531 4482 2608 4535 tu,
2641 4467 2722 4538 8).
2749 4467 2920 4536 Quale
2950 4476 3037 4524 est
3071 4476 3253 4524 autem
3282 4469 3503 4540 episco-

217 4556 301 4612 sia:
328 4561 556 4632 principi
594 4573 914 4619 reservatur
947 4580 960 4618 :
993 4562 1137 4634 quod
1162 4562 1273 4635 [AL
1316 4535 1394 4635 ui]
1427 4563 1548 4618 talis
1577 4562 1667 4619 tiat
1696 4565 1792 4635 qui
1820 4535 1874 4596 Β
1901 4578 2027 4633 pum
2082 4560 2267 4617 videre
2302 4535 2695 4630 ivinolentum,
2743 4572 2801 4616 ut
2852 4576 3018 4618 sensu
3071 4535 3356 4635 occupato,
3416 4562 3503 4619 vel

217 4662 312 4704 non
337 4651 524 4708 timeat
550 4661 777 4724 propter
804 4653 928 4710 vitia
952 4653 1254 4711 liberorum
1281 4662 1575 4711 extraneos
1604 4672 1793 4727 repre-

217 4741 459 4805 hendere.
486 4746 696 4804 Deinde
718 4748 885 4804 etiam
918 4748 1057 4804 illud
1085 4757 1171 4806 est
1219 4747 1567 4806 inferendum
1594 4749 1789 4807 adver-

212 4848 320 4892 sum
341 4852 435 4895 eos
459 4840 553 4911 qui
579 4840 648 4898 de
680 4839 995 4912 episcopatu
1025 4842 1411 4905 intumescunt,
1439 4851 1494 4898 et
1512 4851 1706 4912 putant
1731 4858 1793 4901 se

212 4944 311 4986 non
336 4932 798 5003 dispensationem
824 4933 1050 5005 Christi,
1076 4937 1171 4993 sed
1204 4937 1489 5008 imperium
1518 4953 1789 4995 consecu-

215 5027 479 5098 tos:quia
509 5043 618 5086 non
670 5029 857 5087 statim
914 5031 1168 5088 omnibus
1220 5032 1304 5087 his
1359 5032 1617 5088 meliores
1646 5034 1788 5105 sint,

211 5117 520 5189 quicumque
561 5123 803 5195 episcopi
836 5138 944 5179 non
984 5124 1188 5181 fuerint
1215 5125 1498 5182 ordinati:
1535 5137 1587 5181 et
1628 5143 1695 5182 ex
1728 5142 1793 5184 eo

211 5211 342 5280 quod
371 5214 529 5273 electi
554 5225 716 5284 sunt,
763 5217 862 5289 ipsi
905 5232 965 5274 se
994 5218 1164 5289 magis
1192 5218 1510 5275 existiment
1531 5234 1794 5291 compro-

210 5298 844 5379 batoszsedintelligant
866 5320 1126 5381 prOptera
1154 5310 1416 5381 quosdam
1460 5328 1488 5365 a
1533 5312 1793 5368 sacerdo-

213 5394 279 5446 tio
307 5408 559 5472 remotos,
590 5405 715 5473 quia
739 5418 833 5456 eos
854 5402 980 5457 vitia
1004 5402 1301 5459 liberorum
1329 5403 1697 5474 impedierint.
1731 5404 1790 5463 Si

210 5494 380 5545 autem
406 5503 620 5565 peccata
650 5494 894 5551 ﬁliorum
918 5494 1125 5565 justum
1152 5495 1226 5550 ab
1257 5496 1571 5568 episcopatu
1599 5498 1786 5569 prohi-

276 5637 298 5666 υ
330 5627 775 5706 Erasmslegit,
806 5628 1447 5706 communicataMariano
1472 5633 1645 5705 magis
1673 5634 1790 5705 pla-

1900 4656 2104 4713 exaltet
2147 4657 2318 4712 risum
2367 4664 2560 4711 contra
2602 4657 2889 4727 gravitatis
2913 4656 3210 4729 dcenrem,
3253 4667 3312 4717 et
3343 4655 3501 4713 labiis

1899 4749 2179 4804 dissolutis
2200 4748 2653 4806 cachinnetzvel
2681 4751 2728 4805 si
2778 4751 3057 4822 paululum
3102 4750 3275 4807 tristis
3320 4751 3501 4821 cujus-

1897 4841 2022 4897 dam
2053 4842 2216 4914 700
2241 4843 2319 4897 rei
2355 4842 2517 4899 fuerit
2540 4842 2883 4909 recordatus,
2910 4842 3055 4898 inter
3077 4844 3272 4915 pocula
3305 4844 3357 4898 in
3389 4844 3503 4899 sin-

1897 4938 2074 5008 gultus
2106 4944 2429 5006 prorumpat
2458 4946 2512 4990 et
2540 4934 2834 5008 lacrymas.
2871 4935 3117 5009 Longum
3162 4944 3246 4990 est
3288 4935 3369 4990 ire
3400 4949 3500 5006 per

1898 5029 2136 5102 singula,
2155 5040 2210 5085 et
2235 5030 2472 5084 insanias
2495 5043 2629 5100 quas
2649 5028 2890 5084 ebrietas
2916 5029 3178 5100 suggerit,
3197 5027 3495 5101 explicare.

1898 5124 2101 5181 Videas
2143 5124 2282 5178 alios
2332 5122 2524 5192 pocula
2568 5121 2622 5176 in
2657 5121 2768 5176 tela
2802 5129 3106 5189 vertentes,
3143 5121 3407 5194 scyphum
3443 5120 3496 5176 in

1894 5219 2086 5273 faciem
2114 5216 2303 5286 jacere
2329 5215 2577 5272 convivae
2604 5232 2617 5266 :
2648 5215 2785 5269 alios
2812 5213 3003 5269 scissis
3032 5212 3275 5268 veSIibus
3303 5213 3357 5267 in
3382 5211 3502 5269 vul-

1895 5326 2025 5367 nera
2055 5311 2233 5368 aliena
2274 5323 2544 5380 proruere
2578 5326 2591 5363 :
2621 5306 2761 5362 alios
2791 5306 3031 5365 clamare
3066 5324 3080 5362 :
3109 5305 3246 5361 alios
3291 5303 3497 5361 dormi-

1896 5415 2011 5461 tare
2046 5426 2058 5459 :
2087 5404 2179 5475 qui
2214 5403 2333 5473 plus
2360 5399 2594 5468 biberit,
2628 5398 2829 5454 fortior
2855 5404 3207 5469 computatur
3233 5414 3246 5451 :
3273 5411 3499 5453 accusa-

1895 5497 2057 5553 tionis
2087 5496 2304 5553 occasio
2329 5503 2436 5561 est,
2463 5493 2773 5565 adjuratum
2796 5506 2893 5563 per
2919 5505 3129 5562 regem,
3154 5490 3491 5560 frequentius

1892 5634 2069 5692 uestri
2088 5646 2226 5691 mss.
2256 5626 2557 5706 praeferunt
2574 5670 2588 5697 ,
2622 5626 2895 5695 conciret;
2918 5625 3057 5683 olim
3082 5632 3228 5695 erat,
3254 5640 3487 5681 commet-

210 5709 289 5776 c_et
315 5704 561 5761 convivat.
590 5705 650 5762 In
678 5704 963 5762 nonnullis
1009 5721 1141 5762 mss.
1186 5705 1326 5776 legi,
1366 5708 1425 5759 in
1474 5704 1578 5760 una
1619 5704 1788 5764 tecum
1889 5710 2049 5765 nicat.

214 5773 356 5829 domo
375 5776 526 5832 vivat.
555 5778 729 5836 Mser.
758 5776 980 5851 —Quod
1015 5788 1068 5835 et
1090 5773 1267 5850 magis
1286 5776 1528 5835 Victoria
1554 5778 1785 5855 placuit,
