3962 6338
457 284 564 342 567

1701 293 1759 350 S.
1803 293 2071 353 EUSEBII
2107 295 2494 361 HIERONYMI

3652 312 3755 372 568

459 421 570 461 non
598 405 825 463 bibisse.
869 406 1107 464 Vomunt
1161 418 1216 464 ut
1264 409 1472 478 bibant,
1504 411 1691 468 bibunt
1725 422 1782 468 ut
1813 423 2055 470 vomant.
2085 417 2142 478 Α
2164 431 2386 488 castum,
2407 425 2631 496 justum,
2658 435 2919 498 sanctum,
2951 431 3315 500 continentem,
3346 433 3462 490 sive
3487 432 3751 492 abstinen-

458 499 708 571 Digestio
738 504 945 557 ventris
967 544 981 568 ,
1013 513 1068 560 et
1097 513 1306 575 guttur,
1337 521 1445 560 uno
1475 519 1818 578 occupantur
1847 508 2058 566 ofﬁcio.

460 594 580 649 Hoc
611 611 756 650 nunc
784 595 994 653 dixisse
1024 598 1278 665 sulliciat,
1310 599 1457 670 quod
1488 602 1787 657 secundum
1818 605 2026 674 Aposto
2053 634 2058 638 ι

458 685 590 752 lum,
623 686 678 740 in
706 687 834 742 vino
864 689 1075 744 luxuria
1117 702 1223 747 est.
1255 692 1322 746 Et
1350 692 1677 765 ubicumque
1702 697 1962 753 saturitas
1987 705 2063 752 at-

459 793 568 848 que
611 779 852 835 ebrietas
896 779 1134 850 fuerint,
1167 783 1238 839 ibi
1269 783 1441 840 libido
1471 785 1812 844 dominetur.
1862 791 2058 861 Specta

464 883 489 909 η
525 886 774 930 ventrem
807 883 864 931 et
890 877 1186 946 genitalia,
1220 893 1319 949 pro
1345 880 1610 950 qualitate
1639 881 1893 939 vitiorum
1924 885 2060 942 ordo

468 968 859 1023 membrorum.
886 968 1188 1040 Numquam
1220 988 1322 1043 ego
1350 974 1561 1031 ebrium
1594 987 1804 1033 castum
1835 980 2056 1050 putabo,

464 1060 643 1129 quiet
691 1065 735 1116 si
768 1063 894 1117 vino
945 1065 1263 1135 consopitus
1303 1067 1623 1139 dormierit,
1673 1081 1850 1129 tamen
1883 1075 2061 1144 potuit

458 1167 690 1222 peccare
720 1171 817 1225 per
862 1157 1068 1212 vinum.
1115 1159 1380 1217 Miramur
1419 1173 1598 1220 autem
1645 1168 1967 1237 Apostolum
2004 1169 2058 1224 in

459 1246 732 1316 episcOpis
778 1248 903 1304 sive
952 1251 1290 1323 presbyteris
1345 1254 1636 1314 damnasse
1665 1260 2054 1332 vinolentiam,

455 1354 578 1394 cum
607 1341 656 1394 in
690 1350 877 1398 vetere
902 1360 1120 1415 quoque
1158 1347 1275 1417 lege
1303 1360 1640 1420 praaceptum
1671 1353 1772 1420 sit,
1804 1354 2059 1411 sacerdoo

459 1441 540 1488 tes
581 1450 704 1488 cum
739 1435 1122 1506 ingrediuntur
1159 1442 1423 1512 templum
1454 1444 1771 1502 ministrare
1799 1449 1945 1515 Deo,
1973 1449 2055 1504 vi-

457 1542 588 1580 num
619 1529 848 1584 omnino
897 1546 1003 1585 non
1050 1532 1237 1589 bibere
1273 1535 1482 1608 (Leuit.
1509 1538 1575 1610 x)
1609 1557 1621 1593 :
1655 1550 1712 1596 et
1738 1540 2056 1600 Nazaraaum

461 1621 716 1689 quamdiu
747 1633 992 1680 sanctam
1022 1641 1235 1682 comam
1270 1631 1505 1701 nutriat,
1540 1643 1595 1689 et
1624 1633 1758 1690 nihil
1792 1638 2058 1692 contami-

463 1725 674 1783 natum,
700 1717 838 1773 nihil
869 1722 1098 1777 mortale
1125 1725 1445 1795 conspiciat,
1465 1740 1519 1783 et
1545 1745 1572 1782 a
1605 1729 1733 1786 vino
1752 1733 2053 1800 abstinere,

2164 523 2287 582 tem,
2317 515 2626 572 obtinentem
2652 535 2770 573 eum
2799 523 2887 592 qui
2921 527 3208 580 secundum
3243 527 3538 584 doctrinam
3563 538 3661 592 est.
3692 531 3755 600 ﬁ-

2163 610 2328 665 delem
2355 628 2665 678 sermonem,
2714 623 2769 669 ut
2811 627 2992 688 potens
3026 621 3093 674 sit
3122 623 3388 678 consolari
3421 623 3478 678 in
3519 623 3758 680 doctrina

2162 719 2311 773 sana,
2344 713 2391 758 et
2423 706 2830 763 contradicentes
2857 727 3098 786 arguere.
3129 713 3272 771 Ante
3301 716 3485 770 omnia
3509 717 3755 790 hospita-

2165 797 2291 853 litas
2340 799 2524 855 futuro
2555 801 2819 872 episcopo
2849 804 3224 864 denuntiatur.
3270 808 3328 865 Si
3376 811 3522 866 enim
3568 825 3756 869 omnes

2165 890 2297 946 illud
2335 891 2404 947 de
2443 892 2738 965 Evangelio
2774 897 2968 954 audire
3006 899 3324 956 desiderant
3366 919 3380 956 :
3422 901 3629 974 Hospes
3657 904 3754 975 fui,

2164 994 2210 1038 et
2249 988 2545 1058 suscepistis
2593 1005 2670 1044 me
2718 988 2901 1060 (Matt.
2945 1009 3084 1060 xxv,
3136 996 3226 1067 55)
3273 1014 3284 1050 :
3336 1007 3545 1068 quanto
3585 1000 3758 1070 magis

2164 1079 2481 1149 episcOpus,
2516 1085 2669 1156 cujus
2699 1087 2894 1143 domus
2917 1088 3164 1144 omnium
3192 1104 3484 1146 commune
3515 1105 3643 1147 esse
3666 1090 3760 1146 de-

2164 1170 2262 1226 bet
2310 1171 2640 1243 hospitium!
2673 1179 2874 1237 Laicus
2913 1182 3059 1237 enim
3101 1197 3272 1236 unum
3324 1193 3419 1238 aut
3463 1181 3630 1250 duos,
3672 1191 3761 1240 aut

2165 1278 2368 1335 paucos
2392 1269 2690 1340 recipiens,
2723 1273 2971 1344 implebit
3010 1273 3121 1346 (Al.
3167 1273 3433 1348 implevit]
3475 1274 3761 1346 hospitali-

2163 1358 2291 1412 tatis
2321 1357 2579 1418 ofﬁcium.
2627 1364 2930 1437 Episcopus
2970 1366 3075 1422 nisi
3122 1382 3312 1423 omnes
3335 1368 3640 1441 receperit,
3680 1369 3759 1424 in-

2165 1449 2431 1506 humanus
2455 1463 2556 1510 est.
2587 1453 2693 1512 Sed
2720 1472 2918 1514 vereor
2942 1475 3032 1524 ne,
3058 1460 3338 1531 quomodo
3362 1461 3547 1530 regina
3569 1460 3759 1518 Austri

2166 1543 2388 1601 veniens
2415 1563 2445 1603 a
2471 1548 2670 1606 ﬁnibus
2698 1559 2860 1607 terra:
2882 1553 3074 1609 audire
3104 1555 3424 1625 sapientiam
3453 1555 3760 1613 Salomonis

2163 1635 2344 1709 (Matt.
2379 1641 2497 1712 xu),
2525 1642 2835 1713 judicatura
2867 1656 2954 1703 est
2986 1648 3235 1703 homines
3265 1649 3521 1718 temporis
3550 1648 3640 1703 sui
3666 1666 3680 1702 :
3708 1656 3758 1705 et

2162 1732 2268 1788 viri
2287 1733 2556 1804 Ninivitae,
2592 1751 2711 1794 acta
2742 1742 3064 1812 poenitentia
3097 1742 3163 1798 ad
3197 1743 3637 1813 praedicationem
3664 1742 3754 1801 Jo-

457 1820 512 1864 et
541 1811 609 1865 ab
653 1828 752 1867 uva
796 1829 974 1885 passa,
1008 1827 1062 1872 et
1094 1834 1122 1873 a
1147 1817 1174 1856 δ
1202 1819 1449 1877 dilutiori
1481 1839 1601 1894 quin
1629 1826 1771 1880 solet
1801 1843 1870 1882 ex
1903 1829 2057 1884 vina-
2086 1821 2136 1882 B
2163 1828 2724 1892 ttae,condemnabunt
2745 1811 2840 1890 eos
2861 1835 2954 1906 qui
2981 1836 3242 1904 majorem
3263 1834 3400 1892 Joua
3423 1836 3756 1894 Salvatorem

462 1903 578 1960 ceis
605 1905 746 1974 ﬁeri,
776 1910 1016 1978 potione,
1042 1913 1303 1985 omnique
1333 1917 1531 1984 sicera,
1566 1935 1686 1989 quae
1717 1929 1952 1976 mentem
1988 1924 2058 1979 ab

463 1999 673 2070 integra
705 2000 940 2059 sanitate
970 2008 1236 2075 pervertit
1267 2007 1455 2079 (Num.
1491 2014 1588 2079 vi).
1638 2012 1790 2068 Dicat
1826 2015 2058 2086 quisque

459 2099 603 2170 quod
653 2101 804 2157 volet
845 2118 858 2154 :
901 2117 1002 2173 ego
1031 2105 1226 2176 loquor
1253 2107 1651 2164 conscientiam
1685 2126 1862 2167 meam
1891 2130 1904 2167 :
1941 2113 2058 2169 scio

462 2193 590 2247 mihi
619 2195 1034 2264 abstinentiam,
1065 2211 1119 2256 et
1153 2203 1407 2259 nocuisse
1427 2203 1820 2275 intermissam,
1845 2218 1900 2264 et
1927 2222 2055 2279 pro-

455 2286 626 2343 fuisse
651 2291 964 2359 repetitam.
995 2294 1124 2349 Post
1146 2296 1502 2354 vinolentiam
1527 2311 1710 2356 autem
1737 2301 1843 2358 hoc
1866 2306 2056 2374 praeci-

455 2381 566 2452 pit,
599 2400 662 2438 ne
688 2401 961 2457 percussor
989 2390 1053 2442 sit
1077 2406 1092 2443 :
1116 2391 1259 2460 quod
1288 2394 1508 2463 quidem
1541 2407 1596 2450 et
1622 2397 1952 2468 simpliciter
1974 2399 2056 2454 in-

461 2475 740 2532 tellectum
768 2479 1007 2536 aediﬁcat
1034 2483 1372 2553 audientem,
1407 2502 1475 2544 ne
1497 2487 1655 2545 facile
1689 2507 1907 2548 manum
1934 2508 2057 2563 por-

456 2571 595 2639 rigat
622 2571 688 2624 ad
713 2571 1033 2630 caedendum
1064 2594 1077 2630 :
1113 2593 1182 2634 ne
1216 2578 1270 2633 in
1303 2595 1364 2636 os
1392 2582 1624 2639 alterius
1650 2585 2052 2642 verberandum

457 2664 683 2720 insanus
704 2679 977 2738 erumpat.
1013 2671 1203 2728 Melius
1243 2685 1427 2731 autem
1456 2689 1538 2733 est
1561 2724 1574 2747 ,
1612 2688 1670 2734 ut
1701 2697 1807 2735 non
1835 2697 2056 2752 percus~

455 2774 636 2814 soretu
665 2761 819 2817 illum
843 2764 1093 2822 dicamus
1114 2784 1260 2835 esse,
1283 2772 1373 2842 qui
1399 2785 1718 2830 mansuetus
1739 2788 1794 2833 et
1820 2779 2052 2848 patiens,

463 2853 564 2908 scit
594 2853 649 2908 in
685 2864 933 2924 tempore
961 2860 1088 2930 quid
1122 2862 1452 2931 laquendum
1483 2868 1591 2934 sit,
1628 2869 1828 2938 quidve
1869 2880 2052 2928 tacen-

455 2948 582 3002 dum
617 2968 630 3003 :
666 2966 768 3005 nec
807 2966 1068 3009 sermone
1120 2956 1332 3025 inutili,
1385 2962 1776 3020 conscientiam
1823 2968 2054 3035 percutit

456 3043 826 3100 inﬁrmorum.
845 3046 966 3103 Non
989 3050 1133 3104 enim
1154 3051 1449 3122 Apostolus
1471 3057 1721 3113 ecclesia:
1752 3061 2050 3133 principem

456 3136 701 3192 formans
721 3182 733 3203 ,
765 3149 914 3195 vetat
944 3157 1065 3197 esse
1092 3145 1326 3215 pugilem
1366 3159 1418 3204 et
1452 3154 1864 3220 pancratiasten
1896 3155 2052 3230 [παγ-

2163 1921 2356 1977 audire
2395 1932 2847 1995 contempserunt
2883 1947 2894 1982 :
2926 1927 3004 1984 sic
3043 1928 3261 1998 plurimi
3309 1929 3361 1985 in
3389 1931 3608 2001 populis
3644 1931 3760 2001 epis

2165 2015 2641 2086 scoposjudicent,
2658 2019 3039 2077 subtrahentes
3068 2036 3128 2078 se
3153 2022 3222 2077 ab
3247 2023 3627 2080 ecclesiastico
3641 2038 3761 2094 gra-

2161 2109 2266 2178 du,
2326 2121 2378 2166 et
2420 2127 2484 2167 ea
2527 2129 2648 2182 qua:
2696 2115 2954 2188 episcopo
3000 2125 3023 2155 ε
3072 2131 3182 2172 non
3227 2117 3562 2172 conveniunt
3605 2132 3761 2174 exer-

2161 2214 2367 2269 centes;
2392 2207 2458 2262 de
2475 2209 2672 2280 quibus
2697 2221 2827 2282 puto
2844 2221 2900 2268 et
2919 2212 3185 2269 Joannem
3201 2215 3264 2268 ad
3281 2213 3467 2269 Caium
3483 2214 3755 2272 scribere:

2160 2297 2495 2368 Charissime,
2525 2303 2747 2373 ﬁdeliter
2771 2305 2901 2374 facis
2922 2307 3278 2378 quodcumque
3302 2309 3539 2374 operaris
3566 2308 3623 2362 in
3654 2312 3761 2379 {ra-

2162 2395 2344 2464 tribus,
2379 2405 2426 2451 et
2454 2397 2550 2452 hoc
2568 2399 2874 2472 peregrinis,
2906 2401 2995 2472 qui
3023 2401 3373 2455 testimonium
3400 2401 3661 2457 dederunt
3683 2404 3759 2457 di-

2162 2485 2371 2541 lectioni
2420 2498 2525 2544 tua:
2565 2506 2740 2544 coram
2783 2490 3024 2546 Ecclesia
3071 2509 3089 2547 .·
3120 2511 3251 2564 quos
3284 2495 3475 2566 Optime
3515 2496 3672 2567 facis,
3717 2496 3760 2550 si

2160 2582 2470 2651 prtemiseris
2491 2579 2602 2636 Deo
2630 2583 2785 2653 digne
2812 2600 2942 2655 :pro
2965 2585 3173 2638 nomine
3193 2587 3328 2640 enim
3357 2585 3575 2641 Domini
3598 2587 3759 2662 702

2160 2673 2419 2739 exierunt,
2467 2675 2602 2729 nihil
2652 2677 2963 2748 accipientes
3009 2694 3042 2731 a
3085 2679 3365 2748 gentilibus
3397 2679 3486 2750 (ΙΙΙ
3515 2678 3680 2736 Joun.
3725 2683 3757 2739 5

2157 2769 2346 2839 seqq).
2383 2768 2451 2823 Et
2482 2785 2611 2825 vere
2650 2780 2844 2826 sancto
2875 2770 3086 2841 Spiritu
3117 2773 3173 2826 in
3215 2789 3274 2828 se
3306 2773 3584 2846 loquente,
3617 2775 3758 2846 quod

2163 2859 2400 2915 futurum
2431 2873 2550 2916 erat
2589 2862 2643 2917 in
2677 2863 2963 2930 Ecclesiis,
2990 2863 3103 2934 jam
3136 2875 3266 2921 tunc
3294 2866 3651 2936 reprehendit
3677 2868 3758 2924 di-

2159 2967 2291 3008 cens
2325 2970 2338 3008 :
2372 2953 2577 3025 Scripsi
2605 2956 2762 3009 etiam
2787 2956 3062 3014 Eccclesiaz
3093 2959 3218 3014 :sctl
3245 2960 3333 3028 qui
3354 2961 3609 3032 primatus
3638 2978 3758 3032 age-

2158 3064 2212 3103 re
2239 3051 2377 3120 cupit
2407 3066 2604 3114 eorum,
2630 3049 2938 3124 Diotrephes
2959 3051 3072 3127 [AL
3105 3051 3444 3127 Diaprepes],
3486 3071 3593 3109 non
3621 3057 3752 3110 reci-

2159 3146 2232 3216 pit
2263 3162 2379 3201 nos.
2413 3145 2699 3219 Propterea
2731 3165 2849 3202 cum
2875 3166 3081 3217 venero,
3116 3150 3405 3204 admonebo
3434 3154 3553 3223 ejus
3577 3167 3755 3224 opera,

458 3239 791 3306 κρατιαστήν,
820 3233 870 3288 id
900 3243 1013 3303 est,
1044 3237 1313 3313 athletam]
1340 3217 1510 3314 (quod
1556 3246 1723 3300 etiam
1750 3248 1802 3302 in
1833 3217 2050 3320 ριᾷδοξο
2081 3217 2128 3278 C
2157 3255 2274 3308 qua:
2303 3239 2428 3310 facit
2454 3217 2604 3294 malis
2632 3241 2803 3296 verbis
2825 3241 3100 3298 detrahens
3131 3243 3194 3297 de
3221 3242 3366 3299 nobis
3398 3259 3418 3298 :
3445 3217 3495 3298 et
3525 3261 3631 3300 non
3648 3247 3758 3317 suf-

453 3332 868 3398 ctquocnmque
881 3329 1129 3398 gentilisi
1145 3331 1330 3401 fuerit,
1346 3337 1820 3410 reprehenditur),
1839 3341 1933 3396 sed
1948 3341 2051 3399 hoc

455 3428 514 3471 ut
549 3417 660 3474 dixi
686 3439 699 3475 :
726 3435 794 3474 ne
824 3425 1256 3480 contumeliosus
1291 3437 1346 3482 et
1387 3431 1646 3500 garrulus
1676 3434 1868 3502 perdat
1899 3451 2048 3504 eum,

450 3513 611 3585 701
652 3529 814 3584 quem
860 3517 1036 3587 potuit
1077 3521 1342 3577 modestia
1375 3533 1430 3579 et
1479 3525 1702 3582 lenitate
1741 3530 2047 3602 corrigere.

450 3605 651 3676 Turpis
679 3623 901 3679 quoque
944 3611 1081 3667 lucri
1113 3617 1393 3684 appetitus
1421 3619 1490 3674 ab
1522 3636 1590 3675 eo
1629 3623 1722 3692 qui
1762 3625 2051 3698 episcopus

449 3701 670 3756 futurus
694 3712 798 3772 est,
824 3718 948 3758 esse
977 3705 1145 3763 debet
1169 3709 1406 3767 alienus.
1431 3713 1567 3768 Sunt
1591 3716 1734 3771 enim
1766 3719 1922 3774 multi
1954 3720 2054 3777 do-

446 3809 634 3852 centes
671 3815 790 3869 quae
820 3813 925 3852 non
957 3813 1200 3872 Oportet,
1236 3808 1408 3877 turpis
1431 3808 1564 3864 lucri
1595 3813 1769 3881 gratia
1804 3831 1816 3868 :
1845 3816 1941 3885 qui
1972 3828 2054 3872 too

447 3905 530 3948 tas
556 3898 754 3953 domos
787 3903 1135 3968 sulivertunt,
1173 3913 1228 3959 et
1259 3914 1450 3974 putant
1479 3918 1746 3978 qtttestum
1776 3926 1900 3967 esse
1933 3912 2051 3984 pie-

447 3999 637 4044 tatem.
674 3990 866 4048 Melior
907 4007 1081 4050 autem
1113 4007 1212 4063 est,
1244 3998 1401 4066 juxta
1433 3999 1807 4072 Salomonem,
1848 4006 2052 4061 modica

442 4084 673 4153 acceptio
699 4102 816 4140 rum
831 4090 1069 4157 justitia,
1115 4107 1270 4159 quam
1304 4092 1464 4145 multa
1503 4095 1762 4163 genimina
1795 4096 1904 4169 [AL
1935 4117 2048 4170 ger-

446 4175 666 4247 ntinata]
697 4195 812 4231 cum.
840 4180 1117 4251 iniquitate
1148 4181 1337 4252 (Prov.
1374 4200 1484 4252 XVI,
1519 4185 1575 4255 8)
1613 4207 1623 4240 :
1659 4198 1710 4242 et
1744 4191 1917 4259 titagis
1947 4192 2048 4246 eli-

445 4266 685 4334 gendum
721 4269 773 4322 in
801 4281 1123 4342 paupertate
1152 4289 1350 4329 nomen
1385 4275 1611 4344 bonum,
1640 4295 1801 4351 quam
1830 4282 1880 4338 in
1907 4283 2045 4339 divi-

449 4357 538 4411 tiis
573 4375 769 4415 nomen
807 4365 1124 4434 pessimum.
1162 4367 1468 4439 EpiSt‘OptlS
1495 4371 1588 4441 qui
1626 4373 1873 4430 imitator
1901 4375 2047 4447 Apo-

442 4453 563 4506 stoli
588 4468 711 4508 esse
727 4457 896 4526 cupit,
930 4457 1141 4514 habens
1173 4462 1374 4516 victum
1407 4474 1457 4518 et
1494 4467 1772 4536 vestitum,
1801 4468 1887 4524 liis
1922 4479 2042 4524 tan-

448 4555 561 4598 tum
586 4545 748 4600 debet
771 4562 894 4603 esse
916 4561 1207 4606 contentus
1233 4553 1274 4622 (Ι
1300 4552 1439 4609 Tim.
1466 4555 1565 4628 v1).
1590 4555 1690 4624 Qui
1713 4558 1909 4615 altario
1929 4577 2044 4617 ser-

445 4639 670 4708 vierint,
703 4641 771 4696 de
798 4642 992 4698 altario
1024 4644 1205 4701 vivant
1233 4647 1279 4720 (Ι
1311 4646 1429 4702 Cor.
1455 4646 1559 4719 Ix).
1596 4649 1816 4719 Vivant,
1846 4654 2040 4724 inquit,

445 4745 552 4786 non
578 4731 776 4789 divites
806 4734 961 4790 ﬁant.
986 4735 1142 4793 Unde
1171 4749 1225 4794 et
1254 4754 1328 4795 aes
1360 4740 1519 4796 nobis
1548 4745 1820 4800 excutitur
1854 4747 1922 4803 de
1951 4764 2044 4801 zo-

445 4842 511 4879 na
562 4845 574 4883 :
626 4837 678 4882 et
726 4844 828 4883 una
888 4838 1094 4886 tantum
1138 4834 1318 4888 tunica
1371 4834 1654 4890 induimur
1684 4837 1865 4909 (Matt.
1916 4857 1947 4895 x
1994 4851 2040 4895 et

450 4918 622 4972 .tlarc.
650 4920 724 4989 ri)
753 4938 766 4974 :
801 4937 902 4977 nec
930 4922 996 4978 de
1020 4925 1262 4980 crastino
1307 4928 1630 4997 cogitamus.
1662 4929 1862 5001 Turpis
1902 4932 2037 4988 lucri

443 5013 705 5083 appetitio
747 5025 861 5084 est,
905 5017 1195 5089 plusquam
1245 5019 1313 5075 de
1367 5023 1732 5092 praesentibus
1772 5025 2036 5096 cogitare.

441 5103 738 5177 [lucusque
785 5109 915 5179 quid
957 5125 1066 5166 non
1098 5111 1294 5168 debeat
1328 5114 1532 5171 habere
1579 5119 1872 5189 episcopus
1920 5120 2038 5177 sive

439 5197 748 5267 presbyter,
788 5202 1037 5270 Apostoli
1078 5219 1329 5260 sermone
1359 5219 1689 5278 prteceptum
1727 5223 1808 5267 est
1845 5231 1858 5268 :
1892 5229 2037 5270 nunc

437 5292 752 5346 econtrario
777 5293 908 5362 quid
943 5294 1140 5350 habere
1168 5295 1386 5364 debeat,
1417 5299 1746 5369 explicatur.

509 5382 692 5450 (Vers.
740 5387 793 5452 8,
823 5385 905 5458 9.)
934 5387 1043 5443 Sed
1074 5390 1410 5458 hospitalem,
1445 5393 1696 5449 bonorum
1725 5413 2027 5471 amatorem,

505 5577 533 5644 fi
572 5566 701 5644 Haec
729 5566 986 5644 delibarit
1018 5571 1076 5628 S.
1108 5573 1268 5631 Pater
1308 5591 1378 5632 ex
1411 5577 1734 5636 Tertulliani
1780 5582 1923 5641 libro
1953 5586 2022 5644 de

426 5639 670 5722 Jejuniis
701 5652 898 5728 contra
920 5642 1216 5724 Psychicos
1256 5647 1412 5728 initio
1445 5667 1457 5728 ξ
1487 5650 1688 5728 Specta
1718 5639 1940 5728 corpus,
1959 5639 2022 5713 wet

429 5728 537 5794 una
561 5711 704 5793 regio
739 5723 834 5780 est,
865 5711 1083 5794 denique
1120 5735 1216 5789 pro
1258 5711 1597 5786 dispositione
1642 5711 2020 5794 inermi-orum,

430 5785 566 5872 ordo
590 5784 860 5872 vitiorum,
881 5783 1039 5867 l’rior
1077 5783 1264 5872 vénter_
1294 5783 1354 5872 et;
1386 5794 1562 5872 statim
1594 5806 1795 5872 statera
1823 5783 2025 5872 sagina}

423 5852 943 5910 substructalasciuia
969 5869 1064 5927 est,
1082 5876 1174 5929 per
1201 5865 1504 5919 edacitatem
1527 5865 1787 5937 fallacitas
1812 5852 2018 5929 transit".

2154 3332 2266 3401 ﬁcit
2303 3332 2350 3385 ei
2387 3331 2526 3402 quod
2566 3333 2675 3404 ipse
2706 3351 2807 3388 non
2839 3336 3022 3408 recipit
3064 3337 3274 3406 fratres,
3319 3337 3411 3391 sed
3440 3346 3490 3391 et
3531 3337 3758 3394 uolentes

2153 3423 2413 3498 prohibet,
2445 3437 2489 3481 et
2520 3428 2585 3481 de
2611 3425 2852 3485 Ecclesia
2880 3431 3042 3501 ejicit.
3080 3431 3216 3488 Vere
3243 3447 3385 3487 nunc
3414 3441 3502 3489 est
3528 3449 3760 3491 cernere

2154 3522 2298 3593 quod
2320 3522 2645 3593 praedictum
2669 3533 2776 3593 est,
2804 3525 2857 3580 in
2879 3525 3156 3598 plerisque
3173 3526 3423 3596 urbibus,
3445 3527 3758 3600 episcopos,

2154 3616 2270 3670 sive
2299 3616 2675 3688 presbyteros,
2708 3618 2753 3673 si
2787 3618 2958 3674 laicos
2987 3619 3225 3675 viderint
3255 3621 3582 3691 hospitales,
3610 3637 3760 3678 aina-

2158 3719 2305 3764 tores
2329 3709 2594 3765 bouorum
2619 3729 2635 3777 ;
2664 3711 2934 3779 invidere,
2967 3711 3224 3779 fremere,
3257 3716 3756 3784 excomtnunicare,

2155 3802 2222 3857 de
2249 3803 2496 3860 Ecclesia
2525 3805 2832 3873 expellere,
2862 3808 3014 3877 quasi
3050 3822 3155 3862 non
3187 3806 3354 3864 liceat
3396 3805 3583 3865 facere
3611 3808 3758 3880 quod

2153 3897 2445 3968 episcopus
2482 3914 2588 3953 non
2621 3897 2784 3953 faciat
2825 3918 2836 3953 :
2872 3910 2928 3955 et
2961 3901 3094 3956 tales
3133 3916 3259 3957 esse
3297 3901 3488 3970 laicus,
3522 3902 3758 3958 damna-

2155 3992 2228 4046 tio
2259 3992 2606 4048 sacerdotum
2650 3993 2720 4047 sit
2751 3991 2858 4065 [ΑΙ.
2892 3992 3020 4068 est].
3053 3994 3264 4051 Graves
3292 3995 3476 4066 itaque
3517 4011 3615 4051 eos
3646 3995 3749 4050 ba-

2153 4086 2300 4153 bent,
2353 4097 2404 4141 et
2438 4087 2591 4154 quasi
2622 4087 2929 4143 cervicibus
2960 4089 3076 4144 suis
3117 4089 3427 4160 impositos,
3456 4100 3576 4146 uta
3609 4091 3759 4148 bono

2152 4180 2424 4237 abducant
2453 4197 2642 4252 opere,
2692 4183 2858 4238 variis
2899 4185 3376 4254 persecutionibus
3425 4186 3754 4255 inquietant.

2151 4272 2230 4329 Sit
2259 4284 2440 4330 autem
2463 4274 2758 4346 episc0pus
2778 4275 2835 4331 et
2861 4276 3109 4346 pudicus,
3126 4293 3289 4344 quem
3312 4277 3492 4334 Gratci
3515 4281 3761 4355 σώφρονα

2153 4377 2350 4422 vocant
2379 4386 2392 4421 :
2427 4377 2480 4423 et
2518 4368 2746 4424 Latinus
2783 4369 3060 4438 interpres
3085 4370 3238 4426 verbi
3282 4371 3637 4443 ambiguitate
3666 4373 3762 4428 de-

2148 4472 2361 4532 ceptus,
2394 4477 2497 4532 pro
2536 4463 2758 4534 pudico,
2791 4464 3096 4536 prudentem
3146 4465 3446 4521 transtulit.
3481 4464 3538 4520 Si
3566 4475 3759 4522 autem

2149 4553 2308 4609 laicis
2331 4555 2651 4626 imperatur,
2675 4567 2731 4612 ut
2757 4568 2984 4628 pr0pter
3010 4558 3316 4614 orationem
3345 4558 3664 4614 abstineant
3694 4574 3759 4616 se

2150 4648 2219 4700 ab
2249 4664 2474 4702 uxorum
2501 4649 2646 4703 coitu
2679 4667 2690 4702 ε
2721 4649 2846 4720 quid
2877 4648 2946 4705 de
2974 4649 3236 4720 episcolio
3265 4650 3609 4706 sentiendum
3639 4660 3757 4717 est,

2149 4743 2238 4812 qui
2280 4742 2520 4811 quotidie
2567 4757 2668 4812 pro
2708 4743 2821 4797 suis
2862 4743 3157 4814 populique
3195 4743 3461 4814 peccatis,
3513 4743 3759 4799 illibatas

2150 4835 2266 4890 Deo
2297 4835 2578 4890 oblaturus
2614 4845 2703 4892 est
2731 4837 3019 4892 victimas?
3053 4836 3362 4908 relegamus
3391 4835 3599 4908 Regum
3631 4834 3755 4910 [AL

2146 4928 2484 5002 Regnorum]
2516 4930 2707 4998 libros,
2743 4941 2799 4986 et
2832 4932 3173 4986 inveniemus
3222 4932 3564 4990 sacerdotem
3613 4932 3761 4988 Abi-

2145 5023 2357 5080 melech
2383 5023 2450 5079 de
2478 5024 2710 5095 panibus
2740 5025 3131 5096 propositionis
3163 5024 3407 5082 noluisse
3436 5027 3584 5096 prius
3609 5025 3759 5082 dare

2145 5119 2313 5174 David
2339 5128 2393 5174 et
2418 5119 2600 5190 pueris
2625 5119 2766 5189 ejus,
2795 5120 2901 5175 nisi
2931 5121 3318 5190 interrogaret,
3343 5130 3522 5176 utrum
3552 5119 3755 5176 mundi

2143 5225 2327 5270 essent
2361 5215 2509 5282 pueri
2539 5230 2567 5267 a
2600 5215 2829 5270 muliere
2865 5233 2876 5268 :
2911 5230 3018 5269 non
3052 5215 3240 5284 utique
3260 5215 3464 5284 aliena,
3492 5213 3584 5271 sed
3607 5229 3728 5270 con

2139 5312 2268 5382 juge
2297 5309 2340 5381 (l
2377 5309 2506 5382 Reg.
2539 5308 2638 5381 xi).
2678 5309 2743 5364 Et
2772 5309 2874 5365 nisi
2905 5325 3002 5366 eos
3034 5309 3278 5366 audisset
3307 5310 3378 5365 ab
3407 5309 3523 5365 heri
3550 5318 3601 5366 et
3637 5325 3754 5365 nu-

2141 5405 2459 5464 diustertius
2489 5419 2719 5462 vacasse
2764 5405 2834 5462 ab
2863 5421 3027 5478 opere
3067 5406 3367 5478 conjugali,
3400 5418 3754 5477 nequaquam

2203 5588 2230 5627 δ
2260 5588 2540 5645 Victorius
2583 5590 2878 5646 emendare
2917 5591 3047 5646 dum
3074 5593 3228 5661 vult,
3256 5591 3444 5648 locum
3469 5590 3604 5646 hunc
3633 5590 3747 5649 de-

2132 5671 2344 5733 pravat,
2379 5661 2586 5731 legens,
2618 5672 2668 5716 et
2692 5680 2724 5716 a
2752 5663 3070 5732 delicatiori,
3105 5674 3214 5720 etc.

2211 5743 2234 5771 ε
2274 5731 2516 5800 Negandi
2548 5733 2812 5803 particula
2852 5735 2907 5791 in
2941 5731 3064 5792 uno
3089 5736 3334 5795 alterove
3371 5733 3744 5794 Cisterciens.

2133 5817 2231 5859 ms.
2265 5803 2638 5861 desideratur.
