3962 6338
265 316 348 376 569
775 309 1434 369 COMMENTARIORUM
1479 309 1544 366 IN
1586 307 1972 366 EPISTOLMI
2013 310 2103 365 AD
2143 307 2357 365 TI'I‘UM
2399 307 2626 366 LIBER.
2673 307 2828 366 CAP.
2867 311 2906 367 Ι.

3357 265 3362 270 ’
3383 305 3492 363 570

261 441 392 504 panes
410 437 530 496 quos
553 424 700 493 prius
725 432 1045 496 negaverat,
1076 424 1466 482 concessisset.
1501 433 1527 462 ι
1558 423 1788 480 Tantum
1816 423 1872 486 Α
1896 438 1987 478 sus
2017 439 2112 479 eos
2144 425 2292 492 facit,
2320 425 2411 496 qui
2444 425 2657 480 inertia:
2685 441 2766 491 se,
2802 435 2856 480 et
2887 424 3024 491 otio,
3053 432 3107 479 et
3134 436 3327 479 somno
3353 421 3494 478 dan-

258 527 437 581 interest
467 521 603 574 inter
635 518 1028 589 propositiOuis
1058 533 1227 590 panes
1261 528 1315 573 et
1339 531 1539 586 corpus
1562 516 1787 585 Christi,

256 622 464 688 quantum
491 611 640 666 inter
673 610 921 665 umbram
954 619 1010 664 et
1039 624 1290 680 corpora,
1330 610 1476 664 inter
1502 609 1791 679 imaginem

255 718 296 766 et
317 710 590 771 veritatem,
633 703 776 758 inter
799 703 1131 768 exemplaria
1163 703 1468 758 futurorum
1498 710 1554 757 et
1588 717 1650 756 ea
1675 702 1788 770 ipsa

251 819 345 876 qute
369 817 450 871 per
473 799 804 870 exemplaria
838 798 1347 869 pra'ligurabantur.
1374 796 1661 866 Quomodo
1690 798 1790 852 ita-

252 910 334 965 que
365 889 729 957 mansuetudo,
784 890 1070 961 patientia,
1121 889 1413 957 sobrietas,
1465 888 1784 956 moderatio,

251 985 527 1043 abstinentia
562 985 720 1048 lucri,
751 984 1096 1056 hospitalitas
1134 998 1351 1056 quaque
1379 993 1433 1039 et
1457 983 1782 1055 benignitas,

248 1082 474 1154 pracipue
504 1093 630 1136 esse
663 1079 866 1135 debent
897 1080 951 1134 in
984 1079 1265 1150 episcopo,
1295 1089 1350 1135 et
1395 1079 1535 1134 inter
1563 1090 1788 1135 cunctos

246 1179 380 1234 lsicos
403 1175 693 1232 eminentia
724 1192 738 1229 :
767 1175 849 1231 sic
879 1183 935 1230 et
972 1175 1197 1230 castitas
1256 1174 1476 1245 propria
1505 1182 1562 1230 et
1586 1174 1669 1245 (ut
1713 1175 1787 1228 ita

245 1269 456 1338 dixerim)
498 1267 756 1338 pudicitia
809 1268 1198 1333 sacerdotalis,
1242 1275 1302 1323 ut
1344 1282 1448 1323 non
1492 1268 1670 1322 solum
1720 1267 1788 1320 ab

243 1377 374 1434 opere
395 1376 448 1417 se
470 1361 750 1416 immundo
776 1361 1065 1429 abstineat,
1100 1361 1196 1418 sed
1228 1361 1391 1417 etiam
1423 1378 1451 1416 a
1473 1360 1625 1430 jactu
1655 1375 1786 1416 ocu-

241 1457 269 1511 li
313 1465 358 1510 et
385 1453 724 1524 cogitationis
753 1468 964 1519 errore,
1005 1468 1159 1509 mens
1186 1452 1392 1508 Christi
1431 1468 1629 1524 corpus
1657 1469 1788 1510 cou-

241 1549 406 1603 fectura
434 1547 498 1602 sit
529 1547 721 1603 libera.
753 1546 940 1602 Justus
983 1562 1204 1618 quoque
1241 1556 1298 1602 et
1323 1555 1544 1602 sanctus
1571 1547 1786 1618 episco-

239 1658 320 1714 pus
341 1643 482 1715 703
507 1657 631 1698 esse
660 1643 849 1708 debet,
875 1654 930 1698 ut
956 1643 1226 1714 justitiam
1261 1643 1313 1697 in
1343 1641 1559 1713 populis
1589 1643 1786 1714 quibus

241 1747 424 1808 praeest,
452 1747 729 1802 exerceat,
758 1738 998 1794 reddens
1022 1738 1314 1810 unicuique
1336 1738 1478 1808 quod
1503 1747 1782 1794 meretur:

1896 526 1998 581 tes,
2036 527 2226 587 putant
2261 527 2542 588 peccatum
2591 533 2736 583 esse,
2777 517 2822 573 si
2866 518 3164 588 scripturas
3213 515 3491 586 legerint:

1894 619 1949 665 et
1973 626 2069 667 eos
2099 613 2190 682 qui
2217 612 2269 668 in
2302 613 2446 683 Lege
2476 611 2694 668 Domini
2729 613 3065 667 meditantur
3093 611 3181 668 die
3208 627 3274 666 ac
3303 619 3488 680 nocte,

1892 706 2044 773 quasi
2069 706 2318 775 garrulos
2341 706 2676 776 inutilesqne
2699 714 3092 761 contemnunt:
3111 718 3220 759 non
3243 700 3492 758 animad-

1893 809 2174 855 vertentes
2196 800 2518 868 Apostolum
2549 809 2678 869 post
2707 799 3016 871 catalogum
3047 796 3491 854 conversationis

1857 923 1860 926 ~
1891 894 2157 964 episeOpi,
2193 892 2359 948 etiam
2388 893 2694 949 doctrinam
2739 894 3000 949 similiter
3027 892 3382 964 praecepisse.

1964 987 2145 1060 (Veis.
2185 988 2273 1053 10,
2307 988 2421 1059 Η.)
2459 988 2592 1044 Sunt
2614 989 2749 1042 enim
2772 987 2923 1043 multi
2945 998 2991 1042 et
3015 1004 3120 1042 non
3149 987 3370 1054 subditi,
3397 1001 3490 1042 tta-

1891 1082 2111 1151 niloqui,
2157 1090 2204 1134 et
2236 1083 2485 1136 mentium
2529 1083 2824 1154 deceptores
2855 1100 2873 1137 :
2900 1083 3123 1137 maxime
3167 1081 3258 1151 qui
3283 1081 3349 1137 de
3385 1081 3491 1136 cir-

1891 1176 2203 1230 cumcisione
2222 1185 2362 1244 sunt,
2395 1176 2580 1245 quibus
2619 1187 2819 1248 Oportet
2860 1177 3127 1234 silentium
3155 1175 3321 1232 indici
3349 1192 3368 1230 :
3398 1176 3488 1245 qui

1894 1270 2161 1323 universas
2184 1269 2481 1324 subvertant
2507 1270 2712 1337 domos,
2737 1272 2976 1325 docentes
3003 1286 3116 1340 qua:
3137 1286 3240 1324 non
3266 1277 3486 1342 Oportet,

1891 1363 2060 1433 turpis
2086 1363 2220 1416 lucri
2243 1363 2433 1433 gratia.
2463 1363 2567 1430 Qui
2592 1362 2852 1418 Ecclesia:
2885 1362 3102 1418 futurtts
3126 1371 3212 1418 est
3234 1364 3488 1435 princeps

1891 1453 2097 1510 habeat
2139 1455 2513 1527 eloquentiam
2547 1471 2672 1510 cum
2705 1457 2830 1511 vita:
2858 1456 3171 1528 integritate
3194 1458 3482 1526 sociatam,

1890 1566 1958 1606 ne
1984 1566 2150 1620 opera
2182 1551 2390 1622 absque
2417 1565 2676 1606 sermone
2708 1551 2819 1606 sint
2847 1551 3030 1617 tacita,
3062 1561 3113 1606 et
3145 1550 3287 1606 dicta
3329 1550 3488 1606 factis

1888 1646 2270 1703 deficientibus
2315 1646 2647 1703 erubescant
2694 1665 2709 1702 :
2753 1645 2993 1701 maxime
3037 1660 3160 1700 cum
3210 1645 3320 1700 sint
3375 1659 3484 1702 non

1894 1745 2076 1814 pauci,
2125 1743 2222 1798 sed
2277 1743 2464 1811 plures
2495 1761 2508 1797 :
2539 1758 2644 1799 nec
2686 1743 2917 1810 subditi,
2951 1745 3047 1798 sed
3079 1743 3344 1812 protervi,
3389 1741 3486 1814 qui

237 1844 315 1884 nec
337 1829 545 1897 accipiat
581 1845 875 1900 personam
916 1832 967 1886 itt
993 1830 1222 1902 judicio.
1259 1830 1408 1887 lnter
1433 1830 1556 1887 laici
1600 1843 1782 1886 autem
1816 1821 1864 1883 Β
1892 1851 2000 1892 non
2028 1847 2224 1892 curent
2254 1835 2389 1891 illud
2424 1836 2733 1892 Psalmislm
2770 1835 2956 1891 dicere
2989 1853 3003 1890 :
3037 1833 3228 1889 Nonne
3255 1835 3488 1906 subjecta

233 1932 277 1980 et
291 1925 506 1995 episcopi
533 1924 807 1995 justitiam
833 1925 935 1981 hoc
957 1926 1210 1994 interest,
1236 1927 1379 1997 quod
1413 1927 1582 1982 laicus
1605 1936 1785 1998 potest

233 2035 451 2090 apparere
469 2022 652 2088 justus
673 2022 726 2075 in
750 2023 961 2092 paucis,
984 2021 1275 2092 episcopus
1296 2037 1430 2078 vero
1448 2023 1502 2078 in
1527 2029 1607 2077 tot
1627 2037 1783 2077 exero

230 2128 330 2169 cere
347 2114 605 2184 justitiam
640 2113 666 2153 ιι
698 2123 900 2185 potest,
925 2126 1060 2188 quot
1079 2125 1136 2171 et
1153 2115 1400 2171 subditos
1432 2115 1617 2172 habet.
1647 2116 1783 2172 San-

229 2222 325 2267 ctus
349 2221 514 2267 autem
538 2213 683 2282 quod
713 2213 904 2270 Graece
926 2211 1068 2278 ὅσιος
1093 2213 1318 2282 dicitur,
1347 2216 1521 2286 magis
1541 2216 1591 2271 id
1617 2217 1782 2288 signi-

228 2305 343 2370 ficat,
389 2321 504 2361 cum
549 2306 668 2378 ipsa
715 2306 980 2363 Sanctitas
1009 2317 1094 2363 est
1139 2309 1304 2363 mixta
1353 2310 1568 2377 pietati,
1613 2318 1667 2365 et
1714 2309 1780 2364 ad

229 2397 366 2454 Deum
405 2400 658 2455 refertur.
712 2400 888 2467 Quem
938 2403 1082 2457 enim
1136 2417 1236 2456 nos
1282 2414 1550 2469 sanctum,
1605 2403 1780 2459 Grmci

225 2493 338 2566 ἄγων
364 2503 552 2549 vocant
588 2512 601 2548 :
643 2509 805 2566 quem
857 2505 1039 2551 autem
1088 2496 1163 2551 illi
1198 2495 1356 2565 ὅσιον,
1399 2512 1498 2552 nos
1543 2499 1686 2568 pium
1728 2499 1780 2553 in

223 2587 365 2642 Deum
392 2603 680 2658 possumus
712 2590 1018 2661 appellare.
1053 2590 1132 2645 Sit
1165 2607 1382 2662 quoque
1413 2591 1703 2661 episeopus
1727 2602 1778 2648 et

221 2679 504 2737 abstinens:
539 2698 650 2738 non
679 2691 889 2738 tantum
912 2683 997 2755 (ut
1029 2683 1246 2754 quidam
1277 2681 1536 2753 putant)a
1559 2683 1781 2739 libidine

219 2772 343 2828 etab
372 2776 550 2830 uxoris
587 2777 864 2846 amplexu,
912 2776 1006 2830 sed
1039 2777 1109 2831 ab
1154 2776 1410 2830 omnibus
1457 2776 1625 2832 animi
1654 2791 1780 2846 per-

218 2867 582 2925 turbationibus
609 2888 623 2923 :
650 2886 717 2924 ne
733 2870 801 2924 ad
827 2870 1164 2926 iracundiam
1186 2873 1523 2926 concitetur:
1541 2886 1608 2925 ne
1630 2871 1778 2924 illum

218 2964 399 3020 tristitia
431 2965 652 3035 dejiciat
685 2985 698 3020 :
739 2982 806 3022 ne
854 2975 1033 3022 terror
1057 2968 1316 3037 exagitet,
1354 2983 1421 3021 ne
1457 2967 1647 3021 laetitia
1681 2967 1779 3020 im-

215 3056 459 3113 moderata
491 3060 773 3114 sustollat.
809 3060 1159 3116 Abstinentia
1201 3069 1380 3115 autem
1416 3062 1468 3114 iu
1513 3060 1777 3118 fructibus

214 3153 404 3220 spiritus
450 3155 520 3210 ab
571 3155 839 3224 Apostoln
873 3167 1158 3210 numerata
1191 3162 1298 3210 est.
1330 3154 1396 3208 Et
1444 3155 1490 3209 si
1539 3153 1775 3224 exigitur

212 3245 266 3299 ab
284 3249 552 3316 omnibus,
582 3258 793 3320 quanto
826 3249 1002 3321 magis
1029 3249 1098 3304 ab
1127 3251 1408 3319 episcopo,
1443 3249 1534 3319 qui
1565 3250 1775 3321 patiens

210 3348 253 3392 et
284 3354 590 3399 mansuetus
622 3344 788 3398 debet
818 3343 945 3398 vitia
983 3346 1124 3398 ferre
1170 3345 1510 3412 peccantium
1544 3361 1557 3397 :
1587 3357 1779 3396 conso-

208 3429 289 3487 lari
319 3437 696 3503 pusillanimes
723 3453 736 3488 :
760 3445 1066 3492 sustentare
1094 3435 1340 3492 infirmos
1373 3454 1386 3490 :
1413 3435 1548 3490 nulli
1579 3436 1777 3490 malum

208 3539 290 3597 pro
322 3530 458 3585 malo
490 3531 765 3596 reddere;
801 3530 898 3586 sed
929 3532 1153 3586 vincere
1187 3532 1240 3585 in
1270 3528 1414 3584 bono
1441 3528 1666 3584 malum.
1700 3527 1777 3584 Ad

205 3634 484 3682 extremum
510 3627 762 3682 obtineat
780 3642 904 3682 eum
927 3627 1018 3697 qui
1044 3625 1342 3682 secundum
1365 3625 1670 3679 doctrinam
1695 3634 1780 3680 est

205 3713 393 3772 fidelem
420 3734 761 3783 sermonem,
789 3728 843 3773 ut
865 3719 1142 3788 quomodo
1157 3734 1338 3774 sermo
1355 3719 1446 3774 Dei
1473 3719 1650 3773 ﬁdelis
1669 3728 1772 3785 est,

203 3816 247 3862 et
263 3811 395 3864 omni
420 3811 749 3882 acceptione
776 3809 972 3881 dignus
1005 3827 1020 3875 ;
1056 3813 1134 3865 sic
1164 3823 1217 3865 et
1245 3813 1333 3866 ille
1365 3812 1530 3866 talem
1555 3826 1614 3865 se
1639 3827 1776 3882 prte-

201 3902 326 3970 beat,
353 3915 408 3960 ul
439 3920 608 3962 omne
636 3906 781 3977 quod
814 3907 1074 3972 lotquitur.
1107 3905 1211 3961 fide
1237 3905 1458 3975 dignum
1489 3906 1770 3961 existime-

201 4005 288 4066 tur,
315 4012 366 4056 et
413 4004 585 4058 verba
637 4002 812 4072 ipsius
857 4003 970 4056 sint
1018 4003 1204 4073 regula
1253 4003 1518 4058 veritatis.
1573 4004 1773 4058 Potens

199 4107 391 4164 quoque
419 4096 492 4150 sit
522 4109 622 4150 eos
648 4096 738 4166 qui
765 4096 950 4151 saeculi
977 4095 1138 4150 istius
1165 4095 1472 4152 turbinibus
1499 4097 1775 4167 exagitan-

199 4191 290 4247 tur.
319 4188 619 4255 consolari,
648 4199 702 4244 et
727 4204 824 4258 per
847 4203 1033 4242 sanam
1057 4188 1364 4243 doctrinam
1399 4189 1610 4244 infirma
1640 4205 1775 4258 pra:-

194 4291 329 4350 cepta
358 4282 678 4338 destruere.
735 4281 878 4337 Sana
926 4292 1112 4338 autem
1156 4281 1413 4337 doctrina
1446 4283 1670 4348 dicitur,
1707 4281 1771 4335 ad

194 4370 588 4431 distinctionem
618 4374 888 4444 languida:
922 4375 1267 4444 infirmteque
1307 4376 1593 4430 doctrina).
1626 4374 1774 4428 Talis

190 4481 384 4538 quoque
413 4470 508 4536 sit,
547 4481 604 4524 ut
633 4469 1076 4524 contradicentes
1103 4478 1295 4538 arguat
1327 4468 1624 4523 hmreticos
1653 4468 1770 4522 sive

188 4558 409 4632 Judmos,
459 4575 516 4620 et
561 4562 754 4619 saculi
805 4563 964 4618 istius
1009 4563 1308 4630 sapientes.
1360 4561 1428 4616 Et
1477 4560 1765 4630 superiora

187 4655 387 4725 quidem
417 4673 545 4728 qua:
579 4657 630 4712 in
663 4655 910 4728 episcopi
938 4656 1238 4711 virtutibus
1276 4657 1480 4725 posuit,
1509 4655 1574 4709 ad
1604 4655 1768 4709 vitam

186 4753 468 4818 pertinent.
502 4752 618 4807 lloc
645 4766 776 4806 vero
797 4751 941 4821 quod
970 4753 1044 4804 ait
1070 4769 1081 4803 :
1114 4749 1180 4804 Ut
1204 4761 1384 4822 potens
1410 4752 1476 4802 sit
1502 4748 1768 4802 consolari

183 4841 227 4894 in
255 4844 491 4899 doctrina
520 4862 650 4899 sana
675 4861 693 4898 :
721 4853 771 4898 et
812 4844 1224 4898 contradicentes
1256 4859 1494 4913 arguere,
1527 4844 1773 4896 referen-

184 4933 299 4990 dum
333 4947 418 4992 est
459 4937 530 4993 ad
571 4937 884 4993 scientiam.
917 4936 1055 5003 Quia
1096 4936 1143 4990 si
1172 4934 1415 5005 episcopi
1446 4943 1654 4988 tantum
1698 4935 1770 4989 sit

179 5041 352 5085 sancta
405 5032 547 5097 vita,
595 5031 702 5086 sibi
735 5040 916 5100 potest
949 5031 1213 5102 prodesse
1242 5030 1320 5085 sic
1352 5031 1563 5085 vivens.
1599 5030 1768 5084 Porro

179 5121 219 5175 si
249 5121 500 5178 doctrina
543 5131 601 5179 et
638 5139 899 5179 sermone
929 5124 1097 5178 fuerit
1126 5123 1400 5190 eruditus,
1450 5132 1631 5193 potest
1655 5134 1675 5161 ε
1709 5138 1769 5178 se

177 5228 522 5288 cmterosque
570 5219 850 5274 instruere
883 5235 898 5274 :
931 5226 985 5273 et
1014 5234 1123 5273 non
1154 5217 1335 5273 solum
1378 5219 1683 5284 inStruere,
1717 5227 1772 5273 et

178 5305 369 5363 docere
401 5323 535 5363 suos
569 5328 582 5362 :
624 5307 727 5364 sed
758 5320 814 5364 et
859 5307 1216 5365 adversarios
1247 5322 1605 5380 repercutere
1642 5328 1655 5364 :
1683 5309 1775 5378 qui

176 5398 272 5454 nisi
321 5400 551 5456 refutati
602 5402 808 5458 fuerint
849 5413 1014 5473 atque
1043 5403 1308 5466 convicti,
1360 5402 1521 5460 facile
1566 5411 1772 5473 queunt

173 5491 504 5563 simplicium
529 5495 699 5550 corda
721 5493 886 5568 704
913 5507 1252 5567 pervertere.
1283 5497 1380 5553 llic
1403 5499 1552 5554 locus
1574 5498 1773 5556 adver-

235 5665 262 5694 "
300 5658 570 5718 Fortasse
601 5661 803 5716 rectius
828 5661 883 5717 in
909 5661 1203 5719 vetustiori
1232 5661 1586 5718 Cisterciensi
1616 5661 1768 5718 codi-

167 5741 246 5794 ce,
274 5741 532 5807 quantnm
561 5734 947 5807 interestﬂinter
976 5735 1348 5807 propositionis
1378 5752 1534 5803 panes
1565 5744 1613 5790 et
1645 5751 1762 5789 cor-

169 5817 261 5883 pus
303 5802 546 5883 Christi
565 5821 684 5876 qua:
710 5802 1005 5876 differentiis
1045 5809 1177 5863 inter
1209 5802 1462 5878 umbram,
1498 5819 1634 5876 etc.,
1662 5808 1764 5862 sub

172 5876 548 5947 interrogandi
575 5886 725 5934 nota.

1895 1944 1973 1988 est
2006 1932 2115 1986 Deo
2159 1933 2336 1986 anima
2380 1949 2493 1986 mea
2525 1931 2649 2003 (Ps.
2697 1948 2807 2000 LXI,
2864 1932 2958 2004 l)?
2987 1931 3093 1988 Sed
3127 1931 3326 1986 bonam
3371 1928 3485 2004 [ΑΙ.

1888 2024 2178 2097 bonarum]
2219 2027 2480 2080 mentium
2513 2034 2840 2093 sementem,
2871 2040 2994 2095 qua:
3025 2023 3359 2080 naturaliter
3386 2021 3485 2078 ba-

1886 2121 1978 2176 bet
2007 2120 2257 2176 n0titiam
2290 2119 2406 2184 Dei,
2444 2121 2590 2174 inani
2620 2119 2976 2190 persuasione
3003 2127 3342 2190 pervertant.
3372 2117 3485 2174 Hoc

1883 2213 2086 2284 quippe
2115 2213 2246 2268 mihi
2281 2213 2481 2268 Paulus
2508 2213 2731 2268 videtur
2753 2213 3019 2276 sensisse,
3051 2226 3176 2268 cum
3205 2209 3334 2267 dicit
3360 2231 3484 2288 φρι-

1884 2310 2106 2365 ναπάται
2137 2326 2147 2360 :
2188 2322 2293 2361 non
2325 2318 2385 2361 ut
2412 2306 2750 2376 simpliciter
2775 2305 3004 2361 Latinus
3027 2304 3303 2376 interpres
3334 2313 3486 2359 tran-

1883 2405 2055 2469 stulit,
2084 2402 2404 2473 deceptores,
2429 2401 2524 2456 sed
2551 2402 2797 2454 mentium
2826 2400 3143 2468 deceptores.
3174 2401 3238 2452 Et
3260 2395 3480 2469 quidem

1883 2499 2004 2553 sine
2021 2496 2428 2566 Seriptnrarum
2459 2496 2788 2550 auctoritate
2805 2493 3101 2564 garrulitas
3129 2507 3233 2548 non
3259 2492 3486 2550 haberet

1885 2590 2072 2654 fidem,
2114 2591 2218 2645 nisi
2255 2588 2569 2644 viderentur
2615 2602 2927 2658 perversam
2971 2585 3282 2642 doctrinam
3314 2585 3479 2640 etiam

1883 2686 2084 2740 divinis
2118 2685 2451 2740 testimoniis
2501 2683 2789 2738 roborare.
2825 2682 2887 2736 lli
2927 2688 3058 2736 sunt
3096 2679 3164 2735 de
3193 2679 3488 2735 circumci-

1881 2780 2038 2834 sione
2067 2778 2266 2843 Judzei,
2301 2778 2394 2848 qui
2429 2787 2558 2832 ttmc
2600 2775 2868 2846 temporis
2914 2783 3234 2829 nascentem
3278 2771 3486 2828 ChriSIi

1883 2874 2189 2931 Ecclesiam
2245 2873 2574 2927 subvertere
2629 2870 2989 2934 nitebantur,
3033 2877 3088 2924 et
3133 2866 3484 2923 introducere

1882 2975 2152 3039 prmct-pta
2188 2964 2380 3036 legalia
2421 2983 2433 3020 :
2477 2963 2546 3020 de
2576 2963 2776 3034 quibus
2806 2973 2860 3017 et
2891 2960 2960 3016 ad
2998 2961 3301 3026 Romanos,
3328 2971 3384 3015 et
3414 2958 3485 3014 ad

1880 3060 2102 3117 Galatas
2127 3059 2342 3128 plenius
2371 3057 2574 3114 Paulus
2603 3056 2942 3126 exsequitur.
2977 3053 3043 3110 Et
3069 3069 3166 3110 nos
3193 3062 3320 3109 ante
3346 3067 3484 3123 pau-

1881 3171 1975 3210 cos
2015 3169 2256 3216 menses,
2297 3154 2397 3208 tria
2428 3152 2708 3205 volumina
2743 3150 2798 3205 in
2832 3148 3093 3218 EpiStola'.
3141 3146 3209 3202 ad
3258 3147 3482 3203 Galatas

1803 3213 1849 3276 ϐ
1883 3247 2277 3318 explanatione
2302 3245 2654 3300 dictavimus.
2682 3243 2842 3299 Tales
2866 3240 3119 3297 homines
3149 3240 3355 3296 Doctor
3382 3239 3488 3295 Ec-

1883 3342 2086 3410 clesiae,
2119 3342 2205 3396 cui
2237 3341 2432 3394 animae
2457 3340 2783 3410 p0pulorum
2803 3337 3030 3392 credita:
3054 3344 3201 3403 sunt,
3235 3333 3487 3406 Scriptu-

1881 3450 2067 3492 rarum
2099 3433 2260 3488 debet
2296 3434 2508 3488 ratione
2534 3445 2822 3500 superare,
2847 3441 2902 3484 et
2922 3428 3202 3484 silentium
3235 3427 3342 3482 illis
3370 3435 3484 3483 tes-

1882 3528 2174 3584 timonium
2214 3525 2454 3596 pondere
2503 3523 2787 3594 imponere
2831 3539 2844 3576 :
2888 3522 2982 3593 qui
3029 3535 3138 3576 non
3171 3535 3358 3586 unam,
3389 3529 3485 3576 aut

1882 3637 2083 3694 paucas
2107 3623 2323 3688 domos,
2355 3619 2450 3675 sed
2497 3612 2781 3673 universas
2807 3632 2929 3672 eum
2974 3617 3212 3672 dominis
3239 3614 3490 3670 familiis-

1877 3731 1984 3787 que
2030 3716 2386 3778 subvertant,
2421 3714 2689 3768 docentes
2718 3711 2788 3766 de
2837 3711 3091 3766 ciborum
3132 3708 3486 3776 differentiis,

1878 3809 1946 3864 de
1995 3808 2206 3865 sabbati
2245 3809 2354 3875 jam
2387 3807 2522 3860 olim
2573 3805 2902 3869 abolitione,
2938 3804 3007 3858 de
3047 3801 3486 3858 circumcisionis

1877 3903 2076 3973 injuria
2104 3913 2306 3969 :atque
2333 3901 2538 3955 utinam
2570 3898 2674 3954 hoc
2707 3901 2882 3969 ipsqu
2913 3898 3036 3952 zelo
3065 3896 3190 3952 fidei
3213 3895 3482 3965 facerent,

1876 4011 1942 4050 ex
1972 4002 2125 4064 parte
2171 3994 2347 4063 aliqua
2382 4003 2570 4062 posset
2616 3992 2856 4060 ignosci,
2902 3989 3124 4044 dicente
3165 3987 3432 4057 Apostolo
3466 4004 3480 4042 :

1877 4087 2160 4151 Conﬁteor,
2193 4088 2362 4140 selum
2381 4084 2475 4138 Dei
2505 4084 2714 4149 habent,
2747 4083 2836 4137 sed
2859 4098 2962 4135 non
2991 4079 3280 4134 secundum
3305 4079 3478 4133 scien-

1875 4183 1996 4235 tiam
2028 4178 2207 4246 (Rom.
2244 4196 2294 4241 κ,
2323 4180 2404 4244 ‘2).
2440 4177 2641 4232 Verum
2671 4180 2798 4246 quia
2832 4175 2977 4229 Deus
3001 4183 3086 4228 est
3120 4182 3312 4228 venter
3338 4172 3481 4243 ipso-

1875 4289 2016 4333 rum.
2038 4269 2549 4340 turpislucrigratia
2571 4268 2754 4322 volunt
2776 4269 3024 4336 proprios
3036 4265 3215 4322 facere
3228 4264 3476 4335 discipu-

1873 4363 2144 4435 los,705
2163 4374 2217 4417 ut
2241 4363 2391 4432 quasi
2414 4360 2658 4432 magistri
2679 4380 2706 4414 a
2727 4361 3093 4415 sectatoribus
3110 4359 3226 4414 suis
3239 4357 3478 4414 alantur.

1873 4459 2170 4514 Possumus
2200 4466 2382 4511 autem
2413 4466 2468 4511 et
2497 4457 2655 4511 aliter
2701 4454 3053 4526 interpretari
3083 4454 3186 4510 hoc
3225 4452 3373 4526 quod
3398 4451 3479 4508 di-

1873 4565 2020 4609 ctum
2069 4562 2184 4619 est,
2235 4553 2403 4622 turpis
2445 4553 2578 4605 lucri
2635 4552 2806 4622 gratia
2853 4566 2870 4604 :
2915 4560 2972 4604 ut
3023 4558 3278 4620 putemus
3333 4546 3484 4618 Apo-

1873 4649 2072 4705 stolunt
2119 4649 2395 4704 communi
2429 4647 2592 4702 verbo
2626 4661 2816 4712 usum,
2843 4662 2954 4717 quo
2995 4658 3188 4700 omnes
3233 4643 3480 4699 haeretici

1869 4759 1996 4799 cum
2027 4759 2278 4814 perversa
2309 4742 2532 4809 docent,
2581 4756 2640 4796 se
2684 4741 2968 4796 hominum
2998 4739 3180 4795 solent
3224 4753 3478 4795 asserere

1871 4840 2172 4896 lucratores
2207 4856 2219 4892 :
2252 4854 2376 4893 cum
2423 4854 2529 4892 non
2578 4837 2790 4891 lucrum
2829 4837 2922 4903 sit,
2957 4834 3054 4890 sed
3080 4833 3338 4905 perditio,
3362 4833 3482 4888 ani-

1872 4949 1988 4990 mas
2030 4931 2336 4988 interficere
2379 4930 2763 5002 deceptorum.
2800 4927 3029 4994 Contra,
3073 4928 3163 4998 qui
3203 4941 3479 4983 errantem

1871 5028 2094 5080 fratrem
2129 5039 2283 5077 suum
2310 5023 2464 5090 juxta
2495 5022 2851 5091 Evangelium
2884 5020 3237 5090 corripuerit,
3283 5018 3330 5074 si
3364 5016 3480 5074 fuc-

1873 5121 1942 5176 rit
1977 5119 2066 5173 ille
2088 5131 2422 5182 c0nversus,-
2442 5115 2684 5169 lucratus
2711 5124 2798 5169 est
2817 5129 2965 5168 eum.
2992 5112 3147 5181 Quod
3177 5112 3322 5167 enim
3356 5125 3470 5164 ma-

1871 5215 1958 5286 jus
1996 5215 2204 5268 lucrum
2252 5221 2428 5282 potest
2479 5223 2624 5274 esse,
2659 5217 2751 5262 aut
2792 5206 2920 5278 quid
2963 5205 3280 5276 pretiosius,
3314 5219 3477 5275 quam

1874 5309 1919 5364 si
1950 5307 2244 5362 humanam
2299 5304 2534 5357 animam
2585 5301 2703 5371 quis
2754 5300 3033 5355 lucretur?
3073 5297 3266 5354 Omnis
3315 5297 3477 5368 igitur

1873 5403 2066 5459 doctor
2099 5399 2380 5464 Ecclesiae,
2413 5399 2504 5468 qui
2539 5396 2603 5451 ad
2635 5397 2796 5452 fidem
2829 5393 3033 5449 Christi
3083 5402 3227 5449 recta
3260 5394 3476 5450 ratione

1873 5495 2191 5570 persuadet,
2219 5492 2486 5548 honestus
2534 5489 2775 5544 lucrator
2806 5499 2912 5543 est.
2946 5487 3010 5542 Et
3043 5487 3224 5543 omnis
3255 5487 3478 5542 haereti-

1948 5657 1977 5697 Β
2017 5657 2136 5711 Duo
2183 5669 2318 5710 mss.
2362 5652 2553 5719 debet,
2607 5665 2742 5722 pro,
2795 5659 3008 5723 potest:
3042 5649 3298 5720 idemque
3348 5662 3477 5704 mox

1870 5730 2049 5809 ἅγιος-,ι
2071 5745 2172 5809 pro
2195 5726 2354 5788 ὅσιος.
2446 5806 2453 5809 _
2525 5805 2533 5809 Δ
2646 5804 2655 5809 Δ
3029 5797 3040 5809 _

1946 5816 1968 5842 «ε
2013 5801 2180 5857 Iidem
2209 5814 2338 5855 mss.
2368 5805 2533 5869 potest
2564 5804 2773 5852 ceteros
2799 5811 3003 5868 quoque
3022 5801 3296 5852 instruere.
