3962 6338
464 297 572 357 575

1719 301 1779 360 S.
1822 299 2096 362 EUSEBII
2131 297 2509 363 HIERONYMI

3657 314 3762 374 570

467 419 715 489 pudicos,
747 434 913 478 sanos
940 422 994 479 in
1020 421 1152 491 ﬁde,
1181 430 1240 480 et
1266 421 1555 489 cbaritate,
1586 429 1644 479 et
1671 421 1963 492 patientia:
1994 420 2062 476 ad
2089 420 2397 495 Amundis,
2452 423 2542 481 his
2584 425 2843 484 videlicet
2895 429 2985 499 qui
3042 429 3096 486 in
3146 429 3366 488 Christo
3407 431 3663 500 credunt,
3710 440 3763 490 et

464 528 627 583 quam
675 513 799 572 ﬁdei
828 515 1264 585 similitudinem,
1296 515 1565 572 doctrina:
1606 532 1824 589 quoque
1862 519 2066 574 sanitas

468 609 791 680 appellatur.
816 609 955 677 Erit,
985 612 1064 666 ait
1091 609 1203 684 [AL
1236 610 1422 685 enim],
1465 621 1664 685 tempus
1688 612 1897 685 quando
1925 628 2069 668 same

473 700 726 757 doctrina:
752 717 858 757 non
881 703 1222 773 acquiescent.
1247 703 1387 758 Sunt
1413 712 1470 760 et
1488 718 1769 760 sermones
1792 703 2065 773 sanitatis,

474 792 543 850 de
562 793 760 866 quibus
777 795 844 851 ad
872 794 1221 851 Timotheum
1245 795 1298 852 in
1321 796 1497 869 prima
1519 795 1762 866 Epistola
1783 797 2024 869 loquitur
2049 814 2062 853 :

476 887 541 946 Si
568 890 684 962 quis
708 889 863 946 aliter
882 890 1052 960 docet,
1085 899 1134 947 et
1160 908 1265 946 non
1284 891 1561 964 acquiescit
1586 892 1729 947 sanis
1753 891 2070 947 sermonibus

472 982 689 1040 Domini
715 989 880 1040 nostri
907 983 1035 1040 Jcsu
1057 984 1274 1053 Christi,
1305 995 1357 1043 et
1383 1002 1502 1059 qua:
1524 988 1811 1042 secundum
1832 987 2070 1059 pietatem

469 1086 547 1132 est
577 1075 829 1131 doctrina:
868 1077 914 1148 (I
959 1077 1099 1134 Tim.
1133 1094 1210 1147 vi,
1242 1079 1322 1150 5).
1357 1077 1426 1133 Et
1468 1080 1520 1134 in
1552 1078 1791 1135 secunda
1832 1096 1845 1134 :
1878 1078 2071 1135 Exem-

472 1169 620 1244 plum
668 1170 861 1227 habens
905 1187 1154 1227 sanorum
1200 1174 1471 1228 verborum
1520 1188 1634 1240 qua:
1670 1189 1703 1227 a
1746 1190 1827 1228 me
1879 1173 2073 1228 audisti

476 1261 546 1335 (Il
577 1261 714 1318 Tim.
763 1279 803 1332 I,
835 1262 948 1336 15).
996 1262 1099 1333 Qui
1148 1264 1289 1322 hanc
1320 1264 1523 1322 habent
1553 1264 1676 1322 ﬁdei
1703 1275 1761 1320 et
1807 1263 2071 1322 doctrinae

469 1355 761 1412 sanitatem
791 1365 957 1426 atque
979 1357 1305 1423 verborum,
1334 1373 1441 1412 non
1466 1366 1490 1394 ο
1521 1356 1809 1413 attendent
1832 1356 2071 1413 Judalcis

470 1448 673 1507 fabulis
703 1459 761 1505 et
791 1449 1062 1507 mandatis
1121 1450 1401 1507 hominum
1432 1451 1800 1507 aversantium
1832 1466 1892 1507 se
1918 1466 1950 1506 a
1978 1466 2072 1507 ve-

475 1544 657 1601 ritate.
690 1544 1125 1616 Acquiescamus
1167 1546 1445 1617 paulisper
1487 1546 1714 1615 ludatis,
1762 1555 1820 1603 et
1847 1562 2069 1616 eorum,

472 1639 565 1710 qui
592 1638 736 1708 apud
767 1653 863 1695 eos
902 1638 1182 1711 sapientes
1204 1650 1498 1709 vocantur,
1529 1640 1802 1709 patienter
1831 1640 2071 1710 ineptias

476 1730 795 1797 audiamus;
837 1741 893 1787 et
924 1741 1055 1789 tunc
1079 1733 1443 1805 intelligemus
1480 1750 1604 1807 qua:
1643 1744 1770 1790 sunt
1798 1734 1909 1808 [ΑΙ.
1938 1733 2069 1808 sint]

2168 519 2347 572 sciunt
2367 532 2584 576 omnem
2610 530 2927 578 creaturam
2960 521 3157 579 bonam
3184 536 3343 580 esse:
3379 530 3438 580 et
3463 524 3601 581 nihil
3629 524 3764 596 abji-
3834 522 3841 531 '

2167 607 2418 665 ciendum
2464 610 2613 683 quod
2658 626 2780 667 cum
2829 612 3125 685 gratiarum
3173 615 3390 673 actione
3444 615 3761 688 percipitur.

2170 699 2530 771 Coinquinatis
2556 714 2727 760 autem
2756 716 2804 760 et
2826 706 3129 777 inﬁdelibus
3152 708 3284 763 nihil
3310 710 3566 764 mundum
3592 724 3613 766 :
3641 709 3765 782 quis

2169 796 2377 867 polluta
2398 805 2482 852 est
2502 812 2691 853 eorum
2720 808 2776 854 et
2802 813 2979 867 mens,
3008 808 3065 857 et
3086 801 3450 859 conscientia:
3476 811 3766 875 promeres

2170 890 2338 946 etiam
2365 906 2491 961 qua:
2530 891 2730 947 munda
2774 904 2901 948 sunt
2928 909 3029 965 per
3057 902 3331 960 naturam,
3363 896 3445 951 eis
3485 894 3765 952 immunda

2173 984 2329 1041 ﬁunt.
2360 985 2476 1043 Non
2498 987 2646 1059 quod
2668 988 2752 1044 vel
2780 988 3042 1044 mundum
3066 990 3138 1044 sit
3155 989 3389 1061 aliquid,
3412 989 3500 1046 vel
3531 990 3768 1047 immun-

2172 1074 2301 1131 dum
2349 1094 2362 1130 :
2409 1077 2508 1133 sed
2558 1091 2656 1147 pro
2685 1078 2947 1149 qualitate
2984 1079 3347 1145 vescentium,
3391 1089 3448 1136 et
3495 1080 3761 1137 mundum

2171 1169 2410 1238 mundis,
2460 1180 2517 1227 et
2566 1171 2901 1227 immundum
2940 1172 3332 1229 contaminatis
3363 1173 3473 1229 flat.
3508 1173 3767 1246 Alioquin

2174 1263 2422 1320 inﬁdeles
2448 1278 2690 1336 quosque
2713 1275 2876 1333 atque
2906 1266 3166 1337 pollutos,
3192 1269 3361 1325 etiam
3405 1269 3561 1339 panis
3607 1267 3771 1326 bene-

2173 1358 2455 1426 dictionis,
2507 1368 2565 1414 et
2603 1360 2745 1415 calix
2794 1360 3108 1416 Dominicus
3154 1377 3262 1416 non
3299 1361 3488 1431 juvat;
3520 1360 3649 1432 quia
3681 1360 3769 1434 qui

2175 1452 2393 1521 indigne
2418 1451 2722 1509 comederit
2747 1453 2816 1509 de
2843 1468 2984 1524 pane
3007 1454 3123 1519 illo,
3149 1463 3207 1510 et
3234 1454 3304 1512 de
3332 1455 3505 1511 calice
3543 1454 3765 1525 biberit,

2167 1545 2432 1616 judicium
2461 1546 2567 1601 sibi
2591 1544 2881 1602 manducat
2913 1556 2969 1603 et
2997 1547 3132 1603 bibit
3153 1547 3200 1621 (Ι
3225 1545 3349 1603 Cor.
3380 1547 3481 1615 XI).
3514 1546 3770 1604 Adventu

2173 1638 2383 1697 Christi
2411 1649 2634 1712 purgata
2664 1652 2791 1696 sunt
2816 1640 3018 1696 omnia.
3052 1640 3184 1709 Qua:
3215 1639 3306 1695 ille
3326 1638 3640 1708 mundavit,
3672 1653 3769 1696 nos

2174 1734 2581 1791 communicare
2627 1750 2735 1791 non
2781 1750 3089 1806 possumus.
3151 1734 3261 1792 Sed
3313 1733 3769 1792 considerandum

474 1822 715 1880 Judaica:
737 1822 934 1880 fabulae
962 1825 1080 1881 sine
1108 1826 1435 1883 auctoritate
1458 1826 1783 1897 Scripturae,
1816 1827 1935 1883 sine
1962 1827 2071 1883 ulla
2099 1816 2150 1878 Β
2177 1844 2247 1885 ne
2276 1829 2376 1884 ista
2422 1835 2742 1895 tractantes,
2784 1829 3130 1885 occasionem
3177 1829 3254 1884 illi
3304 1828 3509 1886 hazresi
3551 1829 3768 1898 demus,

474 1919 785 1976 assertione
828 1921 1085 1988 rationis,
1131 1921 1391 1977 animalia
1437 1920 1684 1992 quaedam
1728 1929 1785 1977 et
1828 1919 2072 1977 fabulosa
2176 1937 2296 1993 qua:
2323 1922 2477 1992 juxta
2509 1922 2895 1995 Apocalypsim
2927 1919 3082 1996 (Cap.
3120 1920 3207 1993 ιι),
3241 1931 3297 1979 et
3330 1922 3509 1992 ipsum
3552 1936 3773 1995 quoque

475 2017 824 2088 ﬁngentium,
878 2018 947 2074 de
977 2017 1176 2089 quibus
1207 2019 1376 2075 Isaias
1406 2019 1772 2091 prophetarit,
1820 2019 2010 2077 dicens
2055 2036 2069 2074 :
2175 2015 2486 2085 apostolum
2515 2014 2745 2071 Paulum
2789 2014 3120 2071 scribentem
3150 2016 3217 2070 ad
3243 2013 3589 2081 Corinthios,
3624 2021 3771 2085 putat

477 2110 719 2181 Populus
744 2110 830 2166 hic
847 2112 1001 2167 labiis
1025 2129 1107 2168 me
1126 2112 1372 2175 honorat,
1403 2129 1494 2169 cor
1506 2122 1689 2180 autem
1715 2130 1894 2168 eorum
1924 2114 2076 2186 longe
2175 2106 2245 2162 de
2276 2106 2590 2177 idolothytis
2619 2122 2740 2164 esse
2769 2107 3101 2166 vescendum
3126 2124 3139 2161 ε
3190 2107 3316 2179 quia
3358 2106 3539 2162 omnia
3571 2105 3769 2163 munda

477 2218 553 2262 est
579 2223 612 2260 a
641 2222 740 2260 me.
769 2205 898 2263 Sine
935 2223 1096 2262 causa
1136 2215 1308 2262 autem
1336 2223 1417 2261 me
1444 2208 1653 2263 colunt:
1681 2208 1922 2263 docentes
1950 2207 2076 2261 doc-
2177 2212 2306 2287 sunt
2332 2203 2549 2260 mundis
2591 2202 2636 2268 (Ι
2665 2200 2787 2260 Cor.
2813 2202 2952 2274 vm).
2980 2201 3137 2259 Nunc
3176 2202 3329 2258 enim
3367 2200 3638 2270 Apostolo
3667 2216 3769 2258 non

477 2300 639 2354 trinas
679 2309 726 2354 et
770 2301 1018 2355 mandata
1056 2298 1325 2355 hominum
1354 2299 1513 2373 (lsai.
1561 2316 1713 2365 χιιι,
1765 2298 1879 2372 15).
1918 2299 2072 2369 Quod
2176 2298 2277 2356 fuit
2308 2300 2645 2369 propositum
2673 2297 2743 2355 de
2771 2298 2857 2355 his
2886 2313 3008 2370 qua:
3035 2297 3398 2354 immolantur
3426 2296 3770 2354 daemonibus

482 2392 856 2449 testiinonium
882 2392 1137 2449 Salvator
1163 2392 1216 2448 in
1239 2391 1536 2463 Evangelia
1556 2392 1947 2464 comprobans,
1985 2407 2076 2447 ar-

479 2485 596 2556 guit
646 2500 742 2541 eos
787 2485 920 2558 Legi
970 2486 1063 2542 Dei
1119 2484 1371 2541 mandata
1405 2485 1687 2542 hominum
1744 2484 2074 2555 praetulisse.

482 2576 629 2633 Deus
648 2578 839 2650 quippe
867 2578 941 2633 ait
964 2596 981 2633 :
1014 2577 1233 2634 Honora
1262 2588 1461 2650 patrem
1488 2588 1535 2633 et
1560 2586 1810 2634 matrem:
1839 2578 1921 2633 Illi
1947 2593 2077 2634 vero

482 2668 863 2726 tradiderunt:
897 2670 1032 2740 Quia
1058 2675 1368 2744 quicumque
1393 2672 1582 2727 dixerit
1608 2672 1747 2744 patri
1789 2681 1835 2725 et
1872 2673 2026 2726 matri
2056 2689 2075 2728 :

478 2777 667 2818 munus
696 2762 1060 2834 quodcumque
1083 2774 1158 2819 est
1188 2780 1254 2819 ea:
1273 2780 1373 2833 me,
1399 2764 1485 2818 tibi
1510 2763 1762 2833 proderit,
1785 2772 1833 2818 et
1858 2780 1963 2819 non
1982 2762 2079 2818 ho-

2176 2392 2462 2464 disputare
2503 2410 2517 2446 :
2568 2391 2664 2447 sed
2712 2391 2978 2448 adversus
3031 2389 3291 2461 Iudaeos,
3332 2390 3427 2463 qui
3470 2389 3769 2447 secundum

2177 2486 2338 2556 Legis
2361 2485 2579 2541 abolita:
2604 2484 2976 2556 disciplinam,
3000 2483 3246 2556 quaedam
3279 2483 3501 2549 munda,
3523 2483 3769 2555 quaedam

2178 2579 2590 2635 arbitrabantur
2612 2577 2912 2634 immunda.
2939 2577 3062 2633 Non
3084 2577 3241 2645 enim,
3270 2578 3468 2649 inquit,
3498 2593 3770 2649 possumus

2180 2688 2368 2728 mensa:
2413 2670 2622 2727 Domini
2670 2671 3009 2741 participare,
3059 2680 3105 2726 et
3135 2686 3326 2726 mensae
3351 2671 3767 2728 dtemoniorum:

2180 2782 2273 2821 nec
2300 2764 2532 2820 valemus
2561 2766 2719 2820 simul
2765 2765 2934 2820 bibere
2962 2765 3176 2820 calicem
3203 2763 3438 2832 Domini,
3465 2773 3518 2820 et
3566 2765 3770 2820 calicem

479 2856 773 2926 nori/icabit
794 2867 993 2927 patrem
1017 2874 1167 2913 suum
1190 2866 1238 2913 et
1261 2856 1712 2930 matrem(Matth.
1731 2857 2075 2929 xv,55eqq.).
2180 2858 2553 2914 dtentoniorum
2582 2857 2625 2931 (Ι
2657 2856 2779 2912 Cor.
2808 2874 2866 2925 x,
2898 2858 2989 2925 20,
3018 2858 3140 2928 21).
3191 2857 3251 2915 In
3289 2856 3451 2913 nobis
3478 2856 3660 2929 itaque
3691 2865 3771 2914 est

480 2951 540 3006 Si
580 2950 702 3021 quis
738 2959 861 3022 post
902 2950 1193 3008 adventum
1241 2949 1444 3008 Christi
1494 2950 1821 3018 conciditur,
1866 2959 1919 3006 et
1968 2964 2076 3005 non
2180 2952 2470 3009 comedere
2496 2951 2580 3007 vel
2622 2950 2847 3019 munda,
2875 2951 2965 3007 vel
2996 2949 3299 3007 immunda.
3329 2949 3391 3008 Si
3419 2949 3566 3007 enim
3591 2949 3771 3007 mundi

477 3047 928 3104 circumciditur:
978 3046 1219 3104 Judaicis
1262 3048 1431 3104 servit
1463 3046 1663 3103 fabulis
1723 3056 1779 3103 et
1808 3046 2079 3102 mandatis
2181 3063 2390 3112 sumus,
2438 3046 2640 3102 munda
2687 3045 2846 3102 nobis
2890 3056 2975 3102 eat
3023 3055 3301 3103 creatura.
3347 3045 3407 3102 Si
3452 3054 3632 3102 autem
3677 3046 3772 3102 im-

483 3139 768 3197 hnminum
790 3143 1158 3198 averSantium
1189 3143 1479 3199 veritatem
1512 3140 1621 3216 [ΑΙ.
1654 3140 1927 3214 veritate].
1959 3139 2077 3196 Non
2182 3139 2369 3195 mundi
2399 3148 2456 3195 et
2483 3138 2751 3207 inﬁdeles,
2783 3139 2919 3194 ﬁunt
2946 3138 3106 3195 nobis
3134 3139 3389 3195 universa
3418 3138 3721 3195 communia
3754 3153 3771 3198 :

483 3234 628 3289 enim
658 3233 749 3305 qui
787 3235 842 3290 in
876 3234 1177 3291 manifesto
1208 3235 1432 3293 Iudaeus
1480 3248 1585 3301 est,
1620 3236 1715 3292 sed
1754 3237 1846 3308 qui
1887 3240 1939 3291 in
1987 3251 2079 3291 oc-
2109 3220 2158 3285 Ο
2185 3237 2303 3295 sive
2334 3253 2431 3309 per
2468 3235 2862 3292 inhabitantem
2893 3236 2946 3291 in
2977 3235 3243 3292 cordibus
3272 3235 3479 3292 nostris
3506 3235 3771 3301 haeresim,

384 4628 389 4634 ’
481 4651 584 4697 tem
630 4651 681 4696 et
727 4641 1026 4712 infidelibus
1075 4641 1207 4697 nihil
1252 4642 1504 4697 mundum
1545 4656 1565 4695 :

487 3327 638 3383 culto
669 3345 683 3382 :
713 3337 768 3383 et
795 3328 1139 3385 circumcisio
1168 3329 1353 3385 cordis
1396 3330 1449 3384 in
1478 3330 1699 3400 spiritu,
1733 3344 1841 3385 non
1872 3329 2076 3385 littera.

487 3421 544 3478 Si
574 3421 696 3489 quis
726 3420 937 3478 Pascha
966 3423 1099 3494 agit,
1149 3439 1254 3478 non
1296 3423 1349 3478 in
1385 3423 1597 3496 azymis
1643 3422 1984 3478 sinceritatis
2027 3431 2083 3478 et

484 3514 732 3570 veritatis
762 3531 776 3569 :
823 3523 882 3570 ut
906 3515 1242 3572 exterminet
1266 3532 1334 3572 ex
1363 3516 1549 3571 anima
1594 3529 1693 3572 sua
1719 3530 1884 3571 ornne
1927 3521 2084 3570 vetus

487 3607 818 3665 fermentum
870 3609 1095 3666 malitia:
1145 3618 1202 3666 et
1244 3609 1541 3681 nequitiae:
1588 3609 1690 3665 iste
1733 3607 1961 3664 attendit
1998 3606 2082 3662 l'a-

488 3699 665 3769 bulas,
691 3711 747 3757 ct
772 3701 992 3758 umbras
1019 3702 1287 3774 sequitur,
1322 3702 1551 3759 veritate
1580 3701 1845 3773 neglecta.
1879 3700 2082 3771 Siquis

484 3810 597 3850 non
648 3810 943 3867 resurgens
980 3811 1104 3851 cum
1143 3794 1388 3862 Christo,
1420 3810 1520 3851 nec
1558 3808 1811 3866 quaerens
1849 3807 1912 3850 ea
1962 3808 2084 3864 quae

484 3904 702 3949 Sursum
731 3900 880 3958 sunt,
910 3890 1003 3947 sed
1037 3907 1155 3961 qua:
1183 3890 1466 3956 deorsum,
1507 3889 1642 3945 dicit
1672 3908 1684 3943 :
1721 3888 1804 3945 Ne
1833 3889 2080 3960 tetigeris,

485 3998 550 4037 ne
569 3982 876 4054 gustaveris,
905 4000 969 4038 ne
1001 3986 1302 4038 tractaveris
1327 3998 1443 4052 qua:
1471 3991 1587 4037 sunt
1632 3983 1687 4037 in
1726 3982 2082 4051 corruptione,

489 4076 609 4144 ipso
642 4089 740 4131 usu
768 4075 1071 4131 secundum
1099 4082 1372 4146 praecepta
1397 4082 1452 4130 et
1480 4073 1759 4129 doctrinas
1779 4072 2081 4138 hominum,

495 4169 603 4225 iste
630 4170 875 4238 sequitur
899 4169 1142 4239 jnstitias
1187 4184 1294 4224 non
1339 4169 1529 4237 bonas,
1571 4177 1627 4223 et
1676 4175 1945 4237 praecepta
1976 4180 2084 4220 non

485 4261 653 4319 bona.
704 4261 807 4320 Ubi
862 4274 1044 4321 autem
1096 4273 1179 4318 est
1233 4261 1456 4330 veritas,
1530 4271 1585 4317 et
1634 4262 1725 4318 lex
1767 4261 1928 4333 7n
1974 4261 2088 4330 spi-

485 4355 722 4421 ritualis,
749 4358 839 4412 ubi
865 4356 1288 4428 justilicationes
1332 4358 1510 4424 bonae,
1557 4362 1615 4413 et
1659 4363 1935 4427 praecepta
1963 4364 2089 4411 sunt

487 4454 694 4522 Optima
720 4470 733 4507 :
766 4468 888 4524 qua:
920 4453 1016 4522 qui
1047 4452 1265 4520 lecerit,
1293 4453 1441 4508 vivet
1469 4452 1525 4507 in
1551 4451 1653 4507 eis.

558 4545 744 4618 (Vers.
779 4545 895 4617 15.)
924 4546 1115 4603 Omnia
1142 4548 1334 4602 munda
1360 4546 1589 4611 mundis,
1618 4544 1966 4617 coinquinatis
1985 4560 2088 4599 au-

484 4751 664 4792 eorum
686 4746 737 4789 et
766 4751 934 4803 mens,
959 4744 1007 4790 et
1026 4734 1369 4791 conscientia.
1392 4734 1529 4802 Quia
1550 4734 1800 4803 superius
1828 4731 2042 4787 dixerat
2066 4749 2079 4784 :

489 4829 628 4885 Sunt
660 4830 793 4885 enim
833 4830 985 4884 multi
1021 4839 1069 4884 et
1111 4845 1211 4884 non
1236 4828 1448 4895 subditi,
1484 4826 1774 4894 vaniloqui,
1817 4836 1865 4881 et
1902 4827 2087 4899 decep-

486 4932 647 4990 tores,
679 4924 905 4978 maxime
933 4923 1024 4994 qui
1050 4924 1115 4978 de
1158 4924 1547 4978 circumcisione
1591 4932 1729 4988 sunt,
1780 4929 1838 4977 et
1881 4922 1950 4976 de
1999 4920 2083 4975 his

484 5019 578 5090 qui
622 5018 692 5073 ab
720 5020 800 5074 eis
825 5018 1037 5088 decepti
1069 5016 1306 5085 fuerant,
1337 5024 1740 5088 etinsequenter
1760 5014 2079 5070 addiderat:

485 5110 711 5186 Increpa
748 5113 869 5167 illos
902 5112 1116 5175 acriter,
1167 5121 1222 5165 ut
1260 5111 1375 5165 sani
1403 5111 1504 5165 sint
1536 5110 1589 5164 in
1618 5108 1743 5180 ﬁde,
1776 5125 1878 5162 non
1909 5107 2085 5161 inten-

482 5206 658 5261 dentes
683 5204 926 5261 Judaicis
955 5206 1151 5275 fabulis
1201 5216 1249 5260 et
1315 5204 1575 5257 mandatis
1628 5204 1897 5256 hominum
1936 5218 2083 5256 aver-

486 5303 711 5357 santinm
740 5303 1028 5356 veritatem.
1055 5299 1123 5355 Et
1151 5299 1426 5371 quomodo
1453 5297 1521 5351 ad
1549 5294 1772 5352 Galatas
1797 5304 1852 5350 et
1876 5294 1944 5349 ad
1980 5294 2089 5349 Ro—

482 5411 680 5453 manos
727 5396 1042 5469 plenissime
1087 5396 1422 5468 disputatur,
1472 5394 1736 5464 putabant
1765 5393 1909 5448 inter
1933 5393 2088 5449 cibos

481 5505 608 5547 esse
644 5489 987 5559 distantiam,
1020 5504 1146 5548 cum
1178 5488 1349 5561 aliqui
1392 5486 1601 5554 mundi,
1641 5484 1810 5559 aliqui
1842 5486 2091 5544 videren-

477 5592 571 5643 tur
597 5585 887 5655 immundi,
920 5595 1215 5659 propterea
1246 5600 1389 5641 nunc
1429 5581 1638 5640 inl‘ert:
1671 5581 1863 5640 Omnia
1891 5585 2090 5642 munda

2186 3331 2349 3403 712
2394 3329 2511 3385 sive
2540 3343 2637 3399 per
2681 3329 3074 3385 conscientiam
3117 3327 3469 3384 delictorum.
3512 3326 3681 3384 Porro
3729 3326 3774 3383 si

2184 3423 2521 3480 conscientia
2551 3434 2735 3479 nostra
2758 3437 2860 3478 nos
2883 3436 2989 3478 non
3019 3420 3461 3493 reprehenderit,
3495 3430 3551 3478 et
3577 3420 3775 3477 habue-

2189 3517 2361 3573 rimus
2420 3515 2671 3572 liduciam
2725 3515 2942 3585 pietatis
2994 3514 3063 3571 ad
3122 3515 3448 3575 Dominum:
3505 3513 3778 3571 arabimus

2186 3610 2406 3681 spiritu,
2435 3609 2716 3664 orabimus
2738 3618 2795 3665 et
2823 3617 3046 3665 mente:
3079 3607 3375 3680 psallemus
3395 3608 3608 3679 spiritu,
3635 3605 3780 3678 psal-

2188 3705 2364 3760 lemus
2404 3712 2460 3759 et
2501 3712 2687 3759 mente
2717 3702 2761 3774 (I
2791 3703 2913 3759 Cor.
2964 3702 3079 3774 xw)
3112 3720 3125 3757 :
3160 3714 3217 3760 et
3261 3702 3452 3775 procul
3480 3702 3680 3759 erimus
3709 3700 3779 3757 ab

2188 3796 2296 3866 his,
2323 3796 2393 3852 de
2413 3796 2613 3867 quibus
2644 3811 2793 3852 nunc
2822 3796 3085 3853 scribitur
3117 3811 3133 3851 :
3190 3795 3409 3853 Polluta
3433 3805 3511 3853 est
3531 3812 3704 3853 eorum
3730 3804 3779 3851 et

2187 3909 2335 3946 mens
2363 3903 2410 3945 et
2433 3892 2774 3946 conscientia.

2260 3982 2443 4055 (Vers.
2471 3982 2589 4052 16.)
2615 3982 2943 4053 Conﬁtentur
2967 3999 3022 4038 se
3048 3999 3200 4039 nosse
3220 3981 3414 4054 Deum,
3432 3984 3583 4053 factis
3605 3993 3781 4039 autem

2187 4088 2405 4151 negant:
2438 4077 2795 4141 exsecrabiles,
2827 4088 2873 4133 et
2899 4078 3273 4148 inobedientes,
3308 4090 3356 4132 et
3384 4080 3455 4133 ad
3484 4094 3622 4134 omne
3642 4093 3785 4150 opus

2189 4172 2379 4226 bonum
2422 4171 2646 4240 reprobi.
2681 4169 2746 4225 Ili
2776 4185 3009 4241 quorum
3057 4170 3262 4241 polluta
3292 4182 3399 4239 est,
3441 4179 3499 4228 et
3526 4184 3700 4235 mens,
3730 4177 3786 4225 et

2188 4263 2545 4331 conscientia,
2601 4265 2767 4319 Deum
2815 4278 2876 4320 se
2907 4279 3069 4322 nosse
3107 4264 3458 4331 conﬁtentur,
3489 4265 3638 4323 lactis
3689 4280 3788 4320 au—

2191 4370 2299 4415 tem
2333 4369 2536 4430 negant
2581 4358 2878 4415 secundum
2913 4358 3045 4415 illud
3074 4359 3220 4432 quod
3263 4360 3317 4417 in
3366 4359 3502 4416 Isaia
3541 4359 3782 4415 dicitur:

2196 4452 2430 4526 Populus
2459 4451 2543 4507 hic
2566 4453 2723 4508 labiis
2745 4469 2826 4507 me
2853 4455 3098 4520 honorat,
3123 4469 3215 4509 cor
3240 4464 3417 4510 autem
3436 4470 3610 4509 eorum
3630 4452 3785 4525 longe

2193 4557 2269 4602 est
2296 4564 2329 4602 a
2355 4564 2437 4602 me
2463 4544 2808 4620 (Ισαί.ιιιιι,
2840 4548 2953 4615 l3).
2985 4545 3272 4614 Quomodo
3310 4546 3476 4617 igitur
3503 4545 3655 4602 labiis
3685 4543 3784 4616 qui

1617 4640 1709 4695 sed
1749 4611 1959 4712 polluta
2006 4647 2084 4693 est
2112 4611 2166 4673 D
2191 4641 2449 4707 honorat,
2471 4611 2530 4698 et
2549 4640 2718 4697 corde
2746 4611 2938 4709 procul
2960 4611 3169 4696 recedit
3192 4658 3206 4695 :
3229 4640 3303 4695 ita
3332 4611 3503 4697 beam
3525 4611 3779 4696 sermone

2190 4738 2313 4809 quis
2340 4736 2628 4801 conﬁtens,
2677 4732 2939 4802 operibus
2973 4740 3157 4804 negat.
3187 4732 3405 4803 Negans
3449 4739 3624 4787 autem
3650 4743 3787 4802 ope-

2199 4830 2347 4886 ribus
2403 4829 2602 4897 Deum,
2631 4826 2980 4885 confessione
3024 4827 3283 4883 simulata
3324 4835 3474 4883 recte
3523 4840 3785 4883 exsecra-

2193 4928 2316 4984 bilis
2343 4938 2397 4983 et
2424 4926 2681 4996 profanus
2706 4933 2792 4981 est
2831 4943 2844 4979 ε
2877 4933 2933 4980 et
2963 4925 3113 4979 nulla
3146 4923 3396 4979 veritatis
3424 4924 3628 4979 ratione
3658 4936 3789 4992 per-

2191 5036 2406 5090 suasus,
2433 5018 2750 5075 inobediens
2805 5028 2862 5074 et
2907 5015 3225 5073 incredulus
3269 5016 3593 5088 appellatur.
3623 5012 3788 5070 Unde

2192 5114 2375 5172 evenit
2406 5125 2466 5169 ut
2503 5113 2570 5168 ad
2599 5128 2766 5169 omne
2802 5127 2939 5183 Opus
2968 5111 3169 5167 bonum
3200 5111 3478 5183 reprobus
3498 5111 3566 5168 sit
3592 5127 3605 5163 :
3632 5108 3789 5182 quod

2190 5211 2424 5275 scilicet,
2469 5206 2630 5262 etiam
2658 5222 2721 5263 ea
2760 5223 2883 5276 qua:
2927 5206 3162 5262 naturali
3209 5206 3458 5262 bonitate
3500 5213 3789 5275 superatus

2192 5304 2331 5360 forte
2361 5304 2501 5355 bona
2543 5299 2755 5365 fecerit,
2787 5315 2898 5355 non
2929 5299 3039 5355 sint
3067 5299 3236 5366 bona,
3270 5298 3402 5354 dum
3431 5298 3618 5356 mentis
3663 5311 3791 5364 per-

2190 5396 2450 5452 versitate
2496 5402 2624 5448 sunt
2671 5392 2925 5464 reproba.
2980 5392 3311 5448 Existimant
3361 5390 3579 5463 quidam
3623 5387 3684 5443 in
3719 5402 3788 5444 co

2190 5498 2403 5545 tantum
2435 5485 2605 5542 Deum
2633 5484 2843 5554 negari,
2866 5484 2916 5540 si
2946 5482 3001 5539 in
3027 5482 3416 5554 persecutione
3442 5481 3561 5554 quis
3583 5493 3608 5533 a
3639 5478 3791 5534 Gen-

2192 5580 2382 5639 tilibus
2399 5577 2853 5669 comprehensus,
2893 5592 2955 5634 se
2986 5578 3237 5634 renuerit
3269 5575 3625 5634 Christianum
3663 5567 3788 5644 [ΑΙ.

552 5786 580 5816 ι
627 5776 820 5834 Hiulco
848 5789 1023 5845 penes
1048 5774 1425 5833 Martianaeum
1450 5786 1640 5844 sensu,
1672 5788 1776 5830 non
1805 5772 2149 5830 attendentes.
2177 5769 2304 5830 Mox
2337 5766 2739 5828 Cistercienses
2762 5778 2923 5838 mss.,
2953 5774 3002 5820 et
3028 5763 3313 5823 mendaciis
3335 5761 3605 5828 hominum,
3642 5765 3789 5831 etc.,

484 5863 586 5920 pro
615 5846 875 5906 mandatis
902 5862 921 5903 :
952 5845 1112 5905 falso.
