3962 6338
209 296 290 356 δτι

715 298 1374 361 COMMENTARIORUM
1415 302 1482 360 IN
1525 300 1916 362 EPISTOLAM
1957 303 2051 361 AD
2095 303 2308 366 ΤῐΤυΜ
2353 309 2578 371 LIBER.
2622 313 2778 373 CAP.
2823 314 2890 374 Il.

3343 318 3452 379 578

204 417 322 470 addit
354 413 505 488 esse].
547 415 656 473 Sed
687 433 816 477 ccce
846 423 1144 493 Apostolus
1167 424 1424 480 omnibus
1455 440 1576 494 qua:
1624 440 1746 494 per—
1772 422 1827 484 Δ
1855 422 1984 478 lium
2014 425 2062 479 in
2088 425 2333 494 Christo,
2359 439 2413 484 et
2440 429 2764 500 discipulum
2793 446 2949 487 suum
2975 430 3159 496 docet,
3195 439 3257 488 ut
3278 448 3340 489 ea
3373 435 3452 490 lo-

203 521 328 562 versa
353 518 468 563 sunt
499 509 679 578 factis,
713 513 886 569 Deum
925 517 1126 572 asserit
1156 517 1435 590 denegari.
1486 518 1744 601 Christus
1844 531 2045 593 quatur
2080 537 2201 593 quae
2237 539 2385 580 sana:
2423 524 2688 582 doctrina:
2739 529 3069 584 conveniant
3103 546 3115 582 :
3147 529 3270 601 quia
3324 538 3453 586 tunc

199 599 424 669 sapientia
455 609 558 667 cst,
586 604 820 675 justitia,
853 608 1084 676 veritas,
1130 613 1412 676 sanctitas.
1453 599 1736 668 fortitudo.

195 692 392 766 Negatur
415 711 506 765 per
534 697 902 770 insipientiam
935 704 1228 775 sapientia,
1269 721 1366 777 per
1395 705 1740 778 iniquitatem

190 789 380 860 iustitia,
421 807 514 862 per
550 795 896 853 mendacium
943 799 1175 864 veritas,
1223 815 1320 870 per
1348 797 1739 869 turpitudinem

193 884 442 949 sanctitas,
487 900 586 956 per
634 886 1069 946 imbecillitatem
1119 891 1288 947 animi
1340 893 1622 948 fortitudo.
1670 893 1742 949 Et

189 975 600 1050 quotiescumque
627 980 896 1039 vincimur
917 983 1064 1040 vitiis
1090 994 1255 1057 atque
1281 989 1543 1058 peccatis,
1576 989 1740 1045 toties

192 1069 324 1126 Deum
371 1087 644 1143 negamus.
702 1075 774 1132 Ut
821 1076 930 1150 [Αι.
980 1077 1071 1151 Ει]
1126 1081 1466 1147 econtrario,
1519 1081 1738 1154 quoties

187 1163 297 1220 bene
316 1166 431 1236 quid
459 1169 698 1238 agimus,
728 1170 897 1226 Deum
928 1173 1274 1230 confitemur.
1319 1176 1428 1232 Nec
1467 1177 1740 1232 arbitran-

191 1255 290 1312 dum
311 1267 384 1313 est
409 1259 459 1315 in
489 1259 580 1317 die
616 1261 810 1334 judicii
835 1264 954 1320 illos
985 1274 1194 1321 tantum
1228 1283 1257 1322 a
1289 1269 1382 1324 Dei
1407 1268 1547 1325 Filio
1568 1269 1725 1324 dene-

187 1353 376 1426 gandos,
402 1357 488 1425 qui
523 1357 576 1412 in
611 1362 879 1432 martyrio
907 1359 1192 1418 Christum
1225 1364 1564 1436 denegarunt
1593 1382 1606 1419 :
1641 1365 1735 1421 sed

187 1465 265 1522 per
285 1451 447 1507 omnia
478 1467 674 1523 Opera,
705 1471 1018 1522 sermones,
1050 1458 1433 1530 cogitationes,
1458 1457 1734 1526 Christus,

188 1543 253 1599 vel
277 1555 486 1615 negatus
518 1557 703 1618 negat,
733 1549 819 1604 vel
850 1549 1139 1608 confessus
1165 1552 1478 1608 confitetur.
1524 1553 1602 1609 De
1638 1554 1736 1610 hac

183 1647 288 1708 puto
305 1638 637 1695 confessione
662 1650 719 1698 et
738 1642 1024 1713 discipulis
1049 1647 1334 1717 prmcepit,
1359 1646 1580 1702 dicens:
1617 1646 1736 1701 Eri-

183 1728 232 1783 lis
253 1730 363 1783 mihi
391 1740 543 1787 testes
571 1733 627 1787 in
651 1731 968 1802 Jerusalem,
998 1747 1046 1792 et
1073 1738 1124 1792 in
1157 1740 1298 1793 οηιηὶ
1329 1737 1521 1794 Iudaea
1551 1750 1598 1795 et
1632 1741 1734 1794 Sa-

1842 613 2108 670 doctrinte
2137 617 2207 671 sit
2251 617 2476 685 sanitas,
2509 633 2632 675 cum
2662 620 2904 677 doctoris
2934 620 3182 678 doctrina
3216 620 3447 694 pariter,

1841 714 1898 762 et
1924 707 2034 762 vita
2061 709 2426 766 consentiant.

1914 801 2072 858 Vers.
2105 803 2188 876 9..)
2223 805 2380 860 Senes
2409 807 2606 863 sobrios
2636 824 2762 875 esse,
2789 809 3055 877 honestos,
3088 811 3327 883 pudicos,
3354 828 3442 867 sa-

1842 915 1935 953 nos
1955 901 2008 954 in
2039 900 2161 968 ﬁde,
2184 911 2230 954 et
2257 902 2527 968 charitate,
2559 915 2608 958 et
2641 906 2910 974 patientia.
2937 906 3286 963 Generaliter
3316 906 3444 962 Tito

1839 1003 1969 1048 ante
1999 995 2324 1064 prmcipiens
2349 995 2477 1065 quid
2522 996 2640 1066 ipse
2663 997 2807 1069 loqui
2840 998 3069 1056 deberet
3093 999 3159 1055 ad
3187 1011 3436 1064 cunctos,

1841 1087 1896 1143 in
1925 1104 1990 1143 eo
2039 1089 2182 1159 quod
2215 1088 2292 1144 ait
2323 1106 2336 1142 :
2365 1089 2446 1143 Tu
2477 1107 2592 1145 vero
2643 1090 2855 1164 loquere
2895 1111 3014 1166 qua:
3061 1098 3205 1150 decet
3260 1111 3445 1150 sanam

1841 1181 2134 1235 doctrinam
2157 1197 2176 1236 :
2209 1197 2351 1237 nunc
2390 1198 2488 1253 per
2514 1183 2756 1256 singulas
2786 1188 2999 1254 species
3026 1197 3052 1227 ι
3080 1187 3207 1259 quid
3252 1205 3443 1244 unam-

1838 1287 2111 1343 quamque
2140 1282 2352 1329 :ctatem
2383 1275 2595 1338 deceat,
2623 1279 2866 1348 exponit.
2891 1279 3056 1353 7ιά
3087 1279 3326 1336 Primum
3350 1296 3436 1338 se-

1841 1364 2000 1419 nibus
2045 1365 2177 1420 viris
2210 1366 2588 1422 convenientia
2609 1409 2622 1431 ,
2670 1369 2870 1426 deinde
2907 1387 3045 1428 anus
3075 1373 3200 1444 quid
3230 1373 3444 1442 deceat,

1840 1459 2002 1515 tertio
2031 1475 2151 1530 qua:
2177 1460 2622 1517 adolescentibus
2653 1473 2776 1534 apta
2803 1465 2932 1531 sint,
2967 1473 3074 1520 tam
3099 1467 3338 1523 maribus
3362 1467 3442 1521 vi-

1838 1551 2058 1621 delicet,
2089 1570 2250 1624 quam
2293 1553 2512 1611 feminis
2541 1573 2555 1610 :
2590 1557 2723 1614 licet
2762 1558 2815 1613 in
2849 1571 3125 1629 praecepto
3151 1562 3441 1618 mulierum

1839 1646 2142 1702 vetularum
2167 1647 2235 1702 de
2258 1648 2700 1707 adolescentibus
2730 1651 2949 1708 feminis
2977 1654 3229 1711 mandata
3259 1657 3444 1726 subje-

1837 1734 1977 1789 cerit
2012 1753 2025 1789 :
2060 1746 2117 1790 ut
2145 1753 2250 1790 non
2273 1747 2378 1792 tam
2407 1740 2521 1808 ipse
2544 1741 2771 1796 doceret
2791 1741 3255 1811 adolescentulas,
3278 1762 3440 1818 quam

184 1825 335 1891 maria,
363 1834 408 1878 ct
434 1843 594 1898 usque
632 1829 700 1884 ad
731 1841 1015 1886 extremum
1060 1843 1213 1888 terra:
1241 1835 1380 1904 (Act.
1417 1851 1454 1900 ι,
1485 1833 1564 1906 8),
1591 1845 1647 1890 ut
1677 1835 1730 1890 in

1844 1825 1964 1896 quid
1996 1841 2026 1881 a
2057 1829 2255 1883 vetulis
2285 1829 2651 1900 docerentur,
2701 1845 3027 1904 exponeret.
3079 1837 3348 1894 Extremo
3379 1841 3448 1896 de

179 1917 387 1974 omnibus
432 1919 594 1976 bonis
640 1924 897 1990 Operibus
946 1933 1110 1995 atque
1157 1927 1526 1995 sermonibus,
1578 1944 1733 1985 mens

178 2005 417 2066 Christum
468 2012 573 2084 ipsi
619 2013 804 2071 dedita
851 2017 1198 2074 confiteatur.
1233 2019 1332 2074 Est
1378 2029 1435 2075 et
1483 2021 1731 2090 quatdam

176 2099 404 2158 laudanda
434 2105 678 2175 negatio,
712 2106 780 2163 de
807 2124 910 2179 qua
943 2118 1000 2164 et
1039 2109 1156 2180 ipse
1187 2111 1485 2182 Apostolus
1515 2112 1589 2166 ait
1617 2129 1630 2164 :
1666 2109 1734 2166 Ut

176 2196 440 2269 abnegantes
470 2198 789 2272 impietatem
843 2211 891 2255 et
921 2204 1200 2257 sa'cularia
1243 2203 1517 2270 desideria,
1562 2212 1724 2272 caste,

175 2299 216 2343 ct
239 2293 386 2363 juste,
417 2302 462 2347 et
493 2295 578 2366 pie
605 2295 838 2349 vivamus
887 2297 939 2350 in
971 2298 1213 2368 praesenti
1240 2299 1428 2353 saeculo
1457 2315 1476 2354 :
1518 2316 1730 2371 exspec-

175 2388 315 2439 tantes
358 2385 558 2441 beatam
611 2388 772 2461 713
817 2404 960 2461 spem
1010 2398 1057 2443 et
1103 2391 1382 2446 adventum
1440 2391 1733 2448 Saluatoris

177 2479 313 2532 nostri
336 2479 427 2535 Dei
455 2479 592 2554 ('I‘it.
623 2498 694 2550 tt,
727 2483 842 2554 ιε).
877 2483 1047 2550 Quam
1078 2485 1420 2555 negationem
1453 2487 1542 2558 qui
1573 2502 1736 2559 nega-

178 2575 312 2640 verit,
363 2583 416 2630 et
462 2577 621 2646 sequi
679 2577 922 2633 voluerit
971 2578 1317 2636 Salvatorem
1367 2581 1676 2652 loquentem
1717 2599 1730 2636 :

177 2664 461 2740 Quicumque
488 2669 716 2725 uoluerit
746 2669 856 2743 [ΑΙ.
905 2670 1034 2744 vult]
1066 2673 1235 2728 venire
1275 2675 1345 2728 ad
1386 2691 1484 2741 me,
1518 2674 1734 2747 abneget

171 2761 464 2832 temetipsum
491 2761 653 2832 (Luc.
689 2780 770 2832 ts,
802 2765 918 2837 25),
953 2778 1156 2824 exutus
1184 2777 1432 2826 veterem
1457 2770 1732 2826 hominem

171 2864 271 2907 cum
316 2855 576 2926 operibus
619 2859 761 2927 ejus,
811 2870 867 2915 et
921 2860 1150 2917 indutus
1199 2879 1422 2928 novum,
1477 2876 1737 2934 sequetur

169 2941 314 3000 Deum
340 2962 519 3003 suum.
554 2947 845 3016 Quomodo
871 2962 1053 3009 autem
1076 2969 1136 3010 se
1161 2955 1282 3026 quis
1308 2957 1570 3027 abneget,
1601 2972 1734 3012 con-

171 3040 509 3110 templandum
545 3053 656 3100 est.
683 3043 924 3102 Pudicus
957 3047 1372 3117 fornicatorem,
1405 3051 1548 3122 quod
1581 3051 1734 3122 prius

169 3135 337 3206 fuerat,
364 3148 527 3211 negat
562 3159 576 3194 :
609 3141 828 3212 sapiens
871 3142 1276 3215 imprudentem
1297 3190 1311 3214 ,
1340 3145 1517 3218 justus
1551 3147 1730 3215 injus-

1839 1918 2030 1986 servis,
2057 1929 2115 1974 et
2135 1935 2232 1991 per
2262 1923 2502 1994 singulas
2523 1933 2734 1991 aetates,
2769 1939 2823 1983 et
2851 1929 3220 1998 conditiones,
3253 1931 3330 1988 sic
3351 1932 3448 1990 deo

1837 2023 2023 2070 center
2045 2027 2320 2088 praecepta
2363 2019 2668 2088 consuluit,
2698 2032 2758 2075 ut
2787 2036 2972 2078 sermo
3001 2023 3120 2093 ejus
3146 2025 3272 2079 vitae
3327 2041 3448 2080 mo-

1837 2123 2063 2180 rumque
2092 2110 2161 2165 sit
2189 2111 2396 2183 regula.
2433 2112 2604 2170 Senes
2649 2114 2814 2186 igitur
2857 2115 3071 2174 sobrios
3103 2133 3224 2176 esse
3249 2118 3301 2186 δ,
3333 2122 3448 2178 sive

1835 2202 2144 2273 vigilantes,
2178 2206 2305 2276 quia
2333 2207 2564 2281 νηφάλιοι
2615 2209 2755 2279 apud
2786 2209 3005 2268 Graecos
3034 2221 3325 2285 utrumque
3354 2229 3444 2270 so-

1838 2306 1931 2353 nat
1960 2316 1970 2352 :
2000 2299 2279 2366 honestos,
2307 2309 2367 2355 ut
2396 2304 2572 2358 anatis
2599 2304 2919 2374 gravitatem
2969 2322 3182 2362 morum
3210 2309 3450 2379 gravitas

1837 2389 2058 2447 decoret
2093 2410 2103 2444 :
2139 2392 2384 2462 pudicos,
2427 2410 2494 2450 ue
2527 2396 2578 2450 in
2613 2397 2792 2454 aliena
2841 2410 3000 2455 mtate
3047 2401 3342 2470 luxurient,
3379 2419 3448 2460 ne

1833 2482 1943 2553 jam
1968 2483 2160 2554 frigido
2180 2485 2247 2540 ad
2279 2486 2558 2542 libidinem
2589 2490 2874 2559 sanguine,
2902 2494 3152 2563 exemplo
3179 2495 3288 2549 sint
3313 2494 3447 2552 ado-

1839 2575 2166 2631 lescentibus
2195 2577 2262 2632 ad
2294 2579 2526 2634 ruinam.
2560 2580 2731 2636 Sanos
2778 2581 2832 2637 in
2877 2582 3012 2652 fide,
3047 2585 3117 2640 de
3161 2601 3264 2657 qua
3319 2587 3444 2644 fidei

1837 2669 2069 2724 sanitate
2095 2685 2254 2742 supra
2283 2671 2541 2728 diximus.
2588 2672 2762 2732 Sanos
2787 2686 2970 2732 autem
3010 2693 3115 2733 non
3151 2688 3354 2734 tantum
3387 2681 3442 2736 in

1838 2759 1965 2825 fide,
2003 2776 2192 2818 verum
2232 2773 2287 2818 et
2320 2765 2371 2818 in
2413 2765 2699 2832 charitate,
2745 2778 2798 2822 et
2830 2769 2882 2822 in
2925 2769 3203 2840 patientia,
3236 2778 3295 2826 ut
3318 2786 3442 2827 cum

1836 2858 2068 2928 primam
2099 2858 2220 2914 fidei
2255 2859 2544 2916 habuerint
2571 2863 2863 2919 sanitatem
2883 2906 2897 2930 ,
2928 2863 3153 2920 audiant
3177 2881 3208 2921 a
3250 2866 3446 2922 Salva-

1839 2962 1957 3010 tore
1990 2969 2003 3009 :
2036 2952 2197 3010 Fides
2229 2964 2316 3010 tua
2353 2967 2402 3011 te
2450 2957 2651 3011 saluum
2693 2959 2815 3030 fecit
2866 2957 3060 3028 (Marc.
3103 2976 3160 3025 x,
3206 2960 3322 3034 52).
3377 2961 3447 3018 Et

1838 3048 1967 3103 alibi
2008 3067 2018 3102 :
2067 3046 2256 3118 Neque
2309 3050 2444 3103 enim
2497 3051 2549 3104 in
2600 3048 2771 3104 Israel
2809 3061 3012 3106 tantum
3065 3053 3224 3122 [idem
3271 3054 3447 3109 inveni

1839 3141 2058 3212 (Matth.
2093 3159 2206 3206 vni,
2237 3142 2346 3215 10).
2381 3143 2446 3198 Ει
2477 3154 2698 3216 propter
2719 3145 2961 3201 eamdem
3001 3145 3125 3202 fidei
3156 3149 3443 3204 sanitatem

169 3236 282 3294 tum,
305 3232 456 3290 fortis
485 3235 789 3292 infirmum.
824 3235 894 3292 Et
917 3245 975 3293 ut
999 3239 1050 3293 in
1079 3215 1367 3296 commune
1388 3240 1456 3296 de
1477 3240 1736 3296 omnibus
1761 3215 1808 3280 (ἶ
1842 3236 1970 3290 fiant
2016 3235 2110 3290 filii
2164 3237 2429 3303 Abrafne,
2481 3239 2548 3293 de
2577 3215 2686 3309 quo
2729 3241 2987 3309 scriptum
3045 3251 3127 3296 est
3157 3258 3170 3295 :
3214 3240 3450 3298 Credidit

165 3320 350 3395 loquar,
399 3329 573 3386 toties
623 3345 892 3402 negamus
937 3347 1059 3397 nos,
1115 3333 1338 3404 quoties
1387 3335 1568 3405 priora
1607 3334 1732 3388 vitia

167 3420 437 3490 calcantes,
461 3424 772 3480 desinimus
794 3441 917 3483 esse
947 3427 1089 3496 qttod
1126 3426 1343 3494 fuimus,
1368 3437 1425 3482 et
1446 3428 1736 3500 incipimus

165 3526 266 3570 esse
293 3517 431 3585 quod
468 3525 603 3574 ante
632 3535 740 3575 non
774 3519 1000 3574 fuimus.

223 3608 360 3680 (Cap.
383 3609 692 3667 ll.—Vers.
728 3610 809 3684 1.)
839 3611 918 3666 Tu
940 3629 1058 3667 vero
1089 3613 1296 3685 loquere
1331 3631 1446 3685 qua:
1474 3614 1618 3670 decet
1654 3631 1739 3670 sa-

164 3715 266 3754 nam
303 3703 621 3761 doctrinam.
663 3703 822 3760 Aliud
853 3715 937 3760 est
979 3719 1166 3760 sanam
1217 3705 1522 3763 doctrinam
1564 3708 1736 3780 loqui,

165 3793 284 3848 aliud
307 3811 364 3850 ea
394 3813 522 3869 qua:
554 3813 706 3853 Sana:
727 3797 1059 3854 conveniunt
1086 3797 1284 3854 docere
1305 3799 1567 3857 doctrina:
1598 3820 1610 3856 :
1643 3803 1737 3873 qui

161 3885 208 3944 in
250 3889 417 3948 altero
467 3892 706 3962 simplex
751 3901 957 3948 tantum
1009 3891 1278 3950 institutio
1306 3904 1434 3950 est:
1470 3896 1521 3952 in
1563 3897 1740 3954 altero

162 3994 265 4038 cum
292 4001 357 4041 eo
381 3985 535 4058 quod
563 3987 790 4056 dOrens,
822 3987 946 4044 vita:
977 4004 1190 4059 quoque
1208 3991 1479 4046 correctio
1500 4002 1604 4046 est.
1638 3992 1740 4060 Qui

160 4078 276 4132 enim
303 4081 508 4136 solverit
535 4097 694 4136 unum
714 4082 777 4136 de
803 4082 1062 4138 mandatis
1083 4083 1196 4138 istis
1214 4085 1465 4153 minimis,
1485 4097 1531 4140 et
1550 4087 1742 4142 docue-

160 4171 218 4227 rit
249 4177 316 4230 sic
359 4176 621 4244 homines,
648 4177 890 4234 minimus
916 4178 1184 4234 vocabitur
1215 4179 1269 4235 in
1300 4196 1459 4254 regno
1494 4182 1740 4236 caelorum

158 4265 351 4338 (Matth.
380 4286 434 4338 v,
469 4271 604 4340 19):
643 4270 872 4326 Domino
903 4269 1256 4342 praecipiente
1299 4272 1600 4343 discipulis,
1634 4289 1740 4330 non

160 4362 313 4418 solum
344 4366 397 4421 in
431 4366 794 4422 meditatione
820 4364 1229 4438 Scripturarum
1249 4381 1346 4424 eos
1373 4367 1626 4424 laborare
1649 4367 1741 4424 de-

158 4455 293 4527 bere,
321 4469 376 4515 ut
406 4476 536 4533 quae
578 4461 786 4531 scripta
827 4471 974 4530 sunt,
1005 4460 1291 4530 rcplicent,
1319 4468 1376 4518 et
1419 4461 1658 4517 condant
1687 4459 1740 4516 in

158 4553 416 4610 memoria:
446 4554 710 4610 thesauro
740 4571 754 4609 :
784 4553 879 4610 sed
915 4553 1065 4624 prius
1089 4553 1291 4609 faciant
1318 4569 1440 4626 quas:
1470 4561 1740 4626 praecepta

156 4655 284 4702 sunt.
311 4648 638 4720 Quicumque
661 4665 778 4704 vero
800 4649 980 4720 fecerit
1004 4656 1054 4703 et
1079 4649 1332 4714 docuerit,
1365 4648 1454 4704 ille
1481 4650 1742 4705 vocabitur

158 4754 352 4811 magnus
377 4743 435 4798 in
457 4759 620 4815 regno
642 4743 905 4797 caelorum.
935 4740 1051 4797 Nisi
1074 4741 1219 4797 enim
1245 4755 1599 4811 supergressa
1622 4743 1739 4799 fue-

155 4833 214 4886 rit
243 4847 422 4892 nostra
465 4835 686 4907 justitia
717 4834 1029 4892 Scribarum
1055 4834 1323 4905 justitiam
1351 4845 1407 4890 et
1438 4834 1740 4891 Pharisazo-

155 4939 280 4994 tum,
296 4943 404 4985 non
423 4926 943 5000 possumusingredi
959 4941 1124 4999 regna
1142 4927 1402 4984 caelorum
1422 4926 1639 4997 (Matth.
1659 4928 1738 4998 v).

154 5017 242 5086 Qui
267 5037 433 5092 supra
472 5020 643 5094 Moysi
669 5019 986 5076 cathedram
1015 5020 1304 5088 sedentes,
1336 5019 1524 5075 dicunt
1550 5027 1606 5076 et
1632 5035 1741 5076 non

156 5111 368 5182 faciunt,
395 5126 454 5172 et
486 5115 711 5188 alligant
744 5129 909 5171 onera
937 5113 1326 5186 importabilia.
1369 5130 1488 5186 qua:
1516 5113 1746 5170 cervici-

152 5204 242 5264 bus
259 5209 547 5266 hominum
569 5211 876 5280 imponunt,
903 5217 960 5265 et
980 5209 1082 5280 ipsi
1112 5208 1339 5263 minimo
1369 5207 1537 5278 digito
1561 5210 1747 5265 nolunt

154 5304 574 5376 cacontingere.
608 5302 725 5360 Hoc
753 5302 915 5373 igitur
952 5315 1100 5357 nunc
1135 5301 1428 5373 Apostolus
1465 5299 1647 5356 Titum
1681 5303 1744 5358 fi-

214 5420 428 5490 sts..
462 5421 536 5474 ad
560 5433 978 5490 unamquamque
1018 5426 1222 5473 (etatem
1255 5432 1371 5488 qua:
1399 5417 1597 5484 deceat,
1637 5427 1742 5474 etc.

215 5487 242 5526 δ
275 5492 442 5547 Addit
468 5487 766 5556 Victorius,
797 5491 1052 5562 praecipit.

219 5571 241 5600 ε
271 5563 450 5620 Aliter
478 5565 732 5618 videatur
762 5559 1004 5618 sensisse
1044 5561 1100 5614 in
1131 5560 1386 5631 Catalogo
1413 5559 1479 5615 ad
1521 5575 1638 5630 cap.
1669 5562 1703 5617 5
1729 5579 1742 5616 :

152 5634 382 5706 Epistula
415 5651 537 5707 quae
577 5637 765 5707 fertur“
799 5634 866 5687 ad
918 5631 1184 5707 Hebraeos,
1220 5649 1338 5707 non
1388 5634 1502 5707 ejus
1546 5633 1745 5707 (Pauli)

152 5704 372 5778 creditur
400 5704 618 5777 prapter
643 5704 1149 5778 styli_sermonisque
1194 5704 1574 5778 dissonantium
1601 5746 1618 5771 ,
1657 5706 1746 5762 sed

147 5780 220 5832 vel
245 5775 533 5846 Barnaba,
559 5775 722 5852 juxta
760 5775 1162 5852 Tertullianum,
1194 5777 1271 5852 vel
1294 5775 1461 5852 Pacta
1508 5777 1750 5852 Evange-

151 5851 302 5918 listte,
340 5854 510 5923 juxta
549 5846 823 5923 quosdam,
865 5848 944 5904 vel
977 5846 1256 5903 Clementis
1286 5848 1536 5906 Romana:
1568 5846 1749 5921 postea

1765 4613 1820 4676 D

1839 3329 2105 3383 Abraham
2138 3327 2270 3398 Deo,
2303 3339 2351 3384 et
2380 3341 2675 3403 reputatum
2700 3343 2775 3387 est
2806 3332 2889 3388 illi
2918 3334 2988 3388 ad
3008 3335 3276 3408 justitiam
3325 3334 3450 3407 (Ge-

1839 3439 1952 3477 nes.
1986 3439 2077 3489 xv,
2111 3421 2191 3494 8).
2225 3423 2293 3479 Et
2316 3422 2534 3479 Abacuc
2558 3425 2626 3480 de
2655 3427 2755 3481 hac
2785 3424 2906 3482 fidei
2935 3427 3170 3484 sanitate
3199 3443 3445 3484 comme-

1840 3531 2060 3571 morans
2099 3517 2175 3570 ait
2215 3535 2228 3571 :
2265 3515 2459 3572 Justus
2489 3527 2662 3572 autem
2689 3533 2752 3573 ea:
2786 3518 2892 3589 fide
2920 3536 3034 3575 mea
3072 3521 3188 3575 vivit
3226 3520 3342 3594 [AL
3374 3521 3450 3576 ri-

1839 3610 1950 3682 νει]
1983 3610 2165 3678 (Abac.
2220 3626 2281 3680 ιι,
2331 3613 2412 3681 5).
2474 3610 2672 3683 Relege
2721 3612 2787 3666 ad
2835 3613 3095 3670 Hebrzeos
3147 3613 3446 3686 Epistolam

1843 3704 1998 3762 Pauli
2040 3705 2273 3774 apostoli
2307 3705 2448 3776 (sive
2484 3705 2871 3777 cujuscumque
2900 3707 3124 3764 alterius
3165 3723 3284 3763 eam
3325 3724 3450 3767 esse

1842 3806 2020 3868 putas,
2047 3800 2170 3869 quia
2190 3797 2302 3868 jam
2327 3799 2468 3854 inter
2495 3797 2904 3856 Ecclesiasticas
2921 3810 3044 3858 cest
3063 3802 3330 3876 recepta),
3367 3812 3448 3860 to-

1842 3902 1954 3947 tum
1989 3893 2138 3948 illum
2169 3893 2473 3964 catalogum
2506 3894 2627 3950 fidei
2656 3910 2936 3962 enumera,
2973 3896 3026 3950 in
3054 3912 3160 3966 quo
3186 3898 3446 3967 scriptum

1842 3995 1924 4040 est
1960 4003 1971 4039 :
2005 3983 2143 4038 Fide
2171 3989 2344 4058 majus
2368 3986 2690 4056 sacri/icium
2719 3987 2848 4043 Abel
2875 4005 2907 4042 a
2953 3988 3084 4043 Cain
3117 3989 3299 4044 obtulit
3336 3991 3446 4048 Deo

1843 4080 2032 4152 (Hebr.
2066 4096 2144 4146 st,
2172 4080 2207 4134 ὀ
2231 4083 2424 4152 seqq.).
2472 4081 2540 4138 Et
2569 4101 2580 4137 :
2615 4081 2803 4137 Enoch
2836 4085 3126 4140 translatus
3152 4094 3250 4153 est,
3282 4101 3348 4140 ne
3371 4086 3452 4142 ui-

1843 4179 1982 4232 deret
2010 4183 2261 4244 mortem;
2289 4186 2346 4232 et
2370 4175 2483 4233 Noe
2528 4176 2596 4234 de
2646 4177 2730 4232 his
2758 4193 2880 4249 quae
2925 4178 3154 4236 necdum
3205 4179 3448 4252 videbat,

1845 4269 1955 4325 Deo
1975 4269 2204 4326 credens
2235 4271 2531 4328 fabricatus
2551 4281 2634 4328 est
2655 4287 2862 4342 arcam,
2893 4283 2947 4330 et
2970 4275 3238 4332 Abraham
3262 4277 3315 4332 in
3340 4287 3450 4335 ter-

1843 4378 1955 4419 ram
1997 4379 2157 4434 quam
2191 4363 2508 4432 nesciebat,
2539 4380 2793 4438 egressus
2823 4375 2926 4423 est.
2960 4367 3029 4423 Et
3071 4383 3141 4425 ne
3170 4368 3450 4427 videretur

1843 4454 2121 4528 Scriptura
2155 4457 2357 4512 nullum
2414 4457 2737 4516 mulieribus
2784 4459 2905 4517 fidei
2937 4463 3254 4533 exemplum
3285 4463 3450 4532 dare,

1845 4550 1900 4604 in
1935 4551 2126 4606 eadem
2174 4551 2412 4623 Epistola
2464 4552 2738 4618 scribitur.
2773 4555 2896 4625 quia
2925 4564 2980 4611 et
3018 4555 3150 4612 Sara
3179 4559 3454 4630 acceperit

1847 4645 2104 4702 virtutem
2157 4646 2223 4702 ad
2273 4646 2640 4716 recipiendum
2672 4663 2880 4717 semen,
2931 4651 3109 4705 alieno
3135 4650 3244 4720 jam
3274 4651 3453 4708 aetatis

1847 4754 1961 4796 sua:
2001 4753 2263 4808 tempore,
2294 4738 2419 4809 quia
2472 4738 2684 4796 fidelem
2733 4755 2855 4795 eum
2886 4742 2977 4812 qui
3025 4743 3449 4813 repromiserat,

1847 4831 2105 4886 arbitrata
2137 4840 2243 4885 est.
2280 4828 2555 4885 Laudatur
2583 4830 2652 4885 ibi
2692 4831 2824 4888 fides
2859 4832 3027 4901 Isaac,
3056 4844 3110 4890 et
3135 4835 3324 4902 Jacoh,
3357 4838 3452 4895 Jo-

1848 4923 2006 4996 seph,
2033 4923 2206 4996 Moysi
2234 4939 2449 4994 quoque
2480 4933 2534 4979 et
2559 4923 2770 4989 Rahab,
2800 4935 3145 4998 cancrorum,
3175 4945 3311 5002 quos
3335 4947 3451 4988 me-

1850 5019 1953 5074 lius
1983 5026 2162 5088 potest
2187 5019 2351 5084 scire,
2383 5017 2476 5088 qui
2510 5017 2680 5088 ipsam
2713 5020 3014 5090 Epistolam
3058 5023 3268 5094 legerit.
3300 5026 3448 5092 Quo-

1851 5113 2013 5170 modo
2043 5121 2128 5170 est
2157 5111 2321 5183 igitur
2349 5112 2472 5168 fidei
2509 5113 2670 5186 715
2698 5113 2901 5171 sanitas
2932 5133 2946 5170 :
2982 5120 3053 5173 ita
3089 5118 3276 5174 eadem
3304 5120 3451 5174 sani-

1853 5219 1936 5264 tas
1974 5219 2030 5264 et
2061 5208 2112 5263 in
2138 5207 2404 5264 charitate
2431 5217 2534 5263 est.
2564 5207 2696 5276 Quis
2733 5218 2914 5264 autem
2953 5212 3242 5268 sanitatem
3275 5214 3448 5283 possi-

1851 5305 1944 5361 det
1978 5302 2281 5370 charitatis,
2327 5302 2430 5358 nisi
2463 5301 2556 5359 ille
2580 5303 2672 5374 qui
2721 5304 2956 5375 primum
2988 5305 3156 5362 Deum
3195 5306 3454 5366 dilexerit

1856 5416 2388 5493 Ecclesiw_episc0pi,
2437 5433 2608 5493 quem,
2639 5418 2810 5493 aiunt,
2842 5418 2942 5491 ipsi
2967 5419 3293 5493 adjunctum,
3333 5441 3450 5480 sen-

1855 5490 2040 5544 tentias
2096 5488 2255 5544 Pauli
2301 5490 2518 5558 prOprio
2559 5489 2826 5544 ordinasse
2863 5488 2922 5544 et
2953 5488 3167 5546 ornasse
3194 5511 3446 5554 sermone.

1862 5560 2141 5636 Velicerte,
2169 5561 2305 5636 quia)
2323 5559 2526 5636 Paulus
2553 5561 2892 5636 scribebatad
2926 5562 3190 5626 Hebrteos,
3217 5576 3266 5620 et
3284 5585 3448 5636 prop-

1857 5641 1938 5710 ter
1956 5634 2201 5710 invidiam
2226 5634 2307 5686 sui
2340 5632 2482 5702 apud
2508 5649 2592 5710 eos
2626 5633 2847 5710 nominis
2871 5636 3080 5710 titulum
3105 5637 3159 5690 in
3189 5632 3448 5710 principio

1858 5705 2190 5760 salutationis
2238 5706 2601 5776 amputaverit.
2642 5703 2842 5760 Confer
2868 5722 2988 5775 quae
3015 5707 3082 5762 ad
3115 5703 3238 5764 euin
3270 5703 3446 5767 locum

1857 5777 2018 5833 nobis
2065 5785 2325 5833 annotata
2366 5784 2518 5842 sunt,
2553 5785 2612 5832 ut
2641 5777 2931 5849 plerosque
2959 5779 3096 5836 alios
3122 5795 3270 5838 nunc
3296 5783 3454 5842 omit-

1859 5859 2053 5904 tantus.
