3948 6334
475 264 588 337 8‘79

1733 271 1797 335 Β.
1834 270 2111 337 ΕΠΒΕΒΙΙ
2144 272 2524 344 ΒΙΕΒΟΝΥΜΙ

3670 290 3762 349 586

484 402 551 485 es
570 396 696 485 tota
723 387 1073 485 animatus,
1101 394 1156 446 ct
1180 402 1246 485 ex
1278 396 1395 485 toto
1420 388 1588 450 corde
1620 404 1741 458 suo,
1778 400 1836 449 et
1862 407 1928 485 ex
1962 393 2085 449 totis
2113 401 2165 459 Δ
2190 417 2275 463 est
2295 408 2351 462 in
2380 406 2506 474 title,
2536 408 2629 480 qui
2656 422 2825 465 sanus
2864 409 2921 465 in
2951 407 3240 479 ebaritate,
3273 424 3438 469 sanus
3463 424 3684 485 quoque
3708 416 3766 468 sit

479 482 690 539 viribus
718 483 867 539 suis?
906 483 1114 540 Deinde
1162 484 1365 541 Christi
1405 491 1737 555 praeceptum
1773 484 2001 542 audiens
2027 485 2081 542 in

482 576 791 648 proximum
829 594 845 631 :
895 576 1097 650 Diliges
1146 577 1444 647 proximum
1492 586 1639 632 tuum
1683 578 1819 633 sicut
1868 578 2088 651 teipaunt

486 665 704 739 (Matth.
732 668 806 741 v).
842 668 1088 726 diviserit
1124 669 1444 728 charitatem
1475 690 1490 725 :
1521 671 1647 741 quia
1680 671 1737 729 in
1761 672 1849 730 bis
1873 671 2088 729 duobus

483 747 760 821 mandatis
783 762 981 833 pendet
1005 764 1181 821 omnis
1210 764 1321 821 Lex
1351 777 1409 822 et
1445 765 1757 836 Prophetm.
1792 764 1899 833 Qui
1926 764 2089 821 habet

481 855 770 912 sanitatem
791 852 1095 925 charitatis,
1120 872 1231 914 non
1256 857 1567 925 tumulatur,
1584 874 1690 917 non
1710 857 1955 927 inflatur,
1978 874 2087 915 non

481 947 596 1019 agit
621 962 942 1020 perperam,
975 965 1083 1006 non
1116 949 1423 1016 inhoneste,
1478 967 1584 1007 non
1632 952 1701 1008 ad
1754 950 2088 1009 iracundiam

483 1042 813 1109 concitatur,
845 1057 955 1099 non
975 1044 1177 1115 cogitat
1199 1044 1429 1109 malum,
1461 1059 1568 1100 non
1592 1043 1796 1116 gaudet
1821 1042 1932 1118 [AL
1960 1059 2091 1099 con-

481 1133 715 1207 gaudet]
747 1150 911 1209 super
954 1136 1265 1210 iniquitate,
1289 1138 1595 1211 congaudet
1637 1147 1821 1199 autem
1851 1138 2089 1205 veritati,

483 1226 670 1286 omnia
699 1229 957 1297 sustinet,
987 1230 1171 1287 omnia
1206 1230 1405 1299 credit,
1434 1233 1619 1287 omnia
1657 1240 1867 1303 sperat,
1907 1230 2092 1289 omnia

481 1321 830 1395 prmstolatur
859 1322 905 1397 (l
933 1318 1058 1380 Cor.
1097 1323 1238 1395 nu).
1274 1323 1341 1378 Et
1366 1323 1497 1397 quia
1521 1324 1769 1381 cbaritas
1794 1338 2090 1396 numquam

484 1416 723 1484 excidit,
755 1417 847 1488 qui
892 1418 949 1473 in
977 1416 1262 1474 charitatis
1287 1428 1371 1474 est
1411 1419 1664 1485 sanitate,
1712 1434 2010 1493 numquam
2036 1425 2091 1473 et

483 1509 605 1584 ipse
631 1513 860 1568 corruit.
886 1510 1169 1582 Siquidem
1217 1526 1317 1568 nec
1347 1511 1630 1571 tribulatio
1653 1528 1802 1580 eum,
1848 1527 1952 1569 nec
1993 1526 2093 1568 au-

482 1607 684 1680 gustia,
717 1622 818 1664 nec
864 1605 1061 1675 fames,
1090 1621 1191 1664 nec
1218 1606 1548 1677 persecutio,
1592 1621 1701 1664 nec
1724 1606 1960 1677 auditas,
1989 1620 2093 1663 nec

483 1700 820 1772 periculum,
877 1714 979 1756 nec
1001 1698 1213 1771 gladius
1250 1714 1505 1769 separare
1539 1701 1744 1772 poterit
1779 1714 1811 1754 a
1855 1700 2094 1757 sanitate

484 1793 793 1865 charitatis,
815 1809 977 1864 quam
1009 1793 1266 1850 habuerit
1296 1794 1353 1850 in
1396 1793 1621 1853 Christo
1656 1796 1807 1853 Iesu.
1838 1794 1975 1863 Quid
2025 1794 2095 1851 de
2124 1793 2171 1856 Β

485 1885 666 1958 gladio
686 1896 743 1944 et
766 1886 984 1943 czeteris
1011 1886 1314 1942 minoribus
1342 1887 1561 1958 loquar,
1589 1902 1717 1959 qua:
1745 1901 1851 1942 non
1869 1894 2094 1959 possunt

484 1995 610 2039 eum
648 1980 893 2038 dividere
917 2021 934 2047 ,
994 1981 1091 2052 qui
1142 1981 1396 2037 sanitatis
1438 1979 1682 2052 possidet
1725 1981 2092 2038 cboritatem:

490 2087 617 2131 cum
673 2088 775 2130 nec
812 2086 984 2141 mors,
1016 2088 1119 2129 nec
1158 2074 1291 2143 vita,
1326 2088 1431 2132 nec
1454 2074 1657 2146 angeli,
1694 2090 1793 2132 nec
1825 2074 2097 2145 principe.

488 2173 599 2232 tus,
632 2180 735 2221 nec
765 2165 1077 2237 praesentia,
1123 2180 1225 2222 nec
1265 2165 1471 2231 futura,
1518 2181 1622 2225 nec
1663 2166 1949 2234 fortitudo,
1995 2181 2097 2222 nec

486 2257 742 2326 altitudo,
770 2273 874 2315 nec
899 2257 1257 2329 profundum,
1291 2273 1394 2314 nec
1419 2258 1529 2315 alia
1553 2259 1814 2330 qutclibet
1841 2267 2095 2316 creatura

483 2352 661 2426 possit
687 2366 942 2423 separare
967 2367 1090 2409 eum
1120 2353 1213 2423 qui
1239 2352 1403 2409 habet
1420 2352 1745 2410 charitatem
1770 2351 2020 2409 sanitatis
2039 2353 2097 2411 in

486 2444 707 2503 Christo
727 2445 902 2502 Jesu?
933 2444 991 2503 Si
1014 2445 1295 2503 intellecta
1316 2455 1402 2502 est
1429 2460 1461 2502 a
1488 2446 1650 2503 nobis
1676 2447 1888 2504 sanitas
1913 2445 2096 2505 chari-

489 2542 639 2609 tatis,
672 2541 743 2597 de
763 2540 1065 2612 Scriptor-is
1095 2539 1315 2612 aliquod
1338 2555 1620 2598 sumamus
1635 2541 1970 2611 exemplum,
2001 2554 2097 2597 eo-

485 2651 609 2694 rum
635 2636 729 2709 qui
762 2638 817 2692 in
846 2635 1163 2691 inﬁrmitate
1209 2642 1337 2691 sunt
1376 2632 1686 2690 charitatis.
1731 2633 1825 2691 Ait
1847 2632 2099 2691 Salvator

486 2728 557 2787 de
577 2729 837 2786 extremis
857 2726 1196 2799 temporibus
1222 2746 1234 2781 :
1269 2726 1409 2793 Quia
1434 2742 1551 2783 cum
1578 2725 1921 2799 multiplicata
1944 2726 2100 2798 fuerit

485 2822 761 2896 iniquitas,
785 2823 1083 2894 refrigescet
1109 2821 1343 2877 chariton
1367 2821 1651 2877 multorum
1673 2818 1894 2892 (Matth.
1919 2820 2093 2890 ntv).

487 2915 680 2976 Calida
707 2915 911 2989 quippe
941 2928 1026 2972 est
1050 2914 1291 2971 charitas
1322 2914 1377 2969 iu
1410 2914 1495 2969 his
1520 2914 1614 2985 qui
1653 2911 1869 2970 fervent
1906 2912 1961 2966 in
1982 2913 2098 2983 Spi-

485 3011 595 3071 ritu
625 3030 641 3068 :
671 3011 873 3082 [rigens
900 3018 1081 3067 autem
1112 3019 1169 3065 et
1210 3009 1462 3080 glacialis
1507 3018 1563 3064 et
1584 3007 1761 3081 gelida
1790 3007 1844 3063 in
1875 3006 1961 3062 his
2004 3007 2097 3077 qui

484 3104 649 3163 ﬂatus
674 3103 964 3176 Aquilonis
991 3102 1319 3159 durissimos
1360 3116 1668 3171 suscepere.
1714 3101 1791 3156 At
1838 3099 2096 3167 Aquilone

486 3198 631 3254 enim
654 3199 994 3255 esardesceut
1025 3196 1169 3252 mola
1196 3211 1357 3267 super
1396 3212 1574 3251 omnes
1614 3194 1964 3250 inhabitantes
1992 3203 2099 3251 ter-
2124 3195 2168 3259 C

486 3309 604 3349 ram
627 3290 848 3367 (lerant.
874 3308 913 3357 t,
946 3289 1061 3362 lt).
1090 3291 1169 3349 De
1194 3289 1300 3347 hoc
1325 3290 1531 3362 frigore
1557 3288 1840 3347 charitatis
1877 3297 1934 3346 et
1962 3290 2095 3345 Am-

484 3402 619 3445 mon
638 3387 695 3444 in
713 3402 901 3445 sorore
921 3401 1017 3443 sua
1047 3385 1288 3443 Tnamar
1309 3386 1624 3457 obriguerat
1652 3384 1731 3459 (ll
1780 3384 1912 3456 Reg.
1942 3382 2092 3456 xui).

487 3479 820 3538 Timendum
838 3495 972 3552 ergo
996 3496 1066 3536 ne
1091 3479 1233 3536 forte
1256 3489 1313 3537 et
1328 3494 1431 3536 nos
1455 3479 1555 3536 hac
1579 3479 1895 3535 infirmitate
1915 3473 2096 3535 chari-

488 3574 625 3631 tatis
641 3572 942 3646 aliquando
967 3587 1312 3644 superentur.
1336 3571 1750 3644 Nonnumquam
1784 3575 1939 3628 enim
1967 3585 2097 3628 eve-

489 3667 595 3733 nit,
622 3676 683 3723 ut
715 3668 953 3737 primum
986 3680 1021 3721 a
1050 3666 1285 3721 nobisin
1315 3665 1602 3737 virginem,
1635 3665 1752 3723 sive
1779 3664 1837 3722 in
1866 3664 2099 3736 quamli-

485 3759 582 3817 bet
602 3760 861 3816 feminam
884 3759 952 3814 sit
980 3769 1171 3814 sancta
1191 3757 1415 3815 dilectio
1439 3776 1452 3812 :
1477 3767 1531 3815 et
1559 3774 1681 3816 cum
1714 3758 1920 3815 mollita
1942 3771 2097 3815 meus

482 3853 650 3913 fuerit
666 3855 721 3912 in
736 3854 983 3921 allectus,
1012 3854 1273 3925 paulatim
1298 3854 1504 3912 sanitas
1529 3854 1810 3912 charitatis
1834 3855 2098 3927 languore

484 3949 770 4021 palleseat,
798 3958 856 4006 et
880 3947 1144 4004 inﬁrmari
1174 3946 1420 4019 incipiat,
1443 3956 1498 4004 et
1528 3947 1595 4003 ad
1620 3956 1920 4004 extremam
1949 3962 2098 4005 utor-

486 4049 597 4097 tem
619 4040 938 4112 diligentem
956 4039 1120 4097 ferat.
1140 4038 1297 4097 Unde
1323 4048 1377 4096 et.
1406 4040 1702 4110 Apostolus
1720 4048 1877 4097 caute
1896 4048 1953 4097 et
1971 4054 2099 4111 pru-

487 4134 681 4192 denter
701 4132 996 4191 Timotheo
1036 4134 1302 4205 principit,
1349 4144 1406 4190 ut
1432 4133 1751 4191 exbortetur
1777 4133 2101 4191 adolescen-

491 4229 632 4284 tulas
662 4229 719 4283 in
737 4230 889 4284 omni
906 4228 1159 4284 castitate
1181 4226 1224 4299 (ι
1253 4226 1389 4282 Tim.
1408 4229 1488 4297 ν).
1516 4228 1703 4284 Omnis
1729 4236 1909 4283 autem
1931 4227 2099 4283 casti-

496 4329 584 4377 tas
603 4321 661 4378 in
686 4336 855 4377 carne
881 4330 939 4376 et
960 4321 1155 4390 spiritu
1179 4328 1235 4376 et
1251 4319 1424 4376 anima
1453 4320 1533 4376 eSt
1566 4338 1579 4373 :
1612 4336 1682 4375 ne
1707 4318 2101 4376 scandalizetur

492 4414 661 4488 716
679 4413 909 4481 oculus;
934 4428 1005 4469 ne
1028 4414 1082 4470 in
1099 4412 1507 4484 pulchritudine
1533 4413 1716 4468 vultus
1746 4412 1961 4468 feminae
1982 4410 2098 4469 hae-

490 4517 679 4565 rentes
709 4506 1046 4578 pendeamus
1067 4504 1178 4579 [Αἰ.
1204 4505 1621 4579 impenduntur]
1646 4525 1658 4561 :
1690 4522 1755 4562 uc
1780 4505 1976 4562 blanda
1999 4520 2099 4562 nos

2188 499 2245 555 in
2274 500 2535 571 patientia
2569 518 2585 556 :
2612 509 2669 558 et
2694 501 2981 574 patientis,
3013 518 3133 575 qum
3163 502 3401 560 maxime
3441 504 3493 559 in
3527 504 3764 559 tcnlatio’

2190 593 2353 649 nibus
2378 596 2807 666 comprobatur:
2835 597 2961 667 quia
2982 596 3120 653 nihil
3144 597 3638 669 prodesthabuisse
3664 613 3769 668 qua:

2190 698 2353 759 supra
2379 693 2859 759 enumeravimusI,
2893 692 2997 748 nisi
3029 704 3218 749 omnes
3245 691 3452 749 divitia:
3494 702 3551 749 et
3592 689 3771 748 merci-

2193 782 2395 849 mooia,
2430 782 2629 853 quibus
2669 792 2865 842 onusta
2910 788 3066 844 navis
3095 795 3203 855 est,
3236 786 3289 843 in
3317 795 3647 860 tempestate
3674 801 3776 846 ser-

2192 886 2407 943 ventur,
2433 886 2486 932 et
2523 877 2881 948 perlantibus
2907 880 3033 937 hinc
3060 881 3189 938 inde
3206 880 3409 947 ventis,
3424 882 3631 955 absque
3653 898 3774 940 nan-

2193 971 2367 1044 frsgio
2412 986 2502 1035 ea.
2555 986 2679 1043 qua:
2717 974 2860 1030 bene
2908 984 3063 1045 parta
3095 984 3252 1043 sunt,
3313 973 3635 1033 liberentur.
3686 976 3777 1045 Qui

2192 1066 2344 1120 enim
2391 1067 2797 1136 perseveraverit
2828 1083 2991 1140 usque
3034 1068 3086 1124 in
3116 1069 3299 1139 ﬁnem,
3346 1068 3431 1124 Iric
3468 1066 3643 1125 salvus
3694 1070 3775 1122 erit

2196 1159 2413 1232 (Matth.
2448 1177 2598 1231 xxxv,
2635 1162 2750 1235 l3).

2266 1274 2450 1347 (Vers.
2478 1278 2513 1334 3
2533 1278 2712 1350 seqq.)
2743 1280 2887 1334 Anus
2913 1280 3150 1336 similiter
3164 1280 3219 1335 in
3250 1280 3426 1337 habitu
3452 1290 3659 1348 sancto,
3684 1287 3773 1335 non

2194 1374 2528 1443 incentrices,
2551 1391 2653 1430 non
2688 1377 2807 1430 vino
2834 1376 2999 1431 multo
3024 1376 3337 1445 servientes;
3367 1375 3495 1432 bene
3521 1376 3775 1447 docentes,

2196 1478 2252 1525 ut
2279 1471 2350 1524 ad
2374 1473 2667 1528 castitatem
2693 1472 2936 1527 erudiant
2957 1468 3401 1541 adolescentulos,
3439 1484 3498 1528 ut
3520 1483 3696 1527 autent
3716 1473 3781 1528 ri-

2197 1581 2283 1620 ros
2317 1582 2460 1632 suos,
2491 1574 2547 1621 ut
2586 1578 2758 1621 ament
2798 1566 2935 1638 ﬁlios
2967 1584 2987 1622 :
3020 1567 3237 1637 pudicas
3261 1609 3277 1634 ,
3311 1578 3520 1639 castas,
3551 1567 3783 1626 habentes

2196 1659 2379 1715 domus
2409 1659 2760 1734 diligentiam,
2792 1660 3069 1735 benignas,
3098 1661 3332 1716 subditas
3377 1661 3502 1716 viris
3544 1661 3691 1728 suis,
3733 1669 3782 1715 ut

2198 1751 2407 1806 verbum
2428 1749 2528 1807 Dei
2550 1770 2652 1806 non
2683 1750 3087 1825 blasphematur.
3110 1750 3348 1810 Tametsi
3378 1752 3667 1826 apostolus
3694 1752 3785 1809 Pe-

2200 1851 2318 1900 trus
2355 1846 2699 1915 prmceperit,
2749 1855 2804 1899 ut
2834 1845 2940 1900 viri
2962 1845 3233 1902 uxoribus
3259 1846 3376 1902 suis
3398 1854 3676 1917 tamquam
3708 1844 3783 1900 in-

2197 1938 2424 1995 firmiori
2449 1940 2672 1995 vasculo
2699 1939 2963 1997 honorem
2988 1941 3267 2011 tribuant,
3300 1956 3405 1996 non
3441 1950 3627 1998 tamen
3656 1934 3786 1999 arbi-

2199 2033 2453 2090 trandum
2480 2044 2585 2102 est,
2616 2034 2759 2107 quod
2789 2050 2949 2105 uxor,
2976 2050 3096 2107 qua:
3112 2036 3361 2106 corporis
3390 2035 3675 2092 vasculum
3699 2039 3785 2093 ha-

2197 2127 2290 2186 bet
2336 2127 2637 2200 inlirmum,
2672 2129 2859 2185 statim
2899 2139 2951 2184 et
2996 2132 3178 2186 anima
3220 2128 3490 2186 infirmior
3512 2131 3607 2186 sit.
3642 2128 3789 2189 Unde

2200 2238 2343 2278 nunc
2368 2220 2682 2294 praecipitur
2709 2223 2810 2287 eis,
2846 2232 2898 2279 ut
2932 2224 2984 2278 in
3008 2222 3367 2296 ipsisquoque
3391 2221 3521 2279 illud
3545 2220 3789 2292 Apostuli

2198 2319 2540 2391 compleatur
2575 2338 2588 2375 :
2628 2314 2806 2373 Virtus
2836 2321 2889 2374 in
2926 2317 3230 2390 inﬁrmitate
3271 2319 3541 2393 perﬁcitur
3570 2316 3640 2390 (ιι
3672 2314 3786 2375 Cor.

2198 2433 2295 2483 xu,
2328 2416 2407 2488 9),
2439 2426 2496 2473 et
2520 2417 2739 2483 dicitur,
2766 2424 2823 2470 ut
2847 2426 2905 2472 et
2922 2417 3103 2472 omnia
3137 2417 3395 2485 habeant,
3426 2430 3545 2488 qum
3576 2413 3790 2471 senibus

2199 2511 2330 2568 viris
2360 2520 2489 2567 sunt
2513 2522 2780 2583 prmcepta
2807 2510 3201 2577 communiter,
3235 2508 3286 2564 in
3318 2525 3383 2564 eo
3415 2508 3630 2565 scilicet
3654 2507 3791 2582 quod

2201 2604 2275 2660 ait
2300 2625 2313 2657 :
2341 2607 2484 2659 Anus
2509 2603 2769 2670 similiter,
2800 2602 2905 2658 hoc
2925 2612 3031 2670 est,
3063 2602 3137 2658 ita
3167 2610 3226 2659 ut
3248 2601 3353 2658 viri
3382 2602 3571 2667 senes,
3599 2601 3654 2658 in
3683 2618 3789 2660 om-

2202 2694 2363 2752 nibus
2413 2695 2678 2766 honestae,
2733 2695 2953 2765 sobriae,
2997 2694 3235 2766 pudicte,
3283 2709 3436 2751 sanae
3488 2696 3536 2750 in
3583 2693 3711 2763 fide,
3743 2703 3795 2750 et

2201 2788 2489 2855 charitate,
2523 2800 2576 2845 et
2611 2787 2886 2860 patientia.
2919 2797 2975 2844 et
3007 2804 3105 2859 pro
3146 2804 3278 2844 sexu
3309 2805 3407 2846 suo
3435 2788 3536 2844 hoc
3560 2789 3795 2845 habeant

2204 2884 2514 2954 proprium,
2563 2891 2622 2940 ut
2664 2882 2773 2938 sint
2804 2882 2855 2937 in
2900 2881 3090 2937 habitu
3119 2889 3335 2950 sancto,
3363 2882 3484 2938 sive
3516 2893 3571 2940 ut
3607 2881 3795 2939 melius

2206 2977 2399 3049 legitur
2423 2979 2473 3031 in
2507 2975 2723 3043 Grmco,
2752 2979 2803 3033 ἐν
2830 2981 3193 3052 καταστήματι
3213 2978 3565 3058 ἱεροπρεπεῖς,
3595 2988 3657 3035 ιιι
3685 2978 3795 3049 ipse

2202 3088 2413 3144 quoque
2441 3088 2627 3129 carum
2660 3075 2908 3129 iuressns
2937 3082 3217 3142 ettnotus,
3247 3073 3453 3135 vultus.
3486 3090 3693 3140 sermo,
3728 3073 3797 3131 si-

2203 3165 2464 3233 lentium,
2496 3165 2785 3237 quamdam
2820 3166 3034 3223 decoris
3064 3166 3205 3222 sacri
3247 3167 3540 3238 praeferant
3567 3167 3797 3239 dignita-

2205 3271 2335 3317 tem.
2394 3262 2458 3316 Et
2505 3262 2628 3332 quia
2671 3259 2773 3319 hoc
2812 3278 2982 3332 genus
3033 3261 3474 3318 muliercularum
3507 3278 3632 3319 csse
3660 3263 3802 3321 solet

2201 3355 2502 3426 garrulum,
2528 3355 2680 3427 juxta
2711 3356 2842 3411 illud
2868 3374 2880 3409 :
2907 3354 3082 3411 Simul
3109 3366 3283 3411 autent
3305 3365 3354 3412 et
3383 3358 3562 3414 otiosa
3591 3357 3801 3413 discunt

2201 3449 2474 3503 circumire
2493 3448 2673 3504 domos
2701 3469 2719 3505 :
2748 3467 2849 3504 non
2876 3448 3046 3505 solum
3076 3459 3248 3506 autem
3284 3452 3483 3518 otiose,
3513 3452 3608 3508 sed
3630 3462 3679 3508 et
3694 3469 3804 3511 ner—

2202 3542 2356 3610 bosw,
2381 3552 2427 3596 et
2450 3544 2688 3611 curiosrc,
2717 3542 2981 3615 loquentes
3010 3560 3126 3617 quo:
3178 3561 3281 3600 non
3337 3556 3536 3615 oportet
3590 3546 3639 3619 (l
3667 3545 3797 3602 Tim.

2201 3653 2256 3705 v,
2290 3636 2378 3709 15)
2411 3656 2424 3692 :
2455 3647 2739 3710 propterea
2789 3654 2884 3695 eas
2928 3639 3045 3694 vult
3088 3654 3213 3695 esse
3263 3655 3372 3696 non
3423 3639 3758 3699 iucentriccs
3786 3683 3800 3707 ,

2202 3728 2255 3785 id
2307 3739 2408 3797 est,
2468 3747 2573 3786 non
2627 3731 3017 3798 accusatrices,
3056 3746 3165 3787 non
3215 3732 3354 3787 tales
3406 3748 3526 3805 qua:
3578 3741 3642 3788 ut
3687 3733 3805 3787 aliis

2202 3823 2484 3893 placeant,
2523 3824 2591 3879 de
2630 3823 2753 3880 aliis
2795 3822 3106 3880 detrahant.
3155 3827 3258 3881 Aut
3304 3838 3455 3883 certe
3486 3826 3616 3898 quia
3671 3824 3807 3893 ipsa:

2202 3916 2363 3993 717
2396 3919 2822 3975 adolescentiam
2853 3921 2965 3990 jam
2999 3928 3353 3992 transgressu:
3382 3930 3537 3988 sunt,
3573 3920 3648 3976 de
3678 3919 3810 3976 ado-

2202 4012 2626 4070 lescentularum
2656 4013 2906 4069 mtatibus
2932 4012 3229 4085 disputent,
3258 4024 3311 4069 et
3335 4013 3521 4068 dicant
3548 4030 3565 4069 :
3598 4012 3696 4069 Illa
3733 4011 3807 4067 sic

2201 4116 2463 4174 ornatur,
2505 4107 2593 4161 illa
2642 4107 2722 4163 sic
2760 4107 3033 4171 comitur,
3086 4106 3166 4163 sic
3214 4107 3305 4162 illa
3352 4106 3634 4178 procedit:
3665 4113 3813 4165 amat

2204 4201 2387 4271 illum,
2427 4212 2638 4257 amatur
2668 4202 2735 4258 ab
2775 4200 2901 4258 illo:
2942 4216 3062 4256 cum
3090 4200 3253 4256 etiam
3290 4201 3333 4256 si
3368 4198 3483 4256 lucc
3506 4215 3645 4256 vera
3676 4199 3811 4266 sint,

2202 4312 2310 4353 non
2363 4305 2469 4351 tam
2527 4295 2669 4367 apud
2718 4306 2956 4351 ctcteros
3000 4293 3238 4350 debeant
3279 4309 3582 4363 accusare,
3645 4308 3811 4366 quam

2203 4390 2377 4460 ipsam
2422 4395 2637 4445 secrete
2667 4385 2869 4443 Christi
2898 4384 3166 4443 charitate
3195 4387 3505 4455 corripere,
3548 4396 3609 4443 et
3638 4384 3815 4458 magis

2202 4482 2402 4540 docere
2434 4498 2501 4539 ne
2531 4483 2716 4549 faciat,
2749 4498 2909 4554 quam
2937 4481 2989 4537 in
3021 4481 3242 4553 publico
3261 4495 3520 4538 accusare
3546 4482 3704 4552 quod
3733 4479 3814 4537 fe-

491 4602 683 4658 autlire
714 4575 897 4658 vverba
949 4575 1188 4658 delectet
1217 4618 1231 4656 :
1265 4575 1337 4656 ne
1371 4600 1441 4657 ad
1476 4575 1763 4657 simitlatos
1811 4612 2094 4658 sermones

2202 4579 2356 4634 cerit.
2393 4578 2582 4634 Solent
2604 4576 2689 4633 hac
2716 4584 2925 4643 aetates,
2956 4585 2981 4614 ⁸
3002 4575 3128 4648 quia
3151 4577 3399 4647 corporis
3422 4575 3627 4631 frixere
3658 4576 3814 4630 luxu-

492 4707 650 4750 mens
679 4691 833 4764 prius
877 4691 1019 4748 dura
1060 4703 1382 4749 marcescat.
1412 4691 1651 4748 Caveant
1678 4706 1832 4765 ergo,
1866 4697 1927 4749 ut
1950 4691 2097 4748 dixi-

492 4800 647 4855 mus,
689 4790 799 4841 tatn
826 4783 1060 4855 juvenes
1079 4799 1241 4856 quam
1293 4799 1487 4851 senos,
1538 4794 1647 4842 tam
1677 4783 2095 4842 adolescentium

490 4894 656 4951 quam
679 4877 901 4947 vetulae,
917 4887 975 4935 et
993 4878 1144 4933 omni
1164 4877 1441 4950 diligentia
1457 4879 1771 4936 custodiant
1784 4894 1880 4937 cor
1902 4895 2094 4937 suum:

492 4986 565 5029 ne
610 4986 706 5041 per
732 4970 1025 5026 sanitatem
1059 4968 1397 5040 dilectionis,
1432 4972 1658 5029 morbus
1697 4973 1981 5030 charitatis
2014 4974 2099 5029 in-

492 5073 695 5134 troeat,
722 5072 779 5124 et
808 5080 907 5136 per
936 5078 1187 5121 amorem
1213 5075 1489 5133 sanetum,
1518 5065 1613 5120 liat
1638 5080 1747 5123 non
1777 5076 1968 5123 sancta
2008 5066 2093 5122 di-

490 5161 685 5230 lectio,
717 5174 845 5232 que:
870 5157 1000 5215 illos
1022 5157 1311 5230 pet-trahat
1341 5152 1409 5214 ad
1438 5157 1769 5231 gehennam.
1802 5158 1904 5229 Qui
1931 5174 2097 5216 sanus

568 5344 591 5369 ἰ
623 5330 765 5388 Etliti
818 5342 943 5388 ante
996 5331 1097 5386 hos
1146 5324 1267 5387 libri
1310 5328 1515 5385 nullum
1551 5329 1756 5386 habent
1786 5345 2005 5386 sensum
2040 5334 2093 5386 in

490 5405 597 5462 hac
642 5403 935 5476 poricope;
981 5403 1055 5458 ibi
1096 5405 1244 5458 enim
1277 5402 1478 5476 legitur
1528 5405 1630 5476 hoc
1657 5401 1883 5476 modo;
1914 5401 2098 5476 Solent

489 5476 577 5549 hic
601 5473 803 5543 aetates,
835 5473 969 5549 quia
1013 5476 1250 5547 corporis
1293 5474 1791 5549 {rirereglurcuriam
1826 5473 1968 5547 (licet
1995 5475 2099 5529 sint

490 5547 766 5621 plurium,
795 5545 911 5616 quos
938 5563 1028 5602 nec
1056 5545 1214 5601 cum
1240 5558 1367 5621 suos
1404 5545 1726 5621 "oberrant,
1759 5554 1807 5600 et
1838 5545 1960 5600 ante
1979 5562 2099 5621 gre-

493 5616 611 5689 gem
664 5629 910 5692 nepotum
936 5663 951 5686 ,
1005 5626 1279 5674 trementes
1316 5617 1641 5692 virguncqu
1665 5616 2095 5692 componuntur),

493 5688 617 5747 euro
641 5707 694 5745 se
731 5688 928 5747 ledere
956 5732 968 5756 ,
1021 5699 1129 5747 etc.
1190 5704 1291 5745 nos
1337 5688 1666 5746 auctoritate
1695 5688 2095 5760 exemplarium

494 5762 991 5888 mamoogptorum
1040 5772 1266 5821 «nam
1312 5772 1377 5818 ac
1417 5761 1580 5817 verba
1620 5760 1920 5818 restituere
1943 5774 2097 5818 cura-

495 5847 695 5888 vrmus.
786 5848 914 5888 Αιιτ.

495 5847 695 5890 Vtmus.
734 5847 914 5889 MART.

2199 4671 2276 4728 ria
2308 4670 2416 4746 [Αἰ.
2454 4669 2757 4743 luxuriam]
2786 4667 2939 4742 (licet
2966 4669 3077 4726 sint
3103 4668 3355 4742 plurimm
3375 4710 3391 4738 ,
3436 4682 3557 4740 qum
3587 4683 3700 4723 nec
3727 4682 3817 4723 ca-

2200 4789 2299 4831 nos
2328 4789 2463 4831 suos
2496 4771 2823 4829 erubescant
2846 4808 2864 4838 ,
2904 4780 2962 4829 et
3000 4780 3127 4829 ante
3152 4784 3371 4844 gregem
3398 4776 3673 4841 nepotum
3706 4777 3815 4827 tre-

2199 4883 2410 4932 mentes
2458 4874 2790 4947 virguucula:
2818 4870 3274 4945 componantur),
3303 4868 3331 4911 ιι
3353 4871 3480 4928 vino
3507 4885 3577 4929 se
3601 4870 3816 4927 dedere

2198 4986 2297 5042 pro
2320 4969 2582 5027 libidine:
2610 4977 2666 5023 ct
2692 4984 2815 5024 cum
2839 4967 2982 5024 inter
3003 4966 3193 5039 pocula
3215 4966 3321 5021 sibi
3346 4965 3656 5038 prudentes
3683 4968 3820 5023 vise

2196 5063 2400 5120 fuerint
2426 5074 2482 5119 et
2510 5060 2786 5128 facundae,
2829 5076 3041 5117 morum
3068 5061 3221 5133 quasi
3247 5059 3637 5117 austeritatem
3661 5074 3822 5117 assu-

2200 5172 2372 5225 mere,
2403 5156 2689 5229 loquentes
2720 5154 2825 5212 hoc
2842 5153 2989 5227 quod
3020 5153 3124 5211 sibi
3152 5153 3414 5212 videntur
3437 5168 3592 5222 esse,
3622 5165 3684 5213 ct
3710 5169 3820 5211 non

2276 5329 2305 5371 δ
2334 5330 2583 5386 Martian.
2629 5338 2686 5384 ut
2733 5328 2978 5402 voculam
3007 5328 3093 5386 hic
3126 5330 3430 5399 interserit,
3463 5345 3570 5402 qua
3601 5332 3822 5388 inti-usa

2207 5408 2356 5459 tutus
2401 5402 2615 5476 deperit
2646 5400 3087 5475 Hieronymianm
3113 5403 3409 5476 conteratur
3431 5400 3595 5476 lepor
3618 5415 3686 5459 et
3720 5407 3822 5458 ris.

2205 5476 2405 5552 Jocose
2448 5474 2660 5552 scilicet
2710 5473 2871 5552 atque
2915 5477 3191 5552 ιῖρᾳιγικῶς
3230 5476 3286 5527 8.
3321 5473 3496 5530 Pater
3527 5483 3825 5552 trementes

2206 5545 2540 5619 rirgunculas
2570 5546 2810 5617 appellat
2835 5545 2971 5600 anus'
2998 5547 3143 5611 illas,
3174 5562 3296 5617 qua!
3316 5558 3476 5619 rugas
3495 5548 3694 5604 aniles
3721 5564 3825 5620 po-

2207 5616 2368 5685 liunt,
2421 5618 2637 5674 sedum
2685 5633 2747 5674 se
2773 5627 3116 5691 componunt
3163 5619 3329 5691 quasi
3351 5618 3821 5691 adulescentula.

2207 5660 2497 5761 Quid:
2506 5660 3334 5761 ῖῖέέίτεῖιῖεξ”ἐᾶἱὶ’.”ἥὶὶξιιέἲὲἆόἰ
3351 5660 3823 5747 Ε’ὧῖἔὲἑέἓέιῖτί

2202 5760 2367 5832 plane
2412 5763 2597 5818 verbis
2634 5762 2780 5818 ridet
2809 5761 2969 5832 epist.
3002 5760 3115 5829 38,
3162 5761 3235 5819 de
3262 5760 3659 5833 ﬁguratione
3690 5763 3826 5822 Ble-

2207 5833 2347 5890 sillae
2375 5834 2443 5891 ad
2475 5833 2789 5890 Marcellam
2815 5847 2966 5890 rrum.
2994 5833 3061 5889 ὃς
3105 5846 3223 5905 om:
3246 5835 3467 5904 dentium
3487 5844 3623 5891 ante
3653 5852 3827 5907 trepo-
