3948 6334
468 307 576 369 Β8¹5

1737 301 1798 359 S.
1840 297 2103 360 EUSEBII
2141 297 2521 357 HIERONYMI

3661 295 3772 354 581

465 422 764 480 cendamur
815 422 1082 480 avaritia:
1142 437 1211 479 ne
1256 421 1368 478 ulla
1415 420 1676 494 passione
1714 434 2062 492 superemur.
2091 419 2141 476 Α
2171 425 2256 470 est
2282 415 2371 470 ille
2399 457 2415 480 ,
2470 424 2525 470 et
2551 423 2756 472 sancta:
2786 416 3243 480 conversationis,
3277 414 3573 486 probisqne
3597 411 3769 467 mori-

465 514 744 588 Teipsunt,
791 516 996 587 inquit,
1033 519 1251 586 formant
1285 514 1518 585 prcebens
1547 513 1800 568 bonorum
1827 528 2058 584 cperunt.

466 606 614 664 Nihil
647 609 871 679 prodest
912 609 1148 678 aliquem
1180 611 1538 665 exercitatum
1570 624 1692 664 esse
1722 609 1773 662 in
1805 605 2059 672 dicendo,

467 709 525 756 et
552 701 618 756 ad
651 701 977 774 loquendum
1001 703 1218 759 trivisse
1242 701 1506 774 linguam,
1541 703 1643 757 nisi
1669 702 1788 770 plus
1811 701 2063 771 exemplo

469 795 722 853 docuerit
750 840 764 865 ,
800 813 961 866 quam
996 797 1187 852 verbo.
1236 797 1476 869 Denique
1501 797 1593 868 qui
1627 795 1932 866 impudicus
1957 804 2061 860 est,

469 889 634 961 720
659 889 910 958 quamvis
939 888 1181 945 disertus
1206 889 1309 958 sit,
1341 889 1385 945 si
1414 890 1478 943 ad
1502 889 1809 946 castitatem
1834 887 2062 942 audien-

469 991 554 1037 tes
583 980 922 1048 cohortetur,
957 997 1143 1038 sermo
1169 982 1286 1051 ejus
1321 982 1571 1038 inﬁrmus
1597 993 1709 1048 est,
1747 991 1802 1038 et
1831 981 2067 1036 auctori-

470 1081 636 1131 tatem
669 1091 776 1129 non
817 1073 981 1130 habet
1023 1073 1368 1130 cohortandi.
1432 1075 1498 1129 Et
1535 1075 1850 1130 econtrario
1872 1088 2064 1145 quam-

460 1167 544 1224 vis
573 1167 643 1224 sit
663 1167 974 1224 rusticanus
1001 1176 1058 1223 et
1084 1165 1274 1223 tardus
1301 1167 1369 1223 ad
1410 1168 1771 1237 loquendum,
1805 1167 1852 1221 si
1881 1177 2066 1221 castus

464 1260 926 1331 fuerit,exemplo
941 1275 1043 1316 suo
1075 1259 1332 1316 homines
1364 1267 1547 1329 potest
1575 1259 1640 1314 ad
1669 1259 1794 1314 vita:
1816 1257 2068 1313 similitu-

464 1354 650 1412 dinem
679 1355 988 1428 impellere.
1031 1356 1188 1423 Quod
1217 1366 1399 1410 autem
1436 1356 1535 1422 ait,
1567 1356 1621 1409 in
1650 1356 2066 1424 incorruptione,

465 1449 547 1505 sic
567 1448 967 1515 accipiendum,
1002 1449 1145 1518 quod
1181 1447 1521 1516 incorruptio
1544 1448 1763 1517 proprie
1785 1445 2069 1516 virginita-

466 1553 576 1601 tem
608 1553 786 1599 sonet.
836 1543 1084 1612 Denique
1112 1543 1204 1614 qui
1231 1544 1476 1614 virgines
1505 1551 1654 1609 sunt,
1688 1542 1853 1612 vulgo
1885 1543 2066 1595 incor-

465 1638 610 1708 rupti
641 1637 904 1708 appellari
932 1636 1142 1702 solent;
1169 1648 1218 1691 et
1245 1637 1336 1707 qui
1362 1636 1602 1708 virgines
1631 1649 1754 1692 esse
1778 1633 2066 1696 desierint,

465 1734 708 1806 corrupti
742 1733 1127 1796 nominantur;
1165 1741 1217 1788 et
1249 1731 1500 1798 dicimus,
1534 1731 1626 1785 illa
1658 1746 1776 1800 quae
1810 1728 1909 1783 fuit
1937 1728 2066 1782 olim

2169 508 2269 562 bus
2295 549 2310 575 ,
2355 509 2459 562 nisi
2503 517 2649 564 esset
2678 509 2986 564 haereticus.
3032 509 3206 565 Nemo
3235 518 3316 564 est
3345 508 3491 563 enim
3521 514 3628 562 tam
3657 506 3765 558 im-

2167 600 2458 655 moderata:
2489 601 2842 672 impudentia:
2870 644 2884 668 ,
2937 611 2995 656 ut
3021 603 3152 657 solis
3186 600 3368 657 radios
3396 600 3567 671 possit
3597 613 3764 654 accu-

2167 707 2292 748 Sare
2347 693 2692 757 tenebrosos.
2749 703 2805 749 et
2856 694 3062 749 clarum
3114 695 3299 750 lumen
3328 692 3559 763 caligine
3587 691 3767 746 noctis

2166 785 2465 842 otl‘undere.
2500 786 2656 844 Unde
2683 797 2736 843 et
2762 789 3058 858 Apostolus
3084 787 3204 844 htec
3231 786 3421 844 eadem
3447 799 3765 856 przccavens

2168 882 2267 936 ait:
2321 881 2386 935 Ut
2424 893 2444 921 ο
2477 885 2714 952 auferam
2744 885 3066 937 occasionem
3104 881 3186 936 his
3207 885 3294 952 qui
3328 883 3506 937 uolunt
3530 880 3767 934 occasio-

2168 991 2283 1029 nem
2315 974 2381 1045 (ll
2413 973 2535 1028 Cor.
2562 990 2637 1038 χι.
2672 975 2786 1039 19.).
2845 975 3029 1030 Potest
3055 983 3239 1029 autem
3266 975 3310 1028 is
3329 973 3420 1045 qui
3443 989 3508 1028 ex
3536 971 3771 1026 adverso

2167 1076 2272 1136 est,
2292 1067 2602 1124 etdiabolus
2626 1068 2876 1138 intelligi,
2904 1069 2993 1138 qui
3012 1077 3303 1124 accusator
3316 1076 3398 1122 est
3421 1066 3646 1122 fratrum
3673 1079 3772 1118 no-

2168 1174 2432 1231 strorum,
2463 1174 2521 1218 ut
2548 1162 2787 1220 Joannes
2819 1163 3160 1235 Evangelista
3195 1161 3452 1233 praadicat
3481 1178 3494 1215 :
3519 1161 3611 1232 qui
3644 1175 3771 1214 cum

2170 1259 2301 1313 nihil
2336 1258 2585 1313 habuerit
2632 1258 2756 1313 mali
2789 1257 2931 1330 quod
2958 1258 3114 1313 nobis
3153 1257 3376 1329 ohjiciat
3402 1302 3415 1326 ,
3463 1253 3764 1316 erubescit,

2169 1364 2222 1409 et
2251 1355 2571 1408 criminator
2599 1369 2705 1408 non
2735 1354 2930 1420 poterit
2953 1353 3250 1408 criminari.
3301 1350 3548 1406 Diabolus
3572 1358 3759 1405 autem

2170 1447 2224 1501 in
2256 1447 2442 1500 Latina
2473 1446 2653 1517 lingua
2685 1447 3071 1502 criminatorem
3103 1456 3279 1501 sonat.

2244 1539 2263 1609 (
2283 1538 2432 1592 Vers.
2459 1539 2513 1602 9,
2548 1539 2635 1594 lt).
2665 1539 2684 1611 )
2716 1539 2867 1594 Servi
2916 1539 3142 1594 dominis
3187 1541 3295 1595 suis
3340 1539 3532 1594 subditi
3581 1538 3687 1592 sint
3720 1538 3768 1590 in

2170 1633 2409 1688 omnibus
2442 1635 2585 1689 :sint
2633 1635 2914 1706 placentes,
2947 1653 3050 1690 non
3085 1635 3520 1701 contradicentes,
3552 1650 3659 1686 non
3692 1633 3771 1702 fu-

2171 1739 2376 1794 rantes;
2402 1730 2490 1783 sed
2509 1746 2712 1783 onmem
2737 1729 2894 1798 ﬁdem
2921 1729 3248 1784 ostendentes
3272 1728 3479 1791 bonam,
3501 1736 3554 1780 ut
3583 1725 3772 1779 doctri-

461 1826 643 1898 virgo,
675 1833 935 1894 corrupta
961 1833 1066 1880 est.
1104 1822 1260 1880 Unde
1287 1834 1340 1878 et
1365 1822 1551 1878 Titum
1581 1821 1858 1888 existimo,
1893 1821 2065 1890 pritts-
2101 1814 2150 1874 Β
2176 1838 2296 1876 nam
2353 1822 2647 1878 Saluatoris
2697 1823 2865 1875 nostri
2911 1819 3008 1876 Dei
3036 1831 3214 1875 ornent
3253 1821 3309 1874 in
3340 1819 3596 1875 omnibus.
3630 1820 3774 1884 Quo-

461 1934 622 1991 qnam
645 1919 826 1974 carnis
874 1933 1043 1989 opere
1091 1927 1479 1986 occuparetur,
1512 1915 1806 1986 Evangelia
1837 1915 2067 1970 creden-

465 2022 576 2070 tem
609 2013 889 2084 accepisse
925 2012 1197 2084 baptisma
1221 2055 1235 2078 ,
1271 2020 1326 2068 et
1369 2010 1640 2082 virginem
1672 2011 2063 2080 permansisse,

466 2119 524 2166 et
572 2124 716 2165 nunc
767 2109 838 2164 ab
872 2108 1169 2179 Apostolo,
1215 2115 1277 2162 ut
1310 2107 1362 2161 in
1392 2105 1805 2174 incorruptione
1837 2106 2065 2158 formam

467 2207 554 2261 sui
586 2203 832 2276 praebeat
865 2201 1232 2258 commoneri:
1274 2215 1438 2270 quam
1461 2199 1678 2270 quidem
1705 2199 2069 2267 incorruptio-

468 2315 596 2358 nem
627 2310 653 2338 ι
683 2300 735 2356 in
765 2299 1053 2354 Timotheo
1087 2313 1193 2350 non
1226 2295 1500 2350 videmus.
1531 2293 1663 2348 Nam
1685 2308 1808 2348 cum
1841 2293 1892 2347 ei
1922 2291 2070 2347 dice-

468 2403 588 2451 ret:
622 2391 791 2447 Nemo
821 2387 1228 2444 adolescentiam
1253 2397 1394 2440 tuam
1421 2393 1752 2451 contemnat;
1783 2384 1871 2439 sed
1897 2386 2069 2454 [arma

468 2496 578 2542 esto
608 2484 846 2556 ﬁdelium
877 2482 986 2555 [.-\I.
1022 2479 1280 2554 ﬁliorum]
1311 2482 1364 2535 in
1387 2495 1617 2535 sermone
1638 2521 1651 2543 ,
1695 2479 1750 2532 in
1793 2493 2067 2531 conversa-

469 2579 630 2643 tione,
657 2578 712 2631 in
736 2575 1012 2640 charitate,
1044 2575 1097 2628 in
1123 2575 1248 2645 ﬁde,
1276 2575 1329 2628 in
1349 2573 1587 2627 castitate
1614 2571 1656 2641 (Ι
1679 2569 1816 2625 Tini.
1844 2585 1927 2632 tv,
1953 2570 2064 2640 12),

471 2671 539 2728 de
569 2669 984 2740 incorruptione
1009 2670 1199 2734 tacuit,
1228 2678 1285 2723 et
1314 2676 1519 2722 tantum
1546 2665 1730 2736 posuit
1760 2666 2065 2717 castitatem.

471 2763 703 2822 Castitas
731 2771 914 2819 autem
948 2772 1004 2818 et
1034 2762 1088 2816 in
1115 2761 1377 2818 ctelibatu
1407 2759 1611 2828 absque
1641 2758 1950 2828 virginitate
1983 2757 2067 2810 in-

471 2858 648 2930 telligi
699 2865 897 2929 potest.
949 2854 1062 2911 Nisi
1116 2855 1261 2910 forte
1308 2854 1610 2909 castitatem
1654 2851 1983 2920 accipiamus
2014 2848 2068 2904 itt

471 2961 680 3016 mente,
712 2948 1181 3016 incorruptionem
1215 2961 1348 3002 vero
1377 2945 1430 3000 in
1461 2959 1714 3014 corpore,
1753 2943 1908 3013 juxta
1939 2942 2068 2997 illud

472 3047 614 3120 quod
639 3046 764 3102 alihi
788 3045 844 3100 in
870 3043 1099 3116 virginis
1119 3042 1437 3098 deﬁnitione
1459 3041 1747 3098 scribitur:
1778 3040 1847 3096 Ut
1870 3041 1935 3094 sit
1955 3057 2070 3096 san-

476 3151 563 3196 cta
584 3153 799 3213 corpore
826 3147 875 3193 et
896 3136 1080 3210 spiritu
1099 3135 1146 3208 (l
1171 3135 1292 3190 Cor.
1323 3133 1442 3207 vn).
1471 3134 1538 3189 Et
1573 3136 1688 3206 ipse
1714 3149 1855 3190 nunc
1880 3148 2072 3188 conse-

2171 1917 2315 1970 niant
2351 1915 2618 1970 Dominus
2647 1923 2703 1971 et
2729 1916 2982 1972 Salvator
3008 1927 3219 1978 noster,
3251 1916 3341 1986 qui
3375 1917 3426 1970 in
3472 1913 3771 1984 Evangelio

2168 2009 2245 2062 ait
2276 2025 2288 2060 :
2333 2007 2509 2062 Venite
2538 2007 2607 2061 ad
2638 2024 2737 2070 me,
2763 2024 2938 2062 omnes
2962 2012 3048 2074 qui
3066 2009 3310 2063 laboratis
3336 2018 3381 2062 et
3405 2007 3608 2062 onerati
3627 2006 3770 2071 estis,

2169 2113 2214 2157 et
2237 2119 2328 2172 ego
2355 2103 2585 2173 reﬁciam
2611 2118 2699 2156 vos
2742 2100 2956 2172 (Matth.
2989 2117 3067 2167 xt,
3099 2102 3215 2172 ‘28),
3251 2102 3456 2156 nullam
3498 2099 3768 2155 conditio-

2170 2213 2317 2265 nem,
2347 2206 2586 2266 aetatem,
2616 2211 2830 2260 sexum,
2860 2211 2888 2250 a
2921 2195 3257 2250 beatitudine
3305 2195 3610 2249 arbitratur
3639 2194 3771 2248 alie—

2173 2307 2301 2346 num
2333 2309 2346 2345 :
2380 2301 2667 2362 propterea
2712 2305 2856 2344 nunc
2892 2290 3185 2361 Apostolus
3213 2300 3264 2344 et
3298 2289 3470 2344 servis
3496 2296 3767 2358 prwcepta

2171 2384 2472 2447 constituit,
2528 2385 2742 2440 scilicet
2789 2393 2850 2438 ttt
2907 2383 3044 2454 parti
3089 2383 3346 2438 Ecclesia:
3403 2381 3771 2452 membrisque

2169 2484 2416 2547 corporis
2445 2477 2669 2534 Christi.
2707 2478 2771 2533 Et
2801 2476 3069 2548 quomodo
3095 2477 3350 2549 superius
3378 2491 3565 2543 senes,
3607 2490 3765 2538 anus,

2172 2573 2628 2638 adolescentulus,
2653 2572 2904 2643 juvenes,
2933 2571 3065 2643 quid
3097 2571 3251 2627 Titus
3292 2569 3510 2627 erudire
3540 2569 3771 2626 deberet

2171 2668 2435 2724 edocuit:
2480 2667 2550 2721 ita
2585 2683 2730 2724 nunc
2755 2667 2929 2724 servis
2973 2675 3096 2738 apta
3151 2675 3420 2736 praecepta
3466 2663 3766 2720 constituit.

2172 2761 2413 2816 Primum
2441 2769 2500 2816 ut
2527 2761 2734 2816 subditi
2764 2762 2875 2816 sint
2911 2760 3150 2816 dominis
3177 2759 3290 2816 suis
3317 2759 3371 2814 in
3402 2758 3680 2814 omnibus.
3711 2755 3767 2811 ln

2174 2853 2256 2908 his
2279 2863 2465 2911 autem
2484 2855 2764 2922 omnibus,
2793 2870 2914 2925 qua:
2937 2869 3046 2908 non
3074 2864 3199 2908 sunt
3228 2853 3505 2908 contraria
3532 2853 3644 2908 Deo
3673 2871 3685 2903 :
3713 2861 3769 2905 ut

2173 2949 2214 3002 si
2245 2947 2498 3004 dominus
2521 2963 2582 3004 ea
2600 2947 2756 3017 jubet
2779 2963 2899 3018 qua:
2930 2963 3037 3001 non
3087 2955 3216 3001 sunt
3245 2945 3479 3002 adversa
3507 2944 3760 3015 Scriptu-

2171 3042 2247 3099 ris
2276 3040 2497 3106 sanctis.
2530 3040 2855 3110 subjiciatur
2877 3055 3068 3097 servus
3090 3040 3330 3095 domino.
3358 3039 3452 3097 Sin
3476 3054 3608 3095 vero
3635 3052 3765 3093 conv

2176 3137 2339 3193 traria
2374 3137 2643 3208 praecipit,
2672 3135 3084 3207 magis-obediat
3113 3136 3356 3206 spiritus,
3382 3151 3540 3204 quam
3572 3149 3765 3204 corpo-

475 3246 716 3305 quenler
733 3231 1017 3300 adjnnxit:
1041 3231 1093 3284 in
1115 3230 1377 3296 doctrina,
1402 3230 1454 3283 in
1476 3229 1884 3302 incorruptione,
1902 3229 1956 3282 in
1971 3245 2068 3299 pu-
2097 3216 2140 3278 C
2175 3235 2248 3288 ris
2276 3231 2518 3288 domino,
2581 3233 2883 3302 Diligenter
2911 3231 3176 3288 attendite
3217 3231 3497 3301 quomodo
3525 3245 3760 3300 congrua

474 3327 677 3382 dicitia.
721 3325 1018 3381 Possemus
1047 3322 1157 3396 [ΑΙ.
1183 3321 1496 3395 possumus]
1519 3321 1936 3393 etpudicitiam,
1966 3320 1992 3359 δ
2011 3331 2064 3377 et

477 3419 946 3491 incorruptionem
961 3415 1127 3471 etiam
1144 3416 1196 3472 in
1216 3415 1477 3471 doctrina:
1492 3417 1794 3483 integritate
1808 3415 2070 3484 interpre-

475 3514 582 3572 tari
599 3533 611 3570 :
628 3515 730 3571 nisi
751 3514 893 3583 quod
909 3513 1222 3583 specialiter
1235 3511 1504 3582 sequitur,
1520 3527 1753 3566 sermone
1788 3527 1916 3565 sano
1933 3522 1978 3564 et
1995 3511 2067 3564 ir-

475 3609 888 3683 reprehensibili,
921 3609 1197 3681 proprium
1214 3607 1438 3662 haberet
1453 3623 1615 3676 super
1631 3606 1895 3662 doctrina;
1915 3606 2070 3662 insti-

479 3703 692 3762 tutione
721 3711 1082 3773 preceptum.
1143 3699 1297 3768 Quod
1327 3709 1510 3756 autem
1541 3701 1650 3768 ait,
1681 3716 1916 3755 sermone
1943 3701 2072 3753 irre-

476 3796 848 3874 prehensibili,
877 3811 984 3852 non
1013 3794 1158 3867 quod
1191 3794 1331 3850 ullus
1368 3805 1530 3850 tanta:
1562 3793 1832 3850 facundia:
1861 3804 1914 3847 ct
1947 3810 2070 3863 pru-

476 3894 675 3951 (lentiae
704 3892 805 3959 sit,
835 3899 898 3947 ut
943 3905 976 3946 a
1014 3888 1235 3945 nemine
1275 3887 1709 3958 reprehendatur
1749 3886 2071 3959 (reprehen-

478 3989 681 4045 duntur
709 3985 910 4056 quippe
936 3992 992 4040 et
1037 3981 1275 4053 apostoli
1305 3991 1358 4038 et
1383 3981 1731 4052 evangelista:
1757 3981 1826 4036 ab
1853 3979 2068 4035 haereti-

475 4081 557 4137 cis
585 4087 642 4138 et
665 4075 969 4152 gentibus),
1003 4075 1099 4133 sed
1147 4076 1291 4148 quod
1341 4074 1477 4130 nihil
1526 4074 1746 4146 dignum
1776 4073 2072 4142 reprehen-

477 4174 634 4229 sione
663 4171 812 4228 dicat
839 4178 934 4226 aut
957 4171 1142 4238 faciat,
1173 4169 1301 4225 licet
1322 4167 1617 4224 adversarii
1651 4170 1763 4223 sint
1789 4167 1852 4222 ad
1884 4182 2073 4238 repre-

476 4265 825 4323 hendendum
859 4264 1056 4336 parati.
1111 4263 1178 4318 Et
1205 4263 1327 4333 quia
1366 4272 1491 4318 sunt
1519 4263 1672 4318 multi
1705 4279 1808 4318 tton
1842 4262 2070 4329 subditi,

473 4357 749 4429 vaniloqui
773 4368 829 4414 et
846 4359 1114 4413 mentium
1138 4355 1586 4426 deceptores,qui
1610 4355 1844 4411 oderunt
1869 4357 1920 4409 in
1951 4370 2076 4425 por-

484 4449 558 4506 tis
583 4458 900 4520 arguentem
920 4490 934 4516 ,
967 4457 1025 4505 et
1051 4463 1364 4504 sermonem
1391 4459 1639 4504 sanctum
1669 4449 2072 4518 abominantur,

487 4554 776 4615 propterea
811 4543 1124 4613 exemplum
1155 4557 1253 4597 nos
1287 4542 1340 4596 in
1373 4542 1624 4598 omnibus
1651 4542 1992 4612 praebeamus
2024 4543 2076 4597 in

2176 3329 2424 3398 personis
2453 3334 2724 3397 praecepta
2772 3325 3052 3382 decernat.
3092 3324 3261 3391 Servi,
3311 3325 3504 3394 inquit,
3539 3325 3767 3378 dominis

2171 3424 2278 3478 suis
2307 3423 2495 3477 subditi
2523 3424 2625 3476 sint
2647 3423 2702 3476 in
2726 3420 2960 3476 omnibus
2989 3419 3208 3491 (Ephes.
3241 3421 3395 3489 v1.5).
3432 3417 3491 3474 In
3513 3419 3622 3474 alio
3648 3419 3771 3473 loco

2172 3516 2454 3586 disputans
2473 3514 2541 3571 de
2563 3514 2712 3581 ﬁliis,
2730 3512 3186 3575 ait:Filii,obedite
3203 3512 3504 3586 parentibus
3538 3510 3770 3583 (Coloss.

2171 3608 2548 3680 tn,20).Filios
2570 3609 2768 3680 quippe
2791 3606 3272 3676 decetparentibus
3296 3605 3518 3662 obedire
3544 3625 3558 3659 :
3588 3619 3776 3661 servos

2172 3717 2308 3758 vero
2335 3701 2620 3769 imperanti
2645 3700 2866 3756 domino
2884 3715 3006 3756 esse
3021 3699 3434 3770 subjectos.Nec
3458 3699 3586 3755 illud
3612 3709 3767 3769 pute—

2176 3815 2298 3854 mus
2325 3799 2486 3872 722
2517 3812 2638 3853 esse
2669 3797 3031 3862 contrarium,
3065 3796 3211 3866 quod
3240 3797 3292 3852 in
3341 3795 3449 3850 alia
3479 3795 3720 3866 Epismla
3754 3810 3767 3847 :

2176 3892 2447 3956 Mulieres,
2471 3893 2567 3958 ait,
2595 3894 2841 3967 subjecta:
2870 3892 2971 3946 sint
3009 3893 3134 3946 viris
3166 3889 3388 3962 (Ephes.
3412 3905 3475 3956 v,
3524 3891 3624 3953 21;
3660 3887 3769 3943 Co-

2177 3987 2302 4041 loss.
2335 4001 2416 4053 nt,
2445 3983 2557 4056 18),
2591 3994 2644 4040 et
2673 3984 2726 4040 in
2757 3984 2858 4040 hac
2903 3984 3180 4053 subjectas
3211 3984 3344 4040 viris
3384 3983 3500 4039 suis
3545 3981 3780 4037 asseruit

2179 4094 2404 4141 uxores.
2438 4080 2598 4150 quasi
2625 4078 2818 4135 eodem
2845 4077 3015 4134 verbo
3045 4087 3102 4134 et
3130 4079 3183 4132 in
3211 4076 3408 4142 servis,
3433 4087 3488 4132 et
3509 4077 3562 4132 in
3593 4074 3781 4130 uxori-

2179 4173 2281 4230 bus
2307 4189 2438 4230 usus
2469 4175 2563 4230 sit.
2591 4173 3011 4242 Quodammodo
3037 4173 3186 4230 enim
3217 4173 3448 4227 maritus
3482 4171 3660 4226 uxoris
3694 4178 3780 4225 est

2178 4267 2454 4323 dominus.
2484 4265 2634 4340 Ipse,
2689 4268 2888 4337 inquit,
2918 4267 3278 4322 dominabitur
3305 4267 3383 4322 tui
3432 4264 3636 4339 (Cenes.
3693 4278 3780 4329 ιιι,

2183 4359 2290 4432 l6).
2324 4361 2456 4418 Erat
2483 4361 2808 4418 etSalvator
2833 4363 3109 4432 subjectus
3135 4360 3458 4433 parentibus
3477 4362 3589 4416 suis
3617 4359 3777 4430 (Luc.

2181 4452 2265 4524 tt),
2323 4454 2418 4510 sed
2451 4469 2572 4510 cum
2624 4455 2802 4511 adhuc
2830 4452 2856 4492 ἀ
2889 4454 3177 4511 duodecim
3209 4463 3358 4511 esset
3386 4470 3666 4518 annorum,
3729 4461 3784 4505 ct

2183 4548 2319 4605 nihil
2365 4549 2610 4605 differret
2647 4563 2678 4604 a
2708 4565 2893 4616 servo,
2926 4550 3186 4606 Dominus
3234 4549 3518 4606 omnium:
3548 4547 3779 4603 necdum

479 4633 760 4700 doctrina,
804 4635 858 4690 ill
906 4635 1245 4705 integritate,
1482 4636 1533 4690 in
1557 4634 1838 4706 pudicitia.
1868 4636 1921 4690 in
1953 4651 2076 4691 ser-
2104 4629 2158 4690 D
2182 4643 2324 4698 enim
2353 4643 2420 4699 ad
2450 4642 2749 4714 perlectam
2773 4644 2873 4700 viri
2903 4653 3117 4701 atatem
3141 4661 3266 4714 qua;
3290 4656 3474 4716 posset
3493 4641 3785 4698 [neredita-

482 4747 651 4790 mone
679 4747 818 4788 sano
847 4740 906 4787 et
930 4731 1400 4800 irreprehensihili
1426 4749 1438 4785 :
1460 4741 1520 4786 ut
1549 4732 1844 4787 adversarii
1876 4733 1994 4786 κίειν
2027 4741 2082 4788 et

479 4825 743 4884 doctrinae
764 4836 969 4882 nostra:
988 4824 1224 4880 sanitate
1249 4826 1552 4895 perterriti,
1589 4842 1693 4880 non
1723 4826 1959 4882 audeant
1985 4842 2078 4882 ac-

480 4935 698 4988 cusare,
727 4921 832 4977 hoc
858 4929 966 4989 est,
997 4919 1131 4974 nihil
1154 4921 1453 4976 verisimile
1485 4921 1537 4976 in
1564 4923 1914 4978 accusatione
1943 4938 2076 4979 con-

479 5014 712 5084 ﬁngere.
756 5013 823 5069 Et
875 5029 1068 5070 revera
1112 5029 1283 5084 usque
1311 5011 1475 5071 hodie
1506 5014 1754 5071 videmus
1785 5016 2076 5072 nonnullos

477 5105 533 5165 in
592 5107 854 5165 Ecclesiis
901 5108 1251 5180 (quamquam
1300 5112 1415 5164 haec
1463 5125 1585 5163 rara
1627 5111 1745 5164 avis
1783 5111 1877 5180 sit)
1912 5120 2072 5167 tanta:

477 5199 763 5274 gravitatis
784 5199 1242 5272 continentiaque
1269 5215 1412 5268 esse,
1440 5211 1496 5256 ut
1526 5202 1691 5256 etiam
1719 5203 1788 5258 ab
1811 5202 2069 5258 adversa-

473 5295 578 5354 riis
609 5295 852 5355 habeant
898 5295 1267 5353 testimonium
1296 5340 1310 5364 ,
1345 5303 1399 5352 et
1429 5297 1646 5352 dicatur
1667 5337 1682 5363 ,
1724 5296 1809 5352 vir
1842 5311 2068 5368 magnus

549 5513 578 5544 ι
609 5503 763 5560 Hunc
804 5514 982 5561 tamen
1039 5505 1216 5574 ipsum
1263 5500 1608 5574 Timotheum
1654 5500 2078 5574 interivirgines

478 5585 711 5635 censent
747 5577 987 5647 Epistula
1033 5573 1357 5646 interpolata
1399 5574 1456 5631 S.
1493 5573 1681 5647 lgnatii
1710 5575 1775 5628 ad
1804 5573 2078 5647 Philadel-

477 5649 690 5721 phenos
711 5692 727 5718 ,
760 5646 818 5721 et
845 5646 1709 5721 Antiochus_monachushomil.
1739 5646 1864 5721 ll2,
1897 5656 1954 5721 ut
1992 5657 2076 5701 ta-

478 5717 630 5798 ceam
667 5720 821 5798 illud,
851 5724 902 5777 ἐν
921 5721 1123 5798 invi-asia,
1157 5717 1177 5774 ι
1207 5718 1360 5798 Τξιῐὶ.⁸
1378 5733 1452 5784 tv,
1483 5717 1704 5798 12,_sive
1732 5718 1784 5770 in
1807 5719 2073 5798 castitate,

480 5791 550 5846 de
579 5794 888 5862 virginitate
918 5788 1268 5863 interpretari
1299 5788 2079 5862 Theophylactutn,CEcume-

480 5863 631 5921 Itium
665 5873 826 5934 atque
857 5865 1016 5920 alios.

2175 4750 2283 4794 tem
2315 4754 2540 4809 capere,
2574 4749 2914 4810 pervenerat.
2953 4731 3059 4795 Sed
3091 4748 3144 4794 et
3172 4739 3302 4794 alibi
3327 4737 3398 4794 de
3420 4752 3488 4793 eo
3516 4736 3778 4806 scriptum

2179 4840 2265 4886 est
2299 4845 2313 4882 :
2348 4830 2481 4898 Quia
2521 4847 2640 4885 cum
2666 4831 2899 4903 subjecta
2949 4832 2997 4885 ei
3027 4831 3220 4902 fuerint
3251 4830 3450 4896 omnia,
3499 4838 3613 4883 tunc
3664 4827 3782 4897 ipse

2179 4923 2320 4993 ﬁlius
2339 4924 2642 4994 subjicietur
2666 4925 2710 4978 ei
2741 4925 2832 4996 qui
2857 4924 2957 4980 sibi
2983 4923 3200 4997 subjecit
3231 4924 3430 4991 omnia,
3462 4933 3516 4977 ut
3543 4923 3606 4977 sit
3629 4919 3779 4973 Deus

2181 5020 2355 5073 omnia
2377 5019 2429 5072 in
2462 5017 2697 5074 omnibus
2727 5018 2773 5093 (1
2799 5018 2920 5073 Cor.
2946 5036 3036 5089 xv,
3058 5019 3175 5091 28).
3201 5019 3567 5089 Subjicientur
3590 5024 3779 5071 autem

2181 5111 2230 5166 ei
2251 5112 2457 5178 omnia,
2481 5127 2602 5166 cum
2635 5110 2856 5175 dixerit,
2891 5109 3144 5167 Dominus
3170 5111 3393 5183 Domino
3428 5129 3558 5174 meo,
3581 5110 3703 5165 sede
3740 5125 3774 5161 a

2181 5205 2378 5260 dextris
2402 5206 2549 5272 meis,
2578 5206 2740 5259 donec
2761 5221 2952 5276 ponam
2981 5205 3218 5260 inimicos
3243 5215 3358 5260 tuos
3380 5203 3650 5260 scabellum
3675 5219 3775 5272 pe-

2177 5300 2302 5353 dum
2317 5297 2757 5370 tuorum(Ps.Ctx,
2770 5297 2905 5369 l).ln
2924 5299 3185 5369 subjectis
3197 5301 3375 5356 servis
3390 5299 3639 5356 Dominus
3652 5296 3785 5353 sub-

2260 5502 2286 5541 δ
2317 5502 2595 5558 Rescrihit
2625 5500 2930 5567 Victorius,
2962 5510 3011 5556 et
3042 5500 3311 5572 pudicitia:
3340 5494 3782 5571 incorruptionem

2185 5577 2348 5648 etiam
2375 5577 2427 5629 in
2456 5577 2708 5648 doctrinm
2734 5575 3050 5648 integritate,
3081 5585 3189 5648 etc.

2263 5660 2284 5687 ο
2316 5645 2608 5702 Contraria
2641 5643 2884 5718 falsoque
2912 5661 3084 5718 sensu
3118 5645 3249 5718 legit
3303 5643 3668 5718 Martiangeus,
3730 5653 3787 5695 ut

2186 5718 2402 5844 tit/{eram
2444 5713 2820 5773 occasionem}
2855 5717 2943 5788 qui
2984 5728 3038 5772 et
3063 5713 3201 5770 falso
3230 5716 3433 5781 laudat,
3479 5713 3634 5770 lCor.
3672 5727 3788 5776 vn,

2255 5860 2279 5898 ι¹
2315 5861 2620 5918 Prael'crunt
2648 5860 2756 5916 duo
2788 5876 2820 5916 e
2853 5862 3049 5917 nostris
3081 5874 3239 5930 mss.,
3273 5859 3526 5923 undecim.
