  <div class='ocr_page' id='page_1' title='image "/cluster/home/n/w/nwhite01/storage/ocr_20150623/26/hvd.32044015471402/298.png"; bbox 0 0 3948 6334; ppageno 0'>
   <div class='ocr_carea' id='block_1_1' title="bbox 239 341 323 401">
    <p class='ocr_par' dir='ltr' id='par_1_1' title="bbox 239 341 323 401">
     <span class='ocr_line' id='line_1_1' title="bbox 239 341 323 401; baseline 0 0"><span class='ocrx_word' id='word_1_1' title='bbox 239 341 323 401; x_wconf 81' lang='lat'><strong>585</strong></span> 
     </span>
    </p>
   </div>
   <div class='ocr_carea' id='block_1_2' title="bbox 742 328 2910 395">
    <p class='ocr_par' dir='ltr' id='par_1_2' title="bbox 742 328 2910 395">
     <span class='ocr_line' id='line_1_2' title="bbox 742 328 2910 395; baseline 0.001 -8"><span class='ocrx_word' id='word_1_2' title='bbox 742 328 1403 389; x_wconf 77' lang='lat' dir='ltr'><strong>COMMENTARIORUM</strong></span> <span class='ocrx_word' id='word_1_3' title='bbox 1442 329 1509 387; x_wconf 82' lang='lat' dir='ltr'><strong>IN</strong></span> <span class='ocrx_word' id='word_1_4' title='bbox 1551 328 2079 390; x_wconf 54' lang='lat' dir='ltr'><strong>EPISTOLAM‘AD</strong></span> <span class='ocrx_word' id='word_1_5' title='bbox 2116 330 2337 391; x_wconf 85' lang='lat' dir='ltr'><strong>TITUM</strong></span> <span class='ocrx_word' id='word_1_6' title='bbox 2373 332 2603 392; x_wconf 82' lang='lat' dir='ltr'><strong>LIBER.</strong></span> <span class='ocrx_word' id='word_1_7' title='bbox 2646 334 2802 395; x_wconf 88' lang='lat' dir='ltr'><strong>CAP.</strong></span> <span class='ocrx_word' id='word_1_8' title='bbox 2845 336 2910 395; x_wconf 90' lang='lat' dir='ltr'><strong>ll.</strong></span> 
     </span>
    </p>
   </div>
   <div class='ocr_carea' id='block_1_3' title="bbox 3371 341 3481 402">
    <p class='ocr_par' dir='ltr' id='par_1_3' title="bbox 3371 341 3481 402">
     <span class='ocr_line' id='line_1_3' title="bbox 3371 341 3481 402; baseline 0.018 -2"><span class='ocrx_word' id='word_1_9' title='bbox 3371 341 3481 402; x_wconf 79' lang='lat'><strong>586</strong></span> 
     </span>
    </p>
   </div>
   <div class='ocr_carea' id='block_1_4' title="bbox 233 452 3484 533">
    <p class='ocr_par' dir='ltr' id='par_1_4' title="bbox 233 452 3484 533">
     <span class='ocr_line' id='line_1_4' title="bbox 233 452 3484 533; baseline -0.001 -17"><span class='ocrx_word' id='word_1_10' title='bbox 233 461 402 533; x_wconf 87' lang='lat' dir='ltr'><strong>jicitur.</strong></span> <span class='ocrx_word' id='word_1_11' title='bbox 428 452 491 510; x_wconf 84' lang='lat' dir='ltr'><strong>Et</strong></span> <span class='ocrx_word' id='word_1_12' title='bbox 509 452 785 523; x_wconf 86' lang='lat' dir='ltr'><strong>quomodo</strong></span> <span class='ocrx_word' id='word_1_13' title='bbox 821 468 923 525; x_wconf 89' lang='lat' dir='ltr'><strong>pro</strong></span> <span class='ocrx_word' id='word_1_14' title='bbox 949 453 1110 509; x_wconf 89' lang='lat' dir='ltr'><strong>nobis</strong></span> <span class='ocrx_word' id='word_1_15' title='bbox 1130 454 1334 511; x_wconf 88' lang='lat' dir='ltr'><strong>dicitur</strong></span> <span class='ocrx_word' id='word_1_16' title='bbox 1361 466 1483 510; x_wconf 87' lang='lat' dir='ltr'><strong>esse</strong></span> <span class='ocrx_word' id='word_1_17' title='bbox 1506 452 1773 509; x_wconf 88' lang='lat' dir='ltr'><strong>maledic-</strong></span> <span class='ocrx_word' id='word_1_18' title='bbox 1799 455 1852 515; x_wconf 85' lang='lat' dir='ltr'><strong>A</strong></span> <span class='ocrx_word' id='word_1_19' title='bbox 1879 454 1992 510; x_wconf 89' lang='lat' dir='ltr'><strong>sint</strong></span> <span class='ocrx_word' id='word_1_20' title='bbox 2014 458 2421 527; x_wconf 81' lang='lat' dir='ltr'><strong>complacentes</strong></span> <span class='ocrx_word' id='word_1_21' title='bbox 2467 457 2763 514; x_wconf 77' lang='lat' dir='ltr'><strong>conditioni</strong></span> <span class='ocrx_word' id='word_1_22' title='bbox 2787 473 2896 513; x_wconf 81' lang='lat' dir='ltr'><strong>suae</strong></span> <span class='ocrx_word' id='word_1_23' title='bbox 2922 473 2939 514; x_wconf 91' lang='lat'><strong><em>:</em></strong></span> <span class='ocrx_word' id='word_1_24' title='bbox 2967 464 3023 513; x_wconf 92' lang='lat' dir='ltr'><strong>ut</strong></span> <span class='ocrx_word' id='word_1_25' title='bbox 3048 472 3159 514; x_wconf 89' lang='lat' dir='ltr'><strong>non</strong></span> <span class='ocrx_word' id='word_1_26' title='bbox 3184 456 3362 515; x_wconf 86' lang='lat' dir='ltr'><strong>ferant</strong></span> <span class='ocrx_word' id='word_1_27' title='bbox 3393 473 3484 518; x_wconf 83' lang='lat' dir='ltr'><strong>as-</strong></span> 
     </span>
    </p>
   </div>
   <div class='ocr_carea' id='block_1_5' title="bbox 231 547 1773 622">
    <p class='ocr_par' dir='ltr' id='par_1_5' title="bbox 231 547 1773 622">
     <span class='ocr_line' id='line_1_5' title="bbox 231 547 1773 622; baseline -0.005 -10"><span class='ocrx_word' id='word_1_28' title='bbox 231 565 339 622; x_wconf 87' lang='lat' dir='ltr'><strong>tum,</strong></span> <span class='ocrx_word' id='word_1_29' title='bbox 364 565 472 610; x_wconf 89' lang='lat' dir='ltr'><strong>cum</strong></span> <span class='ocrx_word' id='word_1_30' title='bbox 499 562 608 603; x_wconf 90' lang='lat' dir='ltr'><strong>non</strong></span> <span class='ocrx_word' id='word_1_31' title='bbox 640 547 717 603; x_wconf 92' lang='lat' dir='ltr'><strong>sit</strong></span> <span class='ocrx_word' id='word_1_32' title='bbox 742 547 1125 617; x_wconf 70' lang='lat' dir='ltr'><strong>maledictum,</strong></span> <span class='ocrx_word' id='word_1_33' title='bbox 1152 548 1249 603; x_wconf 83' lang='lat' dir='ltr'><strong>sed</strong></span> <span class='ocrx_word' id='word_1_34' title='bbox 1277 563 1400 604; x_wconf 75' lang='lat' dir='ltr'><strong>vera</strong></span> <span class='ocrx_word' id='word_1_35' title='bbox 1433 547 1773 605; x_wconf 75' lang='lat' dir='ltr'><strong>benedictio:</strong></span> 
     </span>
    </p>
   </div>
   <div class='ocr_carea' id='block_1_6' title="bbox 229 639 1777 719">
    <p class='ocr_par' dir='ltr' id='par_1_6' title="bbox 229 639 1777 719">
     <span class='ocr_line' id='line_1_6' title="bbox 229 639 1777 719; baseline -0.006 -15"><span class='ocrx_word' id='word_1_36' title='bbox 229 648 285 705; x_wconf 84' lang='lat' dir='ltr'><strong>ila</strong></span> <span class='ocrx_word' id='word_1_37' title='bbox 308 659 393 719; x_wconf 91' lang='lat' dir='ltr'><strong>pro</strong></span> <span class='ocrx_word' id='word_1_38' title='bbox 414 642 588 707; x_wconf 84' lang='lat' dir='ltr'><strong>nobis,</strong></span> <span class='ocrx_word' id='word_1_39' title='bbox 647 640 734 696; x_wconf 82' lang='lat' dir='ltr'><strong>vel</strong></span> <span class='ocrx_word' id='word_1_40' title='bbox 768 639 1046 712; x_wconf 80' lang='lat' dir='ltr'><strong>subjectus</strong></span> <span class='ocrx_word' id='word_1_41' title='bbox 1076 641 1363 708; x_wconf 85' lang='lat' dir='ltr'><strong>scribitur,</strong></span> <span class='ocrx_word' id='word_1_42' title='bbox 1398 641 1484 695; x_wconf 92' lang='lat' dir='ltr'><strong>vel</strong></span> <span class='ocrx_word' id='word_1_43' title='bbox 1515 655 1621 695; x_wconf 92' lang='lat' dir='ltr'><strong>non</strong></span> <span class='ocrx_word' id='word_1_44' title='bbox 1649 640 1777 695; x_wconf 83' lang='lat' dir='ltr'><strong>snb-</strong></span> 
     </span>
    </p>
   </div>
   <div class='ocr_carea' id='block_1_7' title="bbox 222 731 1773 815">
    <p class='ocr_par' dir='ltr' id='par_1_7' title="bbox 222 731 1773 815">
     <span class='ocr_line' id='line_1_7' title="bbox 222 731 1773 815; baseline -0.006 -18"><span class='ocrx_word' id='word_1_45' title='bbox 222 734 454 815; x_wconf 83' lang='lat' dir='ltr'><strong>jectnszsi</strong></span> <span class='ocrx_word' id='word_1_46' title='bbox 472 741 568 790; x_wconf 90' lang='lat' dir='ltr'><strong>aut</strong></span> <span class='ocrx_word' id='word_1_47' title='bbox 595 731 801 789; x_wconf 86' lang='lat' dir='ltr'><strong>subditi</strong></span> <span class='ocrx_word' id='word_1_48' title='bbox 829 734 1093 790; x_wconf 80' lang='lat' dir='ltr'><strong>fuerimus</strong></span> <span class='ocrx_word' id='word_1_49' title='bbox 1124 734 1259 800; x_wconf 91' lang='lat' dir='ltr'><strong>Deo,</strong></span> <span class='ocrx_word' id='word_1_50' title='bbox 1288 744 1383 789; x_wconf 90' lang='lat' dir='ltr'><strong>aut</strong></span> <span class='ocrx_word' id='word_1_51' title='bbox 1412 750 1524 789; x_wconf 88' lang='lat' dir='ltr'><strong>non</strong></span> <span class='ocrx_word' id='word_1_52' title='bbox 1550 733 1773 790; x_wconf 87' lang='lat' dir='ltr'><strong>subditi.</strong></span> 
     </span>
    </p>
   </div>
   <div class='ocr_carea' id='block_1_8' title="bbox 226 827 1778 904">
    <p class='ocr_par' dir='ltr' id='par_1_8' title="bbox 226 827 1778 904">
     <span class='ocr_line' id='line_1_8' title="bbox 226 827 1778 904; baseline -0.001 -18"><span class='ocrx_word' id='word_1_53' title='bbox 226 832 417 904; x_wconf 83' lang='lat' dir='ltr'><strong>Quidam</strong></span> <span class='ocrx_word' id='word_1_54' title='bbox 442 829 584 884; x_wconf 87' lang='lat' dir='ltr'><strong>hunc</strong></span> <span class='ocrx_word' id='word_1_55' title='bbox 614 827 797 883; x_wconf 89' lang='lat' dir='ltr'><strong>locum</strong></span> <span class='ocrx_word' id='word_1_56' title='bbox 827 828 899 884; x_wconf 87' lang='lat' dir='ltr'><strong>ita</strong></span> <span class='ocrx_word' id='word_1_57' title='bbox 928 828 1160 900; x_wconf 88' lang='lat' dir='ltr'><strong>legunt:</strong></span> <span class='ocrx_word' id='word_1_58' title='bbox 1192 828 1339 886; x_wconf 85' lang='lat' dir='ltr'><strong>Servi</strong></span> <span class='ocrx_word' id='word_1_59' title='bbox 1393 829 1617 885; x_wconf 85' lang='lat' dir='ltr'><strong>dominis</strong></span> <span class='ocrx_word' id='word_1_60' title='bbox 1667 830 1778 884; x_wconf 87' lang='lat' dir='ltr'><strong>suis</strong></span> 
     </span>
    </p>
   </div>
   <div class='ocr_carea' id='block_1_9' title="bbox 223 920 1777 993">
    <p class='ocr_par' dir='ltr' id='par_1_9' title="bbox 223 920 1777 993">
     <span class='ocr_line' id='line_1_9' title="bbox 223 920 1777 993; baseline -0.005 -10"><span class='ocrx_word' id='word_1_61' title='bbox 223 923 386 982; x_wconf 75' lang='lat' dir='ltr'><strong>subditi</strong></span> <span class='ocrx_word' id='word_1_62' title='bbox 412 924 531 989; x_wconf 87' lang='lat' dir='ltr'><strong>sint,</strong></span> <span class='ocrx_word' id='word_1_63' title='bbox 550 930 606 977; x_wconf 89' lang='lat' dir='ltr'><strong>et</strong></span> <span class='ocrx_word' id='word_1_64' title='bbox 622 929 915 992; x_wconf 81' lang='lat' dir='ltr'><strong>postquam</strong></span> <span class='ocrx_word' id='word_1_65' title='bbox 947 922 1055 978; x_wconf 91' lang='lat' dir='ltr'><strong>huc</strong></span> <span class='ocrx_word' id='word_1_66' title='bbox 1084 937 1257 993; x_wconf 90' lang='lat' dir='ltr'><strong>usque</strong></span> <span class='ocrx_word' id='word_1_67' title='bbox 1285 920 1663 988; x_wconf 84' lang='lat' dir='ltr'><strong>distinxerim,</strong></span> <span class='ocrx_word' id='word_1_68' title='bbox 1694 921 1777 976; x_wconf 87' lang='lat' dir='ltr'><strong>in-</strong></span> 
     </span>
    </p>
   </div>
   <div class='ocr_carea' id='block_1_10' title="bbox 222 1014 1779 1087">
    <p class='ocr_par' dir='ltr' id='par_1_10' title="bbox 222 1014 1779 1087">
     <span class='ocr_line' id='line_1_10' title="bbox 222 1014 1779 1087; baseline -0.005 -11"><span class='ocrx_word' id='word_1_69' title='bbox 222 1018 391 1086; x_wconf 82' lang='lat' dir='ltr'><strong>ierunt,</strong></span> <span class='ocrx_word' id='word_1_70' title='bbox 420 1014 470 1070; x_wconf 86' lang='lat' dir='ltr'><strong>in</strong></span> <span class='ocrx_word' id='word_1_71' title='bbox 486 1014 728 1069; x_wconf 78' lang='lat' dir='ltr'><strong>omnibus</strong></span> <span class='ocrx_word' id='word_1_72' title='bbox 751 1015 989 1087; x_wconf 74' lang='lat' dir='ltr'><strong>placeant</strong></span> <span class='ocrx_word' id='word_1_73' title='bbox 1017 1030 1038 1071; x_wconf 88' lang='lat'><strong><em>:</em></strong></span> <span class='ocrx_word' id='word_1_74' title='bbox 1059 1030 1185 1071; x_wconf 90' lang='lat' dir='ltr'><strong>cum</strong></span> <span class='ocrx_word' id='word_1_75' title='bbox 1232 1015 1285 1070; x_wconf 90' lang='lat' dir='ltr'><strong>in</strong></span> <span class='ocrx_word' id='word_1_76' title='bbox 1313 1014 1507 1072; x_wconf 66' lang='lat' dir='ltr'><strong>Graeco</strong></span> <span class='ocrx_word' id='word_1_77' title='bbox 1534 1015 1677 1069; x_wconf 88' lang='lat' dir='ltr'><strong>alius</strong></span> <span class='ocrx_word' id='word_1_78' title='bbox 1706 1014 1779 1069; x_wconf 90' lang='lat' dir='ltr'><strong>sit</strong></span> 
     </span>
    </p>
   </div>
   <div class='ocr_carea' id='block_1_11' title="bbox 222 1106 1777 1176">
    <p class='ocr_par' dir='ltr' id='par_1_11' title="bbox 222 1106 1777 1176">
     <span class='ocr_line' id='line_1_11' title="bbox 222 1106 1777 1176; baseline -0.005 -8"><span class='ocrx_word' id='word_1_79' title='bbox 222 1109 331 1168; x_wconf 83' lang='lat' dir='ltr'><strong>Ordo</strong></span> <span class='ocrx_word' id='word_1_80' title='bbox 346 1106 602 1176; x_wconf 81' lang='lat' dir='ltr'><strong>lectionis,</strong></span> <span class='ocrx_word' id='word_1_81' title='bbox 634 1106 689 1161; x_wconf 87' lang='lat' dir='ltr'><strong>id</strong></span> <span class='ocrx_word' id='word_1_82' title='bbox 712 1114 818 1174; x_wconf 86' lang='lat' dir='ltr'><strong>est,</strong></span> <span class='ocrx_word' id='word_1_83' title='bbox 844 1107 980 1163; x_wconf 80' lang='lat' dir='ltr'><strong>serui</strong></span> <span class='ocrx_word' id='word_1_84' title='bbox 1006 1107 1232 1163; x_wconf 79' lang='lat' dir='ltr'><strong>dominis</strong></span> <span class='ocrx_word' id='word_1_85' title='bbox 1252 1109 1361 1163; x_wconf 87' lang='lat' dir='ltr'><strong>suis</strong></span> <span class='ocrx_word' id='word_1_86' title='bbox 1386 1107 1582 1163; x_wconf 86' lang='lat' dir='ltr'><strong>subditi</strong></span> <span class='ocrx_word' id='word_1_87' title='bbox 1602 1108 1706 1161; x_wconf 87' lang='lat' dir='ltr'><strong>sint</strong></span> <span class='ocrx_word' id='word_1_88' title='bbox 1720 1106 1777 1160; x_wconf 87' lang='lat' dir='ltr'><strong>in</strong></span> 
     </span>
    </p>
   </div>
   <div class='ocr_carea' id='block_1_12' title="bbox 220 1195 1776 1280">
    <p class='ocr_par' dir='ltr' id='par_1_12' title="bbox 220 1195 1776 1280">
     <span class='ocr_line' id='line_1_12' title="bbox 220 1195 1776 1280; baseline -0.004 -21"><span class='ocrx_word' id='word_1_89' title='bbox 220 1202 447 1268; x_wconf 80' lang='lat' dir='ltr'><strong>omnibus;</strong></span> <span class='ocrx_word' id='word_1_90' title='bbox 479 1211 536 1255; x_wconf 92' lang='lat' dir='ltr'><strong>ut</strong></span> <span class='ocrx_word' id='word_1_91' title='bbox 557 1208 849 1271; x_wconf 85' lang='lat' dir='ltr'><strong>sequatur,</strong></span> <span class='ocrx_word' id='word_1_92' title='bbox 882 1202 1189 1280; x_wconf 72' lang='grc' dir='ltr'><strong>εὐαρέστους</strong></span> <span class='ocrx_word' id='word_1_93' title='bbox 1210 1195 1333 1256; x_wconf 74' lang='grc' dir='ltr'><strong>εἶναι</strong></span> <span class='ocrx_word' id='word_1_94' title='bbox 1366 1216 1381 1258; x_wconf 88' lang='lat'><strong>:</strong></span> <span class='ocrx_word' id='word_1_95' title='bbox 1409 1198 1553 1271; x_wconf 90' lang='lat' dir='ltr'><strong>quod</strong></span> <span class='ocrx_word' id='word_1_96' title='bbox 1577 1213 1678 1254; x_wconf 91' lang='lat' dir='ltr'><strong>nos</strong></span> <span class='ocrx_word' id='word_1_97' title='bbox 1706 1198 1776 1253; x_wconf 85' lang='lat' dir='ltr'><strong>li-</strong></span> 
     </span>
    </p>
   </div>
   <div class='ocr_carea' id='block_1_13' title="bbox 219 1293 1778 1365">
    <p class='ocr_par' dir='ltr' id='par_1_13' title="bbox 219 1293 1778 1365">
     <span class='ocr_line' id='line_1_13' title="bbox 219 1293 1778 1365; baseline -0.006 -10"><span class='ocrx_word' id='word_1_98' title='bbox 219 1306 288 1355; x_wconf 85' lang='lat' dir='ltr'><strong>cet</strong></span> <span class='ocrx_word' id='word_1_99' title='bbox 304 1311 396 1352; x_wconf 93' lang='lat' dir='ltr'><strong>non</strong></span> <span class='ocrx_word' id='word_1_100' title='bbox 411 1293 587 1365; x_wconf 84' lang='lat' dir='ltr'><strong>plene,</strong></span> <span class='ocrx_word' id='word_1_101' title='bbox 608 1302 793 1350; x_wconf 88' lang='lat' dir='ltr'><strong>tamen</strong></span> <span class='ocrx_word' id='word_1_102' title='bbox 804 1309 871 1348; x_wconf 83' lang='lat' dir='ltr'><strong>ox</strong></span> <span class='ocrx_word' id='word_1_103' title='bbox 897 1303 1055 1364; x_wconf 90' lang='lat' dir='ltr'><strong>parte</strong></span> <span class='ocrx_word' id='word_1_104' title='bbox 1078 1295 1257 1365; x_wconf 88' lang='lat' dir='ltr'><strong>aliqua</strong></span> <span class='ocrx_word' id='word_1_105' title='bbox 1282 1293 1633 1364; x_wconf 88' lang='lat' dir='ltr'><strong>interpretari</strong></span> <span class='ocrx_word' id='word_1_106' title='bbox 1651 1307 1778 1363; x_wconf 87' lang='lat' dir='ltr'><strong>pos-</strong></span> 
     </span>
    </p>
   </div>
   <div class='ocr_carea' id='block_1_14' title="bbox 216 1385 1775 1455">
    <p class='ocr_par' dir='ltr' id='par_1_14' title="bbox 216 1385 1775 1455">
     <span class='ocr_line' id='line_1_14' title="bbox 216 1385 1775 1455; baseline -0.004 -9"><span class='ocrx_word' id='word_1_107' title='bbox 216 1405 391 1453; x_wconf 79' lang='lat' dir='ltr'><strong>sumus,</strong></span> <span class='ocrx_word' id='word_1_108' title='bbox 416 1397 466 1442; x_wconf 76' lang='lat' dir='ltr'><strong>ut</strong></span> <span class='ocrx_word' id='word_1_109' title='bbox 486 1387 850 1454; x_wconf 87' lang='lat' dir='ltr'><strong>complaceant</strong></span> <span class='ocrx_word' id='word_1_110' title='bbox 876 1385 973 1441; x_wconf 83' lang='lat' dir='ltr'><strong>sibi</strong></span> <span class='ocrx_word' id='word_1_111' title='bbox 997 1402 1017 1442; x_wconf 88' lang='lat'><strong><em>:</em></strong></span> <span class='ocrx_word' id='word_1_112' title='bbox 1047 1401 1117 1441; x_wconf 92' lang='lat' dir='ltr'><strong>ne</strong></span> <span class='ocrx_word' id='word_1_113' title='bbox 1145 1385 1401 1442; x_wconf 80' lang='lat' dir='ltr'><strong>videlicet</strong></span> <span class='ocrx_word' id='word_1_114' title='bbox 1430 1400 1599 1455; x_wconf 88' lang='lat' dir='ltr'><strong>super</strong></span> <span class='ocrx_word' id='word_1_115' title='bbox 1626 1400 1775 1440; x_wconf 87' lang='lat' dir='ltr'><strong>con-</strong></span> 
     </span>
    </p>
   </div>
   <div class='ocr_carea' id='block_1_15' title="bbox 217 1477 1776 1550">
    <p class='ocr_par' dir='ltr' id='par_1_15' title="bbox 217 1477 1776 1550">
     <span class='ocr_line' id='line_1_15' title="bbox 217 1477 1776 1550; baseline -0.004 -9"><span class='ocrx_word' id='word_1_116' title='bbox 217 1486 389 1541; x_wconf 83' lang='lat' dir='ltr'><strong>ditione</strong></span> <span class='ocrx_word' id='word_1_117' title='bbox 413 1497 507 1538; x_wconf 88' lang='lat' dir='ltr'><strong>sua</strong></span> <span class='ocrx_word' id='word_1_118' title='bbox 537 1480 796 1537; x_wconf 87' lang='lat' dir='ltr'><strong>videatur</strong></span> <span class='ocrx_word' id='word_1_119' title='bbox 832 1481 913 1538; x_wconf 92' lang='lat' dir='ltr'><strong>eis</strong></span> <span class='ocrx_word' id='word_1_120' title='bbox 942 1480 1039 1536; x_wconf 87' lang='lat' dir='ltr'><strong>Dei</strong></span> <span class='ocrx_word' id='word_1_121' title='bbox 1080 1480 1266 1550; x_wconf 89' lang='lat' dir='ltr'><strong>iniqua</strong></span> <span class='ocrx_word' id='word_1_122' title='bbox 1313 1477 1614 1536; x_wconf 87' lang='lat' dir='ltr'><strong>sententia.</strong></span> <span class='ocrx_word' id='word_1_123' title='bbox 1664 1477 1776 1534; x_wconf 88' lang='lat' dir='ltr'><strong>Sed</strong></span> 
     </span>
    </p>
   </div>
   <div class='ocr_carea' id='block_1_16' title="bbox 214 1571 1780 1649">
    <p class='ocr_par' dir='ltr' id='par_1_16' title="bbox 214 1571 1780 1649">
     <span class='ocr_line' id='line_1_16' title="bbox 214 1571 1780 1649; baseline -0.004 -17"><span class='ocrx_word' id='word_1_124' title='bbox 214 1574 452 1649; x_wconf 86' lang='lat' dir='ltr'><strong>quomodo</strong></span> <span class='ocrx_word' id='word_1_125' title='bbox 494 1589 709 1647; x_wconf 85' lang='lat' dir='ltr'><strong>pauper</strong></span> <span class='ocrx_word' id='word_1_126' title='bbox 735 1574 896 1645; x_wconf 82' lang='lat' dir='ltr'><strong>juxta</strong></span> <span class='ocrx_word' id='word_1_127' title='bbox 927 1588 1240 1630; x_wconf 85' lang='lat' dir='ltr'><strong>mensuram</strong></span> <span class='ocrx_word' id='word_1_128' title='bbox 1272 1587 1426 1628; x_wconf 88' lang='lat' dir='ltr'><strong>suam</strong></span> <span class='ocrx_word' id='word_1_129' title='bbox 1458 1571 1658 1627; x_wconf 86' lang='lat' dir='ltr'><strong>salvari</strong></span> <span class='ocrx_word' id='word_1_130' title='bbox 1681 1585 1780 1643; x_wconf 88' lang='lat' dir='ltr'><strong>po-</strong></span> 
     </span>
    </p>
   </div>
   <div class='ocr_carea' id='block_1_17' title="bbox 217 1664 1775 1738">
    <p class='ocr_par' dir='ltr' id='par_1_17' title="bbox 217 1664 1775 1738">
     <span class='ocr_line' id='line_1_17' title="bbox 217 1664 1775 1738; baseline -0.004 -13"><span class='ocrx_word' id='word_1_131' title='bbox 217 1677 332 1735; x_wconf 85' lang='lat' dir='ltr'><strong>test;</strong></span> <span class='ocrx_word' id='word_1_132' title='bbox 354 1678 404 1725; x_wconf 86' lang='lat' dir='ltr'><strong>et</strong></span> <span class='ocrx_word' id='word_1_133' title='bbox 430 1667 632 1723; x_wconf 90' lang='lat' dir='ltr'><strong>mulier</strong></span> <span class='ocrx_word' id='word_1_134' title='bbox 658 1667 711 1723; x_wconf 90' lang='lat' dir='ltr'><strong>in</strong></span> <span class='ocrx_word' id='word_1_135' title='bbox 740 1681 905 1723; x_wconf 78' lang='lat' dir='ltr'><strong>sexus</strong></span> <span class='ocrx_word' id='word_1_136' title='bbox 928 1664 1242 1722; x_wconf 83' lang='lat' dir='ltr'><strong>infirmitate</strong></span> <span class='ocrx_word' id='word_1_137' title='bbox 1270 1681 1301 1720; x_wconf 86' lang='lat' dir='ltr'><strong>a</strong></span> <span class='ocrx_word' id='word_1_138' title='bbox 1325 1680 1491 1738; x_wconf 90' lang='lat' dir='ltr'><strong>regno</strong></span> <span class='ocrx_word' id='word_1_139' title='bbox 1539 1664 1635 1720; x_wconf 91' lang='lat' dir='ltr'><strong>Dei</strong></span> <span class='ocrx_word' id='word_1_140' title='bbox 1667 1678 1775 1720; x_wconf 92' lang='lat' dir='ltr'><strong>non</strong></span> 
     </span>
    </p>
   </div>
   <div class='ocr_carea' id='block_1_18' title="bbox 212 1757 1773 1823">
    <p class='ocr_par' dir='ltr' id='par_1_18' title="bbox 212 1757 1773 1823">
     <span class='ocr_line' id='line_1_18' title="bbox 212 1757 1773 1823; baseline -0.006 -3"><span class='ocrx_word' id='word_1_141' title='bbox 212 1760 505 1823; x_wconf 84' lang='lat' dir='ltr'><strong>excluditur,</strong></span> <span class='ocrx_word' id='word_1_142' title='bbox 556 1768 614 1817; x_wconf 89' lang='lat' dir='ltr'><strong>et</strong></span> <span class='ocrx_word' id='word_1_143' title='bbox 638 1759 817 1815; x_wconf 88' lang='lat' dir='ltr'><strong>omnis</strong></span> <span class='ocrx_word' id='word_1_144' title='bbox 867 1758 1116 1816; x_wconf 86' lang='lat' dir='ltr'><strong>conditio</strong></span> <span class='ocrx_word' id='word_1_145' title='bbox 1165 1758 1468 1815; x_wconf 88' lang='lat' dir='ltr'><strong>secundum</strong></span> <span class='ocrx_word' id='word_1_146' title='bbox 1524 1757 1773 1813; x_wconf 89' lang='lat' dir='ltr'><strong>ordinem</strong></span> 
     </span>
    </p>
   </div>
   <div class='ocr_carea' id='block_1_19' title="bbox 1878 549 3485 619">
    <p class='ocr_par' dir='ltr' id='par_1_19' title="bbox 1878 549 3485 619">
     <span class='ocr_line' id='line_1_19' title="bbox 1878 549 3485 619; baseline 0.004 -17"><span class='ocrx_word' id='word_1_147' title='bbox 1878 562 2013 618; x_wconf 91' lang='lat' dir='ltr'><strong>pere</strong></span> <span class='ocrx_word' id='word_1_148' title='bbox 2039 551 2383 616; x_wconf 85' lang='lat' dir='ltr'><strong>servitutem,</strong></span> <span class='ocrx_word' id='word_1_149' title='bbox 2417 566 2523 606; x_wconf 89' lang='lat' dir='ltr'><strong>non</strong></span> <span class='ocrx_word' id='word_1_150' title='bbox 2549 550 2931 606; x_wconf 85' lang='lat' dir='ltr'><strong>contradicant</strong></span> <span class='ocrx_word' id='word_1_151' title='bbox 2972 549 3232 619; x_wconf 89' lang='lat' dir='ltr'><strong>dominis,</strong></span> <span class='ocrx_word' id='word_1_152' title='bbox 3261 565 3372 605; x_wconf 89' lang='lat' dir='ltr'><strong>non</strong></span> <span class='ocrx_word' id='word_1_153' title='bbox 3399 549 3485 608; x_wconf 84' lang='lat' dir='ltr'><strong>fu-</strong></span> 
     </span>
    </p>
   </div>
   <div class='ocr_carea' id='block_1_20' title="bbox 1877 643 3484 712">
    <p class='ocr_par' dir='ltr' id='par_1_20' title="bbox 1877 643 3484 712">
     <span class='ocr_line' id='line_1_20' title="bbox 1877 643 3484 712; baseline 0.005 -17"><span class='ocrx_word' id='word_1_154' title='bbox 1877 651 2087 711; x_wconf 86' lang='lat' dir='ltr'><strong>rentur,</strong></span> <span class='ocrx_word' id='word_1_155' title='bbox 2117 653 2169 698; x_wconf 91' lang='lat' dir='ltr'><strong>et</strong></span> <span class='ocrx_word' id='word_1_156' title='bbox 2200 652 2321 712; x_wconf 92' lang='lat' dir='ltr'><strong>post</strong></span> <span class='ocrx_word' id='word_1_157' title='bbox 2352 643 2468 699; x_wconf 85' lang='lat' dir='ltr'><strong>haec</strong></span> <span class='ocrx_word' id='word_1_158' title='bbox 2501 645 2552 698; x_wconf 91' lang='lat' dir='ltr'><strong>in</strong></span> <span class='ocrx_word' id='word_1_159' title='bbox 2576 644 2830 700; x_wconf 77' lang='lat' dir='ltr'><strong>clunibus</strong></span> <span class='ocrx_word' id='word_1_160' title='bbox 2883 643 3043 700; x_wconf 86' lang='lat' dir='ltr'><strong>fidem</strong></span> <span class='ocrx_word' id='word_1_161' title='bbox 3074 644 3272 701; x_wconf 85' lang='lat' dir='ltr'><strong>bonam</strong></span> <span class='ocrx_word' id='word_1_162' title='bbox 3296 653 3484 703; x_wconf 81' lang='lat' dir='ltr'><strong>osten-</strong></span> 
     </span>
    </p>
   </div>
   <div class='ocr_carea' id='block_1_21' title="bbox 1877 733 3487 799">
    <p class='ocr_par' dir='ltr' id='par_1_21' title="bbox 1877 733 3487 799">
     <span class='ocr_line' id='line_1_21' title="bbox 1877 733 3487 799; baseline 0.005 -10"><span class='ocrx_word' id='word_1_163' title='bbox 1877 733 2027 799; x_wconf 78' lang='lat' dir='ltr'><strong>dant,</strong></span> <span class='ocrx_word' id='word_1_164' title='bbox 2082 748 2140 790; x_wconf 92' lang='lat' dir='ltr'><strong>ut</strong></span> <span class='ocrx_word' id='word_1_165' title='bbox 2165 736 2464 793; x_wconf 82' lang='lat' dir='ltr'><strong>doctrinam</strong></span> <span class='ocrx_word' id='word_1_166' title='bbox 2509 738 2817 795; x_wconf 87' lang='lat' dir='ltr'><strong>Salvatoris</strong></span> <span class='ocrx_word' id='word_1_167' title='bbox 2844 738 2941 795; x_wconf 91' lang='lat' dir='ltr'><strong>Dei</strong></span> <span class='ocrx_word' id='word_1_168' title='bbox 2974 739 3147 794; x_wconf 86' lang='lat' dir='ltr'><strong>nostri</strong></span> <span class='ocrx_word' id='word_1_169' title='bbox 3195 747 3395 796; x_wconf 90' lang='lat' dir='ltr'><strong>ornent</strong></span> <span class='ocrx_word' id='word_1_170' title='bbox 3428 740 3487 798; x_wconf 88' lang='lat' dir='ltr'><strong>in</strong></span> 
     </span>
    </p>
   </div>
   <div class='ocr_carea' id='block_1_22' title="bbox 1877 826 3487 901">
    <p class='ocr_par' dir='ltr' id='par_1_22' title="bbox 1877 826 3487 901">
     <span class='ocr_line' id='line_1_22' title="bbox 1877 826 3487 901; baseline 0.007 -21"><span class='ocrx_word' id='word_1_171' title='bbox 1877 827 2154 883; x_wconf 90' lang='lat' dir='ltr'><strong>omnibus.</strong></span> <span class='ocrx_word' id='word_1_172' title='bbox 2184 826 2239 885; x_wconf 89' lang='lat' dir='ltr'><strong>Si</strong></span> <span class='ocrx_word' id='word_1_173' title='bbox 2261 831 2407 885; x_wconf 91' lang='lat' dir='ltr'><strong>enim</strong></span> <span class='ocrx_word' id='word_1_174' title='bbox 2436 830 2581 901; x_wconf 90' lang='lat' dir='ltr'><strong>apud</strong></span> <span class='ocrx_word' id='word_1_175' title='bbox 2611 830 2859 887; x_wconf 83' lang='lat' dir='ltr'><strong>carnales</strong></span> <span class='ocrx_word' id='word_1_176' title='bbox 2887 831 3139 887; x_wconf 89' lang='lat' dir='ltr'><strong>dominos</strong></span> <span class='ocrx_word' id='word_1_177' title='bbox 3166 830 3220 886; x_wconf 84' lang='lat' dir='ltr'><strong>in</strong></span> <span class='ocrx_word' id='word_1_178' title='bbox 3253 831 3487 891; x_wconf 90' lang='lat' dir='ltr'><strong>minimo</strong></span> 
     </span>
    </p>
   </div>
   <div class='ocr_carea' id='block_1_23' title="bbox 1879 918 3487 997">
    <p class='ocr_par' dir='ltr' id='par_1_23' title="bbox 1879 918 3487 997">
     <span class='ocr_line' id='line_1_23' title="bbox 1879 918 3487 997; baseline 0.007 -25"><span class='ocrx_word' id='word_1_179' title='bbox 1879 918 2070 976; x_wconf 84' lang='lat' dir='ltr'><strong>fideles</strong></span> <span class='ocrx_word' id='word_1_180' title='bbox 2117 920 2363 990; x_wconf 82' lang='lat' dir='ltr'><strong>fuerint,</strong></span> <span class='ocrx_word' id='word_1_181' title='bbox 2408 923 2671 994; x_wconf 89' lang='lat' dir='ltr'><strong>incipient</strong></span> <span class='ocrx_word' id='word_1_182' title='bbox 2724 925 2806 980; x_wconf 91' lang='lat' dir='ltr'><strong>eis</strong></span> <span class='ocrx_word' id='word_1_183' title='bbox 2860 925 3003 996; x_wconf 91' lang='lat' dir='ltr'><strong>apud</strong></span> <span class='ocrx_word' id='word_1_184' title='bbox 3060 924 3233 981; x_wconf 91' lang='lat' dir='ltr'><strong>Deum</strong></span> <span class='ocrx_word' id='word_1_185' title='bbox 3273 926 3487 997; x_wconf 85' lang='lat' dir='ltr'><strong>majora</strong></span> 
     </span>
    </p>
   </div>
   <div class='ocr_carea' id='block_1_24' title="bbox 1877 1010 3484 1088">
    <p class='ocr_par' dir='ltr' id='par_1_24' title="bbox 1877 1010 3484 1088">
     <span class='ocr_line' id='line_1_24' title="bbox 1877 1010 3484 1088; baseline 0.006 -23"><span class='ocrx_word' id='word_1_186' title='bbox 1877 1010 2170 1066; x_wconf 90' lang='lat' dir='ltr'><strong>committi.</strong></span> <span class='ocrx_word' id='word_1_187' title='bbox 2223 1012 2396 1068; x_wconf 87' lang='lat' dir='ltr'><strong>Ornat</strong></span> <span class='ocrx_word' id='word_1_188' title='bbox 2424 1025 2606 1069; x_wconf 86' lang='lat' dir='ltr'><strong>autem</strong></span> <span class='ocrx_word' id='word_1_189' title='bbox 2640 1013 2952 1070; x_wconf 82' lang='lat' dir='ltr'><strong>doctrinam</strong></span> <span class='ocrx_word' id='word_1_190' title='bbox 3006 1016 3246 1085; x_wconf 90' lang='lat' dir='ltr'><strong>Domini,</strong></span> <span class='ocrx_word' id='word_1_191' title='bbox 3287 1018 3379 1088; x_wconf 88' lang='lat' dir='ltr'><strong>qui</strong></span> <span class='ocrx_word' id='word_1_192' title='bbox 3417 1033 3484 1076; x_wconf 86' lang='lat' dir='ltr'><strong>ea</strong></span> 
     </span>
    </p>
   </div>
   <div class='ocr_carea' id='block_1_25' title="bbox 1878 1102 3485 1177">
    <p class='ocr_par' dir='ltr' id='par_1_25' title="bbox 1878 1102 3485 1177">
     <span class='ocr_line' id='line_1_25' title="bbox 1878 1102 3485 1177; baseline 0.009 -23"><span class='ocrx_word' id='word_1_193' title='bbox 1878 1117 2000 1170; x_wconf 86' lang='lat' dir='ltr'><strong>quae</strong></span> <span class='ocrx_word' id='word_1_194' title='bbox 2036 1102 2340 1160; x_wconf 87' lang='lat' dir='ltr'><strong>conditioni</strong></span> <span class='ocrx_word' id='word_1_195' title='bbox 2367 1121 2480 1161; x_wconf 74' lang='lat' dir='ltr'><strong>sum</strong></span> <span class='ocrx_word' id='word_1_196' title='bbox 2510 1114 2640 1177; x_wconf 89' lang='lat' dir='ltr'><strong>apta</strong></span> <span class='ocrx_word' id='word_1_197' title='bbox 2672 1118 2819 1174; x_wconf 90' lang='lat' dir='ltr'><strong>sunt,</strong></span> <span class='ocrx_word' id='word_1_198' title='bbox 2870 1107 3024 1166; x_wconf 81' lang='lat' dir='ltr'><strong>facit.</strong></span> <span class='ocrx_word' id='word_1_199' title='bbox 3076 1110 3147 1166; x_wconf 88' lang='lat' dir='ltr'><strong>Et</strong></span> <span class='ocrx_word' id='word_1_200' title='bbox 3194 1124 3225 1166; x_wconf 92' lang='lat' dir='ltr'><strong>e</strong></span> <span class='ocrx_word' id='word_1_201' title='bbox 3265 1109 3485 1169; x_wconf 88' lang='lat' dir='ltr'><strong>diverso</strong></span> 
     </span>
    </p>
   </div>
   <div class='ocr_carea' id='block_1_26' title="bbox 1878 1197 3484 1275">
    <p class='ocr_par' dir='ltr' id='par_1_26' title="bbox 1878 1197 3484 1275">
     <span class='ocr_line' id='line_1_26' title="bbox 1878 1197 3484 1275; baseline 0.007 -24"><span class='ocrx_word' id='word_1_202' title='bbox 1878 1197 2322 1265; x_wconf 87' lang='lat' dir='ltr'><strong>confunditeam,</strong></span> <span class='ocrx_word' id='word_1_203' title='bbox 2370 1199 2464 1271; x_wconf 89' lang='lat' dir='ltr'><strong>qui</strong></span> <span class='ocrx_word' id='word_1_204' title='bbox 2517 1216 2625 1255; x_wconf 91' lang='lat' dir='ltr'><strong>non</strong></span> <span class='ocrx_word' id='word_1_205' title='bbox 2680 1208 2765 1257; x_wconf 86' lang='lat' dir='ltr'><strong>est</strong></span> <span class='ocrx_word' id='word_1_206' title='bbox 2808 1202 3091 1275; x_wconf 88' lang='lat' dir='ltr'><strong>subjectus</strong></span> <span class='ocrx_word' id='word_1_207' title='bbox 3123 1205 3177 1260; x_wconf 92' lang='lat' dir='ltr'><strong>in</strong></span> <span class='ocrx_word' id='word_1_208' title='bbox 3205 1206 3484 1275; x_wconf 88' lang='lat' dir='ltr'><strong>omnibus,</strong></span> 
     </span>
    </p>
   </div>
   <div class='ocr_carea' id='block_1_27' title="bbox 1878 1287 3485 1367">
    <p class='ocr_par' dir='ltr' id='par_1_27' title="bbox 1878 1287 3485 1367">
     <span class='ocr_line' id='line_1_27' title="bbox 1878 1287 3485 1367; baseline 0.006 -24"><span class='ocrx_word' id='word_1_209' title='bbox 1878 1287 1963 1343; x_wconf 89' lang='lat' dir='ltr'><strong>cui</strong></span> <span class='ocrx_word' id='word_1_210' title='bbox 2018 1288 2259 1345; x_wconf 91' lang='lat' dir='ltr'><strong>conditio</strong></span> <span class='ocrx_word' id='word_1_211' title='bbox 2302 1305 2398 1344; x_wconf 89' lang='lat' dir='ltr'><strong>sua</strong></span> <span class='ocrx_word' id='word_1_212' title='bbox 2449 1288 2722 1361; x_wconf 88' lang='lat' dir='ltr'><strong>displicet,</strong></span> <span class='ocrx_word' id='word_1_213' title='bbox 2751 1292 2847 1362; x_wconf 90' lang='lat' dir='ltr'><strong>qui</strong></span> <span class='ocrx_word' id='word_1_214' title='bbox 2890 1294 3265 1351; x_wconf 88' lang='lat' dir='ltr'><strong>contradictor</strong></span> <span class='ocrx_word' id='word_1_215' title='bbox 3314 1304 3485 1367; x_wconf 88' lang='lat' dir='ltr'><strong>atque</strong></span> 
     </span>
    </p>
   </div>
   <div class='ocr_carea' id='block_1_28' title="bbox 1878 1377 3491 1455">
    <p class='ocr_par' dir='ltr' id='par_1_28' title="bbox 1878 1377 3491 1455">
     <span class='ocr_line' id='line_1_28' title="bbox 1878 1377 3491 1455; baseline 0.007 -22"><span class='ocrx_word' id='word_1_216' title='bbox 1878 1377 2160 1435; x_wconf 82' lang='lat' dir='ltr'><strong>fraudator</strong></span> <span class='ocrx_word' id='word_1_217' title='bbox 2202 1380 2258 1436; x_wconf 90' lang='lat' dir='ltr'><strong>in</strong></span> <span class='ocrx_word' id='word_1_218' title='bbox 2305 1380 2456 1437; x_wconf 91' lang='lat' dir='ltr'><strong>nullo</strong></span> <span class='ocrx_word' id='word_1_219' title='bbox 2485 1382 2647 1438; x_wconf 81' lang='lat' dir='ltr'><strong>ﬁdem</strong></span> <span class='ocrx_word' id='word_1_220' title='bbox 2681 1384 2879 1439; x_wconf 87' lang='lat' dir='ltr'><strong>bonam</strong></span> <span class='ocrx_word' id='word_1_221' title='bbox 2907 1385 3168 1442; x_wconf 85' lang='lat' dir='ltr'><strong>ostendit.</strong></span> <span class='ocrx_word' id='word_1_222' title='bbox 3202 1385 3491 1455; x_wconf 86' lang='lat' dir='ltr'><strong>Quomodo</strong></span> 
     </span>
    </p>
   </div>
   <div class='ocr_carea' id='block_1_29' title="bbox 1879 1473 3485 1549">
    <p class='ocr_par' dir='ltr' id='par_1_29' title="bbox 1879 1473 3485 1549">
     <span class='ocr_line' id='line_1_29' title="bbox 1879 1473 3485 1549; baseline 0.006 -21"><span class='ocrx_word' id='word_1_223' title='bbox 1879 1474 2027 1528; x_wconf 89' lang='lat' dir='ltr'><strong>enim</strong></span> <span class='ocrx_word' id='word_1_224' title='bbox 2080 1483 2263 1544; x_wconf 89' lang='lat' dir='ltr'><strong>potest</strong></span> <span class='ocrx_word' id='word_1_225' title='bbox 2315 1473 2424 1546; x_wconf 77' lang='lat' dir='ltr'><strong>[AL</strong></span> <span class='ocrx_word' id='word_1_226' title='bbox 2451 1476 2675 1549; x_wconf 87' lang='lat' dir='ltr'><strong>poterit]</strong></span> <span class='ocrx_word' id='word_1_227' title='bbox 2716 1477 2893 1533; x_wconf 87' lang='lat' dir='ltr'><strong>fidelis</strong></span> <span class='ocrx_word' id='word_1_228' title='bbox 2941 1480 3145 1536; x_wconf 90' lang='lat' dir='ltr'><strong>essein</strong></span> <span class='ocrx_word' id='word_1_229' title='bbox 3177 1481 3485 1539; x_wconf 84' lang='lat' dir='ltr'><strong>substantia</strong></span> 
     </span>
    </p>
   </div>
   <div class='ocr_carea' id='block_1_30' title="bbox 1880 1566 3487 1648">
    <p class='ocr_par' dir='ltr' id='par_1_30' title="bbox 1880 1566 3487 1648">
     <span class='ocr_line' id='line_1_30' title="bbox 1880 1566 3487 1648; baseline 0.006 -26"><span class='ocrx_word' id='word_1_230' title='bbox 1880 1566 2005 1635; x_wconf 87' lang='lat' dir='ltr'><strong>Dei,</strong></span> <span class='ocrx_word' id='word_1_231' title='bbox 2046 1568 2141 1639; x_wconf 90' lang='lat' dir='ltr'><strong>qui</strong></span> <span class='ocrx_word' id='word_1_232' title='bbox 2194 1568 2406 1625; x_wconf 89' lang='lat' dir='ltr'><strong>carnali</strong></span> <span class='ocrx_word' id='word_1_233' title='bbox 2447 1570 2671 1627; x_wconf 88' lang='lat' dir='ltr'><strong>domino</strong></span> <span class='ocrx_word' id='word_1_234' title='bbox 2716 1571 2880 1629; x_wconf 83' lang='lat' dir='ltr'><strong>ﬁdem</strong></span> <span class='ocrx_word' id='word_1_235' title='bbox 2935 1572 3198 1631; x_wconf 85' lang='lat' dir='ltr'><strong>exhibere</strong></span> <span class='ocrx_word' id='word_1_236' title='bbox 3229 1590 3336 1631; x_wconf 93' lang='lat' dir='ltr'><strong>non</strong></span> <span class='ocrx_word' id='word_1_237' title='bbox 3388 1590 3487 1648; x_wconf 87' lang='lat' dir='ltr'><strong>po-</strong></span> 
     </span>
    </p>
   </div>
   <div class='ocr_carea' id='block_1_31' title="bbox 1880 1660 2017 1715">
    <p class='ocr_par' dir='ltr' id='par_1_31' title="bbox 1880 1660 2017 1715">
     <span class='ocr_line' id='line_1_31' title="bbox 1880 1660 2017 1715; baseline -0.007 0"><span class='ocrx_word' id='word_1_238' title='bbox 1880 1660 2017 1715; x_wconf 77' lang='lat' dir='ltr'><strong>luit?</strong></span> 
     </span>
    </p>
   </div>
   <div class='ocr_carea' id='block_1_32' title="bbox 1952 1751 3484 1830">
    <p class='ocr_par' dir='ltr' id='par_1_32' title="bbox 1952 1751 3484 1830">
     <span class='ocr_line' id='line_1_32' title="bbox 1952 1751 3484 1830; baseline 0.004 -19"><span class='ocrx_word' id='word_1_239' title='bbox 1952 1751 2118 1825; x_wconf 67' lang='grc'><strong>724</strong></span> <span class='ocrx_word' id='word_1_240' title='bbox 2155 1753 2347 1825; x_wconf 79' lang='lat' dir='ltr'><strong>(Vers.</strong></span> <span class='ocrx_word' id='word_1_241' title='bbox 2400 1756 2469 1810; x_wconf 68' lang='lat' dir='ltr'><strong>l2</strong></span> <span class='ocrx_word' id='word_1_242' title='bbox 2519 1755 2702 1828; x_wconf 85' lang='lat' dir='ltr'><strong>seqq.)</strong></span> <span class='ocrx_word' id='word_1_243' title='bbox 2744 1756 2933 1813; x_wconf 71' lang='lat' dir='ltr'><strong>Illuxit</strong></span> <span class='ocrx_word' id='word_1_244' title='bbox 2981 1759 3117 1813; x_wconf 88' lang='lat' dir='ltr'><strong>enim</strong></span> <span class='ocrx_word' id='word_1_245' title='bbox 3171 1760 3346 1830; x_wconf 89' lang='lat' dir='ltr'><strong>gratia</strong></span> <span class='ocrx_word' id='word_1_246' title='bbox 3383 1759 3484 1818; x_wconf 88' lang='lat' dir='ltr'><strong>Dei</strong></span> 
     </span>
    </p>
   </div>
   <div class='ocr_carea' id='block_1_33' title="bbox 210 1846 3491 1923">
    <p class='ocr_par' dir='ltr' id='par_1_33' title="bbox 210 1846 3491 1923">
     <span class='ocr_line' id='line_1_33' title="bbox 210 1846 3491 1923; baseline -0.001 -11"><span class='ocrx_word' id='word_1_247' title='bbox 210 1870 339 1912; x_wconf 87' lang='lat' dir='ltr'><strong>suum</strong></span> <span class='ocrx_word' id='word_1_248' title='bbox 361 1852 752 1910; x_wconf 86' lang='lat' dir='ltr'><strong>beatitudinem</strong></span> <span class='ocrx_word' id='word_1_249' title='bbox 781 1867 977 1923; x_wconf 84' lang='lat' dir='ltr'><strong>capere</strong></span> <span class='ocrx_word' id='word_1_250' title='bbox 1001 1861 1183 1920; x_wconf 82' lang='lat' dir='ltr'><strong>potest</strong></span> <span class='ocrx_word' id='word_1_251' title='bbox 1209 1870 1223 1906; x_wconf 93' lang='lat'><strong>:</strong></span> <span class='ocrx_word' id='word_1_252' title='bbox 1266 1852 1339 1907; x_wconf 81' lang='lat' dir='ltr'><strong>ita</strong></span> <span class='ocrx_word' id='word_1_253' title='bbox 1369 1860 1425 1907; x_wconf 91' lang='lat' dir='ltr'><strong>et</strong></span> <span class='ocrx_word' id='word_1_254' title='bbox 1452 1852 1592 1908; x_wconf 90' lang='lat' dir='ltr'><strong>servi</strong></span> <span class='ocrx_word' id='word_1_255' title='bbox 1630 1867 1780 1907; x_wconf 88' lang='lat' dir='ltr'><strong>com—</strong></span> <span class='ocrx_word' id='word_1_256' title='bbox 1809 1852 1856 1914; x_wconf 83' lang='grc' dir='ltr'><strong>Β</strong></span> <span class='ocrx_word' id='word_1_257' title='bbox 1887 1846 2178 1903; x_wconf 76' lang='lat' dir='ltr'><strong>Saluatoris</strong></span> <span class='ocrx_word' id='word_1_258' title='bbox 2205 1850 2443 1905; x_wconf 85' lang='lat' dir='ltr'><strong>omnibus</strong></span> <span class='ocrx_word' id='word_1_259' title='bbox 2483 1850 2779 1907; x_wconf 84' lang='lat' dir='ltr'><strong>hominibus</strong></span> <span class='ocrx_word' id='word_1_260' title='bbox 2808 1851 3052 1908; x_wconf 87' lang='lat' dir='ltr'><strong>erudiens</strong></span> <span class='ocrx_word' id='word_1_261' title='bbox 3082 1869 3198 1921; x_wconf 90' lang='lat' dir='ltr'><strong>nos,</strong></span> <span class='ocrx_word' id='word_1_262' title='bbox 3242 1862 3300 1908; x_wconf 86' lang='lat' dir='ltr'><strong>ut</strong></span> <span class='ocrx_word' id='word_1_263' title='bbox 3330 1855 3491 1909; x_wconf 87' lang='lat' dir='ltr'><strong>abne-</strong></span> 
     </span>
    </p>
   </div>
   <div class='ocr_carea' id='block_1_34' title="bbox 207 1943 1773 2019">
    <p class='ocr_par' dir='ltr' id='par_1_34' title="bbox 207 1943 1773 2019">
     <span class='ocr_line' id='line_1_34' title="bbox 207 1943 1773 2019; baseline -0.002 -17"><span class='ocrx_word' id='word_1_264' title='bbox 207 1947 423 2019; x_wconf 85' lang='lat' dir='ltr'><strong>placeant</strong></span> <span class='ocrx_word' id='word_1_265' title='bbox 447 1944 556 2002; x_wconf 88' lang='lat' dir='ltr'><strong>sibi</strong></span> <span class='ocrx_word' id='word_1_266' title='bbox 590 1944 739 2016; x_wconf 89' lang='lat' dir='ltr'><strong>quod</strong></span> <span class='ocrx_word' id='word_1_267' title='bbox 768 1943 912 2001; x_wconf 84' lang='lat' dir='ltr'><strong>servi</strong></span> <span class='ocrx_word' id='word_1_268' title='bbox 941 1945 1054 2000; x_wconf 87' lang='lat' dir='ltr'><strong>sint</strong></span> <span class='ocrx_word' id='word_1_269' title='bbox 1083 1962 1097 1999; x_wconf 91' lang='lat'><strong>:</strong></span> <span class='ocrx_word' id='word_1_270' title='bbox 1127 1953 1185 2001; x_wconf 90' lang='lat' dir='ltr'><strong>et</strong></span> <span class='ocrx_word' id='word_1_271' title='bbox 1204 1960 1310 2000; x_wconf 92' lang='lat' dir='ltr'><strong>non</strong></span> <span class='ocrx_word' id='word_1_272' title='bbox 1355 1943 1558 2000; x_wconf 86' lang='lat' dir='ltr'><strong>idcirco</strong></span> <span class='ocrx_word' id='word_1_273' title='bbox 1579 1952 1773 2016; x_wconf 89' lang='lat' dir='ltr'><strong>putent</strong></span> 
     </span>
    </p>
   </div>
   <div class='ocr_carea' id='block_1_35' title="bbox 208 2036 1772 2109">
    <p class='ocr_par' dir='ltr' id='par_1_35' title="bbox 208 2036 1772 2109">
     <span class='ocr_line' id='line_1_35' title="bbox 208 2036 1772 2109; baseline -0.003 -13"><span class='ocrx_word' id='word_1_274' title='bbox 208 2041 300 2096; x_wconf 88' lang='lat' dir='ltr'><strong>Deo</strong></span> <span class='ocrx_word' id='word_1_275' title='bbox 324 2055 378 2096; x_wconf 88' lang='lat' dir='ltr'><strong>se</strong></span> <span class='ocrx_word' id='word_1_276' title='bbox 405 2038 617 2096; x_wconf 86' lang='lat' dir='ltr'><strong>servire</strong></span> <span class='ocrx_word' id='word_1_277' title='bbox 642 2052 750 2094; x_wconf 91' lang='lat' dir='ltr'><strong>non</strong></span> <span class='ocrx_word' id='word_1_278' title='bbox 774 2053 959 2109; x_wconf 86' lang='lat' dir='ltr'><strong>posse,</strong></span> <span class='ocrx_word' id='word_1_279' title='bbox 989 2039 1117 2109; x_wconf 83' lang='lat' dir='ltr'><strong>quia</strong></span> <span class='ocrx_word' id='word_1_280' title='bbox 1136 2037 1366 2108; x_wconf 86' lang='lat' dir='ltr'><strong>subjecti</strong></span> <span class='ocrx_word' id='word_1_281' title='bbox 1395 2037 1505 2094; x_wconf 87' lang='lat' dir='ltr'><strong>sint</strong></span> <span class='ocrx_word' id='word_1_282' title='bbox 1534 2036 1772 2092; x_wconf 86' lang='lat' dir='ltr'><strong>homini-</strong></span> 
     </span>
    </p>
   </div>
   <div class='ocr_carea' id='block_1_36' title="bbox 204 2128 1774 2202">
    <p class='ocr_par' dir='ltr' id='par_1_36' title="bbox 204 2128 1774 2202">
     <span class='ocr_line' id='line_1_36' title="bbox 204 2128 1774 2202; baseline -0.002 -14"><span class='ocrx_word' id='word_1_283' title='bbox 204 2130 313 2198; x_wconf 84' lang='lat' dir='ltr'><strong>bus;</strong></span> <span class='ocrx_word' id='word_1_284' title='bbox 341 2130 433 2189; x_wconf 87' lang='lat' dir='ltr'><strong>sed</strong></span> <span class='ocrx_word' id='word_1_285' title='bbox 458 2132 514 2188; x_wconf 89' lang='lat' dir='ltr'><strong>in</strong></span> <span class='ocrx_word' id='word_1_286' title='bbox 545 2146 616 2188; x_wconf 87' lang='lat' dir='ltr'><strong>eo</strong></span> <span class='ocrx_word' id='word_1_287' title='bbox 642 2128 818 2202; x_wconf 89' lang='lat' dir='ltr'><strong>magis</strong></span> <span class='ocrx_word' id='word_1_288' title='bbox 832 2130 1049 2201; x_wconf 88' lang='lat' dir='ltr'><strong>placere</strong></span> <span class='ocrx_word' id='word_1_289' title='bbox 1073 2129 1339 2185; x_wconf 84' lang='lat' dir='ltr'><strong>voluntati</strong></span> <span class='ocrx_word' id='word_1_290' title='bbox 1368 2131 1484 2198; x_wconf 91' lang='lat' dir='ltr'><strong>Dei,</strong></span> <span class='ocrx_word' id='word_1_291' title='bbox 1518 2129 1565 2185; x_wconf 90' lang='lat' dir='ltr'><strong>si</strong></span> <span class='ocrx_word' id='word_1_292' title='bbox 1595 2141 1647 2186; x_wconf 90' lang='lat' dir='ltr'><strong>et</strong></span> <span class='ocrx_word' id='word_1_293' title='bbox 1675 2128 1774 2185; x_wconf 83' lang='lat' dir='ltr'><strong>do-</strong></span> 
     </span>
    </p>
   </div>
   <div class='ocr_carea' id='block_1_37' title="bbox 203 2227 1774 2298">
    <p class='ocr_par' dir='ltr' id='par_1_37' title="bbox 203 2227 1774 2298">
     <span class='ocr_line' id='line_1_37' title="bbox 203 2227 1774 2298; baseline -0.002 -14"><span class='ocrx_word' id='word_1_294' title='bbox 203 2228 343 2284; x_wconf 81' lang='lat' dir='ltr'><strong>minis</strong></span> <span class='ocrx_word' id='word_1_295' title='bbox 368 2229 477 2285; x_wconf 92' lang='lat' dir='ltr'><strong>suis</strong></span> <span class='ocrx_word' id='word_1_296' title='bbox 521 2228 729 2285; x_wconf 89' lang='lat' dir='ltr'><strong>subditi</strong></span> <span class='ocrx_word' id='word_1_297' title='bbox 767 2227 972 2284; x_wconf 88' lang='lat' dir='ltr'><strong>fuerint</strong></span> <span class='ocrx_word' id='word_1_298' title='bbox 1018 2229 1072 2283; x_wconf 90' lang='lat' dir='ltr'><strong>in</strong></span> <span class='ocrx_word' id='word_1_299' title='bbox 1103 2227 1378 2294; x_wconf 85' lang='lat' dir='ltr'><strong>omnibus,</strong></span> <span class='ocrx_word' id='word_1_300' title='bbox 1428 2236 1485 2284; x_wconf 88' lang='lat' dir='ltr'><strong>et</strong></span> <span class='ocrx_word' id='word_1_301' title='bbox 1531 2227 1774 2298; x_wconf 81' lang='lat' dir='ltr'><strong>compla-</strong></span> 
     </span>
    </p>
   </div>
   <div class='ocr_carea' id='block_1_38' title="bbox 201 2320 1772 2392">
    <p class='ocr_par' dir='ltr' id='par_1_38' title="bbox 201 2320 1772 2392">
     <span class='ocr_line' id='line_1_38' title="bbox 201 2320 1772 2392; baseline 0 -15"><span class='ocrx_word' id='word_1_302' title='bbox 201 2321 384 2378; x_wconf 88' lang='lat' dir='ltr'><strong>cuerint</strong></span> <span class='ocrx_word' id='word_1_303' title='bbox 429 2320 537 2378; x_wconf 87' lang='lat' dir='ltr'><strong>sibi</strong></span> <span class='ocrx_word' id='word_1_304' title='bbox 590 2321 647 2377; x_wconf 91' lang='lat' dir='ltr'><strong>in</strong></span> <span class='ocrx_word' id='word_1_305' title='bbox 690 2320 1014 2378; x_wconf 89' lang='lat' dir='ltr'><strong>conditione</strong></span> <span class='ocrx_word' id='word_1_306' title='bbox 1043 2335 1176 2388; x_wconf 88' lang='lat' dir='ltr'><strong>sua;</strong></span> <span class='ocrx_word' id='word_1_307' title='bbox 1216 2329 1274 2377; x_wconf 92' lang='lat' dir='ltr'><strong>et</strong></span> <span class='ocrx_word' id='word_1_308' title='bbox 1323 2320 1469 2392; x_wconf 90' lang='lat' dir='ltr'><strong>quod</strong></span> <span class='ocrx_word' id='word_1_309' title='bbox 1515 2320 1772 2392; x_wconf 88' lang='lat' dir='ltr'><strong>deinceps</strong></span> 
     </span>
    </p>
   </div>
   <div class='ocr_carea' id='block_1_39' title="bbox 201 2409 1773 2486">
    <p class='ocr_par' dir='ltr' id='par_1_39' title="bbox 201 2409 1773 2486">
     <span class='ocr_line' id='line_1_39' title="bbox 201 2409 1773 2486; baseline -0.001 -18"><span class='ocrx_word' id='word_1_310' title='bbox 201 2409 465 2484; x_wconf 79' lang='lat' dir='ltr'><strong>Apostolus</strong></span> <span class='ocrx_word' id='word_1_311' title='bbox 496 2412 758 2486; x_wconf 67' lang='lat' dir='ltr'><strong>praecipit</strong></span> <span class='ocrx_word' id='word_1_312' title='bbox 809 2424 1201 2484; x_wconf 80' lang='lat' dir='ltr'><strong>exsequantur,</strong></span> <span class='ocrx_word' id='word_1_313' title='bbox 1231 2422 1290 2469; x_wconf 88' lang='lat' dir='ltr'><strong>ut</strong></span> <span class='ocrx_word' id='word_1_314' title='bbox 1332 2427 1441 2468; x_wconf 91' lang='lat' dir='ltr'><strong>non</strong></span> <span class='ocrx_word' id='word_1_315' title='bbox 1493 2411 1605 2469; x_wconf 89' lang='lat' dir='ltr'><strong>sint</strong></span> <span class='ocrx_word' id='word_1_316' title='bbox 1642 2428 1773 2469; x_wconf 87' lang='lat' dir='ltr'><strong>con-</strong></span> 
     </span>
    </p>
   </div>
   <div class='ocr_carea' id='block_1_40' title="bbox 199 2506 1775 2575">
    <p class='ocr_par' dir='ltr' id='par_1_40' title="bbox 199 2506 1775 2575">
     <span class='ocr_line' id='line_1_40' title="bbox 199 2506 1775 2575; baseline -0.001 -11"><span class='ocrx_word' id='word_1_317' title='bbox 199 2507 539 2575; x_wconf 76' lang='lat' dir='ltr'><strong>tradicentes,</strong></span> <span class='ocrx_word' id='word_1_318' title='bbox 607 2521 721 2564; x_wconf 91' lang='lat' dir='ltr'><strong>non</strong></span> <span class='ocrx_word' id='word_1_319' title='bbox 782 2506 1053 2563; x_wconf 90' lang='lat' dir='ltr'><strong>furantes.</strong></span> <span class='ocrx_word' id='word_1_320' title='bbox 1119 2506 1220 2562; x_wconf 82' lang='lat' dir='ltr'><strong>Vel</strong></span> <span class='ocrx_word' id='word_1_321' title='bbox 1299 2507 1597 2562; x_wconf 84' lang='lat' dir='ltr'><strong>maximum</strong></span> <span class='ocrx_word' id='word_1_322' title='bbox 1658 2522 1775 2562; x_wconf 89' lang='lat' dir='ltr'><strong>ser-</strong></span> 
     </span>
    </p>
   </div>
   <div class='ocr_carea' id='block_1_41' title="bbox 199 2598 1773 2669">
    <p class='ocr_par' dir='ltr' id='par_1_41' title="bbox 199 2598 1773 2669">
     <span class='ocr_line' id='line_1_41' title="bbox 199 2598 1773 2669; baseline -0.001 -14"><span class='ocrx_word' id='word_1_323' title='bbox 199 2613 364 2655; x_wconf 88' lang='lat' dir='ltr'><strong>vomm</strong></span> <span class='ocrx_word' id='word_1_324' title='bbox 413 2602 612 2657; x_wconf 84' lang='lat' dir='ltr'><strong>vitium</strong></span> <span class='ocrx_word' id='word_1_325' title='bbox 666 2609 775 2668; x_wconf 89' lang='lat' dir='ltr'><strong>est,</strong></span> <span class='ocrx_word' id='word_1_326' title='bbox 825 2598 1069 2657; x_wconf 87' lang='lat' dir='ltr'><strong>dominis</strong></span> <span class='ocrx_word' id='word_1_327' title='bbox 1099 2598 1501 2669; x_wconf 79' lang='lat' dir='ltr'><strong>contradicere,</strong></span> <span class='ocrx_word' id='word_1_328' title='bbox 1551 2607 1607 2655; x_wconf 91' lang='lat' dir='ltr'><strong>et</strong></span> <span class='ocrx_word' id='word_1_329' title='bbox 1651 2613 1773 2654; x_wconf 87' lang='lat' dir='ltr'><strong>cum</strong></span> 
     </span>
    </p>
   </div>
   <div class='ocr_carea' id='block_1_42' title="bbox 197 2690 1775 2765">
    <p class='ocr_par' dir='ltr' id='par_1_42' title="bbox 197 2690 1775 2765">
     <span class='ocr_line' id='line_1_42' title="bbox 197 2690 1775 2765; baseline 0 -18"><span class='ocrx_word' id='word_1_330' title='bbox 197 2690 376 2763; x_wconf 82' lang='lat' dir='ltr'><strong>aliquid</strong></span> <span class='ocrx_word' id='word_1_331' title='bbox 433 2693 750 2765; x_wconf 88' lang='lat' dir='ltr'><strong>jusserint,</strong></span> <span class='ocrx_word' id='word_1_332' title='bbox 810 2707 997 2750; x_wconf 83' lang='lat' dir='ltr'><strong>secum</strong></span> <span class='ocrx_word' id='word_1_333' title='bbox 1052 2692 1365 2749; x_wconf 87' lang='lat' dir='ltr'><strong>mussitare.</strong></span> <span class='ocrx_word' id='word_1_334' title='bbox 1437 2692 1623 2765; x_wconf 83' lang='lat' dir='ltr'><strong>Itaque</strong></span> <span class='ocrx_word' id='word_1_335' title='bbox 1677 2693 1775 2748; x_wconf 85' lang='lat' dir='ltr'><strong>Ti-</strong></span> 
     </span>
    </p>
   </div>
   <div class='ocr_carea' id='block_1_43' title="bbox 197 2783 1775 2857">
    <p class='ocr_par' dir='ltr' id='par_1_43' title="bbox 197 2783 1775 2857">
     <span class='ocr_line' id='line_1_43' title="bbox 197 2783 1775 2857; baseline 0.001 -18"><span class='ocrx_word' id='word_1_336' title='bbox 197 2790 292 2839; x_wconf 88' lang='lat' dir='ltr'><strong>tum</strong></span> <span class='ocrx_word' id='word_1_337' title='bbox 348 2791 692 2855; x_wconf 85' lang='lat' dir='ltr'><strong>commonet,</strong></span> <span class='ocrx_word' id='word_1_338' title='bbox 743 2793 802 2841; x_wconf 93' lang='lat' dir='ltr'><strong>ut</strong></span> <span class='ocrx_word' id='word_1_339' title='bbox 848 2800 948 2857; x_wconf 88' lang='lat' dir='ltr'><strong>per</strong></span> <span class='ocrx_word' id='word_1_340' title='bbox 1000 2784 1305 2841; x_wconf 85' lang='lat' dir='ltr'><strong>doctrinam</strong></span> <span class='ocrx_word' id='word_1_341' title='bbox 1360 2799 1550 2840; x_wconf 88' lang='lat' dir='ltr'><strong>sanam</strong></span> <span class='ocrx_word' id='word_1_342' title='bbox 1598 2783 1775 2841; x_wconf 83' lang='lat' dir='ltr'><strong>abhis</strong></span> 
     </span>
    </p>
   </div>
   <div class='ocr_carea' id='block_1_44' title="bbox 196 2877 1772 2950">
    <p class='ocr_par' dir='ltr' id='par_1_44' title="bbox 196 2877 1772 2950">
     <span class='ocr_line' id='line_1_44' title="bbox 196 2877 1772 2950; baseline 0 -17"><span class='ocrx_word' id='word_1_343' title='bbox 196 2878 273 2950; x_wconf 85' lang='lat' dir='ltr'><strong>qui</strong></span> <span class='ocrx_word' id='word_1_344' title='bbox 291 2877 583 2936; x_wconf 87' lang='lat' dir='ltr'><strong>Christiani</strong></span> <span class='ocrx_word' id='word_1_345' title='bbox 608 2879 756 2936; x_wconf 84' lang='lat' dir='ltr'><strong>servi</strong></span> <span class='ocrx_word' id='word_1_346' title='bbox 782 2889 929 2948; x_wconf 84' lang='lat' dir='ltr'><strong>sunt,</strong></span> <span class='ocrx_word' id='word_1_347' title='bbox 977 2877 1285 2935; x_wconf 87' lang='lat' dir='ltr'><strong>istiusmodi</strong></span> <span class='ocrx_word' id='word_1_348' title='bbox 1318 2877 1530 2934; x_wconf 88' lang='lat' dir='ltr'><strong>auferat</strong></span> <span class='ocrx_word' id='word_1_349' title='bbox 1557 2877 1772 2949; x_wconf 88' lang='lat' dir='ltr'><strong>passio-</strong></span> 
     </span>
    </p>
   </div>
   <div class='ocr_carea' id='block_1_45' title="bbox 196 2971 1777 3046">
    <p class='ocr_par' dir='ltr' id='par_1_45' title="bbox 196 2971 1777 3046">
     <span class='ocr_line' id='line_1_45' title="bbox 196 2971 1777 3046; baseline 0.001 -19"><span class='ocrx_word' id='word_1_350' title='bbox 196 2986 323 3027; x_wconf 89' lang='lat' dir='ltr'><strong>nem.</strong></span> <span class='ocrx_word' id='word_1_351' title='bbox 353 2972 410 3030; x_wconf 92' lang='lat' dir='ltr'><strong>Si</strong></span> <span class='ocrx_word' id='word_1_352' title='bbox 437 2975 589 3031; x_wconf 90' lang='lat' dir='ltr'><strong>enim</strong></span> <span class='ocrx_word' id='word_1_353' title='bbox 619 2988 745 3046; x_wconf 59' lang='lat' dir='ltr'><strong>quas</strong></span> <span class='ocrx_word' id='word_1_354' title='bbox 788 2972 1045 3029; x_wconf 90' lang='lat' dir='ltr'><strong>dominus</strong></span> <span class='ocrx_word' id='word_1_355' title='bbox 1086 2972 1248 3045; x_wconf 75' lang='lat'><strong>723</strong></span> <span class='ocrx_word' id='word_1_356' title='bbox 1293 2971 1526 3043; x_wconf 90' lang='lat' dir='ltr'><strong>imperat</strong></span> <span class='ocrx_word' id='word_1_357' title='bbox 1550 2985 1777 3028; x_wconf 88' lang='lat' dir='ltr'><strong>necesse</strong></span> 
     </span>
    </p>
   </div>
   <div class='ocr_carea' id='block_1_46' title="bbox 193 3060 1777 3138">
    <p class='ocr_par' dir='ltr' id='par_1_46' title="bbox 193 3060 1777 3138">
     <span class='ocr_line' id='line_1_46' title="bbox 193 3060 1777 3138; baseline 0.002 -21"><span class='ocrx_word' id='word_1_358' title='bbox 193 3060 339 3121; x_wconf 87' lang='lat' dir='ltr'><strong>habet</strong></span> <span class='ocrx_word' id='word_1_359' title='bbox 359 3079 562 3123; x_wconf 85' lang='lat' dir='ltr'><strong>servus</strong></span> <span class='ocrx_word' id='word_1_360' title='bbox 590 3065 821 3138; x_wconf 88' lang='lat' dir='ltr'><strong>implere</strong></span> <span class='ocrx_word' id='word_1_361' title='bbox 852 3082 865 3120; x_wconf 92' lang='lat'><strong>:</strong></span> <span class='ocrx_word' id='word_1_362' title='bbox 891 3080 986 3122; x_wconf 89' lang='lat' dir='ltr'><strong>cur</strong></span> <span class='ocrx_word' id='word_1_363' title='bbox 1006 3064 1112 3122; x_wconf 84' lang='lat' dir='ltr'><strong>hoc</strong></span> <span class='ocrx_word' id='word_1_364' title='bbox 1142 3065 1319 3135; x_wconf 90' lang='lat' dir='ltr'><strong>ipsum</strong></span> <span class='ocrx_word' id='word_1_365' title='bbox 1348 3078 1457 3120; x_wconf 93' lang='lat' dir='ltr'><strong>non</strong></span> <span class='ocrx_word' id='word_1_366' title='bbox 1486 3080 1607 3121; x_wconf 92' lang='lat' dir='ltr'><strong>cum</strong></span> <span class='ocrx_word' id='word_1_367' title='bbox 1636 3065 1777 3120; x_wconf 89' lang='lat' dir='ltr'><strong>bona</strong></span> 
     </span>
    </p>
   </div>
   <div class='ocr_carea' id='block_1_47' title="bbox 193 3152 1780 3228">
    <p class='ocr_par' dir='ltr' id='par_1_47' title="bbox 193 3152 1780 3228">
     <span class='ocr_line' id='line_1_47' title="bbox 193 3152 1780 3228; baseline 0.001 -17"><span class='ocrx_word' id='word_1_368' title='bbox 193 3152 340 3213; x_wconf 79' lang='lat' dir='ltr'><strong>iaciat</strong></span> <span class='ocrx_word' id='word_1_369' title='bbox 366 3158 689 3226; x_wconf 85' lang='lat' dir='ltr'><strong>voluntate;</strong></span> <span class='ocrx_word' id='word_1_370' title='bbox 717 3157 815 3216; x_wconf 91' lang='lat' dir='ltr'><strong>sed</strong></span> <span class='ocrx_word' id='word_1_371' title='bbox 857 3167 912 3215; x_wconf 89' lang='lat' dir='ltr'><strong>et</strong></span> <span class='ocrx_word' id='word_1_372' title='bbox 941 3158 1223 3216; x_wconf 92' lang='lat' dir='ltr'><strong>dominum</strong></span> <span class='ocrx_word' id='word_1_373' title='bbox 1254 3156 1518 3228; x_wconf 75' lang='lat' dir='ltr'><strong>oilendat,</strong></span> <span class='ocrx_word' id='word_1_374' title='bbox 1569 3167 1667 3214; x_wconf 49' lang='lat' dir='ltr'><strong>lltet</strong></span> <span class='ocrx_word' id='word_1_375' title='bbox 1696 3166 1780 3213; x_wconf 80' lang='lat' dir='ltr'><strong>ta-</strong></span> 
     </span>
    </p>
   </div>
   <div class='ocr_carea' id='block_1_48' title="bbox 1876 1943 3487 2018">
    <p class='ocr_par' dir='ltr' id='par_1_48' title="bbox 1876 1943 3487 2018">
     <span class='ocr_line' id='line_1_48' title="bbox 1876 1943 3487 2018; baseline 0.006 -24"><span class='ocrx_word' id='word_1_376' title='bbox 1876 1952 2055 2014; x_wconf 88' lang='lat' dir='ltr'><strong>gantes</strong></span> <span class='ocrx_word' id='word_1_377' title='bbox 2103 1943 2421 2008; x_wconf 85' lang='lat' dir='ltr'><strong>impietatem</strong></span> <span class='ocrx_word' id='word_1_378' title='bbox 2467 1954 2512 1999; x_wconf 86' lang='lat' dir='ltr'><strong>et</strong></span> <span class='ocrx_word' id='word_1_379' title='bbox 2533 1945 2812 1999; x_wconf 78' lang='lat' dir='ltr'><strong>swcularia</strong></span> <span class='ocrx_word' id='word_1_380' title='bbox 2860 1946 3140 2014; x_wconf 82' lang='lat' dir='ltr'><strong>desideria,</strong></span> <span class='ocrx_word' id='word_1_381' title='bbox 3190 1946 3404 2018; x_wconf 81' lang='lat' dir='ltr'><strong>pudice,</strong></span> <span class='ocrx_word' id='word_1_382' title='bbox 3436 1957 3487 2004; x_wconf 83' lang='lat' dir='ltr'><strong>et</strong></span> 
     </span>
    </p>
   </div>
   <div class='ocr_carea' id='block_1_49' title="bbox 1868 2035 3491 2109">
    <p class='ocr_par' dir='ltr' id='par_1_49' title="bbox 1868 2035 3491 2109">
     <span class='ocr_line' id='line_1_49' title="bbox 1868 2035 3491 2109; baseline 0.002 -20"><span class='ocrx_word' id='word_1_383' title='bbox 1868 2037 2029 2107; x_wconf 81' lang='lat' dir='ltr'><strong>juste,</strong></span> <span class='ocrx_word' id='word_1_384' title='bbox 2065 2043 2113 2088; x_wconf 85' lang='lat' dir='ltr'><strong>et</strong></span> <span class='ocrx_word' id='word_1_385' title='bbox 2142 2035 2225 2107; x_wconf 90' lang='lat' dir='ltr'><strong>pie</strong></span> <span class='ocrx_word' id='word_1_386' title='bbox 2249 2036 2478 2090; x_wconf 80' lang='lat' dir='ltr'><strong>vivamus</strong></span> <span class='ocrx_word' id='word_1_387' title='bbox 2508 2037 2565 2091; x_wconf 89' lang='lat' dir='ltr'><strong>in</strong></span> <span class='ocrx_word' id='word_1_388' title='bbox 2590 2039 2687 2091; x_wconf 82' lang='lat' dir='ltr'><strong>Itoc</strong></span> <span class='ocrx_word' id='word_1_389' title='bbox 2710 2038 2904 2092; x_wconf 76' lang='lat' dir='ltr'><strong>steculo</strong></span> <span class='ocrx_word' id='word_1_390' title='bbox 2933 2053 2951 2091; x_wconf 93' lang='lat'><strong><em>:</em></strong></span> <span class='ocrx_word' id='word_1_391' title='bbox 2976 2046 3333 2109; x_wconf 67' lang='lat' dir='ltr'><strong>exspectantes</strong></span> <span class='ocrx_word' id='word_1_392' title='bbox 3365 2039 3491 2095; x_wconf 84' lang='lat' dir='ltr'><strong>bea-</strong></span> 
     </span>
    </p>
   </div>
   <div class='ocr_carea' id='block_1_50' title="bbox 1878 2127 3490 2202">
    <p class='ocr_par' dir='ltr' id='par_1_50' title="bbox 1878 2127 3490 2202">
     <span class='ocr_line' id='line_1_50' title="bbox 1878 2127 3490 2202; baseline 0.004 -22"><span class='ocrx_word' id='word_1_393' title='bbox 1878 2136 1984 2180; x_wconf 88' lang='lat' dir='ltr'><strong>tam</strong></span> <span class='ocrx_word' id='word_1_394' title='bbox 2016 2144 2182 2196; x_wconf 83' lang='lat' dir='ltr'><strong>spent,</strong></span> <span class='ocrx_word' id='word_1_395' title='bbox 2211 2137 2260 2182; x_wconf 88' lang='lat' dir='ltr'><strong>et</strong></span> <span class='ocrx_word' id='word_1_396' title='bbox 2292 2128 2568 2182; x_wconf 85' lang='lat' dir='ltr'><strong>adventum</strong></span> <span class='ocrx_word' id='word_1_397' title='bbox 2593 2130 2779 2200; x_wconf 75' lang='lat' dir='ltr'><strong>gloria:</strong></span> <span class='ocrx_word' id='word_1_398' title='bbox 2819 2133 2992 2202; x_wconf 83' lang='lat' dir='ltr'><strong>magni</strong></span> <span class='ocrx_word' id='word_1_399' title='bbox 3016 2127 3136 2198; x_wconf 85' lang='lat' dir='ltr'><strong>Dei,</strong></span> <span class='ocrx_word' id='word_1_400' title='bbox 3172 2139 3221 2185; x_wconf 87' lang='lat' dir='ltr'><strong>et</strong></span> <span class='ocrx_word' id='word_1_401' title='bbox 3243 2130 3490 2187; x_wconf 81' lang='lat' dir='ltr'><strong>Salvato-</strong></span> 
     </span>
    </p>
   </div>
   <div class='ocr_carea' id='block_1_51' title="bbox 1876 2222 3489 2302">
    <p class='ocr_par' dir='ltr' id='par_1_51' title="bbox 1876 2222 3489 2302">
     <span class='ocr_line' id='line_1_51' title="bbox 1876 2222 3489 2302; baseline 0.006 -26"><span class='ocrx_word' id='word_1_402' title='bbox 1876 2224 1948 2277; x_wconf 87' lang='lat' dir='ltr'><strong>ris</strong></span> <span class='ocrx_word' id='word_1_403' title='bbox 1978 2226 2141 2279; x_wconf 87' lang='lat' dir='ltr'><strong>nostri</strong></span> <span class='ocrx_word' id='word_1_404' title='bbox 2165 2222 2294 2281; x_wconf 80' lang='lat' dir='ltr'><strong>Jesu</strong></span> <span class='ocrx_word' id='word_1_405' title='bbox 2323 2224 2521 2280; x_wconf 85' lang='lat' dir='ltr'><strong>Christi</strong></span> <span class='ocrx_word' id='word_1_406' title='bbox 2559 2243 2577 2282; x_wconf 91' lang='lat'><strong><em>:</em></strong></span> <span class='ocrx_word' id='word_1_407' title='bbox 2610 2228 2698 2298; x_wconf 88' lang='lat' dir='ltr'><strong>qui</strong></span> <span class='ocrx_word' id='word_1_408' title='bbox 2723 2227 2870 2283; x_wconf 82' lang='lat' dir='ltr'><strong>dedit</strong></span> <span class='ocrx_word' id='word_1_409' title='bbox 2917 2229 3250 2301; x_wconf 82' lang='lat' dir='ltr'><strong>semetipsum</strong></span> <span class='ocrx_word' id='word_1_410' title='bbox 3276 2247 3370 2302; x_wconf 90' lang='lat' dir='ltr'><strong>pro</strong></span> <span class='ocrx_word' id='word_1_411' title='bbox 3395 2247 3489 2286; x_wconf 91' lang='lat' dir='ltr'><strong>no-</strong></span> 
     </span>
    </p>
   </div>
   <div class='ocr_carea' id='block_1_52' title="bbox 1878 2315 3491 2389">
    <p class='ocr_par' dir='ltr' id='par_1_52' title="bbox 1878 2315 3491 2389">
     <span class='ocr_line' id='line_1_52' title="bbox 1878 2315 3491 2389; baseline 0.006 -20"><span class='ocrx_word' id='word_1_412' title='bbox 1878 2315 1974 2382; x_wconf 85' lang='lat' dir='ltr'><strong>bis,</strong></span> <span class='ocrx_word' id='word_1_413' title='bbox 2002 2326 2056 2371; x_wconf 85' lang='lat' dir='ltr'><strong>ut</strong></span> <span class='ocrx_word' id='word_1_414' title='bbox 2080 2333 2172 2370; x_wconf 86' lang='lat' dir='ltr'><strong>nos</strong></span> <span class='ocrx_word' id='word_1_415' title='bbox 2202 2317 2475 2371; x_wconf 80' lang='lat' dir='ltr'><strong>redimeret</strong></span> <span class='ocrx_word' id='word_1_416' title='bbox 2519 2318 2583 2372; x_wconf 93' lang='lat' dir='ltr'><strong>ab</strong></span> <span class='ocrx_word' id='word_1_417' title='bbox 2632 2320 2773 2372; x_wconf 88' lang='lat' dir='ltr'><strong>omni</strong></span> <span class='ocrx_word' id='word_1_418' title='bbox 2799 2320 3093 2389; x_wconf 82' lang='lat' dir='ltr'><strong>iniquitate,</strong></span> <span class='ocrx_word' id='word_1_419' title='bbox 3140 2329 3189 2377; x_wconf 88' lang='lat' dir='ltr'><strong>et</strong></span> <span class='ocrx_word' id='word_1_420' title='bbox 3211 2322 3491 2379; x_wconf 76' lang='lat' dir='ltr'><strong>mundaret</strong></span> 
     </span>
    </p>
   </div>
   <div class='ocr_carea' id='block_1_53' title="bbox 1876 2410 3489 2488">
    <p class='ocr_par' dir='ltr' id='par_1_53' title="bbox 1876 2410 3489 2488">
     <span class='ocr_line' id='line_1_53' title="bbox 1876 2410 3489 2488; baseline 0.002 -23"><span class='ocrx_word' id='word_1_421' title='bbox 1876 2410 1975 2465; x_wconf 85' lang='lat' dir='ltr'><strong>sibi</strong></span> <span class='ocrx_word' id='word_1_422' title='bbox 1996 2410 2250 2482; x_wconf 86' lang='lat' dir='ltr'><strong>populum</strong></span> <span class='ocrx_word' id='word_1_423' title='bbox 2272 2411 2555 2485; x_wconf 84' lang='lat' dir='ltr'><strong>egregium,</strong></span> <span class='ocrx_word' id='word_1_424' title='bbox 2583 2412 2946 2467; x_wconf 77' lang='lat' dir='ltr'><strong>wmulatorem</strong></span> <span class='ocrx_word' id='word_1_425' title='bbox 2968 2414 3223 2469; x_wconf 84' lang='lat' dir='ltr'><strong>bonorum</strong></span> <span class='ocrx_word' id='word_1_426' title='bbox 3251 2430 3489 2488; x_wconf 86' lang='lat' dir='ltr'><strong>operum.</strong></span> 
     </span>
    </p>
   </div>
   <div class='ocr_carea' id='block_1_54' title="bbox 1877 2503 3492 2580">
    <p class='ocr_par' dir='ltr' id='par_1_54' title="bbox 1877 2503 3492 2580">
     <span class='ocr_line' id='line_1_54' title="bbox 1877 2503 3492 2580; baseline 0.003 -21"><span class='ocrx_word' id='word_1_427' title='bbox 1877 2503 2010 2559; x_wconf 89' lang='lat' dir='ltr'><strong>Post</strong></span> <span class='ocrx_word' id='word_1_428' title='bbox 2030 2505 2335 2576; x_wconf 87' lang='lat' dir='ltr'><strong>catalogum</strong></span> <span class='ocrx_word' id='word_1_429' title='bbox 2372 2504 2638 2560; x_wconf 77' lang='lat' dir='ltr'><strong>doctrina:</strong></span> <span class='ocrx_word' id='word_1_430' title='bbox 2659 2504 2728 2559; x_wconf 89' lang='lat' dir='ltr'><strong>ad</strong></span> <span class='ocrx_word' id='word_1_431' title='bbox 2756 2505 2963 2573; x_wconf 89' lang='lat' dir='ltr'><strong>Titum,</strong></span> <span class='ocrx_word' id='word_1_432' title='bbox 2998 2505 3128 2576; x_wconf 89' lang='lat' dir='ltr'><strong>quid</strong></span> <span class='ocrx_word' id='word_1_433' title='bbox 3150 2521 3338 2575; x_wconf 90' lang='lat' dir='ltr'><strong>senes,</strong></span> <span class='ocrx_word' id='word_1_434' title='bbox 3356 2506 3492 2580; x_wconf 90' lang='lat' dir='ltr'><strong>quid</strong></span> 
     </span>
    </p>
   </div>
   <div class='ocr_carea' id='block_1_55' title="bbox 1878 2598 3491 2671">
    <p class='ocr_par' dir='ltr' id='par_1_55' title="bbox 1878 2598 3491 2671">
     <span class='ocr_line' id='line_1_55' title="bbox 1878 2598 3491 2671; baseline 0.004 -19"><span class='ocrx_word' id='word_1_435' title='bbox 1878 2613 2040 2665; x_wconf 81' lang='lat' dir='ltr'><strong>anus,</strong></span> <span class='ocrx_word' id='word_1_436' title='bbox 2062 2598 2192 2670; x_wconf 89' lang='lat' dir='ltr'><strong>quid</strong></span> <span class='ocrx_word' id='word_1_437' title='bbox 2223 2598 2667 2656; x_wconf 89' lang='lat' dir='ltr'><strong>adolescentulas</strong></span> <span class='ocrx_word' id='word_1_438' title='bbox 2694 2607 2747 2655; x_wconf 91' lang='lat' dir='ltr'><strong>et</strong></span> <span class='ocrx_word' id='word_1_439' title='bbox 2772 2598 3032 2670; x_wconf 83' lang='lat' dir='ltr'><strong>juvenes,</strong></span> <span class='ocrx_word' id='word_1_440' title='bbox 3056 2599 3185 2671; x_wconf 88' lang='lat' dir='ltr'><strong>quid</strong></span> <span class='ocrx_word' id='word_1_441' title='bbox 3211 2600 3280 2656; x_wconf 92' lang='lat' dir='ltr'><strong>ad</strong></span> <span class='ocrx_word' id='word_1_442' title='bbox 3303 2608 3491 2658; x_wconf 86' lang='lat' dir='ltr'><strong>extre-</strong></span> 
     </span>
    </p>
   </div>
   <div class='ocr_carea' id='block_1_56' title="bbox 1880 2690 3492 2758">
    <p class='ocr_par' dir='ltr' id='par_1_56' title="bbox 1880 2690 3492 2758">
     <span class='ocr_line' id='line_1_56' title="bbox 1880 2690 3492 2758; baseline 0.002 -13"><span class='ocrx_word' id='word_1_443' title='bbox 1880 2706 2027 2746; x_wconf 88' lang='lat' dir='ltr'><strong>mum</strong></span> <span class='ocrx_word' id='word_1_444' title='bbox 2061 2706 2255 2748; x_wconf 88' lang='lat' dir='ltr'><strong>servos</strong></span> <span class='ocrx_word' id='word_1_445' title='bbox 2293 2690 2516 2748; x_wconf 87' lang='lat' dir='ltr'><strong>erudire</strong></span> <span class='ocrx_word' id='word_1_446' title='bbox 2541 2691 2794 2758; x_wconf 90' lang='lat' dir='ltr'><strong>deberet,</strong></span> <span class='ocrx_word' id='word_1_447' title='bbox 2817 2700 2971 2748; x_wconf 90' lang='lat' dir='ltr'><strong>recte</strong></span> <span class='ocrx_word' id='word_1_448' title='bbox 2994 2706 3145 2749; x_wconf 90' lang='lat' dir='ltr'><strong>nunc</strong></span> <span class='ocrx_word' id='word_1_449' title='bbox 3175 2693 3386 2748; x_wconf 86' lang='lat' dir='ltr'><strong>intulit.</strong></span> <span class='ocrx_word' id='word_1_450' title='bbox 3410 2691 3492 2748; x_wconf 82' lang='grc' dir='ltr'><strong>ΙΙ-</strong></span> 
     </span>
    </p>
   </div>
   <div class='ocr_carea' id='block_1_57' title="bbox 1879 2783 3488 2859">
    <p class='ocr_par' dir='ltr' id='par_1_57' title="bbox 1879 2783 3488 2859">
     <span class='ocr_line' id='line_1_57' title="bbox 1879 2783 3488 2859; baseline 0.002 -20"><span class='ocrx_word' id='word_1_451' title='bbox 1879 2785 2009 2841; x_wconf 76' lang='lat' dir='ltr'><strong>luxit</strong></span> <span class='ocrx_word' id='word_1_452' title='bbox 2025 2786 2159 2841; x_wconf 87' lang='lat' dir='ltr'><strong>enim</strong></span> <span class='ocrx_word' id='word_1_453' title='bbox 2172 2786 2341 2859; x_wconf 81' lang='lat' dir='ltr'><strong>gratia</strong></span> <span class='ocrx_word' id='word_1_454' title='bbox 2355 2785 2452 2840; x_wconf 88' lang='lat' dir='ltr'><strong>Dei</strong></span> <span class='ocrx_word' id='word_1_455' title='bbox 2467 2783 2756 2842; x_wconf 78' lang='lat' dir='ltr'><strong>Saluatoris</strong></span> <span class='ocrx_word' id='word_1_456' title='bbox 2779 2786 3016 2840; x_wconf 84' lang='lat' dir='ltr'><strong>omnibus</strong></span> <span class='ocrx_word' id='word_1_457' title='bbox 3031 2784 3346 2841; x_wconf 83' lang='lat' dir='ltr'><strong>hominibus.</strong></span> <span class='ocrx_word' id='word_1_458' title='bbox 3365 2784 3488 2843; x_wconf 84' lang='lat' dir='ltr'><strong>Non</strong></span> 
     </span>
    </p>
   </div>
   <div class='ocr_carea' id='block_1_58' title="bbox 1880 2875 3490 2947">
    <p class='ocr_par' dir='ltr' id='par_1_58' title="bbox 1880 2875 3490 2947">
     <span class='ocr_line' id='line_1_58' title="bbox 1880 2875 3490 2947; baseline 0.001 -14"><span class='ocrx_word' id='word_1_459' title='bbox 1880 2885 1964 2933; x_wconf 86' lang='lat' dir='ltr'><strong>est</strong></span> <span class='ocrx_word' id='word_1_460' title='bbox 1989 2876 2135 2935; x_wconf 91' lang='lat' dir='ltr'><strong>enim</strong></span> <span class='ocrx_word' id='word_1_461' title='bbox 2168 2877 2356 2947; x_wconf 90' lang='lat' dir='ltr'><strong>aliqua</strong></span> <span class='ocrx_word' id='word_1_462' title='bbox 2386 2875 2699 2934; x_wconf 80' lang='lat' dir='ltr'><strong>dib‘erentia</strong></span> <span class='ocrx_word' id='word_1_463' title='bbox 2730 2876 2891 2933; x_wconf 89' lang='lat' dir='ltr'><strong>liberi</strong></span> <span class='ocrx_word' id='word_1_464' title='bbox 2917 2885 2973 2933; x_wconf 89' lang='lat' dir='ltr'><strong>et</strong></span> <span class='ocrx_word' id='word_1_465' title='bbox 3001 2876 3181 2946; x_wconf 76' lang='lat' dir='ltr'><strong>servi,‘</strong></span> <span class='ocrx_word' id='word_1_466' title='bbox 3227 2877 3408 2935; x_wconf 67' lang='lat' dir='ltr'><strong>Graeci</strong></span> <span class='ocrx_word' id='word_1_467' title='bbox 3432 2888 3490 2935; x_wconf 88' lang='lat' dir='ltr'><strong>et</strong></span> 
     </span>
    </p>
   </div>
   <div class='ocr_carea' id='block_1_59' title="bbox 1879 2967 3495 3040">
    <p class='ocr_par' dir='ltr' id='par_1_59' title="bbox 1879 2967 3495 3040">
     <span class='ocr_line' id='line_1_59' title="bbox 1879 2967 3495 3040; baseline 0 -15"><span class='ocrx_word' id='word_1_468' title='bbox 1879 2968 2127 3036; x_wconf 88' lang='lat' dir='ltr'><strong>barbari,</strong></span> <span class='ocrx_word' id='word_1_469' title='bbox 2167 2968 2508 3034; x_wconf 86' lang='lat' dir='ltr'><strong>circumcisi,</strong></span> <span class='ocrx_word' id='word_1_470' title='bbox 2532 2978 2587 3024; x_wconf 90' lang='lat' dir='ltr'><strong>et</strong></span> <span class='ocrx_word' id='word_1_471' title='bbox 2608 2967 2863 3024; x_wconf 85' lang='lat' dir='ltr'><strong>habentis</strong></span> <span class='ocrx_word' id='word_1_472' title='bbox 2896 2968 3253 3040; x_wconf 82' lang='lat' dir='ltr'><strong>praeputium,</strong></span> <span class='ocrx_word' id='word_1_473' title='bbox 3295 2968 3495 3025; x_wconf 86' lang='lat' dir='ltr'><strong>mulie-</strong></span> 
     </span>
    </p>
   </div>
   <div class='ocr_carea' id='block_1_60' title="bbox 1879 3059 3493 3132">
    <p class='ocr_par' dir='ltr' id='par_1_60' title="bbox 1879 3059 3493 3132">
     <span class='ocr_line' id='line_1_60' title="bbox 1879 3059 3493 3132; baseline 0.001 -14"><span class='ocrx_word' id='word_1_474' title='bbox 1879 3063 1957 3119; x_wconf 88' lang='lat' dir='ltr'><strong>ris</strong></span> <span class='ocrx_word' id='word_1_475' title='bbox 1980 3071 2035 3119; x_wconf 89' lang='lat' dir='ltr'><strong>et</strong></span> <span class='ocrx_word' id='word_1_476' title='bbox 2064 3062 2166 3117; x_wconf 90' lang='lat' dir='ltr'><strong>viri</strong></span> <span class='ocrx_word' id='word_1_477' title='bbox 2202 3078 2213 3117; x_wconf 93' lang='lat'><strong>:</strong></span> <span class='ocrx_word' id='word_1_478' title='bbox 2241 3062 2337 3117; x_wconf 87' lang='lat' dir='ltr'><strong>sed</strong></span> <span class='ocrx_word' id='word_1_479' title='bbox 2368 3062 2549 3117; x_wconf 88' lang='lat' dir='ltr'><strong>cuncti</strong></span> <span class='ocrx_word' id='word_1_480' title='bbox 2576 3063 2631 3118; x_wconf 90' lang='lat' dir='ltr'><strong>in</strong></span> <span class='ocrx_word' id='word_1_481' title='bbox 2656 3059 2884 3118; x_wconf 86' lang='lat' dir='ltr'><strong>Christo</strong></span> <span class='ocrx_word' id='word_1_482' title='bbox 2916 3077 3081 3118; x_wconf 90' lang='lat' dir='ltr'><strong>unum</strong></span> <span class='ocrx_word' id='word_1_483' title='bbox 3110 3075 3323 3132; x_wconf 90' lang='lat' dir='ltr'><strong>sumus,</strong></span> <span class='ocrx_word' id='word_1_484' title='bbox 3370 3063 3493 3119; x_wconf 86' lang='lat' dir='ltr'><strong>uni-</strong></span> 
     </span>
    </p>
   </div>
   <div class='ocr_carea' id='block_1_61' title="bbox 1880 3155 3489 3227">
    <p class='ocr_par' dir='ltr' id='par_1_61' title="bbox 1880 3155 3489 3227">
     <span class='ocr_line' id='line_1_61' title="bbox 1880 3155 3489 3227; baseline 0 -15"><span class='ocrx_word' id='word_1_485' title='bbox 1880 3157 2027 3212; x_wconf 87' lang='lat' dir='ltr'><strong>versi</strong></span> <span class='ocrx_word' id='word_1_486' title='bbox 2068 3156 2134 3212; x_wconf 87' lang='lat' dir='ltr'><strong>ad</strong></span> <span class='ocrx_word' id='word_1_487' title='bbox 2167 3156 2267 3213; x_wconf 89' lang='lat' dir='ltr'><strong>Dei</strong></span> <span class='ocrx_word' id='word_1_488' title='bbox 2313 3171 2544 3227; x_wconf 80' lang='lat' dir='ltr'><strong>regnum</strong></span> <span class='ocrx_word' id='word_1_489' title='bbox 2592 3171 2875 3224; x_wconf 88' lang='lat' dir='ltr'><strong>vocamur,</strong></span> <span class='ocrx_word' id='word_1_490' title='bbox 2908 3170 3102 3213; x_wconf 87' lang='lat' dir='ltr'><strong>omnes</strong></span> <span class='ocrx_word' id='word_1_491' title='bbox 3155 3164 3281 3227; x_wconf 88' lang='lat' dir='ltr'><strong>post</strong></span> <span class='ocrx_word' id='word_1_492' title='bbox 3309 3155 3489 3213; x_wconf 79' lang='lat' dir='ltr'><strong>offen-</strong></span> 
     </span>
    </p>
   </div>
   <div class='ocr_carea' id='block_1_62' title="bbox 193 3248 3495 3323">
    <p class='ocr_par' dir='ltr' id='par_1_62' title="bbox 193 3248 3495 3323">
     <span class='ocr_line' id='line_1_62' title="bbox 193 3248 3495 3323; baseline 0.001 -19"><span class='ocrx_word' id='word_1_493' title='bbox 193 3263 299 3306; x_wconf 88' lang='lat' dir='ltr'><strong>men</strong></span> <span class='ocrx_word' id='word_1_494' title='bbox 323 3248 486 3306; x_wconf 87' lang='lat' dir='ltr'><strong>faciat</strong></span> <span class='ocrx_word' id='word_1_495' title='bbox 518 3250 668 3323; x_wconf 81' lang='lat' dir='ltr'><strong>quod</strong></span> <span class='ocrx_word' id='word_1_496' title='bbox 690 3250 916 3321; x_wconf 88' lang='lat' dir='ltr'><strong>jubetur</strong></span> <span class='ocrx_word' id='word_1_497' title='bbox 948 3268 961 3306; x_wconf 88' lang='lat'><strong>:</strong></span> <span class='ocrx_word' id='word_1_498' title='bbox 991 3252 1229 3308; x_wconf 84' lang='lat' dir='ltr'><strong>maxime</strong></span> <span class='ocrx_word' id='word_1_499' title='bbox 1276 3266 1400 3309; x_wconf 90' lang='lat' dir='ltr'><strong>cum</strong></span> <span class='ocrx_word' id='word_1_500' title='bbox 1444 3258 1503 3307; x_wconf 87' lang='lat' dir='ltr'><strong>et</strong></span> <span class='ocrx_word' id='word_1_501' title='bbox 1537 3251 1681 3307; x_wconf 87' lang='lat' dir='ltr'><strong>Deus</strong></span> <span class='ocrx_word' id='word_1_502' title='bbox 1709 3251 1779 3308; x_wconf 88' lang='lat' dir='ltr'><strong>ad</strong></span> <span class='ocrx_word' id='word_1_503' title='bbox 1806 3249 1851 3315; x_wconf 92' lang='lat' dir='ltr'><strong>C</strong></span> <span class='ocrx_word' id='word_1_504' title='bbox 1884 3266 1998 3305; x_wconf 88' lang='lat' dir='ltr'><strong>sam</strong></span> <span class='ocrx_word' id='word_1_505' title='bbox 2036 3249 2184 3305; x_wconf 88' lang='lat' dir='ltr'><strong>Patri</strong></span> <span class='ocrx_word' id='word_1_506' title='bbox 2238 3258 2430 3305; x_wconf 88' lang='lat' dir='ltr'><strong>nostro</strong></span> <span class='ocrx_word' id='word_1_507' title='bbox 2456 3248 2486 3289; x_wconf 73' lang='grc' dir='ltr'>δ</span> <span class='ocrx_word' id='word_1_508' title='bbox 2515 3250 2916 3307; x_wconf 89' lang='lat' dir='ltr'><strong>reconciliandi</strong></span> <span class='ocrx_word' id='word_1_509' title='bbox 2976 3264 3200 3317; x_wconf 85' lang='lat' dir='ltr'><strong>sumus;</strong></span> <span class='ocrx_word' id='word_1_510' title='bbox 3252 3267 3362 3308; x_wconf 90' lang='lat' dir='ltr'><strong>non</strong></span> <span class='ocrx_word' id='word_1_511' title='bbox 3391 3266 3495 3323; x_wconf 87' lang='lat' dir='ltr'><strong>per</strong></span> 
     </span>
    </p>
   </div>
   <div class='ocr_carea' id='block_1_63' title="bbox 192 3342 1780 3411">
    <p class='ocr_par' dir='ltr' id='par_1_63' title="bbox 192 3342 1780 3411">
     <span class='ocr_line' id='line_1_63' title="bbox 192 3342 1780 3411; baseline 0.003 -16"><span class='ocrx_word' id='word_1_512' title='bbox 192 3353 367 3411; x_wconf 78' lang='lat' dir='ltr'><strong>squam</strong></span> <span class='ocrx_word' id='word_1_513' title='bbox 394 3343 862 3400; x_wconf 84' lang='lat' dir='ltr'><strong>eontradictionis</strong></span> <span class='ocrx_word' id='word_1_514' title='bbox 892 3342 1132 3400; x_wconf 75' lang='lat' dir='ltr'><strong>offensus</strong></span> <span class='ocrx_word' id='word_1_515' title='bbox 1158 3342 1275 3400; x_wconf 79' lang='lat' dir='ltr'><strong>sit?</strong></span> <span class='ocrx_word' id='word_1_516' title='bbox 1321 3344 1390 3399; x_wconf 84' lang='lat' dir='ltr'><strong>Et</strong></span> <span class='ocrx_word' id='word_1_517' title='bbox 1429 3343 1485 3399; x_wconf 91' lang='lat' dir='ltr'><strong>in</strong></span> <span class='ocrx_word' id='word_1_518' title='bbox 1512 3344 1622 3399; x_wconf 91' lang='lat' dir='ltr'><strong>alio</strong></span> <span class='ocrx_word' id='word_1_519' title='bbox 1658 3344 1780 3400; x_wconf 84' lang='lat' dir='ltr'><strong>loco</strong></span> 
     </span>
    </p>
   </div>
   <div class='ocr_carea' id='block_1_64' title="bbox 191 3430 1783 3509">
    <p class='ocr_par' dir='ltr' id='par_1_64' title="bbox 191 3430 1783 3509">
     <span class='ocr_line' id='line_1_64' title="bbox 191 3430 1783 3509; baseline 0.001 -21"><span class='ocrx_word' id='word_1_520' title='bbox 191 3430 252 3489; x_wconf 89' lang='lat' dir='ltr'><strong>de</strong></span> <span class='ocrx_word' id='word_1_521' title='bbox 270 3443 652 3493; x_wconf 89' lang='lat' dir='ltr'><strong>murmurante</strong></span> <span class='ocrx_word' id='word_1_522' title='bbox 674 3435 879 3508; x_wconf 91' lang='lat' dir='ltr'><strong>populo</strong></span> <span class='ocrx_word' id='word_1_523' title='bbox 898 3435 1153 3509; x_wconf 88' lang='lat' dir='ltr'><strong>loquatur</strong></span> <span class='ocrx_word' id='word_1_524' title='bbox 1180 3453 1195 3493; x_wconf 90' lang='lat'><strong>:</strong></span> <span class='ocrx_word' id='word_1_525' title='bbox 1236 3434 1453 3491; x_wconf 86' lang='lat' dir='ltr'><strong>Desinat</strong></span> <span class='ocrx_word' id='word_1_526' title='bbox 1476 3454 1508 3491; x_wconf 88' lang='lat' dir='ltr'><strong>a</strong></span> <span class='ocrx_word' id='word_1_527' title='bbox 1532 3454 1612 3492; x_wconf 89' lang='lat' dir='ltr'><strong>me</strong></span> <span class='ocrx_word' id='word_1_528' title='bbox 1641 3444 1783 3491; x_wconf 82' lang='lat' dir='ltr'><strong>mur-</strong></span> 
     </span>
    </p>
   </div>
   <div class='ocr_carea' id='block_1_65' title="bbox 190 3528 1783 3603">
    <p class='ocr_par' dir='ltr' id='par_1_65' title="bbox 190 3528 1783 3603">
     <span class='ocr_line' id='line_1_65' title="bbox 190 3528 1783 3603; baseline 0.005 -23"><span class='ocrx_word' id='word_1_529' title='bbox 190 3530 396 3584; x_wconf 79' lang='lat' dir='ltr'><strong>muratio</strong></span> <span class='ocrx_word' id='word_1_530' title='bbox 420 3546 630 3598; x_wconf 86' lang='lat' dir='ltr'><strong>eorum,</strong></span> <span class='ocrx_word' id='word_1_531' title='bbox 677 3539 725 3586; x_wconf 87' lang='lat' dir='ltr'><strong>et</strong></span> <span class='ocrx_word' id='word_1_532' title='bbox 762 3546 871 3586; x_wconf 91' lang='lat' dir='ltr'><strong>non</strong></span> <span class='ocrx_word' id='word_1_533' title='bbox 919 3532 1202 3586; x_wconf 85' lang='lat' dir='ltr'><strong>morientur</strong></span> <span class='ocrx_word' id='word_1_534' title='bbox 1245 3528 1438 3603; x_wconf 86' lang='lat' dir='ltr'><strong>(Num.</strong></span> <span class='ocrx_word' id='word_1_535' title='bbox 1470 3529 1609 3602; x_wconf 71' lang='lat' dir='ltr'><strong>xxv).</strong></span> <span class='ocrx_word' id='word_1_536' title='bbox 1652 3532 1783 3588; x_wconf 88' lang='lat' dir='ltr'><strong>Post</strong></span> 
     </span>
    </p>
   </div>
   <div class='ocr_carea' id='block_1_66' title="bbox 188 3622 1781 3682">
    <p class='ocr_par' dir='ltr' id='par_1_66' title="bbox 188 3622 1781 3682">
     <span class='ocr_line' id='line_1_66' title="bbox 188 3622 1781 3682; baseline 0.003 -5"><span class='ocrx_word' id='word_1_537' title='bbox 188 3622 672 3681; x_wconf 83' lang='lat' dir='ltr'><strong>contradictionem</strong></span> <span class='ocrx_word' id='word_1_538' title='bbox 710 3632 768 3681; x_wconf 93' lang='lat' dir='ltr'><strong>et</strong></span> <span class='ocrx_word' id='word_1_539' title='bbox 802 3623 951 3680; x_wconf 89' lang='lat' dir='ltr'><strong>aliud</strong></span> <span class='ocrx_word' id='word_1_540' title='bbox 997 3639 1281 3681; x_wconf 86' lang='lat' dir='ltr'><strong>servorum</strong></span> <span class='ocrx_word' id='word_1_541' title='bbox 1311 3626 1499 3681; x_wconf 87' lang='lat' dir='ltr'><strong>vitium</strong></span> <span class='ocrx_word' id='word_1_542' title='bbox 1531 3626 1781 3682; x_wconf 89' lang='lat' dir='ltr'><strong>doctrina</strong></span> 
     </span>
    </p>
   </div>
   <div class='ocr_carea' id='block_1_67' title="bbox 188 3712 1781 3790">
    <p class='ocr_par' dir='ltr' id='par_1_67' title="bbox 188 3712 1781 3790">
     <span class='ocr_line' id='line_1_67' title="bbox 188 3712 1781 3790; baseline 0.004 -21"><span class='ocrx_word' id='word_1_543' title='bbox 188 3712 373 3771; x_wconf 83' lang='lat' dir='ltr'><strong>Christi</strong></span> <span class='ocrx_word' id='word_1_544' title='bbox 406 3717 681 3790; x_wconf 80' lang='lat' dir='ltr'><strong>corrigat,</strong></span> <span class='ocrx_word' id='word_1_545' title='bbox 714 3731 779 3772; x_wconf 91' lang='lat' dir='ltr'><strong>ne</strong></span> <span class='ocrx_word' id='word_1_546' title='bbox 807 3719 950 3788; x_wconf 79' lang='lat' dir='ltr'><strong>{ures</strong></span> <span class='ocrx_word' id='word_1_547' title='bbox 977 3715 1097 3773; x_wconf 88' lang='lat' dir='ltr'><strong>sint.</strong></span> <span class='ocrx_word' id='word_1_548' title='bbox 1132 3716 1243 3773; x_wconf 88' lang='lat' dir='ltr'><strong>Fur</strong></span> <span class='ocrx_word' id='word_1_549' title='bbox 1265 3728 1447 3773; x_wconf 88' lang='lat' dir='ltr'><strong>autem</strong></span> <span class='ocrx_word' id='word_1_550' title='bbox 1470 3734 1577 3774; x_wconf 90' lang='lat' dir='ltr'><strong>non</strong></span> <span class='ocrx_word' id='word_1_551' title='bbox 1604 3719 1781 3775; x_wconf 90' lang='lat' dir='ltr'><strong>solum</strong></span> 
     </span>
    </p>
   </div>
   <div class='ocr_carea' id='block_1_68' title="bbox 187 3803 1783 3883">
    <p class='ocr_par' dir='ltr' id='par_1_68' title="bbox 187 3803 1783 3883">
     <span class='ocr_line' id='line_1_68' title="bbox 187 3803 1783 3883; baseline 0.006 -23"><span class='ocrx_word' id='word_1_552' title='bbox 187 3803 236 3861; x_wconf 90' lang='lat' dir='ltr'><strong>in</strong></span> <span class='ocrx_word' id='word_1_553' title='bbox 261 3808 589 3879; x_wconf 83' lang='lat' dir='ltr'><strong>majoribus,</strong></span> <span class='ocrx_word' id='word_1_554' title='bbox 616 3809 713 3865; x_wconf 88' lang='lat' dir='ltr'><strong>sed</strong></span> <span class='ocrx_word' id='word_1_555' title='bbox 742 3810 905 3866; x_wconf 88' lang='lat' dir='ltr'><strong>etiam</strong></span> <span class='ocrx_word' id='word_1_556' title='bbox 930 3809 987 3866; x_wconf 94' lang='lat' dir='ltr'><strong>in</strong></span> <span class='ocrx_word' id='word_1_557' title='bbox 1011 3810 1313 3867; x_wconf 87' lang='lat' dir='ltr'><strong>minoribus</strong></span> <span class='ocrx_word' id='word_1_558' title='bbox 1338 3810 1633 3883; x_wconf 89' lang='lat' dir='ltr'><strong>jndicatnr.</strong></span> <span class='ocrx_word' id='word_1_559' title='bbox 1663 3813 1783 3869; x_wconf 85' lang='lat' dir='ltr'><strong>Non</strong></span> 
     </span>
    </p>
   </div>
   <div class='ocr_carea' id='block_1_69' title="bbox 185 3898 1786 3975">
    <p class='ocr_par' dir='ltr' id='par_1_69' title="bbox 185 3898 1786 3975">
     <span class='ocr_line' id='line_1_69' title="bbox 185 3898 1786 3975; baseline 0.007 -23"><span class='ocrx_word' id='word_1_560' title='bbox 185 3898 317 3955; x_wconf 87' lang='lat' dir='ltr'><strong>enim</strong></span> <span class='ocrx_word' id='word_1_561' title='bbox 347 3900 402 3957; x_wconf 92' lang='lat' dir='ltr'><strong>id</strong></span> <span class='ocrx_word' id='word_1_562' title='bbox 433 3901 594 3975; x_wconf 90' lang='lat' dir='ltr'><strong>quod</strong></span> <span class='ocrx_word' id='word_1_563' title='bbox 635 3901 785 3957; x_wconf 89' lang='lat' dir='ltr'><strong>furto</strong></span> <span class='ocrx_word' id='word_1_564' title='bbox 815 3902 1054 3959; x_wconf 89' lang='lat' dir='ltr'><strong>ablatum</strong></span> <span class='ocrx_word' id='word_1_565' title='bbox 1081 3913 1188 3969; x_wconf 81' lang='lat' dir='ltr'><strong>est,</strong></span> <span class='ocrx_word' id='word_1_566' title='bbox 1222 3903 1317 3957; x_wconf 90' lang='lat' dir='ltr'><strong>sed</strong></span> <span class='ocrx_word' id='word_1_567' title='bbox 1369 3919 1525 3961; x_wconf 89' lang='lat' dir='ltr'><strong>mens</strong></span> <span class='ocrx_word' id='word_1_568' title='bbox 1554 3904 1786 3964; x_wconf 86' lang='lat' dir='ltr'><strong>fnrantis</strong></span> 
     </span>
    </p>
   </div>
   <div class='ocr_carea' id='block_1_70' title="bbox 186 3993 1782 4067">
    <p class='ocr_par' dir='ltr' id='par_1_70' title="bbox 186 3993 1782 4067">
     <span class='ocr_line' id='line_1_70' title="bbox 186 3993 1782 4067; baseline 0.005 -22"><span class='ocrx_word' id='word_1_569' title='bbox 186 3993 501 4050; x_wconf 82' lang='lat' dir='ltr'><strong>attenditur.</strong></span> <span class='ocrx_word' id='word_1_570' title='bbox 549 3993 839 4064; x_wconf 81' lang='lat' dir='ltr'><strong>Quomodo</strong></span> <span class='ocrx_word' id='word_1_571' title='bbox 882 3993 939 4050; x_wconf 91' lang='lat' dir='ltr'><strong>in</strong></span> <span class='ocrx_word' id='word_1_572' title='bbox 988 3993 1347 4050; x_wconf 88' lang='lat' dir='ltr'><strong>fornicatione</strong></span> <span class='ocrx_word' id='word_1_573' title='bbox 1391 4002 1447 4051; x_wconf 91' lang='lat' dir='ltr'><strong>et</strong></span> <span class='ocrx_word' id='word_1_574' title='bbox 1491 3995 1782 4067; x_wconf 86' lang='lat' dir='ltr'><strong>adulterio,</strong></span> 
     </span>
    </p>
   </div>
   <div class='ocr_carea' id='block_1_71' title="bbox 184 4087 1786 4160">
    <p class='ocr_par' dir='ltr' id='par_1_71' title="bbox 184 4087 1786 4160">
     <span class='ocr_line' id='line_1_71' title="bbox 184 4087 1786 4160; baseline 0.004 -18"><span class='ocrx_word' id='word_1_575' title='bbox 184 4100 283 4142; x_wconf 88' lang='lat' dir='ltr'><strong>non</strong></span> <span class='ocrx_word' id='word_1_576' title='bbox 306 4088 525 4147; x_wconf 88' lang='lat' dir='ltr'><strong>idcirco</strong></span> <span class='ocrx_word' id='word_1_577' title='bbox 553 4088 774 4146; x_wconf 83' lang='lat' dir='ltr'><strong>diversa</strong></span> <span class='ocrx_word' id='word_1_578' title='bbox 816 4090 890 4145; x_wconf 88' lang='lat' dir='ltr'><strong>sit</strong></span> <span class='ocrx_word' id='word_1_579' title='bbox 911 4087 1199 4147; x_wconf 84' lang='lat' dir='ltr'><strong>fornicatio</strong></span> <span class='ocrx_word' id='word_1_580' title='bbox 1224 4100 1319 4146; x_wconf 89' lang='lat' dir='ltr'><strong>aut</strong></span> <span class='ocrx_word' id='word_1_581' title='bbox 1347 4090 1704 4160; x_wconf 88' lang='lat' dir='ltr'><strong>adulterium,</strong></span> <span class='ocrx_word' id='word_1_582' title='bbox 1738 4095 1786 4149; x_wconf 90' lang='lat' dir='ltr'><strong>sl</strong></span> 
     </span>
    </p>
   </div>
   <div class='ocr_carea' id='block_1_72' title="bbox 183 4180 1786 4255">
    <p class='ocr_par' dir='ltr' id='par_1_72' title="bbox 183 4180 1786 4255">
     <span class='ocr_line' id='line_1_72' title="bbox 183 4180 1786 4255; baseline 0.005 -20"><span class='ocrx_word' id='word_1_583' title='bbox 183 4180 424 4250; x_wconf 82' lang='lat' dir='ltr'><strong>pulchra,</strong></span> <span class='ocrx_word' id='word_1_584' title='bbox 459 4182 553 4238; x_wconf 86' lang='lat' dir='ltr'><strong>vel</strong></span> <span class='ocrx_word' id='word_1_585' title='bbox 577 4183 752 4251; x_wconf 85' lang='lat' dir='ltr'><strong>dives,</strong></span> <span class='ocrx_word' id='word_1_586' title='bbox 803 4181 1066 4240; x_wconf 83' lang='lat' dir='ltr'><strong>deformis</strong></span> <span class='ocrx_word' id='word_1_587' title='bbox 1114 4193 1207 4239; x_wconf 89' lang='lat' dir='ltr'><strong>aut</strong></span> <span class='ocrx_word' id='word_1_588' title='bbox 1252 4199 1477 4255; x_wconf 89' lang='lat' dir='ltr'><strong>panper,</strong></span> <span class='ocrx_word' id='word_1_589' title='bbox 1523 4186 1786 4243; x_wconf 82' lang='lat' dir='ltr'><strong>meretrix</strong></span> 
     </span>
    </p>
   </div>
   <div class='ocr_carea' id='block_1_73' title="bbox 182 4272 1788 4347">
    <p class='ocr_par' dir='ltr' id='par_1_73' title="bbox 182 4272 1788 4347">
     <span class='ocr_line' id='line_1_73' title="bbox 182 4272 1788 4347; baseline 0.004 -20"><span class='ocrx_word' id='word_1_590' title='bbox 182 4272 265 4328; x_wconf 83' lang='lat' dir='ltr'><strong>vel</strong></span> <span class='ocrx_word' id='word_1_591' title='bbox 287 4272 553 4331; x_wconf 78' lang='lat' dir='ltr'><strong>adultera</strong></span> <span class='ocrx_word' id='word_1_592' title='bbox 582 4276 656 4330; x_wconf 90' lang='lat' dir='ltr'><strong>sit</strong></span> <span class='ocrx_word' id='word_1_593' title='bbox 696 4288 711 4328; x_wconf 94' lang='lat'><strong>:</strong></span> <span class='ocrx_word' id='word_1_594' title='bbox 751 4274 846 4331; x_wconf 88' lang='lat' dir='ltr'><strong>sed</strong></span> <span class='ocrx_word' id='word_1_595' title='bbox 873 4274 1291 4347; x_wconf 87' lang='lat' dir='ltr'><strong>qualiscumque</strong></span> <span class='ocrx_word' id='word_1_596' title='bbox 1336 4276 1427 4331; x_wconf 83' lang='lat' dir='ltr'><strong>illa</strong></span> <span class='ocrx_word' id='word_1_597' title='bbox 1462 4275 1646 4345; x_wconf 87' lang='lat' dir='ltr'><strong>fuerit,</strong></span> <span class='ocrx_word' id='word_1_598' title='bbox 1678 4294 1788 4334; x_wconf 90' lang='lat' dir='ltr'><strong>una</strong></span> 
     </span>
    </p>
   </div>
   <div class='ocr_carea' id='block_1_74' title="bbox 184 4366 1788 4443">
    <p class='ocr_par' dir='ltr' id='par_1_74' title="bbox 184 4366 1788 4443">
     <span class='ocr_line' id='line_1_74' title="bbox 184 4366 1788 4443; baseline 0.004 -22"><span class='ocrx_word' id='word_1_599' title='bbox 184 4374 263 4421; x_wconf 85' lang='lat' dir='ltr'><strong>est</strong></span> <span class='ocrx_word' id='word_1_600' title='bbox 285 4368 613 4434; x_wconf 82' lang='lat' dir='ltr'><strong>lornicatio,</strong></span> <span class='ocrx_word' id='word_1_601' title='bbox 645 4366 735 4424; x_wconf 86' lang='lat' dir='ltr'><strong>vel</strong></span> <span class='ocrx_word' id='word_1_602' title='bbox 763 4366 1114 4424; x_wconf 86' lang='lat' dir='ltr'><strong>adulterium.</strong></span> <span class='ocrx_word' id='word_1_603' title='bbox 1158 4368 1234 4424; x_wconf 83' lang='lat' dir='ltr'><strong>Ita</strong></span> <span class='ocrx_word' id='word_1_604' title='bbox 1259 4377 1313 4426; x_wconf 91' lang='lat' dir='ltr'><strong>et</strong></span> <span class='ocrx_word' id='word_1_605' title='bbox 1337 4370 1389 4424; x_wconf 90' lang='lat' dir='ltr'><strong>in</strong></span> <span class='ocrx_word' id='word_1_606' title='bbox 1422 4369 1591 4437; x_wconf 91' lang='lat' dir='ltr'><strong>furto,</strong></span> <span class='ocrx_word' id='word_1_607' title='bbox 1618 4388 1788 4443; x_wconf 81' lang='lat' dir='ltr'><strong>quan-</strong></span> 
     </span>
    </p>
   </div>
   <div class='ocr_carea' id='block_1_75' title="bbox 182 4460 1787 4532">
    <p class='ocr_par' dir='ltr' id='par_1_75' title="bbox 182 4460 1787 4532">
     <span class='ocr_line' id='line_1_75' title="bbox 182 4460 1787 4532; baseline 0.007 -21"><span class='ocrx_word' id='word_1_608' title='bbox 182 4465 542 4532; x_wconf 88' lang='lat' dir='ltr'><strong>tumcumque</strong></span> <span class='ocrx_word' id='word_1_609' title='bbox 572 4474 766 4516; x_wconf 86' lang='lat' dir='ltr'><strong>servus</strong></span> <span class='ocrx_word' id='word_1_610' title='bbox 792 4460 1101 4526; x_wconf 88' lang='lat' dir='ltr'><strong>abstulerit,</strong></span> <span class='ocrx_word' id='word_1_611' title='bbox 1129 4460 1261 4516; x_wconf 91' lang='lat' dir='ltr'><strong>furti</strong></span> <span class='ocrx_word' id='word_1_612' title='bbox 1290 4462 1499 4519; x_wconf 89' lang='lat' dir='ltr'><strong>crimen</strong></span> <span class='ocrx_word' id='word_1_613' title='bbox 1538 4464 1787 4523; x_wconf 88' lang='lat' dir='ltr'><strong>incurrit.</strong></span> 
     </span>
    </p>
   </div>
   <div class='ocr_carea' id='block_1_76' title="bbox 182 4548 1788 4631">
    <p class='ocr_par' dir='ltr' id='par_1_76' title="bbox 182 4548 1788 4631">
     <span class='ocr_line' id='line_1_76' title="bbox 182 4548 1788 4631; baseline 0.006 -24"><span class='ocrx_word' id='word_1_614' title='bbox 182 4548 332 4608; x_wconf 82' lang='lat' dir='ltr'><strong>Unde</strong></span> <span class='ocrx_word' id='word_1_615' title='bbox 379 4565 441 4609; x_wconf 89' lang='lat' dir='ltr'><strong>et</strong></span> <span class='ocrx_word' id='word_1_616' title='bbox 492 4553 551 4609; x_wconf 84' lang='lat' dir='ltr'><strong>in</strong></span> <span class='ocrx_word' id='word_1_617' title='bbox 592 4552 765 4624; x_wconf 77' lang='lat' dir='ltr'><strong>Moysi</strong></span> <span class='ocrx_word' id='word_1_618' title='bbox 810 4553 933 4626; x_wconf 87' lang='lat' dir='ltr'><strong>lege</strong></span> <span class='ocrx_word' id='word_1_619' title='bbox 982 4552 1135 4611; x_wconf 87' lang='lat' dir='ltr'><strong>fures</strong></span> <span class='ocrx_word' id='word_1_620' title='bbox 1166 4568 1573 4627; x_wconf 88' lang='lat' dir='ltr'><strong>nonnumquam</strong></span> <span class='ocrx_word' id='word_1_621' title='bbox 1600 4568 1788 4631; x_wconf 80' lang='lat' dir='ltr'><strong>septu-</strong></span> 
     </span>
    </p>
   </div>
   <div class='ocr_carea' id='block_1_77' title="bbox 1882 3343 3493 3416">
    <p class='ocr_par' dir='ltr' id='par_1_77' title="bbox 1882 3343 3493 3416">
     <span class='ocr_line' id='line_1_77' title="bbox 1882 3343 3493 3416; baseline 0.002 -18"><span class='ocrx_word' id='word_1_622' title='bbox 1882 3343 2080 3398; x_wconf 90' lang='lat' dir='ltr'><strong>merita</strong></span> <span class='ocrx_word' id='word_1_623' title='bbox 2115 3353 2321 3410; x_wconf 88' lang='lat' dir='ltr'><strong>nostra,</strong></span> <span class='ocrx_word' id='word_1_624' title='bbox 2344 3343 2440 3400; x_wconf 92' lang='lat' dir='ltr'><strong>sed</strong></span> <span class='ocrx_word' id='word_1_625' title='bbox 2463 3358 2561 3413; x_wconf 89' lang='lat' dir='ltr'><strong>per</strong></span> <span class='ocrx_word' id='word_1_626' title='bbox 2588 3344 2822 3415; x_wconf 82' lang='lat' dir='ltr'><strong>gratiam</strong></span> <span class='ocrx_word' id='word_1_627' title='bbox 2854 3343 3155 3400; x_wconf 88' lang='lat' dir='ltr'><strong>Salvatoris</strong></span> <span class='ocrx_word' id='word_1_628' title='bbox 3182 3360 3196 3399; x_wconf 85' lang='lat'><strong>:</strong></span> <span class='ocrx_word' id='word_1_629' title='bbox 3229 3344 3316 3401; x_wconf 87' lang='lat' dir='ltr'><strong>vel</strong></span> <span class='ocrx_word' id='word_1_630' title='bbox 3342 3345 3493 3416; x_wconf 90' lang='lat' dir='ltr'><strong>quod</strong></span> 
     </span>
    </p>
   </div>
   <div class='ocr_carea' id='block_1_78' title="bbox 1885 3433 3498 3507">
    <p class='ocr_par' dir='ltr' id='par_1_78' title="bbox 1885 3433 3498 3507">
     <span class='ocr_line' id='line_1_78' title="bbox 1885 3433 3498 3507; baseline 0.003 -18"><span class='ocrx_word' id='word_1_631' title='bbox 1885 3433 1981 3490; x_wconf 89' lang='lat' dir='ltr'><strong>Dei</strong></span> <span class='ocrx_word' id='word_1_632' title='bbox 2013 3433 2189 3490; x_wconf 88' lang='lat' dir='ltr'><strong>Patris</strong></span> <span class='ocrx_word' id='word_1_633' title='bbox 2216 3434 2411 3490; x_wconf 89' lang='lat' dir='ltr'><strong>vivens</strong></span> <span class='ocrx_word' id='word_1_634' title='bbox 2440 3444 2497 3490; x_wconf 88' lang='lat' dir='ltr'><strong>et</strong></span> <span class='ocrx_word' id='word_1_635' title='bbox 2528 3436 2841 3491; x_wconf 85' lang='lat' dir='ltr'><strong>subsistens</strong></span> <span class='ocrx_word' id='word_1_636' title='bbox 2863 3436 3035 3507; x_wconf 88' lang='lat' dir='ltr'><strong>gratia</strong></span> <span class='ocrx_word' id='word_1_637' title='bbox 3067 3437 3188 3507; x_wconf 90' lang='lat' dir='ltr'><strong>ipse</strong></span> <span class='ocrx_word' id='word_1_638' title='bbox 3211 3436 3286 3493; x_wconf 89' lang='lat' dir='ltr'><strong>sit</strong></span> <span class='ocrx_word' id='word_1_639' title='bbox 3332 3437 3498 3494; x_wconf 87' lang='lat' dir='ltr'><strong>Chri-</strong></span> 
     </span>
    </p>
   </div>
   <div class='ocr_carea' id='block_1_79' title="bbox 1884 3527 3493 3604">
    <p class='ocr_par' dir='ltr' id='par_1_79' title="bbox 1884 3527 3493 3604">
     <span class='ocr_line' id='line_1_79' title="bbox 1884 3527 3493 3604; baseline 0.004 -21"><span class='ocrx_word' id='word_1_640' title='bbox 1884 3537 2002 3584; x_wconf 89' lang='lat' dir='ltr'><strong>stus</strong></span> <span class='ocrx_word' id='word_1_641' title='bbox 2036 3546 2047 3581; x_wconf 94' lang='lat'>:</span> <span class='ocrx_word' id='word_1_642' title='bbox 2081 3527 2169 3583; x_wconf 86' lang='lat' dir='ltr'><strong>vel</strong></span> <span class='ocrx_word' id='word_1_643' title='bbox 2200 3528 2343 3600; x_wconf 89' lang='lat' dir='ltr'><strong>quod</strong></span> <span class='ocrx_word' id='word_1_644' title='bbox 2377 3528 2584 3585; x_wconf 88' lang='lat' dir='ltr'><strong>Christi</strong></span> <span class='ocrx_word' id='word_1_645' title='bbox 2613 3529 2710 3585; x_wconf 89' lang='lat' dir='ltr'><strong>Dei</strong></span> <span class='ocrx_word' id='word_1_646' title='bbox 2755 3530 3056 3587; x_wconf 86' lang='lat' dir='ltr'><strong>Salvatoris</strong></span> <span class='ocrx_word' id='word_1_647' title='bbox 3085 3530 3204 3587; x_wconf 62' lang='lat' dir='ltr'><strong>ltazc</strong></span> <span class='ocrx_word' id='word_1_648' title='bbox 3250 3532 3326 3587; x_wconf 87' lang='lat' dir='ltr'><strong>sit</strong></span> <span class='ocrx_word' id='word_1_649' title='bbox 3366 3548 3493 3604; x_wconf 85' lang='lat' dir='ltr'><strong>gra-</strong></span> 
     </span>
    </p>
   </div>
   <div class='ocr_carea' id='block_1_80' title="bbox 1887 3620 3493 3690">
    <p class='ocr_par' dir='ltr' id='par_1_80' title="bbox 1887 3620 3493 3690">
     <span class='ocr_line' id='line_1_80' title="bbox 1887 3620 3493 3690; baseline 0.005 -15"><span class='ocrx_word' id='word_1_650' title='bbox 1887 3620 1962 3675; x_wconf 89' lang='lat' dir='ltr'><strong>tia</strong></span> <span class='ocrx_word' id='word_1_651' title='bbox 1989 3638 2003 3651; x_wconf 89' lang='grc'><strong>·</strong></span> <span class='ocrx_word' id='word_1_652' title='bbox 2032 3631 2084 3677; x_wconf 91' lang='lat' dir='ltr'><strong>et</strong></span> <span class='ocrx_word' id='word_1_653' title='bbox 2112 3636 2222 3675; x_wconf 88' lang='lat' dir='ltr'><strong>non</strong></span> <span class='ocrx_word' id='word_1_654' title='bbox 2253 3631 2444 3678; x_wconf 90' lang='lat' dir='ltr'><strong>nostro</strong></span> <span class='ocrx_word' id='word_1_655' title='bbox 2483 3624 2682 3677; x_wconf 89' lang='lat' dir='ltr'><strong>merito</strong></span> <span class='ocrx_word' id='word_1_656' title='bbox 2712 3623 2909 3679; x_wconf 87' lang='lat' dir='ltr'><strong>salvati</strong></span> <span class='ocrx_word' id='word_1_657' title='bbox 2950 3625 3153 3690; x_wconf 89' lang='lat' dir='ltr'><strong>sintus,</strong></span> <span class='ocrx_word' id='word_1_658' title='bbox 3183 3625 3493 3683; x_wconf 85' lang='lat' dir='ltr'><strong>secundum</strong></span> 
     </span>
    </p>
   </div>
   <div class='ocr_carea' id='block_1_81' title="bbox 1884 3712 3495 3783">
    <p class='ocr_par' dir='ltr' id='par_1_81' title="bbox 1884 3712 3495 3783">
     <span class='ocr_line' id='line_1_81' title="bbox 1884 3712 3495 3783; baseline 0.004 -14"><span class='ocrx_word' id='word_1_659' title='bbox 1884 3712 2021 3769; x_wconf 81' lang='lat' dir='ltr'><strong>illud</strong></span> <span class='ocrx_word' id='word_1_660' title='bbox 2052 3713 2277 3783; x_wconf 92' lang='lat' dir='ltr'><strong>quodin</strong></span> <span class='ocrx_word' id='word_1_661' title='bbox 2308 3715 2418 3770; x_wconf 86' lang='lat' dir='ltr'><strong>alio</strong></span> <span class='ocrx_word' id='word_1_662' title='bbox 2463 3715 2587 3770; x_wconf 88' lang='lat' dir='ltr'><strong>loco</strong></span> <span class='ocrx_word' id='word_1_663' title='bbox 2610 3715 2813 3772; x_wconf 88' lang='lat' dir='ltr'><strong>dicitur</strong></span> <span class='ocrx_word' id='word_1_664' title='bbox 2851 3714 3003 3772; x_wconf 87' lang='lat' dir='ltr'><strong>:Pro</strong></span> <span class='ocrx_word' id='word_1_665' title='bbox 3049 3717 3215 3773; x_wconf 80' lang='lat' dir='ltr'><strong>nihilo</strong></span> <span class='ocrx_word' id='word_1_666' title='bbox 3268 3719 3495 3775; x_wconf 81' lang='lat' dir='ltr'><strong>salvabis</strong></span> 
     </span>
    </p>
   </div>
   <div class='ocr_carea' id='block_1_82' title="bbox 1888 3806 3496 3880">
    <p class='ocr_par' dir='ltr' id='par_1_82' title="bbox 1888 3806 3496 3880">
     <span class='ocr_line' id='line_1_82' title="bbox 1888 3806 3496 3880; baseline 0.004 -18"><span class='ocrx_word' id='word_1_667' title='bbox 1888 3823 1973 3862; x_wconf 88' lang='lat' dir='ltr'><strong>eos</strong></span> <span class='ocrx_word' id='word_1_668' title='bbox 1999 3806 2180 3876; x_wconf 85' lang='lat' dir='ltr'><strong>(Psal.</strong></span> <span class='ocrx_word' id='word_1_669' title='bbox 2215 3824 2301 3874; x_wconf 76' lang='grc' dir='ltr'><strong>ιν,</strong></span> <span class='ocrx_word' id='word_1_670' title='bbox 2330 3806 2414 3879; x_wconf 89' lang='lat'><strong>8).</strong></span> <span class='ocrx_word' id='word_1_671' title='bbox 2467 3808 2600 3876; x_wconf 67' lang='lat' dir='ltr'><strong>Quae</strong></span> <span class='ocrx_word' id='word_1_672' title='bbox 2640 3810 2814 3880; x_wconf 88' lang='lat' dir='ltr'><strong>gratia</strong></span> <span class='ocrx_word' id='word_1_673' title='bbox 2859 3810 3116 3866; x_wconf 91' lang='lat' dir='ltr'><strong>omnibus</strong></span> <span class='ocrx_word' id='word_1_674' title='bbox 3175 3810 3496 3869; x_wconf 74' lang='lat' dir='ltr'><strong>hominibus</strong></span> 
     </span>
    </p>
   </div>
   <div class='ocr_carea' id='block_1_83' title="bbox 1886 3898 3500 3974">
    <p class='ocr_par' dir='ltr' id='par_1_83' title="bbox 1886 3898 3500 3974">
     <span class='ocr_line' id='line_1_83' title="bbox 1886 3898 3500 3974; baseline 0.004 -20"><span class='ocrx_word' id='word_1_675' title='bbox 1886 3898 2012 3954; x_wconf 90' lang='lat' dir='ltr'><strong>ideo</strong></span> <span class='ocrx_word' id='word_1_676' title='bbox 2038 3899 2247 3966; x_wconf 89' lang='lat' dir='ltr'><strong>illuxit,</strong></span> <span class='ocrx_word' id='word_1_677' title='bbox 2275 3909 2333 3955; x_wconf 92' lang='lat' dir='ltr'><strong>ut</strong></span> <span class='ocrx_word' id='word_1_678' title='bbox 2363 3901 2614 3957; x_wconf 89' lang='lat' dir='ltr'><strong>erudiret</strong></span> <span class='ocrx_word' id='word_1_679' title='bbox 2643 3916 2743 3957; x_wconf 92' lang='lat' dir='ltr'><strong>nos</strong></span> <span class='ocrx_word' id='word_1_680' title='bbox 2764 3901 3110 3972; x_wconf 87' lang='lat' dir='ltr'><strong>abnegantes</strong></span> <span class='ocrx_word' id='word_1_681' title='bbox 3149 3903 3500 3974; x_wconf 86' lang='lat' dir='ltr'><strong>impietatem</strong></span> 
     </span>
    </p>
   </div>
   <div class='ocr_carea' id='block_1_84' title="bbox 1888 3993 3494 4066">
    <p class='ocr_par' dir='ltr' id='par_1_84' title="bbox 1888 3993 3494 4066">
     <span class='ocr_line' id='line_1_84' title="bbox 1888 3993 3494 4066; baseline 0.004 -17"><span class='ocrx_word' id='word_1_682' title='bbox 1888 4004 1942 4049; x_wconf 89' lang='lat' dir='ltr'><strong>et</strong></span> <span class='ocrx_word' id='word_1_683' title='bbox 1973 3993 2253 4049; x_wconf 67' lang='lat' dir='ltr'><strong>saecularia</strong></span> <span class='ocrx_word' id='word_1_684' title='bbox 2291 3993 2583 4062; x_wconf 90' lang='lat' dir='ltr'><strong>desideria,</strong></span> <span class='ocrx_word' id='word_1_685' title='bbox 2612 3994 2832 4065; x_wconf 88' lang='lat' dir='ltr'><strong>pudice,</strong></span> <span class='ocrx_word' id='word_1_686' title='bbox 2854 4004 2910 4050; x_wconf 91' lang='lat' dir='ltr'><strong>et</strong></span> <span class='ocrx_word' id='word_1_687' title='bbox 2926 3994 3075 4065; x_wconf 89' lang='lat' dir='ltr'><strong>juste</strong></span> <span class='ocrx_word' id='word_1_688' title='bbox 3106 4003 3161 4050; x_wconf 89' lang='lat' dir='ltr'><strong>et</strong></span> <span class='ocrx_word' id='word_1_689' title='bbox 3192 3997 3283 4066; x_wconf 90' lang='lat' dir='ltr'><strong>pie</strong></span> <span class='ocrx_word' id='word_1_690' title='bbox 3303 3996 3494 4056; x_wconf 82' lang='lat' dir='ltr'><strong>vivere</strong></span> 
     </span>
    </p>
   </div>
   <div class='ocr_carea' id='block_1_85' title="bbox 1890 4084 3494 4161">
    <p class='ocr_par' dir='ltr' id='par_1_85' title="bbox 1890 4084 3494 4161">
     <span class='ocr_line' id='line_1_85' title="bbox 1890 4084 3494 4161; baseline 0.003 -19"><span class='ocrx_word' id='word_1_691' title='bbox 1890 4084 1943 4142; x_wconf 85' lang='lat' dir='ltr'><strong>in</strong></span> <span class='ocrx_word' id='word_1_692' title='bbox 1969 4084 2076 4141; x_wconf 89' lang='lat' dir='ltr'><strong>hoc</strong></span> <span class='ocrx_word' id='word_1_693' title='bbox 2095 4086 2322 4141; x_wconf 66' lang='lat' dir='ltr'><strong>sarculo.</strong></span> <span class='ocrx_word' id='word_1_694' title='bbox 2347 4086 2484 4154; x_wconf 90' lang='lat' dir='ltr'><strong>Quid</strong></span> <span class='ocrx_word' id='word_1_695' title='bbox 2514 4087 2586 4142; x_wconf 92' lang='lat' dir='ltr'><strong>sit</strong></span> <span class='ocrx_word' id='word_1_696' title='bbox 2615 4096 2802 4144; x_wconf 90' lang='lat' dir='ltr'><strong>autem</strong></span> <span class='ocrx_word' id='word_1_697' title='bbox 2824 4088 3103 4158; x_wconf 88' lang='lat' dir='ltr'><strong>abnegare</strong></span> <span class='ocrx_word' id='word_1_698' title='bbox 3130 4088 3494 4161; x_wconf 86' lang='lat' dir='ltr'><strong>impietatem,</strong></span> 
     </span>
    </p>
   </div>
   <div class='ocr_carea' id='block_1_86' title="bbox 1891 4181 3493 4257">
    <p class='ocr_par' dir='ltr' id='par_1_86' title="bbox 1891 4181 3493 4257">
     <span class='ocr_line' id='line_1_86' title="bbox 1891 4181 3493 4257; baseline 0.002 -20"><span class='ocrx_word' id='word_1_699' title='bbox 1891 4181 2244 4237; x_wconf 76' lang='lat' dir='ltr'><strong>etsa&#39;cularia</strong></span> <span class='ocrx_word' id='word_1_700' title='bbox 2270 4181 2570 4252; x_wconf 60' lang='lat' dir='ltr'><strong>desideria,</strong></span> <span class='ocrx_word' id='word_1_701' title='bbox 2595 4198 2664 4239; x_wconf 89' lang='lat' dir='ltr'><strong>ex</strong></span> <span class='ocrx_word' id='word_1_702' title='bbox 2678 4183 2902 4255; x_wconf 90' lang='lat' dir='ltr'><strong>eoquod</strong></span> <span class='ocrx_word' id='word_1_703' title='bbox 2929 4198 3091 4255; x_wconf 88' lang='lat' dir='ltr'><strong>supra</strong></span> <span class='ocrx_word' id='word_1_704' title='bbox 3115 4184 3493 4257; x_wconf 87' lang='lat' dir='ltr'><strong>exposuimus,</strong></span> 
     </span>
    </p>
   </div>
   <div class='ocr_carea' id='block_1_87' title="bbox 1892 4275 3499 4352">
    <p class='ocr_par' dir='ltr' id='par_1_87' title="bbox 1892 4275 3499 4352">
     <span class='ocr_line' id='line_1_87' title="bbox 1892 4275 3499 4352; baseline 0.005 -22"><span class='ocrx_word' id='word_1_705' title='bbox 1892 4275 2642 4348; x_wconf 53' lang='lat' dir='ltr'><strong>Deumconﬁtmtuﬁsenosse.</strong></span> <span class='ocrx_word' id='word_1_706' title='bbox 2665 4280 3001 4350; x_wconf 80' lang='lat' dir='ltr'><strong>factisautem</strong></span> <span class='ocrx_word' id='word_1_707' title='bbox 3026 4288 3238 4351; x_wconf 88' lang='lat' dir='ltr'><strong>negant,</strong></span> <span class='ocrx_word' id='word_1_708' title='bbox 3264 4278 3499 4352; x_wconf 86' lang='lat' dir='ltr'><strong>intelligi</strong></span> 
     </span>
    </p>
   </div>
   <div class='ocr_carea' id='block_1_88' title="bbox 1892 4370 3500 4440">
    <p class='ocr_par' dir='ltr' id='par_1_88' title="bbox 1892 4370 3500 4440">
     <span class='ocr_line' id='line_1_88' title="bbox 1892 4370 3500 4440; baseline 0.006 -18"><span class='ocrx_word' id='word_1_709' title='bbox 1892 4384 2053 4440; x_wconf 83' lang='lat' dir='ltr'><strong>posse</strong></span> <span class='ocrx_word' id='word_1_710' title='bbox 2066 4370 2305 4435; x_wconf 73' lang='lat' dir='ltr'><strong>confido,</strong></span> <span class='ocrx_word' id='word_1_711' title='bbox 2323 4380 2377 4423; x_wconf 70' lang='lat' dir='ltr'><strong>et</strong></span> <span class='ocrx_word' id='word_1_712' title='bbox 2394 4386 2491 4440; x_wconf 87' lang='lat' dir='ltr'><strong>per</strong></span> <span class='ocrx_word' id='word_1_713' title='bbox 2504 4372 2783 4427; x_wconf 87' lang='lat' dir='ltr'><strong>contraria</strong></span> <span class='ocrx_word' id='word_1_714' title='bbox 2805 4371 3042 4427; x_wconf 86' lang='lat' dir='ltr'><strong>disserla</strong></span> <span class='ocrx_word' id='word_1_715' title='bbox 3055 4374 3352 4428; x_wconf 85' lang='lat' dir='ltr'><strong>contraria.</strong></span> <span class='ocrx_word' id='word_1_716' title='bbox 3380 4373 3500 4431; x_wconf 69' lang='lat' dir='ltr'><strong>Sae-</strong></span> 
     </span>
    </p>
   </div>
   <div class='ocr_carea' id='block_1_89' title="bbox 1892 4461 3501 4537">
    <p class='ocr_par' dir='ltr' id='par_1_89' title="bbox 1892 4461 3501 4537">
     <span class='ocr_line' id='line_1_89' title="bbox 1892 4461 3501 4537; baseline 0.004 -19"><span class='ocrx_word' id='word_1_717' title='bbox 1892 4461 2101 4518; x_wconf 72' lang='lat' dir='ltr'><strong>cnlaiin</strong></span> <span class='ocrx_word' id='word_1_718' title='bbox 2134 4478 2264 4535; x_wconf 73' lang='lat' dir='ltr'><strong>ergo</strong></span> <span class='ocrx_word' id='word_1_719' title='bbox 2287 4464 2561 4519; x_wconf 84' lang='lat' dir='ltr'><strong>desideria</strong></span> <span class='ocrx_word' id='word_1_720' title='bbox 2586 4475 2732 4535; x_wconf 90' lang='lat' dir='ltr'><strong>sunt,</strong></span> <span class='ocrx_word' id='word_1_721' title='bbox 2754 4479 2877 4535; x_wconf 67' lang='lat' dir='ltr'><strong>quae</strong></span> <span class='ocrx_word' id='word_1_722' title='bbox 2905 4480 2934 4518; x_wconf 92' lang='lat' dir='ltr'><strong>a</strong></span> <span class='ocrx_word' id='word_1_723' title='bbox 2967 4464 3155 4520; x_wconf 91' lang='lat' dir='ltr'><strong>mundi</strong></span> <span class='ocrx_word' id='word_1_724' title='bbox 3175 4465 3333 4521; x_wconf 88' lang='lat' dir='ltr'><strong>istius</strong></span> <span class='ocrx_word' id='word_1_725' title='bbox 3348 4468 3501 4537; x_wconf 83' lang='lat' dir='ltr'><strong>prin-</strong></span> 
     </span>
    </p>
   </div>
   <div class='ocr_carea' id='block_1_90' title="bbox 1895 4557 3502 4630">
    <p class='ocr_par' dir='ltr' id='par_1_90' title="bbox 1895 4557 3502 4630">
     <span class='ocr_line' id='line_1_90' title="bbox 1895 4557 3502 4630; baseline 0.004 -17"><span class='ocrx_word' id='word_1_726' title='bbox 1895 4557 2018 4627; x_wconf 88' lang='lat' dir='ltr'><strong>cipe</strong></span> <span class='ocrx_word' id='word_1_727' title='bbox 2048 4571 2418 4630; x_wconf 77' lang='lat' dir='ltr'><strong>snggernntnr</strong></span> <span class='ocrx_word' id='word_1_728' title='bbox 2453 4568 2545 4615; x_wconf 92' lang='lat' dir='ltr'><strong>:et</strong></span> <span class='ocrx_word' id='word_1_729' title='bbox 2589 4574 2712 4615; x_wconf 92' lang='lat' dir='ltr'><strong>cum</strong></span> <span class='ocrx_word' id='word_1_730' title='bbox 2757 4560 2870 4615; x_wconf 90' lang='lat' dir='ltr'><strong>sint</strong></span> <span class='ocrx_word' id='word_1_731' title='bbox 2898 4558 3110 4628; x_wconf 67' lang='lat' dir='ltr'><strong>seaculi,</strong></span> <span class='ocrx_word' id='word_1_732' title='bbox 3146 4575 3268 4615; x_wconf 90' lang='lat' dir='ltr'><strong>cum</strong></span> <span class='ocrx_word' id='word_1_733' title='bbox 3310 4560 3502 4619; x_wconf 65' lang='lat' dir='ltr'><strong>saeculi</strong></span> 
     </span>
    </p>
   </div>
   <div class='ocr_carea' id='block_1_91' title="bbox 178 4643 1782 4738">
    <p class='ocr_par' dir='ltr' id='par_1_91' title="bbox 178 4643 1782 4723">
     <span class='ocr_line' id='line_1_91' title="bbox 178 4643 1782 4723; baseline 0.007 -25"><span class='ocrx_word' id='word_1_734' title='bbox 178 4643 349 4714; x_wconf 84' lang='lat' dir='ltr'><strong>plum,</strong></span> <span class='ocrx_word' id='word_1_735' title='bbox 398 4662 826 4720; x_wconf 85' lang='lat' dir='ltr'><strong>nonnumquam</strong></span> <span class='ocrx_word' id='word_1_736' title='bbox 863 4649 1231 4719; x_wconf 86' lang='lat' dir='ltr'><strong>quadruplum</strong></span> <span class='ocrx_word' id='word_1_737' title='bbox 1267 4652 1501 4710; x_wconf 91' lang='lat' dir='ltr'><strong>reddere</strong></span> <span class='ocrx_word' id='word_1_738' title='bbox 1545 4652 1782 4723; x_wconf 85' lang='lat' dir='ltr'><strong>compel-</strong></span> 
     </span>
    </p>
   </div>
   <div class='ocr_carea' id='block_1_92' title="bbox 1887 4643 3505 4738">
    <p class='ocr_par' dir='ltr' id='par_1_92' title="bbox 1898 4664 3505 4738">
     <span class='ocr_line' id='line_1_92' title="bbox 1898 4664 3505 4738; baseline 0.002 -18"><span class='ocrx_word' id='word_1_739' title='bbox 1898 4665 2056 4736; x_wconf 89' lang='lat' dir='ltr'><strong>hnjus</strong></span> <span class='ocrx_word' id='word_1_740' title='bbox 2088 4665 2233 4721; x_wconf 87' lang='lat' dir='ltr'><strong>nube</strong></span> <span class='ocrx_word' id='word_1_741' title='bbox 2262 4674 2670 4736; x_wconf 87' lang='lat' dir='ltr'><strong>pertranseunt.</strong></span> <span class='ocrx_word' id='word_1_742' title='bbox 2702 4664 2815 4722; x_wconf 88' lang='lat' dir='ltr'><strong>Nos</strong></span> <span class='ocrx_word' id='word_1_743' title='bbox 2848 4674 3035 4723; x_wconf 87' lang='lat' dir='ltr'><strong>autem</strong></span> <span class='ocrx_word' id='word_1_744' title='bbox 3055 4680 3179 4722; x_wconf 92' lang='lat' dir='ltr'><strong>cum</strong></span> <span class='ocrx_word' id='word_1_745' title='bbox 3221 4665 3418 4738; x_wconf 88' lang='lat' dir='ltr'><strong>pudice</strong></span> <span class='ocrx_word' id='word_1_746' title='bbox 3445 4673 3505 4723; x_wconf 82' lang='lat' dir='ltr'><strong>et</strong></span> 
     </span>
    </p>
   </div>
   <div class='ocr_carea' id='block_1_93' title="bbox 181 4734 3498 4840">
    <p class='ocr_par' dir='ltr' id='par_1_93' title="bbox 181 4734 3498 4840">
     <span class='ocr_line' id='line_1_93' title="bbox 181 4734 3498 4840; baseline 0.006 -36"><span class='ocrx_word' id='word_1_747' title='bbox 181 4734 391 4840; x_wconf 48' lang='lat' dir='ltr'><strong>iﬂnlﬂr.</strong></span> <span class='ocrx_word' id='word_1_748' title='bbox 426 4753 489 4799; x_wconf 78' lang='lat' dir='ltr'><strong>el</strong></span> <span class='ocrx_word' id='word_1_749' title='bbox 532 4741 1517 4840; x_wconf 54' lang='lat' dir='ltr'><strong>interdumpbtruncalur.interdum</strong></span> <span class='ocrx_word' id='word_1_750' title='bbox 1539 4747 1792 4804; x_wconf 71' lang='grc' dir='ltr'><strong>νθηάίιυν</strong></span> <span class='ocrx_word' id='word_1_751' title='bbox 1893 4765 2062 4835; x_wconf 88' lang='lat' dir='ltr'><strong>jnste,</strong></span> <span class='ocrx_word' id='word_1_752' title='bbox 2096 4782 2198 4822; x_wconf 89' lang='lat' dir='ltr'><strong>nec</strong></span> <span class='ocrx_word' id='word_1_753' title='bbox 2235 4781 2466 4835; x_wconf 84' lang='lat' dir='ltr'><strong>corpore</strong></span> <span class='ocrx_word' id='word_1_754' title='bbox 2519 4767 2756 4836; x_wconf 87' lang='lat' dir='ltr'><strong>scilicet,</strong></span> <span class='ocrx_word' id='word_1_755' title='bbox 2792 4784 2895 4825; x_wconf 90' lang='lat' dir='ltr'><strong>nec</strong></span> <span class='ocrx_word' id='word_1_756' title='bbox 2945 4777 3132 4826; x_wconf 90' lang='lat' dir='ltr'><strong>mente</strong></span> <span class='ocrx_word' id='word_1_757' title='bbox 3180 4778 3498 4840; x_wconf 88' lang='lat' dir='ltr'><strong>peccantes,</strong></span> 
     </span>
    </p>
   </div>
   <div class='ocr_carea' id='block_1_94' title="bbox 176 4832 1794 4914">
    <p class='ocr_par' dir='ltr' id='par_1_94' title="bbox 176 4832 1794 4914">
     <span class='ocr_line' id='line_1_94' title="bbox 176 4832 1794 4914; baseline 0.005 -26"><span class='ocrx_word' id='word_1_758' title='bbox 176 4832 262 4889; x_wconf 87' lang='lat' dir='ltr'><strong>fur</strong></span> <span class='ocrx_word' id='word_1_759' title='bbox 292 4835 418 4914; x_wconf 83' lang='lat' dir='ltr'><strong>ipse</strong></span> <span class='ocrx_word' id='word_1_760' title='bbox 444 4851 558 4906; x_wconf 84' lang='lat' dir='ltr'><strong>pro</strong></span> <span class='ocrx_word' id='word_1_761' title='bbox 583 4834 753 4903; x_wconf 87' lang='lat' dir='ltr'><strong>furto,</strong></span> <span class='ocrx_word' id='word_1_762' title='bbox 803 4835 873 4893; x_wconf 89' lang='lat' dir='ltr'><strong>de</strong></span> <span class='ocrx_word' id='word_1_763' title='bbox 898 4838 1097 4910; x_wconf 90' lang='lat' dir='ltr'><strong>quibus</strong></span> <span class='ocrx_word' id='word_1_764' title='bbox 1124 4854 1294 4910; x_wconf 90' lang='lat' dir='ltr'><strong>nuper</strong></span> <span class='ocrx_word' id='word_1_765' title='bbox 1317 4840 1476 4895; x_wconf 89' lang='lat' dir='ltr'><strong>vobis</strong></span> <span class='ocrx_word' id='word_1_766' title='bbox 1509 4841 1560 4894; x_wconf 92' lang='lat' dir='ltr'><strong>in</strong></span> <span class='ocrx_word' id='word_1_767' title='bbox 1593 4840 1794 4897; x_wconf 87' lang='lat' dir='ltr'><strong>Leviti-</strong></span> 
     </span>
    </p>
   </div>
   <div class='ocr_carea' id='block_1_95' title="bbox 180 4929 1796 5006">
    <p class='ocr_par' dir='ltr' id='par_1_95' title="bbox 180 4929 1796 5006">
     <span class='ocr_line' id='line_1_95' title="bbox 180 4929 1796 5006; baseline 0.004 -22"><span class='ocrx_word' id='word_1_768' title='bbox 180 4940 242 4984; x_wconf 85' lang='lat' dir='ltr'><strong>co</strong></span> <span class='ocrx_word' id='word_1_769' title='bbox 262 4929 606 5000; x_wconf 85' lang='lat' dir='ltr'><strong>exposuisse</strong></span> <span class='ocrx_word' id='word_1_770' title='bbox 644 4944 731 4986; x_wconf 90' lang='lat' dir='ltr'><strong>me</strong></span> <span class='ocrx_word' id='word_1_771' title='bbox 761 4930 1009 4988; x_wconf 91' lang='lat' dir='ltr'><strong>memini.</strong></span> <span class='ocrx_word' id='word_1_772' title='bbox 1044 4932 1101 4989; x_wconf 90' lang='lat' dir='ltr'><strong>Si</strong></span> <span class='ocrx_word' id='word_1_773' title='bbox 1131 4944 1310 4989; x_wconf 92' lang='lat' dir='ltr'><strong>antem</strong></span> <span class='ocrx_word' id='word_1_774' title='bbox 1342 4932 1447 4990; x_wconf 92' lang='lat' dir='ltr'><strong>hoc</strong></span> <span class='ocrx_word' id='word_1_775' title='bbox 1471 4934 1796 5006; x_wconf 87' lang='lat' dir='ltr'><strong>prohibetur</strong></span> 
     </span>
    </p>
   </div>
   <div class='ocr_carea' id='block_1_96' title="bbox 177 5016 1798 5097">
    <p class='ocr_par' dir='ltr' id='par_1_96' title="bbox 177 5016 1798 5097">
     <span class='ocr_line' id='line_1_96' title="bbox 177 5016 1798 5097; baseline 0.005 -21"><span class='ocrx_word' id='word_1_776' title='bbox 177 5016 232 5076; x_wconf 86' lang='lat' dir='ltr'><strong>in</strong></span> <span class='ocrx_word' id='word_1_777' title='bbox 260 5036 461 5089; x_wconf 83' lang='lat' dir='ltr'><strong>servo,</strong></span> <span class='ocrx_word' id='word_1_778' title='bbox 500 5030 710 5092; x_wconf 85' lang='lat' dir='ltr'><strong>quanto</strong></span> <span class='ocrx_word' id='word_1_779' title='bbox 749 5023 924 5093; x_wconf 88' lang='lat' dir='ltr'><strong>magis</strong></span> <span class='ocrx_word' id='word_1_780' title='bbox 966 5023 1018 5079; x_wconf 90' lang='lat' dir='ltr'><strong>in</strong></span> <span class='ocrx_word' id='word_1_781' title='bbox 1045 5023 1220 5081; x_wconf 89' lang='lat' dir='ltr'><strong>libero</strong></span> <span class='ocrx_word' id='word_1_782' title='bbox 1252 5042 1267 5079; x_wconf 90' lang='lat'><strong>:</strong></span> <span class='ocrx_word' id='word_1_783' title='bbox 1309 5041 1379 5081; x_wconf 91' lang='lat' dir='ltr'><strong>ne</strong></span> <span class='ocrx_word' id='word_1_784' title='bbox 1406 5026 1798 5097; x_wconf 65' lang='lat' dir='ltr'><strong>autjudexra-</strong></span> 
     </span>
    </p>
   </div>
   <div class='ocr_carea' id='block_1_97' title="bbox 177 5113 1800 5189">
    <p class='ocr_par' dir='ltr' id='par_1_97' title="bbox 177 5113 1800 5189">
     <span class='ocr_line' id='line_1_97' title="bbox 177 5113 1800 5189; baseline 0.009 -23"><span class='ocrx_word' id='word_1_785' title='bbox 177 5113 312 5184; x_wconf 86' lang='lat' dir='ltr'><strong>piat,</strong></span> <span class='ocrx_word' id='word_1_786' title='bbox 348 5124 456 5171; x_wconf 88' lang='lat' dir='ltr'><strong>aut</strong></span> <span class='ocrx_word' id='word_1_787' title='bbox 486 5116 653 5172; x_wconf 89' lang='lat' dir='ltr'><strong>miles</strong></span> <span class='ocrx_word' id='word_1_788' title='bbox 683 5131 794 5172; x_wconf 91' lang='lat' dir='ltr'><strong>non</strong></span> <span class='ocrx_word' id='word_1_789' title='bbox 824 5127 1115 5175; x_wconf 89' lang='lat' dir='ltr'><strong>contentus</strong></span> <span class='ocrx_word' id='word_1_790' title='bbox 1146 5119 1431 5189; x_wconf 88' lang='lat' dir='ltr'><strong>stipendiis</strong></span> <span class='ocrx_word' id='word_1_791' title='bbox 1460 5122 1574 5177; x_wconf 89' lang='lat' dir='ltr'><strong>suis</strong></span> <span class='ocrx_word' id='word_1_792' title='bbox 1622 5124 1800 5179; x_wconf 89' lang='lat' dir='ltr'><strong>aliena</strong></span> 
     </span>
    </p>
   </div>
   <div class='ocr_carea' id='block_1_98' title="bbox 176 5206 1804 5286">
    <p class='ocr_par' dir='ltr' id='par_1_98' title="bbox 176 5206 1804 5286">
     <span class='ocr_line' id='line_1_98' title="bbox 176 5206 1804 5286; baseline 0.008 -25"><span class='ocrx_word' id='word_1_793' title='bbox 176 5206 484 5265; x_wconf 78' lang='lat' dir='ltr'><strong>devastet?</strong></span> <span class='ocrx_word' id='word_1_794' title='bbox 516 5208 751 5265; x_wconf 85' lang='lat' dir='ltr'><strong>Pulchre</strong></span> <span class='ocrx_word' id='word_1_795' title='bbox 786 5210 1008 5281; x_wconf 90' lang='lat' dir='ltr'><strong>quidam</strong></span> <span class='ocrx_word' id='word_1_796' title='bbox 1040 5212 1126 5267; x_wconf 85' lang='lat' dir='ltr'><strong>vir</strong></span> <span class='ocrx_word' id='word_1_797' title='bbox 1163 5216 1415 5285; x_wconf 83' lang='lat' dir='ltr'><strong>apprime</strong></span> <span class='ocrx_word' id='word_1_798' title='bbox 1444 5216 1647 5286; x_wconf 88' lang='lat' dir='ltr'><strong>gravis,</strong></span> <span class='ocrx_word' id='word_1_799' title='bbox 1678 5232 1804 5274; x_wconf 91' lang='lat' dir='ltr'><strong>cum</strong></span> 
     </span>
    </p>
   </div>
   <div class='ocr_carea' id='block_1_99' title="bbox 173 5299 1805 5379">
    <p class='ocr_par' dir='ltr' id='par_1_99' title="bbox 173 5299 1805 5379">
     <span class='ocr_line' id='line_1_99' title="bbox 173 5299 1805 5379; baseline 0.009 -25"><span class='ocrx_word' id='word_1_800' title='bbox 173 5299 228 5354; x_wconf 88' lang='lat' dir='ltr'><strong>ei</strong></span> <span class='ocrx_word' id='word_1_801' title='bbox 255 5302 563 5371; x_wconf 85' lang='lat' dir='ltr'><strong>cujusdam</strong></span> <span class='ocrx_word' id='word_1_802' title='bbox 593 5302 797 5372; x_wconf 89' lang='lat' dir='ltr'><strong>judicis</strong></span> <span class='ocrx_word' id='word_1_803' title='bbox 827 5304 1143 5362; x_wconf 88' lang='lat' dir='ltr'><strong>laudaretur</strong></span> <span class='ocrx_word' id='word_1_804' title='bbox 1173 5307 1476 5379; x_wconf 90' lang='lat' dir='ltr'><strong>integritas,</strong></span> <span class='ocrx_word' id='word_1_805' title='bbox 1520 5319 1576 5366; x_wconf 88' lang='lat' dir='ltr'><strong>et</strong></span> <span class='ocrx_word' id='word_1_806' title='bbox 1596 5311 1805 5368; x_wconf 88' lang='lat' dir='ltr'><strong>diceret</strong></span> 
     </span>
    </p>
   </div>
   <div class='ocr_carea' id='block_1_100' title="bbox 1898 4866 3499 4941">
    <p class='ocr_par' dir='ltr' id='par_1_100' title="bbox 1898 4866 3499 4941">
     <span class='ocr_line' id='line_1_100' title="bbox 1898 4866 3499 4941; baseline 0.004 -20"><span class='ocrx_word' id='word_1_807' title='bbox 1898 4866 2198 4923; x_wconf 78' lang='lat' dir='ltr'><strong>vixerimus</strong></span> <span class='ocrx_word' id='word_1_808' title='bbox 2238 4868 2290 4921; x_wconf 92' lang='lat' dir='ltr'><strong>in</strong></span> <span class='ocrx_word' id='word_1_809' title='bbox 2343 4866 2590 4937; x_wconf 75' lang='lat' dir='ltr'><strong>Ctuisto,</strong></span> <span class='ocrx_word' id='word_1_810' title='bbox 2637 4868 2732 4939; x_wconf 89' lang='lat' dir='ltr'><strong>pie</strong></span> <span class='ocrx_word' id='word_1_811' title='bbox 2770 4885 2986 4941; x_wconf 87' lang='lat' dir='ltr'><strong>quoque</strong></span> <span class='ocrx_word' id='word_1_812' title='bbox 3031 4870 3281 4927; x_wconf 66' lang='lat' dir='ltr'><strong>vivemus</strong></span> <span class='ocrx_word' id='word_1_813' title='bbox 3312 4871 3364 4926; x_wconf 92' lang='lat' dir='ltr'><strong>in</strong></span> <span class='ocrx_word' id='word_1_814' title='bbox 3391 4870 3499 4927; x_wconf 88' lang='lat' dir='ltr'><strong>hoc</strong></span> 
     </span>
    </p>
   </div>
   <div class='ocr_carea' id='block_1_101' title="bbox 1901 4968 3505 5041">
    <p class='ocr_par' dir='ltr' id='par_1_101' title="bbox 1901 4968 3505 5041">
     <span class='ocr_line' id='line_1_101' title="bbox 1901 4968 3505 5041; baseline 0.002 -18"><span class='ocrx_word' id='word_1_815' title='bbox 1901 4968 2105 5024; x_wconf 88' lang='lat' dir='ltr'><strong>saeculo</strong></span> <span class='ocrx_word' id='word_1_816' title='bbox 2147 4983 2305 5039; x_wconf 69' lang='lat' dir='ltr'><strong>:quu‘.</strong></span> <span class='ocrx_word' id='word_1_817' title='bbox 2338 4972 2511 5036; x_wconf 74' lang='lat' dir='ltr'><strong>pietas</strong></span> <span class='ocrx_word' id='word_1_818' title='bbox 2541 4977 2828 5039; x_wconf 83' lang='lat' dir='ltr'><strong>exspectat</strong></span> <span class='ocrx_word' id='word_1_819' title='bbox 2862 4970 3077 5026; x_wconf 86' lang='lat' dir='ltr'><strong>beatam</strong></span> <span class='ocrx_word' id='word_1_820' title='bbox 3120 4987 3297 5041; x_wconf 88' lang='lat' dir='ltr'><strong>spem,</strong></span> <span class='ocrx_word' id='word_1_821' title='bbox 3325 4978 3382 5026; x_wconf 86' lang='lat' dir='ltr'><strong>et</strong></span> <span class='ocrx_word' id='word_1_822' title='bbox 3405 4970 3505 5026; x_wconf 85' lang='lat' dir='ltr'><strong>ad-</strong></span> 
     </span>
    </p>
   </div>
   <div class='ocr_carea' id='block_1_102' title="bbox 1903 5071 3505 5139">
    <p class='ocr_par' dir='ltr' id='par_1_102' title="bbox 1903 5071 3505 5139">
     <span class='ocr_line' id='line_1_102' title="bbox 1903 5071 3505 5139; baseline 0.001 -11"><span class='ocrx_word' id='word_1_823' title='bbox 1903 5080 2125 5128; x_wconf 85' lang='lat' dir='ltr'><strong>ventum</strong></span> <span class='ocrx_word' id='word_1_824' title='bbox 2162 5071 2347 5139; x_wconf 65' lang='lat' dir='ltr'><strong>gloria)</strong></span> <span class='ocrx_word' id='word_1_825' title='bbox 2384 5073 2561 5139; x_wconf 66' lang='lat' dir='ltr'><strong>magni</strong></span> <span class='ocrx_word' id='word_1_826' title='bbox 2589 5071 2703 5139; x_wconf 90' lang='lat' dir='ltr'><strong>Dei,</strong></span> <span class='ocrx_word' id='word_1_827' title='bbox 2753 5082 2809 5129; x_wconf 92' lang='lat' dir='ltr'><strong>et</strong></span> <span class='ocrx_word' id='word_1_828' title='bbox 2833 5072 3140 5128; x_wconf 87' lang='lat' dir='ltr'><strong>Salvatoris</strong></span> <span class='ocrx_word' id='word_1_829' title='bbox 3166 5073 3340 5129; x_wconf 89' lang='lat' dir='ltr'><strong>nostri</strong></span> <span class='ocrx_word' id='word_1_830' title='bbox 3368 5072 3505 5130; x_wconf 78' lang='lat' dir='ltr'><strong>Jesu</strong></span> 
     </span>
    </p>
   </div>
   <div class='ocr_carea' id='block_1_103' title="bbox 1908 5172 3511 5245">
    <p class='ocr_par' dir='ltr' id='par_1_103' title="bbox 1908 5172 3511 5245">
     <span class='ocr_line' id='line_1_103' title="bbox 1908 5172 3511 5245; baseline 0.001 -17"><span class='ocrx_word' id='word_1_831' title='bbox 1908 5172 2134 5228; x_wconf 88' lang='lat' dir='ltr'><strong>Christi.</strong></span> <span class='ocrx_word' id='word_1_832' title='bbox 2163 5172 2319 5228; x_wconf 91' lang='lat' dir='ltr'><strong>Sicut</strong></span> <span class='ocrx_word' id='word_1_833' title='bbox 2346 5172 2493 5227; x_wconf 89' lang='lat' dir='ltr'><strong>enim</strong></span> <span class='ocrx_word' id='word_1_834' title='bbox 2527 5173 2779 5243; x_wconf 90' lang='lat' dir='ltr'><strong>impietas</strong></span> <span class='ocrx_word' id='word_1_835' title='bbox 2827 5174 3013 5245; x_wconf 84' lang='lat' dir='ltr'><strong>magni</strong></span> <span class='ocrx_word' id='word_1_836' title='bbox 3048 5174 3144 5230; x_wconf 89' lang='lat' dir='ltr'><strong>Dei</strong></span> <span class='ocrx_word' id='word_1_837' title='bbox 3178 5173 3511 5230; x_wconf 87' lang='lat' dir='ltr'><strong>reformidat</strong></span> 
     </span>
    </p>
   </div>
   <div class='ocr_carea' id='block_1_104' title="bbox 1910 5268 3514 5347">
    <p class='ocr_par' dir='ltr' id='par_1_104' title="bbox 1910 5268 3514 5347">
     <span class='ocr_line' id='line_1_104' title="bbox 1910 5268 3514 5347; baseline 0.002 -17"><span class='ocrx_word' id='word_1_838' title='bbox 1910 5275 2231 5342; x_wconf 90' lang='lat' dir='ltr'><strong>adventum,</strong></span> <span class='ocrx_word' id='word_1_839' title='bbox 2278 5274 2350 5329; x_wconf 85' lang='lat' dir='ltr'><strong>ita</strong></span> <span class='ocrx_word' id='word_1_840' title='bbox 2375 5268 2569 5331; x_wconf 84' lang='lat' dir='ltr'><strong>secura</strong></span> <span class='ocrx_word' id='word_1_841' title='bbox 2598 5274 2669 5331; x_wconf 92' lang='lat' dir='ltr'><strong>de</strong></span> <span class='ocrx_word' id='word_1_842' title='bbox 2698 5291 2865 5347; x_wconf 90' lang='lat' dir='ltr'><strong>opere</strong></span> <span class='ocrx_word' id='word_1_843' title='bbox 2891 5288 3014 5344; x_wconf 92' lang='lat' dir='ltr'><strong>suo,</strong></span> <span class='ocrx_word' id='word_1_844' title='bbox 3042 5284 3095 5332; x_wconf 91' lang='lat' dir='ltr'><strong>et</strong></span> <span class='ocrx_word' id='word_1_845' title='bbox 3127 5275 3195 5332; x_wconf 88' lang='lat' dir='ltr'><strong>de</strong></span> <span class='ocrx_word' id='word_1_846' title='bbox 3228 5275 3337 5333; x_wconf 87' lang='lat' dir='ltr'><strong>fide</strong></span> <span class='ocrx_word' id='word_1_847' title='bbox 3359 5276 3514 5333; x_wconf 89' lang='lat' dir='ltr'><strong>illum</strong></span> 
     </span>
    </p>
   </div>
   <div class='ocr_carea' id='block_1_105' title="bbox 174 5377 1782 5475">
    <p class='ocr_par' dir='ltr' id='par_1_105' title="bbox 174 5377 1782 5475">
     <span class='ocr_line' id='line_1_105' title="bbox 174 5377 1782 5475; baseline 0.007 -26"><span class='ocrx_word' id='word_1_848' title='bbox 174 5395 244 5450; x_wconf 91' lang='lat' dir='ltr'><strong>de</strong></span> <span class='ocrx_word' id='word_1_849' title='bbox 273 5411 347 5451; x_wconf 92' lang='lat' dir='ltr'><strong>eo</strong></span> <span class='ocrx_word' id='word_1_850' title='bbox 377 5395 489 5451; x_wconf 81' lang='lat' dir='ltr'><strong>ille</strong></span> <span class='ocrx_word' id='word_1_851' title='bbox 515 5395 610 5465; x_wconf 90' lang='lat' dir='ltr'><strong>qui</strong></span> <span class='ocrx_word' id='word_1_852' title='bbox 629 5395 1045 5466; x_wconf 85' lang='lat' dir='ltr'><strong>laudabat,Non</strong></span> <span class='ocrx_word' id='word_1_853' title='bbox 1080 5400 1262 5456; x_wconf 89' lang='lat' dir='ltr'><strong>estfnr</strong></span> <span class='ocrx_word' id='word_1_854' title='bbox 1284 5377 1309 5458; x_wconf 60' lang='grc' dir='ltr'><em>ξ</em></span> <span class='ocrx_word' id='word_1_855' title='bbox 1331 5404 1631 5473; x_wconf 91' lang='lat' dir='ltr'><strong>respondit,</strong></span> <span class='ocrx_word' id='word_1_856' title='bbox 1655 5405 1782 5475; x_wconf 88' lang='lat' dir='ltr'><strong>Opti</strong></span> 
     </span>
    </p>
   </div>
   <div class='ocr_carea' id='block_1_106' title="bbox 1887 5377 3513 5475">
    <p class='ocr_par' dir='ltr' id='par_1_106' title="bbox 1904 5377 3513 5453">
     <span class='ocr_line' id='line_1_106' title="bbox 1904 5377 3513 5453; baseline 0.002 -19"><span class='ocrx_word' id='word_1_857' title='bbox 1904 5379 2082 5451; x_wconf 88' lang='lat' dir='ltr'><strong>pietas</strong></span> <span class='ocrx_word' id='word_1_858' title='bbox 2109 5378 2482 5450; x_wconf 80' lang='lat' dir='ltr'><strong>praestolatur.</strong></span> <span class='ocrx_word' id='word_1_859' title='bbox 2513 5377 2619 5436; x_wconf 87' lang='lat' dir='ltr'><strong>Ubi</strong></span> <span class='ocrx_word' id='word_1_860' title='bbox 2658 5387 2746 5435; x_wconf 90' lang='lat' dir='ltr'><strong>est</strong></span> <span class='ocrx_word' id='word_1_861' title='bbox 2770 5393 3003 5452; x_wconf 89' lang='lat' dir='ltr'><strong>serpens</strong></span> <span class='ocrx_word' id='word_1_862' title='bbox 3031 5379 3239 5435; x_wconf 84' lang='lat' dir='ltr'><strong>Arius?</strong></span> <span class='ocrx_word' id='word_1_863' title='bbox 3262 5381 3513 5453; x_wconf 46' lang='lat' dir='ltr'><strong>ubinEu-</strong></span> 
     </span>
    </p>
   </div>
   <div class='ocr_carea' id='block_1_107' title="bbox 175 5488 1812 5564">
    <p class='ocr_par' dir='ltr' id='par_1_107' title="bbox 175 5488 1812 5564">
     <span class='ocr_line' id='line_1_107' title="bbox 175 5488 1812 5564; baseline 0.007 -22"><span class='ocrx_word' id='word_1_864' title='bbox 175 5502 333 5543; x_wconf 83' lang='lat' dir='ltr'><strong>tuum</strong></span> <span class='ocrx_word' id='word_1_865' title='bbox 365 5502 607 5544; x_wconf 85' lang='lat' dir='ltr'><strong>servum</strong></span> <span class='ocrx_word' id='word_1_866' title='bbox 631 5488 857 5558; x_wconf 90' lang='lat' dir='ltr'><strong>faceret,</strong></span> <span class='ocrx_word' id='word_1_867' title='bbox 905 5493 951 5547; x_wconf 88' lang='lat' dir='ltr'><strong>si</strong></span> <span class='ocrx_word' id='word_1_868' title='bbox 986 5508 1090 5549; x_wconf 93' lang='lat' dir='ltr'><strong>nec</strong></span> <span class='ocrx_word' id='word_1_869' title='bbox 1136 5492 1393 5564; x_wconf 85' lang='lat' dir='ltr'><strong>fugitivus</strong></span> <span class='ocrx_word' id='word_1_870' title='bbox 1417 5507 1601 5553; x_wconf 87' lang='lat' dir='ltr'><strong>esset:</strong></span> <span class='ocrx_word' id='word_1_871' title='bbox 1631 5496 1812 5554; x_wconf 83' lang='lat' dir='ltr'><strong>inlan-</strong></span> 
     </span>
    </p>
   </div>
   <div class='ocr_carea' id='block_1_108' title="bbox 178 5580 1813 5652">
    <p class='ocr_par' dir='ltr' id='par_1_108' title="bbox 178 5580 1813 5652">
     <span class='ocr_line' id='line_1_108' title="bbox 178 5580 1813 5652; baseline 0.006 -15"><span class='ocrx_word' id='word_1_872' title='bbox 178 5589 294 5637; x_wconf 85' lang='lat' dir='ltr'><strong>tnm</strong></span> <span class='ocrx_word' id='word_1_873' title='bbox 322 5581 472 5637; x_wconf 88' lang='lat' dir='ltr'><strong>furti</strong></span> <span class='ocrx_word' id='word_1_874' title='bbox 509 5580 752 5652; x_wconf 83' lang='lat' dir='ltr'><strong>suspicio</strong></span> <span class='ocrx_word' id='word_1_875' title='bbox 783 5583 854 5639; x_wconf 88' lang='lat' dir='ltr'><strong>ab</strong></span> <span class='ocrx_word' id='word_1_876' title='bbox 878 5586 1025 5640; x_wconf 91' lang='lat' dir='ltr'><strong>omni</strong></span> <span class='ocrx_word' id='word_1_877' title='bbox 1057 5584 1230 5641; x_wconf 90' lang='lat' dir='ltr'><strong>libero</strong></span> <span class='ocrx_word' id='word_1_878' title='bbox 1269 5587 1433 5644; x_wconf 86' lang='lat' dir='ltr'><strong>debet</strong></span> <span class='ocrx_word' id='word_1_879' title='bbox 1461 5602 1584 5644; x_wconf 87' lang='lat' dir='ltr'><strong>esse</strong></span> <span class='ocrx_word' id='word_1_880' title='bbox 1613 5588 1813 5647; x_wconf 88' lang='lat' dir='ltr'><strong>aliena.</strong></span> 
     </span>
    </p>
   </div>
   <div class='ocr_carea' id='block_1_109' title="bbox 180 5671 1813 5755">
    <p class='ocr_par' dir='ltr' id='par_1_109' title="bbox 180 5671 1813 5755">
     <span class='ocr_line' id='line_1_109' title="bbox 180 5671 1813 5755; baseline 0.006 -24"><span class='ocrx_word' id='word_1_881' title='bbox 180 5671 309 5731; x_wconf 87' lang='lat' dir='ltr'><strong>Sint</strong></span> <span class='ocrx_word' id='word_1_882' title='bbox 356 5672 566 5745; x_wconf 86' lang='lat' dir='ltr'><strong>itaque</strong></span> <span class='ocrx_word' id='word_1_883' title='bbox 591 5674 737 5730; x_wconf 87' lang='lat' dir='ltr'><strong>servi</strong></span> <span class='ocrx_word' id='word_1_884' title='bbox 762 5675 967 5734; x_wconf 90' lang='lat' dir='ltr'><strong>subditi</strong></span> <span class='ocrx_word' id='word_1_885' title='bbox 1013 5678 1249 5736; x_wconf 89' lang='lat' dir='ltr'><strong>dominis</strong></span> <span class='ocrx_word' id='word_1_886' title='bbox 1289 5680 1404 5738; x_wconf 89' lang='lat' dir='ltr'><strong>suis</strong></span> <span class='ocrx_word' id='word_1_887' title='bbox 1436 5682 1489 5739; x_wconf 92' lang='lat' dir='ltr'><strong>in</strong></span> <span class='ocrx_word' id='word_1_888' title='bbox 1538 5684 1813 5755; x_wconf 89' lang='lat' dir='ltr'><strong>omnibus,</strong></span> 
     </span>
    </p>
   </div>
   <div class='ocr_carea' id='block_1_110' title="bbox 253 5853 1606 5939">
    <p class='ocr_par' dir='ltr' id='par_1_110' title="bbox 253 5853 1606 5939">
     <span class='ocr_line' id='line_1_110' title="bbox 253 5853 1606 5939; baseline 0.004 -23"><span class='ocrx_word' id='word_1_889' title='bbox 253 5862 286 5900; x_wconf 74' lang='grc'><strong>⁸</strong></span> <span class='ocrx_word' id='word_1_890' title='bbox 315 5853 407 5917; x_wconf 67' lang='grc' dir='ltr'>ιω</span> <span class='ocrx_word' id='word_1_891' title='bbox 439 5867 586 5914; x_wconf 81' lang='lat' dir='ltr'><strong>mss.</strong></span> <span class='ocrx_word' id='word_1_892' title='bbox 604 5854 778 5913; x_wconf 80' lang='lat' dir='ltr'><strong>Antea</strong></span> <span class='ocrx_word' id='word_1_893' title='bbox 803 5866 943 5927; x_wconf 89' lang='lat' dir='ltr'><strong>erat,</strong></span> <span class='ocrx_word' id='word_1_894' title='bbox 965 5870 1016 5915; x_wconf 90' lang='lat' dir='ltr'><strong>et</strong></span> <span class='ocrx_word' id='word_1_895' title='bbox 1044 5861 1255 5918; x_wconf 77' lang='lat' dir='ltr'><strong>tandem</strong></span> <span class='ocrx_word' id='word_1_896' title='bbox 1286 5862 1465 5939; x_wconf 76' lang='lat' dir='ltr'><strong>faciat,</strong></span> <span class='ocrx_word' id='word_1_897' title='bbox 1492 5873 1606 5924; x_wconf 89' lang='lat' dir='ltr'><strong>etc.</strong></span> 
     </span>
    </p>
   </div>
   <div class='ocr_carea' id='block_1_111' title="bbox 667 5951 1223 6022">
    <p class='ocr_par' dir='ltr' id='par_1_111' title="bbox 667 5951 1223 6022">
     <span class='ocr_line' id='line_1_111' title="bbox 667 5951 1223 6022; baseline 0.007 -4"><span class='ocrx_word' id='word_1_898' title='bbox 667 5951 944 6019; x_wconf 74' lang='grc' dir='ltr'><strong>Ρηιιοι.</strong></span> <span class='ocrx_word' id='word_1_899' title='bbox 992 5954 1223 6022; x_wconf 81' lang='lat' dir='ltr'><strong>XXVI.</strong></span> 
     </span>
    </p>
   </div>
   <div class='ocr_carea' id='block_1_112' title="bbox 1918 5480 3522 5554">
    <p class='ocr_par' dir='ltr' id='par_1_112' title="bbox 1918 5480 3522 5554">
     <span class='ocr_line' id='line_1_112' title="bbox 1918 5480 3522 5554; baseline 0.002 -16"><span class='ocrx_word' id='word_1_900' title='bbox 1918 5482 2144 5538; x_wconf 88' lang='lat' dir='ltr'><strong>nomius</strong></span> <span class='ocrx_word' id='word_1_901' title='bbox 2173 5481 2440 5539; x_wconf 79' lang='lat' dir='ltr'><strong>coluber?</strong></span> <span class='ocrx_word' id='word_1_902' title='bbox 2467 5482 2691 5554; x_wconf 87' lang='lat' dir='ltr'><strong>Magnus</strong></span> <span class='ocrx_word' id='word_1_903' title='bbox 2725 5481 2869 5538; x_wconf 90' lang='lat' dir='ltr'><strong>Deus</strong></span> <span class='ocrx_word' id='word_1_904' title='bbox 2898 5480 3057 5538; x_wconf 88' lang='lat' dir='ltr'><strong>Jesus</strong></span> <span class='ocrx_word' id='word_1_905' title='bbox 3076 5482 3357 5552; x_wconf 86' lang='lat' dir='ltr'><strong>Christus,</strong></span> <span class='ocrx_word' id='word_1_906' title='bbox 3398 5484 3522 5541; x_wconf 64' lang='lat' dir='ltr'><strong>Sale-</strong></span> 
     </span>
    </p>
   </div>
   <div class='ocr_carea' id='block_1_113' title="bbox 1916 5582 3518 5655">
    <p class='ocr_par' dir='ltr' id='par_1_113' title="bbox 1916 5582 3518 5655">
     <span class='ocr_line' id='line_1_113' title="bbox 1916 5582 3518 5655; baseline 0 -14"><span class='ocrx_word' id='word_1_907' title='bbox 1916 5593 2078 5641; x_wconf 89' lang='lat' dir='ltr'><strong>vator</strong></span> <span class='ocrx_word' id='word_1_908' title='bbox 2124 5583 2344 5651; x_wconf 90' lang='lat' dir='ltr'><strong>dicitur,</strong></span> <span class='ocrx_word' id='word_1_909' title='bbox 2395 5597 2504 5639; x_wconf 90' lang='lat' dir='ltr'><strong>non</strong></span> <span class='ocrx_word' id='word_1_910' title='bbox 2553 5582 2953 5655; x_wconf 88' lang='lat' dir='ltr'><strong>primogenitus</strong></span> <span class='ocrx_word' id='word_1_911' title='bbox 2982 5582 3164 5638; x_wconf 91' lang='lat' dir='ltr'><strong>omnis</strong></span> <span class='ocrx_word' id='word_1_912' title='bbox 3215 5595 3518 5654; x_wconf 73' lang='lat' dir='ltr'><strong>creaturae,</strong></span> 
     </span>
    </p>
   </div>
   <div class='ocr_carea' id='block_1_114' title="bbox 1922 5683 3519 5758">
    <p class='ocr_par' dir='ltr' id='par_1_114' title="bbox 1922 5683 3519 5758">
     <span class='ocr_line' id='line_1_114' title="bbox 1922 5683 3519 5758; baseline 0.002 -12"><span class='ocrx_word' id='word_1_913' title='bbox 1922 5704 2034 5746; x_wconf 92' lang='lat' dir='ltr'><strong>non</strong></span> <span class='ocrx_word' id='word_1_914' title='bbox 2058 5687 2298 5745; x_wconf 80' lang='lat' dir='ltr'><strong>Verbum</strong></span> <span class='ocrx_word' id='word_1_915' title='bbox 2330 5686 2430 5742; x_wconf 92' lang='lat' dir='ltr'><strong>Dei</strong></span> <span class='ocrx_word' id='word_1_916' title='bbox 2462 5698 2516 5743; x_wconf 92' lang='lat' dir='ltr'><strong>et</strong></span> <span class='ocrx_word' id='word_1_917' title='bbox 2568 5683 2871 5758; x_wconf 87' lang='lat' dir='ltr'><strong>sapientia;</strong></span> <span class='ocrx_word' id='word_1_918' title='bbox 2904 5683 3000 5741; x_wconf 90' lang='lat' dir='ltr'><strong>sed</strong></span> <span class='ocrx_word' id='word_1_919' title='bbox 3038 5683 3201 5745; x_wconf 86' lang='lat' dir='ltr'><strong>Jesus</strong></span> <span class='ocrx_word' id='word_1_920' title='bbox 3220 5685 3519 5749; x_wconf 83' lang='lat' dir='ltr'><strong>Christus:</strong></span> 
     </span>
    </p>
   </div>
   <div class='ocr_carea' id='block_1_115' title="bbox 1902 5865 3196 5941">
    <p class='ocr_par' dir='ltr' id='par_1_115' title="bbox 1902 5865 3196 5941">
     <span class='ocr_line' id='line_1_115' title="bbox 1902 5865 3196 5941; baseline -0.002 -11"><span class='ocrx_word' id='word_1_921' title='bbox 1902 5865 1909 5874; x_wconf 83' lang='grc'><em>’</em></span> <span class='ocrx_word' id='word_1_922' title='bbox 2001 5867 2030 5911; x_wconf 69' lang='grc' dir='ltr'>δ</span> <span class='ocrx_word' id='word_1_923' title='bbox 2052 5869 2207 5929; x_wconf 89' lang='lat' dir='ltr'><strong>Unus</strong></span> <span class='ocrx_word' id='word_1_924' title='bbox 2230 5869 2462 5928; x_wconf 81' lang='lat' dir='ltr'><strong>Cisterc.</strong></span> <span class='ocrx_word' id='word_1_925' title='bbox 2493 5883 2622 5941; x_wconf 88' lang='lat' dir='ltr'><strong>ms.,</strong></span> <span class='ocrx_word' id='word_1_926' title='bbox 2646 5867 2969 5927; x_wconf 84' lang='lat' dir='ltr'><strong>reconciliati</strong></span> <span class='ocrx_word' id='word_1_927' title='bbox 2993 5886 3196 5927; x_wconf 85' lang='lat' dir='ltr'><strong>sumus.</strong></span> 
     </span>
    </p>
   </div>
   <div class='ocr_carea' id='block_1_116' title="bbox 3087 5965 3163 6031">
    <p class='ocr_par' dir='ltr' id='par_1_116' title="bbox 3087 5965 3163 6031">
     <span class='ocr_line' id='line_1_116' title="bbox 3087 5965 3163 6031; baseline 0 0"><span class='ocrx_word' id='word_1_928' title='bbox 3087 5965 3163 6031; x_wconf 82' lang='lat'><strong>19</strong></span> 
     </span>
    </p>
   </div>
  </div>
