3948 6334
263 276 344 344 589
765 262 1415 332 COMMENTARIORUM
1454 266 1521 327 ιιι
1562 266 1814 328 ΕΡΙΞΤΟ

1920 264 1961 326 ιι
2002 266 2094 325 AD
2132 261 2351 328 mou
2392 262 2619 328 LIBER.
2659 250 2814 329 cie.
2854 265 2967 333 ιιι.·

3402 279 3509 346 590

260 380 445 467 Quidam
473 384 739 449 ἐπιούσιον
770 388 1090 445 existimant
1136 387 1192 443 in
1232 388 1480 442 oratione
1529 383 1808 440 Dominica

1920 379 2174 437 hominem
2201 380 2403 456 (Galat.
2430 401 2468 452 ι,
2502 385 2572 457 l).
2606 385 2998 446 Existimamus
3031 388 3214 463 itaque
3248 404 3508 478 καταφρό-

257 501 413 565 panem
438 483 667 549 dictum,
714 479 863 553 quod
908 493 1075 552 super
1121 493 1312 535 omnes
1356 476 1542 540 obuia:
1571 480 1675 546 sit,
1710 476 1813 533 hoc

254 593 338 653 est,
365 593 515 651 super
540 576 829 633 universas
880 574 1233 632 substantias.
1268 573 1428 646 727
1460 571 1615 639 Quod
1642 572 1689 626 si
1720 584 1814 626 ao-

255 678 435 749 eipitttt',
456 682 569 729 'uon
602 670 830 727 multum
862 669 931 724 ab
953 684 1020 724 eo
1042 683 1209 724 sensu
1234 667 1415 723 diliert
1452 680 1614 736 quem
1645 679 1815 735 espo-

250 766 441 831 sdiittiis.
463 766 743 837 Quidquid
768 764 915 821 enim
941 763 1220 836 egregium
1247 772 1332 818 est
1360 769 1419 816 et
1450 760 1804 830 praecipuum,

251 862 377 925 eum
398 861 573 917 omnia
601 868 713 925 est,
744 865 804 914 et
827 871 994 929 super
1022 856 1227 912 omnia.

260 946 467 1032 "(Versa
498 953 619 1025 15.)
666 950 794 1008 Herc
835 951 1046 1023 loquere
1073 959 1121 1005 et
1148 949 1460 1015 exhortare,
1505 957 1553 1003 et
1596 948 1813 1016 increpa

248 1047 488 1108 cuntomni
512 1038 756 1120 insperio.
784 1044 912 1100 Tris
940 1044 1144 1114 posuit,
1175 1041 1408 1114 loquere,
1430 1039 1725 1106 exbortarc,
1760 1048 1811 1094 et

244 1132 440 1217 inirepa.
483 1142 553 1199 Et
578 1134 805 1211 quidem‘
844 1136 901 1193 in
933 1152 999 1194 eo
1028 1137 1172 1209 quod
1201 1137 1300 1202 ait,
1334 1136 1565 1207 loquere,
1594 1133 1662 1190 ad
1705 1132 1809 1191 do-

245 1239 439 1296 ctrinam
465 1233 683 1290 videtur
710 1247 833 1290 esse
859 1230 1229 1288 referendum.
1262 1228 1420 1298 Quod
1446 1243 1578 1284 vero
1604 1228 1808 1294 intulit,

242 1333 499 1397 extortae,
529 1328 579 1384 id
601 1336 709 1394 est,
734 1326 1042 1402 παρακάλει,
1068 1322 1215 1379 aliud
1241 1321 1511 1394 quoddam
1535 1321 1593 1378 iu
1616 1320 1810 1379 Grmco

240 1423 480 1497 signiﬁcat
500 1438 666 1493 quam
697 1421 752 1477 in
781 1421 977 1476 Latino
1006 1434 1022 1476 :
1049 1418 1374 1498 παράκλησις
1403 1417 1608 1488 quippe
1636 1417 1807 1487 magis

240 1517 612 1575 consolationem
650 1528 814 1587 quam
850 1511 1268 1568 exhortationem
1305 1518 1485 1566 sonat.
1534 1510 1648 1565 Hoc
1686 1525 1812 1565 ver-

239 1613 341 1668 bum
368 1614 419 1668 et‘
439 1610 702 1680 superius
727 1608 801 1664 de
823 1605 1263 1663 adolescentibus
1301 1613 1387 1661 est
1415 1604 1627 1659 locutus
1657 1620 1675 1659 :
1705 1601 1809 1658 Ju-

236 1722 356 1764 rettes
374 1705 619 1763 similiter
647 1702 940 1770 consolare,
966 1702 1187 1774 pudicos
1212 1715 1322 1754 esse
1346 1699 1402 1753 in
1427 1696 1687 1753 omnibus.
1732 1698 1809 1755 De

237 1800 323 1875 qo’o
346 1814 437 1857 uos
484 1799 543 1854 in
574 1813 678 1854 suo
710 1798 834 1853 loco
861 1795 934 1851 ita
964 1805 1024 1851 ut
1054 1795 1109 1851 in
1139 1794 1336 1849 Latino
1379 1792 1575 1864 legitur
1594 1834 1611 1861 ,
1656 1790 1809 1863 quasi

237 1890 477 1950 (illorum
518 1888 786 1961 scriptum
836 1903 983 1959 esse,
1039 1886 1431 1957 expressimus.
1483 1885 1815 1941 Consolatur

235 1983 373 2057 igitur
388 1982 735 2047 ‘audientem,
764 1981 857 2053 qui
888 1980 1026 2036 dicit
1056 1996 1072 2035 :
1126 1979 1392 2052 Rogamus
1437 1995 1533 2048 pro
1574 1975 1809 2047 Christo,

236 2075 625 2134 riconciliamini
646 2074 755 2131 Deo
804 2074 848 2148 (l
882 2072 1006 2129 Cor.
1037 2087 1094 2139 v,
1115 2070 1237 2142 30),
1279 2080 1334 2126 et
1361 2071 1600 2142 seipsum
1635 2070 1817 2127 humi-

236 2156 317 2228 list
336 2179 386 2227 et
412 2166 661 2241 subiicit,
692 2172 753 2224 ut
777 2166 1079 2223 lucrifaciat
1102 2180 1264 2237 quem
1293 2164 1627 2221 consolatur.
1659 2164 1816 2233 Quod

236 2278 343 2321 vero
384 2265 604 2322 tertium
637 2272 742 2329 est,
801 2263 1035 2335 increpa,
1085 2259 1447 2316 consolationi
1485 2259 1619 2315 mihi
1666 2260 1817 2316 vide-

237 2350 311 2415 tur
331 2373 445 2415 esse
487 2356 852 2423 contrarium,
904 2365 963 2412 ut
1012 2355 1341 2427 quicumque
1383 2354 1814 2410 consolationem

235 2451 626 2523 contempserit,
657 2449 1036 2521 increpatione
1064 2449 1139 2503 sit
1177 2446 1393 2518 dignus,
1448 2456 1503 2501 et
1543 2460 1817 2503 merentur

239 2544 405 2601 audire
434 2564 449 2600 :
485 2543 654 2600 Obliti
696 2543 819 2599 estis
849 2541 1249 2607 consolationis,
1279 2556 1396 2611 quer
1433 2539 1574 2594 vobis
1608 2549 1663 2592 nt
1692 2539 1817 2608 ﬁliis

237 2634 466 2712 loquitur.
490 2638 577 2695 Ad
603 2636 956 2693 Timotheum
985 2649 1202 2707 quoque
1231 2635 1459 2688 alteram
1492 2633 1817 2688 consolatio-

236 2724 363 2804 nem,
413 2744 469 2792 et
508 2734 947 2804 increpationem
990 2730 1217 2787 alteram
1276 2730 1545 2800 legimus,
1601 2728 1817 2783 dicente

236 2824 475 2901 Apoitoio
511 2845 525 2883 :
561 2827 715 2882 Insta
745 2833 1059 2897 Opportune,
1100 2824 1419 2895 importune.
1450 2821 1819 2894 argue,increo

236 2932 315 2994 po,
339 2920 605 2976 consolare
635 2919 723 2990 (ll
754 2916 893 2973 Tim.
926 2931 1001 2985 tv,
1032 2914 1126 2987 2).
1160 2915 1224 2969 Et
1255 2913 1328 2969 ibi
1377 2911 1599 2983 quidem
1642 2913 1819 2968 incre-

239 3011 370 3084 patio
395 3014 521 3069 ante
550 3011 872 3078 assumitur,
901 3017 958 3065 et
994 3015 1178 3079 postea
1208 3005 1583 3062 consolatione
1609 3004 1819 3062 severi-

232 3098 309 3161 tas
337 3102 689 3175 temperatur.
746 3103 845 3160 llic
888 3116 1028 3158 vero
1050 3109 1179 3157 ante
1206 3100 1323 3155 vult
1361 3099 1656 3170 discipulos
1683 3113 1815 3154 con-

233 3186 402 3266 solari,
436 3208 492 3256 et
520 3198 567 3253 si
600 3211 714 3253 non
742 3195 1075 3267 profecerint
1112 3192 1471 3261 consolando,
1523 3201 1652 3247 tunc
1688 3207 1811 3247 cor-
1841 3182 1889 3248 C

229 3291 343 3364 ripi,
380 3292 666 3363 et'corripi
693 3305 819 3347 cum
849 3290 998 3346 omni
1030 3287 1283 3359 imperio.
1317 3286 1408 3344 Sic
1437 3286 1582 3342 enim
1614 3284 1818 3341 intelli-

230 3397 292 3455 go
315 3383 415 3441 hoc
437 3384 582 3457 quod
614 3383 820 3440 dictum
847 3393 934 3438 est
960 3399 974 3437 :
1008 3381 1233 3452 Increpa
1261 3395 1382 3434 cum
1410 3378 1551 3434 omni
1577 3378 1815 3449 imperio,

228 3480 282 3533 ill
307 3479 618 3550 specialiter
646 3476 714 3533 ad
740 3474 1205 3548 increpationem,
1244 3483 1302 3530 et
1337 3488 1444 3528 non
1473 3471 1543 3527 ad
1588 3471 1695 3527 duo
1721 3485 1815 3527 su-

229 3570 431 3643 periora
458 3571 514 3629 in
538 3586 833 3629 commune
860 3570 1152 3627 referatur.
1180 3567 1367 3639 Neque
1387 3566 1533 3623 enim
1563 3564 1818 3622 convenit

227 3663 422 3735 dicere,
449 3663 747 3723 consolare
767 3678 894 3720 cum
911 3661 1060 3718 omni
1083 3660 1340 3731 imperio,
1369 3667 1426 3715 et
1450 3658 1675 3729 loquere
1691 3672 1813 3712 cum

228 3757 367 3814 curui
384 3754 645 3831 imperio,
676 3757 775 3815 sed
809 3754 1218 3822 tantummodo,
1260 3754 1487 3823 increpa
1515 3767 1636 3808 cum
1666 3749 1816 3807 omni

224 3851 487 3926 imperio:1
512 3867 521 3883 ‘
594 3863 607 3893 ’-
700 3850 725 3861 ’“

246 3946 458 4005 "Nemo
488 3959 539 4006 te
566 3946 884 4006 contemnat.
929 3948 1217 4005 Existimat
1261 3947 1458 4019 aliquis
1504 3946 1608 4003 hoc
1638 3947 1815 4016 ipsum

228 4056 364 4098 none
400 4042 469 4099 od
498 4041 685 4098 Titum
725 4042 893 4097 scribi
945 4041 1089 4114 quod
1131 4042 1199 4097 ad
1230 4041 1572 4097 Timotheum
1610 4041 1813 4098 dictum

230 4141 308 4190 est
334 4148 349 4189 :
380 4124 547 4190 Ninus
567 4134 974 4190 adolescentiam
1001 4144 1145 4189 tuam
1169 4142 1460 4189 contemnat
1501 4131 1546 4205 (l
1576 4132 1708 4189 Tini.
1739 4149 1813 4202 tv,

227 4226 290 4286 ﬂ
308 4227 355 4302 ).
390 4220 525 4285 ’Νοὲ
554 4234 695 4286 vero
718 4224 877 4299 juxta
905 4228 1081 4285 Graeci
1113 4229 1385 4284 sermonis
1424 4227 1814 4296 dili‘erentiam,

229 4318 369 4379 aliud
387 4330 641 4394 putamus
668 4320 978 4392 significare
1000 4324 1387 4399 περιφρονείτω,
1410 4319 1556 4388 quod
1574 4320 1663 4375 hic
1683 4319 1819 4376 scri-

222 4413 394 4485 bitur,
416 4420 471 4472 et
488 4414 640 4470 aliud
664 4412 1062 4493 κατᾱφροναίτω,
1089 4413 1236 4484 quod
1271 4414 1340 4469 ad
1366 4412 1706 4468 Timotheum
1728 4411 1814 4469 di-

222 4502 367 4562 ctum
389 4513 497 4578 est,
525 4507 696 4580 728
714 4515 774 4563 et
792 4505 1208 4577 praepositiones
1227 4508 1369 4583 περὶ,
1398 4505 1487 4561 vel
1513 4508 1667 4574 κατὰ,
1692 4519 1817 4561 seu-

1914 499 2057 536 νησιν
2095 478 2161 533 ad
2211 489 2584 549 contemptum
2637 481 2858 552 proprie
2899 485 3194 553 pertinere,
3246 492 3334 547 vel
3383 511 3505 552 cum

1913 572 2034 642 quis
2067 572 2207 627 inter
2234 573 2485 628 eculeum
2513 573 2854 646 luminasque
2883 577 3176 645 distentus,
3209 589 3513 644 contemnit

1912 664 2183 734 dolorem,
2232 676 2287 722 et
2331 682 2432 723 nec
2474 667 2674 738 judicis
2712 672 3222 743 comminatiouem,
3258 694 3357 735 nec
3400 683 3511 737 cir-

1913 760 2231 814 cumstantis
2272 761 2455 832 populi
2513 761 2786 819 fremitum
2842 766 3184 835 pertimescit
3226 772 3366 837 :sed
3411 791 3511 845 ιιιο

1911 849 2257 909 confessione
2303 854 2569 927 martyrii,
2615 858 2867 914 universa
2901 861 3166 931 supplicia
3207 870 3515 925 contemnit

1912 954 1967 1003 et
1992 947 2243 1018 despicit.
2280 949 2615 1007 Econtrario
2639 960 2824 1009 autem
2870 964 2952 1011 est
2980 966 3037 1012 et
3062 958 3238 1033 malus
3264 971 3514 1018 contem-

1914 1048 2058 1111 ptus,
2090 1040 2161 1098 de
2190 1056 2298 1114 quo
2327 1051 2383 1098 et
2411 1043 2653 1111 Abacuc,
2680 1046 2884 1118 Spiritu
2901 1059 3090 1107 sancto
3116 1051 3170 1106 in
3198 1067 3260 1108 se
3288 1054 3518 1125 loquen-

1914 1146 1989 1204 te,
2021 1146 2293 1193 testatur:
2341 1136 2524 1194 Videte
2563 1149 2938 1211 contemptores
2971 1160 2990 1199 :
3032 1153 3080 1199 et
3121 1147 3369 1215 inspicite
3409 1156 3438 1188 ⁸
3465 1160 3515 1207 ct

1912 1231 2247 1286 admiremini
2286 1232 2577 1302 mirabilia,
2610 1244 2658 1289 et
2699 1236 3067 1309 disperdimini
3100 1240 3301 1312 (Αίδαο.
3336 1259 3377 1312 t,
3408 1243 3513 1317 5).

1910 1323 2080 1379 Juxta
2112 1324 2265 1394 quod
2311 1325 2378 1381 ad
2425 1325 2766 1383 Timotheum
2814 1345 3031 1402 quoque
3060 1333 3323 1404 scriptum
3367 1337 3513 1395 dixi.

1912 1430 2032 1472 mus
2065 1433 2079 1470 :
2112 1415 2281 1471 Nemo
2322 1417 2726 1476 adolescentiam
2768 1430 2910 1477 tuam
2941 1434 3235 1483 contemnat
3273 1430 3292 1502 (
3322 1430 3340 1485 i
3369 1430 3513 1490 Tim.

1912 1525 1990 1579 tv,
2027 1512 2090 1567 12
2115 1512 2157 1582 ),
2192 1511 2244 1568 id
2269 1522 2375 1575 est.
2408 1513 2626 1583 Nolo,te
2665 1516 2825 1573 talem
2853 1518 3120 1576 exhibeas
3154 1533 3214 1578 ut
3243 1526 3420 1596 possis
3444 1529 3515 1583 ab

1910 1604 2093 1675 aliquo
2112 1606 2307 1660 merito
2339 1608 2639 1663 contemni.
2662 1611 3023 1687 Περιφρὸνησις
3053 1624 3234 1672 autem
3267 1617 3397 1674 illud
3424 1635 3518 1677 so-

1912 1706 2029 1765 nat,
2059 1699 2199 1753 sicut
2227 1699 2395 1756 Stoici
2426 1711 2607 1757 tamen
2646 1717 2919 1772 asserunt,
2948 1706 3040 1775 qui
3074 1707 3410 1780 distinguunt
3434 1713 3519 1767 iu-

1840 1786 1889 1848 B
1915 1797 2000 1845 ter
2027 1791 2194 1847 verba
2223 1791 2524 1861 subtiliter,
2553 1809 2676 1850 cum
2707 1796 2798 1867 qui
2825 1796 3111 1854 conlidens
3144 1800 3274 1869 sibi,
3308 1817 3370 1859 se
3407 1805 3518 1861 alio

1916 1897 2041 1940 esse
2070 1884 2372 1955 meliorem,
2406 1885 2641 1957 despicit
2664 1903 2792 1943 eum
2821 1905 2982 1959 quem
3006 1890 3318 1950 inferiorem
3340 1907 3516 1967 putat,

1916 1983 1973 2031 et
2000 1991 2187 2047 super,
2216 1976 2267 2032 id
2301 1986 2407 2045 est,
2442 1980 2559 2048 plus
2588 1981 2827 2051 sapiens,
2865 1981 3209 2040 humiliorem
3240 1988 3524 2048 existimat

1916 2066 2139 2139 dignum
2167 2084 2294 2125 esse
2327 2081 2667 2142 contemptu.
2717 2072 2850 2131 Tale
2875 2075 3001 2145 quid
3035 2077 3401 2138 intumescens
3429 2099 3523 2138 su~

1918 2162 2120 2231 perbite
2147 2162 2407 2234 vanitate,
2454 2174 2512 2222 et
2535 2168 2735 2222 cmlum
2771 2169 2973 2239 ipsum,
3024 2172 3304 2245 solemque
3342 2175 3525 2248 despi-

1916 2258 2071 2315 ciens
2119 2260 2263 2331 apud
2319 2261 2540 2317 Graecos
2591 2262 2615 2301 ιι
2672 2263 2890 2334 quidam
2942 2266 3149 2324 dixisse
3193 2269 3516 2329 deluditur:

1915 2354 2201 2429 Ἀεροϐατῶ
2229 2356 2315 2411 καὶ
2340 2364 2629 2433 περιφρονῶ
2658 2360 2747 2415 τὸν
2773 2360 2909 2418 ἥλιον
2930 2400 2945 2428 ,
2992 2361 3139 2432 quod
3182 2379 3282 2420 nos
3324 2363 3519 2424 Latine

1921 2464 2211 2520 possumus
2241 2450 2449 2519 dicere,
2482 2451 2694 2507 Scantio
2718 2470 2808 2525 per
2835 2471 3027 2521 aerem,
3052 2465 3100 2510 et
3121 2456 3288 2527 pluris
3310 2476 3388 2516 me
3405 2463 3523 2516 novi

1917 2558 2027 2598 esse
2066 2559 2221 2615 quam
2264 2543 2444 2598 solem.
2488 2546 2849 2621 Περιφρὸνησις
2893 2561 3044 2615 ergo,
3090 2564 3213 2617 quae
3258 2565 3407 2606 nunc
3450 2556 3520 2608 ad

1919 2637 2099 2692 Titum
2143 2638 2381 2707 ponitur,
2418 2637 2569 2692 illum
2622 2653 2849 2695 sensum
2886 2641 3048 2696 habet
3081 2658 3094 2694 :
3127 2640 3297 2698 Nemo
3326 2659 3520 2702 eorum

1919 2731 2009 2803 qui
2039 2731 2089 2785 in
2123 2730 2384 2786 Ecclesiis
2414 2742 2562 2799 sunt,
2598 2742 2647 2787 to
2670 2733 2910 2802 segniter
2939 2745 3131 2805 agente
3152 2736 3231 2792 sic
3257 2738 3428 2804 vivat,
3464 2748 3524 2796 ut

1919 2838 1980 2881 se
2009 2832 2162 2895 putet
2191 2840 2315 2881 esse
2346 2825 2652 2882 meliorem.
2703 2826 2893 2893 Qualis
2925 2829 3068 2883 enim
3096 2829 3386 2886 aedificatio
3417 2834 3523 2887 erit

1918 2919 2192 2990 discipuli,
2243 2919 2287 2973 si
2341 2935 2405 2975 se
2449 2920 2716 2991 intelligat
2762 2921 3027 2991 magistro
3061 2936 3185 2978 esse
3209 2923 3521 2995 majorem?

1920 3011 2076 3069 Unde
2108 3028 2217 3067 non
2247 3013 2422 3068 solum
2451 3011 2730 3083 episcopi,
2763 3013 3069 3086 presbyteri
3094 3024 3150 3070 et
3178 3015 3391 3074 diaconi
3419 3020 3521 3076 tle-

1919 3103 2048 3162 bent
2075 3120 2406 3177 magnopere
2436 3104 2724 3175 providere
2759 3116 2819 3162 ut
2845 3115 3099 3163 cunctum
3128 3109 3388 3180 populum
3428 3114 3520 3167 uti

1918 3200 2237 3273 praesident,
2271 3199 2696 3257 conversatione
2729 3214 2751 3239 υ
2781 3210 2838 3256 et
2867 3216 3129 3257 sermone
3159 3205 3474 3272 prmeedaut
3507 3224 3519 3261 :

1921 3307 2112 3349 verum
2143 3302 2198 3348 et
2225 3292 2457 3349 inferior
2481 3292 2699 3365 gradus,
2735 3293 3047 3360 exorcistm,
3082 3295 3344 3365 lectores,
3393 3296 3527 3355 ardi-

1920 3388 2018 3457 tui,
2053 3396 2109 3443 et
2134 3402 2332 3443 omnes
2353 3387 2579 3443 omnino
2608 3388 2697 3457 qui
2727 3388 2914 3444 domui
2946 3388 3044 3444 Ι)ρί
3074 3390 3339 3446 serviunt.
3383 3390 3519 3459 Quia

1918 3479 2276 3536 vehementer
2323 3479 2627 3535 Ecclesium
2678 3476 2880 3536 Christi
2914 3480 3078 3553 729
3102 3480 3357 3551 destruit,
3410 3499 3524 3540 tneo

1919 3571 2086 3627 liores
2109 3571 2276 3627 laicus
2317 3587 2440 3628 esse
2467 3588 2628 3643 quam
2660 3572 2915 3627 clericos.

1995 3664 2150 3736 (Cap.
2187 3663 2356 3719 lll.--
2386 3663 2546 3720 Vers.
2580 3666 2633 3732 1,
2662 3663 2745 3736 9..)
2773 3665 3007 3721 Admone
3051 3667 3175 3723 illos
3199 3668 3524 3741 principibus

1919 3766 1968 3813 et
2002 3757 2341 3828 potestatibus
2368 3757 2603 3813 subditos
2639 3775 2769 3824 esse,
2792 3759 3002 3814 obedire
3034 3762 3143 3815 :ad
3183 3779 3335 3818 omne
3386 3782 3519 3836 opus
3608 3786 3616 3794 ·

1920 3850 2110 3905 bonum
2158 3861 2370 3921 paratos
2406 3867 2519 3906 esse
2541 3866 2563 3906 ς
2590 3853 2844 3906 neminem
2875 3851 3256 3924 blasphemare,
3284 3871 3387 3909 non
3416 3857 3526 3910 liti-

1916 3962 2071 4018 gosos
2107 3961 2214 3999 esse
2246 3961 2263 3999 :
2292 3961 2401 4000 esse
2451 3944 2730 4011 modestos,
2760 3961 2963 4000 omnem
3013 3949 3332 4002 ostendentes
3373 3966 3523 4004 inan-

1916 4038 2243 4093 snetudincm
2261 4038 2329 4092 ad
2356 4052 2532 4092 omnes
2561 4036 2815 4090 homines.
2845 4036 2976 4093 Tale
3002 4037 3133 4106 quid
3156 4046 3213 4092 et
3231 4038 3299 4092 ad
3324 4039 3522 4095 lloma-

1918 4144 2017 4184 nos
2045 4129 2309 4184 scribitur
2341 4145 2353 4182 :
2381 4127 2564 4182 Omnis
2590 4128 2770 4181 anima
2794 4127 3130 4197 potestatibus
3164 4132 3521 4199 superioribus

1917 4222 2125 4278 subdita
2168 4224 2255 4277 sit.
2290 4221 2415 4280 Non
2443 4229 2517 4277 est
2567 4223 2703 4276 enim
2732 4230 2960 4292 patestas
3000 4221 3104 4276 nisi
3132 4239 3165 4275 a
3197 4220 3306 4276 Deo
3334 4222 3514 4294 (llam.

1918 4332 2036 4383 xm,
2065 4317 2139 4386 l).
2165 4316 2321 4383 Quod
2348 4313 2574 4386 quidem
2599 4323 2957 4385 praeceptum,
2984 4326 3037 4371 et
3070 4315 3180 4383 hic,
3210 4326 3267 4373 et
3290 4317 3365 4374 ibi
3395 4335 3522 4389 pro-

1920 4417 2109 4479 pterea
2160 4415 2290 4477 puto
2331 4405 2559 4473 editum,
2584 4405 2712 4476 quia
2759 4404 2915 4462 Juda:
2967 4405 3182 4463 (Ξειιίιωί
3232 4424 3329 4480 per
3385 4411 3521 4469 illud

1918 4511 2136 4574 tempus
2171 4501 2369 4573 dogma
2394 4500 2573 4556 adhuc
2611 4500 2848 4571 vigebat,
2876 4509 2932 4555 et
2980 4499 3214 4558 habebat
3256 4504 3521 4577 plurimos

220 4612 341 4656 sum
367 4600 557 4657 facere
577 4600 883 4657 diversum.
918 4598 1076 4667 Quod
1103 4582 1427 4656 autemnon
1475 4598 1700 4655 fortuito
1720 4643 1735 4669 ,
1760 4610 1815 4656 et
1837 4582 1892 4645 Ι)
1919 4604 2242 4660 sectatores,
2271 4594 2429 4663 cujus
2450 4603 2503 4648 et
2531 4594 2583 4649 in
2607 4591 2838 4653 Actibus
2862 4591 3255 4665 Apostolorum
3286 4596 3345 4651 lit
3368 4586 3522 4655 men-

224 4698 291 4746 ιιι
308 4691 461 4759 libet,
491 4691 689 4748 Paulus
715 4691 1023 4762 apostolus,
1055 4705 1164 4747 non
1209 4689 1389 4745 solum
1419 4689 1733 4747 nominibus
1759 4698 1816 4748 et

225 4784 430 4850 verbis,
458 4801 644 4842 verum
666 4784 833 4843 etiam
862 4785 1344 4859 praepositionibus
1370 4784 1609 4841 diversis
1638 4793 1816 4843 utatur

224 4888 324 4948 pro
348 4878 609 4935 varietate
637 4892 950 4945 causarum,
992 4880 1344 4949 perspicuum
1372 4877 1490 4934 ﬁeri
1522 4879 1721 4948 poterit
1746 4894 1815 4935 ex

220 4982 292 5026 eo
316 4970 467 5043 quod
490 4972 567 5027 ait
585 4990 603 5026 :
634 4970 834 5028 Mulier
862 4972 999 5027 enim
1024 4987 1091 5026 ea:
1112 4973 1243 5038 viro,
1273 4972 1352 5027 vir
1370 4989 1488 5027 vero
1511 4988 1602 5043 per
1633 4971 1819 5028 mulie—

228 5079 337 5119 renr
356 5064 439 5136 (ll
456 5064 576 5121 Cor.
607 5082 687 5134 XI,
724 5064 834 5137 12).
865 5066 933 5122 Et
959 5065 1093 5122 alibi
1118 5082 1132 5121 :
1168 5066 1305 5134 Quia
1333 5082 1398 5121 ea:
1422 5080 1481 5121 eo
1507 5075 1555 5121 et
1582 5082 1672 5136 per
1700 5082 1817 5122 eum

229 5167 279 5213 et
304 5159 365 5213 in
405 5159 513 5230 ipso
549 5168 672 5215 sunt
699 5160 878 5216 omnia
912 5157 1092 5232 (Rom.
1125 5174 1204 5225 ιι,
1235 5158 1353 5229 36).
1384 5158 1497 5216 Nec
1529 5175 1637 5215 non
1666 5168 1724 5216 et
1752 5158 1819 5214 il-

227 5248 347 5319 lud,
380 5248 578 5309 Padus
606 5250 877 5326 apostolus
902 5269 1010 5308 non
1046 5252 1112 5308 ab
1139 5251 1436 5308 hominibus
1461 5292 1478 5321 ,
1527 5268 1688 5323 neque
1728 5268 1821 5323 per

299 5438 329 5467 ⁸
350 5428 581 5507 Deerant
596 5445 773 5507 penes
786 5432 1161 5507 Martiauarutn
1185 5433 1372 5497 verba,
1396 5441 1444 5488 et
1465 5432 1823 5507 admiremini,

220 5514 354 5577 quae
369 5516 508 5585 £31m
553 5504 607 5559 in
654 5504 777 5585 aliis
817 5504 1005 5585 libris,
1038 5507 1455 5585 tntqprzecipue
1485 5505 1538 5560 in
1581 5514 1821 5585 easunt,

228 5570 334 5648 qua
369 5570 728 5648 Hieronymus
755 5577 924 5632 utitur
951 5570 1050 5634 τῶν
1079 5575 1172 5633 LX

232 5644 437 5729 nega;
452 5644 746 5729 θανρἁᾳια,
773 5658 880 5729 etc:
938 5668 979 5729 ι’
1003 5720 1016 5729 _
1146 5720 1160 5729 _
1192 5668 1197 5675 π

236 5714 707 5849 hagirepsiades
731 5714 880 5841 apud
922 5719 1341 5821 Aristophanem
1369 5721 1423 5779 in
1445 5722 1618 5801 Νάφδλ,
1649 5721 1823 5781 scena

1255 5578 1526 5648 versione,
1573 5581 1661 5633 καὶ
1703 5578 1825 5635 θαυ-

1913 4691 2014 4757 tio,
2043 4688 2326 4760 Scriptura
2364 4688 2637 4745 reicrente
2669 4704 2685 4741 :
2714 4686 2848 4742 Ante
2875 4688 2967 4743 Iros
2992 4687 3129 4742 sitim
3154 4688 3267 4746 dies
3294 4692 3523 4747 surrexit

1914 4782 2178 4849 Theodas,
2206 4781 2408 4849 dicens,
2442 4780 2718 4852 quemdam
2746 4797 2804 4836 se
2831 4797 2940 4836 esse
2975 4796 3225 4853 magnum
3257 4799 3277 4839 :
3304 4785 3387 4839 cui
3415 4803 3517 4858 ap-

1918 4876 2078 4948 positi
2118 4883 2240 4930 sunt
2274 4874 2373 4928 viri
2422 4875 2569 4945 quasi
2600 4874 2702 4928 tria
2750 4873 2921 4928 millia
2954 4873 3157 4946 (Actor.
3196 4892 3252 4942 v,
3275 4874 3403 4949 36);
3438 4886 3519 4947 et,

1916 4981 2035 5045 post
2079 4970 2216 5025 hunc
2248 4970 2476 5024 surrexit
2512 4969 2566 5024 in
2593 4968 2776 5023 diebus
2803 4984 2987 5023 census
3019 4966 3190 5023 ludas
3222 4968 3474 5025 Gulilceus
3501 4986 3523 5028 :

1922 5064 2013 5134 qui
2048 5057 2196 5120 inter
2231 5072 2434 5118 caetera
2477 5060 2579 5118 hoc
2608 5061 2761 5131 quasi
2792 5060 3079 5130 probabile
3103 5063 3416 5132 proferebat
3454 5080 3523 5121 ex

1924 5157 2091 5230 Lege,
2122 5156 2330 5213 nullum
2377 5155 2585 5213 debere
2632 5155 2922 5212 Dominum
2972 5156 3082 5213 nisi
3130 5157 3306 5213 solum
3350 5159 3526 5217 Deum

1923 5252 2111 5310 vocari
2144 5270 2157 5308 :
2186 5260 2243 5309 et
2267 5266 2364 5309 eos
2390 5252 2482 5323 qui
2531 5250 2598 5307 ad
2640 5251 2906 5323 templum
2934 5250 3178 5308 decimas
3222 5253 3526 5327 deferrent,

2006 5445 2028 5475 ο
2062 5433 2352 5502 Victorius,
2383 5436 2792 5502 conuersatione,
2828 5451 3060 5492 sermone
3088 5453 3150 5493 ac
3173 5439 3410 5507 scientia,
3437 5456 3529 5504 re-

1928 5506 2100 5582 stituit
2126 5507 2191 5561 ad
2227 5507 2515 5582 lectionem
2540 5508 2780 5582 Gratiani
2811 5523 2927 5573 vm,
2955 5525 3009 5580 q.
3042 5510 3096 5575 1,
3126 5526 3243 5582 cap.
3295 5506 3480 5582 Qualis
3502 5531 3527 5573 :

1929 5578 2223 5652 subditque
2274 5578 2348 5634 ibi
2398 5582 2535 5636 ultra
2570 5579 2837 5645 Aidituos,
2870 5578 3007 5652 quos
3036 5578 3291 5637 custo'lcs
3314 5578 3525 5645 iulium

1929 5649 2220 5732 Qratiapus
2248 5660 2421 5716 vocat,
2466 5653 2796 5732 mentionem
2829 5649 3045 5721 quoque
3071 5654 3194 5732 lieri
3229 5657 3297 5732 tle
3337 5660 3522 5732 acoly-

1930 5721 2204 5799 t_his._ﬂoc
2234 5736 2362 5776 vero
2391 5723 2521 5799 satis
2542 5722 2760 5799 abunde
2787 5731 2935 5799 erat,
2971 5733 3026 5779 ttt
3071 5721 3511 5799 iulsrpolutttut'a

1928 5792 2189 5865 Gratiano
2220 5803 2423 5852 textum
2446 5794 2512 5871 ηε.
2542 5793 2717 5854 Patris
2750 5794 3095 5871 intelligeret.
3214 5792 3224 5796 ⁷
3358 5824 3359 5829 π
