3948 6334
404 392 509 458 391

1669 375 1728 435 S.
1769 370 2044 435 EUSEBll
2082 370 2473 434 HIERONYMI

3600 372 3707 434 593

404 509 611 570 Caesari
641 505 844 563 tributa
875 516 986 559 non
1022 498 1279 558 reddere.
1310 496 1444 566 Quae
1474 493 1702 551 haeresis
1734 493 2005 548 intantum
2032 493 2082 555 A
2113 494 2286 550 tribus
2314 494 2368 549 in
2400 500 2585 550 mente
2614 488 2832 550 Garizin
2863 490 3174 548 constitutae
3215 489 3347 557 sint,
3376 497 3437 546 ιιι
3476 488 3704 547 benedi-

405 612 680 671 creverat,
713 609 772 656 ut
816 598 982 654 etiam
1019 593 1423 651 Pltarisaaorum
1451 597 1507 645 et
1538 589 1766 644 multam
1799 596 2006 657 partem

404 696 593 771 populi
642 691 996 751 conturbaret
1045 708 1057 743 :
1101 689 1175 743 ita
1229 694 1291 741 ut
1334 684 1401 738 ad
1452 682 1739 738 Dominum
1789 694 2009 752 quoque

403 798 656 846 nostrum
687 782 992 841 referretur
1024 779 1143 835 haec
1172 777 1404 850 qumstio
1436 793 1451 831 :
1488 773 1629 829 Licet
1660 774 1853 829 Ctesari
1880 772 2010 827 dare

408 881 684 946 tributum,
715 894 784 932 an
811 892 913 930 non
943 872 1104 946 (Mat.
1132 886 1268 935 xxn,
1304 867 1442 942 i7)?
1490 867 1699 937 Quibus
1745 865 2008 921 Dominus

405 976 729 1051 prudenter,
759 982 1029 1041 cauteque
1080 964 1425 1038 respondens
1473 964 1552 1017 ait
1584 980 1598 1016 :
1632 960 1857 1017 Reddite
1891 975 2010 1033 qua:

403 1078 523 1127 sunt
551 1068 795 1133 Caesaris,
826 1062 1019 1120 ϐίαιανὶ
1042 1078 1060 1117 :
1084 1070 1134 1116 et
1180 1076 1296 1128 qua:
1348 1066 1471 1114 sunt
1518 1055 1637 1123 Dei,
1672 1054 1785 1110 Deo
1815 1053 2005 1128 (Ibid.,

403 1163 521 1237 2|).
550 1160 651 1219 Cui
696 1155 1046 1228 responsioni
1088 1152 1292 1209 Paulus
1341 1149 1626 1221 apostolus
1675 1160 2006 1218 congruens,

401 1257 564 1312 docet
593 1250 999 1323 principatibus
1019 1258 1073 1302 et
1094 1244 1470 1317 potesratibus
1490 1241 1781 1297 credentes
1804 1238 2009 1295 debere

404 1365 533 1407 esse
556 1347 871 1422 subjectos:
892 1343 1087 1422 Ἀρχαὶ
1112 1340 1315 1412 quippe
1343 1353 1464 1409 qnze
1494 1335 1748 1406 leguntur
1779 1332 1830 1387 in
1856 1331 2008 1389 Crte-

403 1459 506 1514 co,
554 1440 732 1512 magis
787 1438 1111 1510 principatus
1158 1448 1319 1505 quam
1369 1430 1630 1502 principes
1674 1435 1920 1481 sonant:
1954 1432 2011 1479 et

406 1537 579 1607 ipsam
626 1530 942 1604 signiﬁcant
983 1534 1341 1599 potestatem,
1364 1538 1483 1587 .non
1518 1537 1613 1578 eos
1642 1521 1734 1592 qui
1771 1519 1825 1574 in
1855 1526 2010 1590 pote-

407 1638 555 1684 state
584 1632 717 1682 sunt
745 1623 1020 1679 homines.
1047 1619 1155 1676 Sed
1185 1618 1308 1690 quia
1334 1617 1569 1680 dixerat,
1602 1614 1835 1668 Admone
1861 1610 2004 1677 illos,

403 1718 780 1795 principatibus
806 1727 856 1773 et
886 1714 1223 1790 potestatibus
1251 1712 1488 1768 subditos
1514 1727 1651 1765 esse:
1684 1716 1904 1779 polerat
1925 1706 2008 1760 his

404 1817 497 1887 qui
524 1823 797 1871 tormenta
821 1806 1378 1875 formidant,occasio
1408 1803 1474 1858 ad
1506 1801 1817 1872 negandum
1846 1798 1961 1854 dari
1989 1816 2004 1851 :

2111 597 2302 645 cerent
2328 587 2555 657 populo,
2586 595 2641 643 et
2669 601 2790 658 quae
2813 585 2869 641 in
2892 592 3078 641 monte
3107 584 3302 650 altero,
3328 590 3387 638 ut
3414 580 3708 638 maledice-

2110 692 2257 737 rent.
2307 680 2523 747 Ruben,
2556 680 2648 750 qui
2698 678 3067 734 maculaverat
3106 675 3326 732 thorum
3365 672 3631 746 parentis,
3653 681 3710 730 et

2112 773 2358 829 Zabulon
2388 773 2719 828 novissimus
2744 770 2890 826 lilius
2924 769 3058 839 Liae,
3089 776 3148 824 et
3167 766 3491 824 ancillarum
3520 763 3707 833 liberi,

2114 869 2168 925 in
2201 877 2388 923 monte
2435 866 2571 921 Ebal
2602 865 2710 939 [ΑΙ.
2750 863 2911 937 Eliel]
2943 870 3244 935 ponuntur,
3276 868 3337 917 ut
3379 858 3711 916 maledicaut

2110 966 2193 1022 eis
2223 964 2312 1035 qui
2355 961 2741 1018 maledictione
2779 967 2910 1016 sunt
2950 957 3102 1029 digni
3130 955 3313 1025 (Deut.
3345 953 3542 1025 xxv").
3565 951 3711 1009 Lon-

2110 1074 2238 1127 gum
2266 1064 2352 1112 est
2393 1054 2440 1111 si
2470 1068 2618 1110 nunc
2645 1066 2965 1109 enumerem
3009 1047 3286 1122 quomodo
3306 1047 3500 1115 Jacob,
3522 1046 3617 1119 qui
3642 1044 3711 1101 ad

2112 1150 2547 1208 benedictionem
2593 1155 2881 1203 vocaverat
2921 1144 3065 1200 lilios
3092 1142 3310 1214 (Genes.
3339 1157 3487 1210 sus,
3521 1139 3602 1209 i),
3629 1138 3713 1195 di-

2111 1258 2245 1300 cens
2275 1260 2287 1296 :
2320 1252 2376 1297 ut
2406 1239 2708 1296 benedicam
2736 1239 2913 1306 vobis,
2939 1246 3128 1308 postea
3179 1233 3334 1307 quasi
3378 1233 3434 1289 in
3479 1230 3713 1289 benedi-

2118 1337 2299 1393 ctione
2317 1335 2620 1399 consociet,
2655 1331 2964 1388 maledictus
2994 1334 3145 1403 [uror
3186 1343 3390 1394 eorum,
3419 1327 3546 1399 quia
3590 1341 3712 1397 pro-

2114 1449 2211 1487 cna:
2240 1447 2256 1485 :
2284 1439 2341 1486 et
2373 1431 2491 1501 ipse
2513 1428 2783 1484 Dominus
2819 1426 3074 1498 loquatur
3117 1424 3173 1480 in
3213 1421 3455 1480 Genesi:
3482 1418 3713 1476 Maledi-

2110 1532 2193 1579 cta
2242 1530 2383 1576 terra
2427 1522 2481 1575 in
2535 1519 2778 1591 operibus
2828 1518 2931 1572 tuis
2962 1514 3118 1590 (Gen.
3151 1530 3244 1584 ιιι,
3278 1513 3393 1585 l7).
3425 1511 3543 1570 Hoc
3566 1527 3713 1568 nunc

2112 1627 2319 1674 tantum
2357 1616 2576 1671 dixisse
2614 1613 2876 1679 sufﬁciat,
2907 1611 3054 1684 quod
3095 1609 3484 1680 blasphemare
3508 1604 3714 1664 Christi

2110 1710 2411 1781 discipulos
2438 1723 2546 1763 non
2572 1715 2792 1778 oportet
2826 1723 2839 1758 :
2869 1719 2970 1761 nec
2996 1701 3143 1775 quod
3172 1701 3421 1768 additur,
3451 1714 3563 1756 esse
3603 1698 3712 1754 liti-

2112 1806 2302 1877 giosus.
2333 1802 2493 1875 731
2523 1800 2581 1855 Si
2609 1800 2757 1855 enim
2793 1812 2986 1853 sumus
3020 1794 3120 1851 lilii
3161 1793 3333 1865 pacis,
3365 1801 3423 1848 et
3456 1790 3713 1847 volumus

404 1882 559 1978 juxta
592 1904 838 1976 Apostoli
859 1902 1065 1957 dictum
1096 1915 1157 1955 se
1184 1902 1505 1953 asserereut
1535 1891 1930 1965 principatibus
1951 1897 2005 1945 et
2034 1899 2083 1960 Β
2108 1911 2280 1968 super
2306 1909 2406 1951 nos
2434 1908 2624 1964 pacem
2657 1892 3028 1963 requiescere,
3061 1896 3119 1943 et
3146 1884 3484 1943 accessimus
3526 1882 3595 1939 ad
3620 1882 3715 1939 ιε.

398 1997 767 2071 potestatibus
792 2010 921 2051 esse
943 1992 1241 2062 subjectos,
1263 2000 1319 2045 et
1342 1989 1522 2045 facere
1549 1985 1692 2059 quod
1710 1985 2000 2055 juberent;

402 2100 693 2163 propterea
717 2088 953 2158 subjecit
979 2102 995 2142 :
1025 2086 1245 2141 Obedire
1271 2084 1341 2138 ad
1366 2098 1515 2137 omne
1544 2097 1675 2153 Opus
1705 2078 1913 2133 bonum.
1944 2076 2003 2133 Si

399 2188 609 2243 bonum
640 2194 725 2241 est
763 2182 907 2254 quod
945 2177 1193 2252 praecipit
1229 2179 1533 2248 imperator
1570 2182 1627 2229 et
1662 2187 1891 2244 praeses,
1916 2170 2004 2243 ju-

396 2277 582 2334 bentis
630 2276 941 2344 obsequere
986 2268 1287 2328 voluntati.
1343 2268 1441 2324 Sin
1491 2279 1624 2322 vero
1674 2262 1898 2332 malum,
1949 2269 2007 2318 et

398 2381 592 2431 contra
640 2370 810 2426 Deum
858 2369 1043 2439 sapit:
1076 2364 1357 2437 responde
1395 2363 1447 2419 ei
1494 2360 1630 2418 illud
1677 2359 1748 2416 de
1777 2358 2009 2415 Actibus

403 2467 825 2541 apostolorum:
863 2463 1084 2518 Obedire
1120 2469 1327 2533 Opurlel
1360 2458 1469 2514 Deo
1509 2456 1674 2528 magis
1725 2470 1885 2528 quam
1914 2455 2008 2509 ho-

402 2560 625 2617 rninibus
653 2558 793 2633 (Act.
826 2572 882 2622 v,
905 2553 1021 2625 29).
1050 2553 1164 2608 lloc
1191 2552 1369 2622 ipsum
1402 2559 1458 2605 et
1487 2548 1556 2605 de
1582 2546 1762 2604 servis
1810 2544 2008 2602 intelli-

399 2667 593 2725 gamus
624 2649 766 2723 apud
797 2648 1075 2713 dominos,
1110 2652 1165 2700 et
1195 2643 1265 2699 de
1304 2643 1564 2698 uxoribus
1594 2638 1737 2711 apud
1760 2638 1929 2705 viros,
1952 2645 2011 2693 et

400 2748 469 2803 de
485 2746 610 2802 filiis
638 2743 783 2815 apud
832 2749 1114 2814 parentes,
1144 2737 1289 2810 quod
1318 2738 1372 2793 in
1400 2736 1511 2791 illis
1537 2744 1747 2790 tantum
1774 2731 2011 2789 debeant

401 2837 665 2901 dominis,
701 2836 856 2897 viris,
884 2831 1207 2904 parentibus
1235 2844 1359 2884 esse
1408 2828 1572 2899 73o
1599 2825 1854 2896 subjecti,
1886 2840 2009 2896 quae

401 2940 593 2989 contra
622 2929 721 2986 Dei
744 2927 996 2983 mandata
1022 2942 1130 2981 non
1159 2933 1186 2962 α
1208 2922 1456 2979 veniunt.
1480 2921 1636 2988 Quod
1668 2934 1800 2975 vero
1829 2917 2011 2989 sequi-

399 3038 492 3083 tur
531 3045 544 3081 :
587 3024 815 3079 Paratas
845 3038 977 3087 esse,
1004 3018 1298 3090 dupliciter
1335 3015 1647 3087 legendum,
1679 3022 1739 3069 ul.
1764 3012 1852 3069 vel
1881 3012 2011 3069 sub-

402 3122 679 3188 audiatur,
705 3119 773 3176 ad
825 3133 987 3174 omne
1038 3129 1176 3187 Opus
1224 3114 1429 3168 bonum
1471 3120 1696 3183 paratos
1726 3122 1849 3164 esse
1879 3125 1892 3162 :
1922 3106 2010 3162 vel

404 3225 561 3273 certe
586 3228 709 3270 cum
741 3210 1120 3283 superioribus
1151 3207 1412 3279 copulato
1442 3204 1547 3260 hoc
1577 3202 1722 3275 quod
1760 3204 1858 3271 ait,
1893 3200 2010 3256 obe-

2110 1989 2345 2047 rusalem
2374 1987 2682 2052 ctelestem,
2706 2000 2830 2056 qua:
2859 1998 2927 2039 ex
2947 1996 3084 2054 pace
3111 1995 3307 2037 nomen
3335 1978 3572 2051 accepit,
3584 1992 3715 2034 cum

2110 2084 2196 2140 his
2221 2083 2311 2155 qui
2342 2081 2580 2137 oderunt
2605 2093 2818 2150 pacem,
2848 2076 3149 2132 habeamus
3178 2088 3371 2144 pacem
3404 2090 3417 2126 :
3451 2081 3511 2128 et
3538 2086 3716 2143 quan-

2108 2186 2223 2234 tum
2275 2176 2331 2232 in
2384 2174 2543 2231 nobis
2589 2182 2674 2230 est
2724 2186 2849 2228 cum
2889 2169 3146 2227 omnibus
3175 2165 3496 2224 hominibus
3535 2164 3714 2239 pacati

2108 2272 2283 2327 simus
2314 2287 2326 2324 :
2359 2285 2467 2325 non
2501 2267 2679 2323 solum
2731 2280 2854 2321 cum
2907 2260 3197 2330 modeStis,
3223 2260 3323 2317 sed
3378 2260 3544 2315 etiam
3584 2273 3713 2316 cum

2110 2364 2347 2431 rixosis;
2378 2360 2505 2434 quia
2545 2360 2694 2416 nulla
2727 2359 2902 2414 virtus
2932 2365 3016 2413 est
3047 2356 3193 2413 ferre
3226 2359 3546 2410 mansuetos
3582 2369 3595 2405 :
3624 2352 3713 2409 lo-

2111 2472 2346 2529 cumque
2372 2455 2565 2511 demus
2594 2452 2715 2519 irae,
2743 2466 2963 2507 omnem
2998 2448 3361 2506 ostendentes
3395 2451 3716 2502 mansuetu-

2110 2551 2294 2609 dinem
2339 2549 2407 2606 ad
2450 2562 2645 2605 omnes
2684 2544 2939 2601 homines
2972 2561 2984 2596 :
3015 2557 3124 2598 non
3163 2539 3308 2613 quod
3337 2554 3495 2595 vanae
3524 2535 3715 2608 gloria:

2111 2643 2387 2703 desiderio
2423 2656 2525 2698 nos
2569 2653 2696 2697 esse
2740 2644 3061 2694 mansuetos
3104 2632 3363 2691 omnibus
3399 2627 3712 2687 hominibus

2111 2739 2403 2799 ostendere
2449 2736 2747 2793 debeamus
2779 2750 2791 2785 :
2823 2733 2920 2788 sed
2964 2729 3095 2787 dum
3135 2744 3331 2786 omnes
3380 2726 3632 2790 ferimus,
3657 2728 3717 2781 et

2110 2835 2327 2907 injuriae
2361 2834 2533 2891 vicem
2579 2847 2690 2889 non
2733 2828 3114 2901 rependimus,
3140 2826 3262 2897 ipsa
3298 2838 3467 2895 opera
3498 2819 3713 2877 notiora

2110 2930 2385 2987 universis
2408 2927 2561 2982 ﬁant.
2594 2925 2787 2982 Potest
2812 2921 3013 2994 aliquis
3052 2919 3124 2976 ob
3157 2917 3481 2991 iactantiam
3509 2922 3570 2972 et
3594 2913 3715 2985 opi-

2112 3022 2333 3079 nionem
2362 3019 2507 3090 vulgi
2553 3030 2849 3089 auramquc
2893 3012 3217 3087 popularem
3269 3008 3533 3065 simulare
3566 3005 3713 3078 apud

2113 3114 2377 3188 quosdam
2407 3110 2907 3174 mansuetudinem,
2939 3116 2994 3163 et
3015 3105 3228 3177 lingere
3255 3101 3579 3158 bonitatem.
3607 3098 3714 3155 Sed

2115 3209 2209 3265 ubi
2235 3224 2344 3264 non
2377 3215 2462 3263 est
2484 3221 2613 3261 vera
2658 3212 2718 3261 et
2746 3202 2984 3274 genuina
3013 3209 3069 3256 et
3104 3195 3282 3255 solida
3321 3192 3713 3265 mansuetudo,

405 3310 520 3364 dire
541 3309 610 3362 ad
644 3321 795 3362 omne
834 3321 963 3378 opus
1002 3302 1215 3369 bonum,
1252 3309 1308 3356 et
1340 3299 1620 3369 hucusque
1650 3297 1823 3363 linito,
1853 3291 2009 3365 quasi

2116 3306 2302 3364 nescio
2334 3320 2401 3361 an
2430 3318 2555 3360 eum
2583 3318 2707 3360 esse
2729 3307 3074 3358 mansuetum
3105 3295 3281 3370 possit
3307 3292 3564 3351 omnibus
3591 3305 3714 3363 per-

406 3401 556 3458 aliud
612 3399 894 3470 proprium
938 3404 993 3451 et
1031 3393 1274 3467 speciale
1304 3401 1637 3464 praeceptum
1671 3388 1765 3456 sit,
1794 3394 2005 3459 paratos

407 3510 539 3561 esse,
563 3492 718 3562 juxta
745 3489 877 3545 illud
901 3488 1048 3559 quod
1081 3490 1135 3543 in
1166 3484 1417 3543 Levitico
1451 3484 1715 3555 scriptum
1740 3490 1827 3537 est
1857 3479 2015 3534 :Hir-

407 3604 528 3644 cum
540 3587 628 3659 qui
651 3584 903 3641 emittitur
916 3582 1195 3637 maledicta
1220 3579 1401 3653 papuli
1417 3578 1779 3645 sustinentem,
1796 3573 1938 3628 tradi
1958 3573 2013 3628 in

406 3697 594 3737 manus
621 3678 844 3734 hominis
890 3678 1066 3750 parati
1105 3673 1303 3747 (Leuit.
1328 3688 1442 3741 xvr,
1475 3671 1594 3745 21).
1624 3671 1682 3726 Si
1719 3669 1844 3741 quis
1884 3682 2015 3740 ergo

408 3786 638 3851 paratus
675 3785 784 3842 est,
815 3784 875 3830 ιιι
916 3777 1284 3845 ἀποπομπαῑον
1331 3778 1539 3835 teneat,
1569 3777 1626 3824 et
1682 3763 2010 3838 educatjAl.

412 3869 675 3944 deducat]
694 3870 850 3927 illum
880 3869 937 3924 in
964 3867 1267 3934 desertum,
1298 3874 1354 3920 et
1376 3864 1450 3919 ibi
1472 3878 1597 3919 eum
1632 3859 1935 3932 disperdat,
1962 3865 2019 3915 et

407 3975 673 4039 quantum
708 3963 761 4018 in
797 3977 857 4017 se
882 3970 988 4031 est,
1021 3969 1175 4016 sorte
1215 3955 1618 4014 maledictionis
1657 3951 2015 4018 exterminet,

410 4062 459 4118 is
485 4076 608 4117 cum
651 4055 950 4121 obedierit,
980 4053 1129 4110 omni
1183 4050 1337 4122 operi
1391 4049 1540 4105 bono
1586 4048 1750 4104 etiam
1794 4054 2017 4116 paratus

414 4156 542 4211 erit.
575 4152 763 4208 Potest
805 4158 993 4205 autem
1034 4156 1090 4203 et
1119 4145 1282 4201 aliter
1310 4142 1510 4213 accipi,
1544 4150 1755 4214 paratos
1778 4155 1886 4195 esse
1909 4154 1929 4194 :
1958 4145 2020 4192 ut

417 4245 598 4303 omnia
642 4256 1001 4314 quaecumque
1052 4238 1278 4294 evenire
1308 4241 1557 4308 possunt,
1589 4233 1695 4290 sibi
1743 4232 1797 4287 in
1834 4230 2019 4286 animo

416 4338 806 4413 l’prteligurent
837 4352 850 4389 :
886 4344 1090 4392 etcum
1117 4331 1444 4397 acciderint,
1474 4327 1609 4385 nihil
1638 4327 1792 4398 quasi
1821 4338 2018 4381 novum

420 4432 757 4497 sustineant,
786 4427 884 4485 sed
913 4428 993 4483 eis
1024 4433 1332 4497 praeparata
1365 4424 1475 4478 sint
1506 4422 1710 4477 omnia.
1743 4419 2022 4474 Neminem

420 4540 664 4600 quoque,
701 4522 1080 4594 blaspltentare,
1110 4533 1216 4574 non
1248 4513 1572 4588 simpliciter
1600 4512 1889 4584 accipitur.
1912 4510 2021 4566 Nec

423 4621 574 4679 enim
606 4618 705 4685 ait,
730 4616 1004 4673 neminem
1034 4613 1313 4670 hominem
1359 4610 1741 4681 blaSpbemare
1769 4606 1898 4662 :sed
1919 4604 2018 4661 ab-

2110 3400 2391 3562 su:d:;i:s.
2441 3489 2477 3546 '5
2515 3485 2718 3560 seqq.)
2750 3483 2978 3540 Fuimus
3020 3480 3160 3538 enim
3203 3477 3495 3550 aliquando
3534 3483 3586 3531 et
3621 3490 3715 3530 nos

2114 3585 2284 3650 stulti,
2313 3581 2685 3647 inobedientes,
2728 3585 2984 3642 errantes,
3031 3573 3309 3631 servientes
3356 3566 3628 3625 desideriis
3667 3572 3717 3620 et

2114 3676 2467 3751 uoluptatibus
2495 3674 2686 3743 uariis,
2714 3672 2771 3726 in
2813 3670 3020 3726 malitia
3060 3677 3111 3725 et
3145 3667 3202 3722 in
3233 3665 3434 3721 inuidia
3479 3670 3717 3736 agentes,

2115 3772 2320 3842 odiosi,
2371 3771 2601 3825 odientes
2658 3767 2996 3822 alterutrum.
3044 3763 3173 3819 Cum
3212 3769 3388 3817 autem
3427 3758 3632 3813 bonitas
3669 3764 3719 3811 et

2117 3866 2418 3923 humanitas
2449 3863 2625 3918 illuxit
2657 3859 2950 3919 Saluatoris
2982 3857 3143 3913 nostri
3176 3853 3278 3909 Dei
3309 3869 3328 3909 :
3357 3869 3463 3909 non
3495 3867 3561 3907 ea:
3598 3866 3720 3923 ope-

2115 3964 2259 4018 ribus
2276 3960 2519 4033 justititc,
2551 3972 2666 4029 qua:
2703 3956 2920 4027 fecimus
2948 3969 3077 4019 nos;
3104 3950 3196 4007 sed
3232 3950 3521 4006 secundum
3566 3946 3723 4002 mise-

2118 4055 2403 4111 ricordiam
2428 4067 2579 4107 suam
2616 4049 2833 4104 saluauit
2862 4064 2977 4111 nos,
3009 4060 3100 4117 per
3131 4045 3402 4099 lavacrum
3442 4054 3723 4113 regenera-

2120 4148 2275 4205 tionis
2299 4156 2346 4202 et
2374 4142 2723 4200 renovationis
2762 4140 2996 4213 Spiritus
3016 4138 3209 4202 sancti,
3238 4149 3391 4207 quem
3424 4131 3614 4201 eﬂ'udit
3632 4146 3725 4187 su-

2120 4258 2212 4315 per
2258 4256 2351 4295 nos
2402 4236 2680 4307 opulenter
2719 4250 2810 4304 per
2855 4231 3038 4287 Iesum
3082 4227 3347 4284 Christum
3389 4224 3721 4284 Salvatorem

2121 4345 2380 4402 nostrum,
2415 4340 2470 4385 ut
2494 4328 2779 4403 justiﬁcati
2828 4325 2975 4380 illius
3013 4324 3209 4396 gratia,
3240 4320 3469 4378 hceredes
3517 4318 3722 4390 efﬁcia-

2121 4444 2238 4482 mur
2258 4424 2542 4482 secundum
2564 4437 2704 4492 spem
2725 4420 2841 4475 uiue
2865 4427 3091 4475 laterum.
3119 4416 3341 4485 Quaerat
3363 4411 3569 4484 aliquis
3585 4424 3725 4483 quo-

2125 4517 2290 4575 modo
2321 4516 2520 4572 Paulus
2565 4513 2733 4570 fuerit
2768 4513 2994 4577 stultus,
3043 4508 3381 4576 incredulus,
3410 4520 3634 4575 errans,
3662 4511 3725 4560 et

2124 4613 2373 4670 serviens
2403 4610 2567 4665 variis
2589 4605 2887 4664 desideriis
2912 4613 2969 4662 et
2996 4601 3373 4675 voluptatibus
3396 4600 3452 4656 in
3484 4597 3723 4666 malitia,

421 4713 623 4781 solute,
655 4708 932 4766 neminem
969 4725 982 4762 :
1016 4722 1127 4763 non
1156 4705 1437 4777 angelum,
1465 4718 1573 4759 non
1601 4702 1839 4772 aliquam
1866 4714 2013 4756 crea-

2125 4721 2182 4763 et
2214 4708 2267 4763 in
2308 4703 2531 4773 invidia,
2560 4701 2811 4768 odiosus,
2844 4708 2902 4756 et
2930 4697 3154 4765 odiens,
3183 4707 3479 4767 antequam
3522 4692 3727 4749 Salva-

419 4815 602 4863 turam
634 4802 753 4859 Dei.
793 4800 989 4857 Omnia
1036 4799 1238 4870 quippe
1265 4813 1384 4869 qum
1438 4813 1468 4852 a
1518 4796 1632 4852 Deo
1676 4795 1815 4849 facta
1869 4802 2019 4862 sunt,

420 4899 586 4955 valde
609 4898 748 4953 bona
777 4906 932 4950 sunt.
979 4893 1204 4959 Quando
1250 4890 1478 4945 Michael
1530 4887 1874 4960 archangelus
1904 4903 2021 4941 cum

422 4988 635 5049 diabolo
667 4987 970 5060 disputabat
1008 4985 1071 5039 de
1105 4983 1279 5053 Moysi
1324 4975 1560 5054 corpore,
1595 4998 1697 5036 non
1732 4980 1833 5051 fuit
1865 4995 2024 5034 ausus

419 5086 617 5157 inferre
660 5081 931 5155 judicium
962 5077 1314 5147 blasphemirc,
1344 5076 1437 5131 sed
1480 5076 1636 5144 dixit,
1669 5064 1887 5143 imperet
1934 5071 2028 5127 tibi

422 5178 568 5235 Deus
600 5173 753 5247 (Iud.
782 5172 884 5244 ιι).
909 5172 967 5228 Si
997 5171 1161 5242 igitur
1191 5168 1414 5225 Michael
1442 5182 1548 5222 non
1585 5168 1681 5222 luit
1710 5180 1878 5222 ausus
1907 5165 2027 5220 dia-

421 5270 574 5338 bolo,
620 5278 677 5325 et
721 5276 873 5323 certe
913 5262 1301 5320 maledictione
1352 5260 1710 5331 dignissimo,
1758 5258 2020 5328 judicium

420 5366 629 5424 inferre
678 5359 1040 5431 blaSphemiae
1083 5376 1095 5411 :
1139 5364 1342 5428 quanto
1383 5356 1557 5425 magis
1606 5368 1705 5410 nos
1758 5354 1826 5410 ab
1875 5354 2021 5409 omni

424 5456 719 5517 maledicto
770 5452 891 5523 puri
924 5465 1050 5507 esse
1094 5449 1389 5505 debemus?
1419 5448 1732 5504 Merebatur
1776 5446 2026 5503 diabolus

432 5548 788 5607 maledictum
822 5562 833 5597 :
860 5542 959 5600 sed
988 5558 1086 5614 per
1116 5539 1434 5611 archangeli
1461 5555 1525 5596 os
1553 5539 1888 5610 blaSphemia
1914 5540 2028 5595 exi-

424 5656 488 5702 re
537 5655 643 5698 non
673 5637 882 5695 debuit.
926 5635 1130 5708 Relege
1175 5644 1389 5691 veteres
1436 5633 1624 5703 libros,
1657 5641 1715 5691 et
1756 5633 1880 5689 vide
1905 5648 2025 5704 quae

434 5886 447 5901 ⁸
493 5816 519 5901 ξ
543 5813 1225 5901 Εἰςιεηοῑειιὶιιιξξηῃρη
1243 5813 1475 5889 fuerant,
1503 5821 1560 5873 et
1576 5829 1724 5889 mox,
1746 5815 2020 5895 dupliciter

427 5884 842 5965 intelligendum,
864 5896 964 5956 pro
995 5881 1281 5956 legendum.

2127 4800 2263 4857 toris
2302 4798 2477 4854 nostri
2525 4796 2742 4851 bonitas
2782 4800 2946 4866 atque
2980 4790 3277 4848 clementia
3314 4804 3414 4861 per
3443 4789 3726 4844 lavacrum

2126 4891 2378 4950 secundae
2413 4888 2850 4960 regenerationis
2889 4902 3014 4943 eum
3058 4887 3270 4941 salvum
3318 4881 3529 4940 iaceret
3560 4900 3577 4937 :
3609 4896 3730 4939 nou

2128 5004 2197 5046 ex
2217 4987 2444 5059 jnstitiac
2470 4983 2735 5054 operibus
2766 4996 2889 5053 quae
2924 4981 3154 5046 fecerat,
3180 4977 3276 5035 sed
3304 4993 3373 5034 ex
3406 4976 3733 5033 misericor-

2128 5082 2216 5138 dia
2240 5095 2358 5146 sua,
2384 5078 2561 5134 ell‘uso
2591 5076 2942 5132 abundanter
2978 5083 3036 5131 et
3075 5075 3226 5146 large
3249 5088 3417 5145 super
3445 5072 3736 5143 apostolos

2133 5188 2299 5250 atque
2320 5175 2608 5233 credentes
2637 5189 2733 5245 per
2748 5172 2936 5229 Jesum
2958 5170 3232 5228 Christum
3253 5169 3460 5241 Spiritu
3488 5178 3691 5225 sancto
3711 5185 3730 5224 :

2130 5281 2191 5327 ut
2213 5268 2589 5325 haereditatern
2624 5264 2814 5337 gratiae
2849 5264 3157 5330 consecuti,
3179 5277 3334 5333 spem
3362 5262 3490 5318 vitae
3517 5260 3573 5317 in
3596 5276 3737 5332 per-

2130 5372 2354 5435 petuum
2397 5359 2767 5432 possiderent.
2799 5357 2866 5413 Et
2900 5366 3051 5414 certe
3082 5356 3311 5427 legimus
3346 5368 3473 5410 eum
3517 5370 3735 5411 secun-

2130 5455 2258 5511 dum
2291 5453 2557 5525 justitiam
2589 5466 2709 5522 qua:
2740 5450 2795 5506 in
2826 5449 2970 5521 Lege
3015 5456 3100 5505 est
3127 5448 3248 5505 sine
3289 5447 3513 5518 querela
3553 5447 3736 5504 luisse

2127 5547 2510 5605 circumcisum
2550 5556 2739 5600 octava
2773 5543 2862 5599 die
2892 5540 3155 5616 (Philipp.
3185 5555 3269 5608 ιιι,
3307 5540 3404 5612 5):
3434 5540 3736 5598 Hebmum

2132 5655 2199 5696 ex
2224 5637 2496 5708 Hebraeis,
2529 5637 2828 5695 secundum
2872 5633 3080 5708 Legem
3117 5633 3480 5705 Pbarisaeum,
3511 5633 3581 5693 de
3627 5632 3739 5695 tri-

2201 5818 2229 5862 b
2258 5817 2362 5879 Alii
2393 5819 2543 5890 editi,
2574 5819 2629 5877 in
2655 5820 2830 5877 animo
2852 5819 3193 5898 prteﬁgerenl.
3557 5839 3580 5900 δ
