3948 6334
256 271 339 332 593

749 261 1404 322 COMMENTARIORUM
1443 260 1510 319 IN
1552 254 1940 318 EPISTOLAM
1979 253 2072 313 AD
2110 253 2330 314 TITUM
2370 249 2594 310 LIBER.
2641 248 2796 307 CAP.
2838 247 2927 305 lll.

3390 243 3499 306 ΞΜ

253 388 308 444 bu
329 376 613 452 Benjamin,
645 379 918 436 eruditum
948 377 1013 433 ad
1045 377 1210 448 pedes
1256 376 1596 440 Gamaliclis,
1629 384 1686 431 et
1725 375 1794 429 ab
1821 378 1872 437 Α
1897 373 2213 429 hominibus.
2250 371 2363 426 lloc
2383 369 2527 442 quod
2552 369 2649 434 ait,
2683 365 2854 437 ﬁdelis
2885 382 3076 433 sermo,
3113 363 3180 421 ad
3207 363 3494 436 superiora

251 475 434 537 infantia
478 472 651 529 sacris
692 472 916 528 Litteris
947 471 1257 527 institutum
1300 471 1499 541 (Actor.
1524 469 1682 541 xxu).
1715 471 1798 526 Ad

250 569 364 642 quod
391 565 768 636 reSpondetur,
796 564 957 636 732
983 563 1202 620 Judzeos
1229 563 1320 632 qui
1350 573 1477 617 ante
1507 562 1796 617 adventum

247 661 512 721 Salvatoris
553 671 605 715 et
643 658 958 729 passionem
998 659 1138 727 ejus,
1161 665 1217 713 et
1243 659 1700 714 resurrectionem
1744 659 1797 712 in

243 757 364 826 Lege
389 754 583 809 versati
611 761 760 819 sunt,
785 753 916 809 licet
943 768 1053 808 non
1077 751 1317 822 plenam,
1349 760 1588 806 attamen
1616 751 1797 821 aliqua

243 867 300 908 ex
324 857 457 920 parte
485 848 748 904 habuisse
763 848 1033 919 justitiam
1061 866 1074 902 :
1107 849 1250 904 sicut
1269 848 1488 904 Simeon
1513 862 1727 919 quoque
1743 855 1800 904 et

246 944 373 1001 Anna
395 941 734 1012 prophetissa
753 943 806 997 in
832 942 1039 1012 templo
1060 942 1157 998 Dei
1177 943 1423 998 serviens
1448 953 1532 998 est
1559 950 1794 1013 reperta.

245 1037 499 1107 Postquam
531 1050 664 1091 vero
700 1035 934 1105 populus
965 1035 1350 1106 conclamavit,
1379 1035 1658 1108 Cruciﬁge,
1678 1053 1800 1090 cru-

240 1130 364 1201 ciﬁge
383 1145 531 1195 eum;
568 1145 672 1183 non
700 1129 949 1184 habemus
991 1145 1164 1200 regem
1202 1130 1304 1184 nisi
1330 1128 1590 1185 Cwsarem
1615 1130 1796 1202 (Joan.

239 1241 327 1296 nx,
356 1226 480 1299 £5):
511 1236 566 1282 et
599 1244 612 1276 :
643 1227 873 1302 Sanguis
901 1229 1016 1299 ejus
1059 1245 1216 1300 super
1241 1246 1366 1296 nos,
1395 1239 1442 1284 et
1478 1247 1632 1302 super
1659 1230 1799 1299 ﬁlios

238 1328 407 1373 nostros
425 1318 736 1391 (δίκην,
754 1319 873 1390 27),
904 1330 960 1376 et
983 1321 1223 1377 ablatum
1255 1330 1341 1377 est
1369 1323 1440 1379 ab
1466 1323 1548 1377 eis
1571 1338 1798 1394 regnum

237 1411 332 1478 Dei,
360 1420 412 1467 et
436 1412 697 1467 traditum
736 1414 884 1483 genti
933 1413 1158 1470 facienti
1192 1415 1400 1470 fructus
1427 1414 1588 1486 ejus:
1622 1431 1688 1470 ex
1733 1429 1800 1470 eo

236 1510 449 1572 tempore
481 1506 574 1574 qui
606 1504 658 1558 in
697 1503 970 1560 Christum
1002 1521 1113 1561 non
1144 1507 1408 1574 credidit,
1432 1508 1531 1562 luit
1567 1507 1792 1572 stultus,

233 1596 569 1664 errabundus,
603 1596 946 1664 incredulus,
981 1607 1036 1653 et
1063 1599 1309 1656 serviens
1347 1599 1514 1654 variis
1550 1601 1798 1670 volupta-

234 1690 370 1746 tibus.
391 1694 468 1746 An
493 1704 605 1746 non
630 1691 789 1748 nobis
817 1689 927 1763 [Αι.
953 1691 1132 1764 vobis]
1160 1692 1376 1748 videtur
1401 1692 1600 1748 Paulus
1630 1692 1800 1748 fuisse

1897 469 2238 541 jungendum
2264 476 2385 532 est,
2417 466 2468 520 in
2502 464 2702 536 quibus
2733 462 3109 533 prmmiserat,
3142 470 3195 514 ut
3229 458 3504 530 iustiﬁcati

1902 564 2063 637 ipsius
2086 561 2289 636 gratia,
2324 559 2548 613 hrcredes
2580 557 2863 627 rﬁiciamur
2895 555 3186 610 secundum
3211 568 3357 623 spem
3387 553 3502 605 vita!

1901 669 2125 714 teternw.
2157 657 2358 726 Dignus
2389 654 2537 710 enim
2573 653 2677 708 tide
2709 667 2876 722 super
2910 650 3229 705 haereditate
3253 649 3349 703 Dei
3383 662 3504 701 ser-

1901 767 2014 819 mo,
2048 761 2101 807 et
2131 766 2298 821 super
2322 765 2418 821 spe
2445 749 2572 804 vita:
2604 757 2846 801 a‘ternre.
2883 742 3040 800 Unde
3073 751 3293 814 oportet
3315 740 3383 796 dc
3413 739 3499 794 his

1902 859 2010 898 non
2038 842 2290 910 dubium,
2323 856 2431 896 non
2463 839 2744 895 timentem
2771 846 2826 892 et
2854 838 3030 906 ipsum
3063 833 3324 902 credere,
3357 844 3413 889 et
3448 841 3506 887 ut

1901 937 2131 994 credant
2158 936 2368 1001 caeteri,
2402 934 2729 989 conﬁrmare
2750 974 2766 1000 ,
2797 945 2904 985 non
2933 929 3112 984 solum
3146 936 3330 983 autem
3375 927 3502 996 hoc,

1898 1031 1998 1088 sed
2029 1041 2084 1086 et
2107 1031 2209 1085 hoc
2240 1044 2364 1084 eum
2389 1028 2610 1085 caeteris
2643 1026 2766 1091 his,
2799 1027 2892 1096 qui
2925 1022 3204 1079 voluerint
3233 1020 3461 1076 credere
3490 1060 3505 1084 ,

1900 1121 2336 1180 conﬁrmandum
2369 1128 2453 1174 est
2481 1136 2494 1172 :
2525 1125 2863 1188 quapropter
2893 1115 3007 1168 ait:
3040 1123 3087 1167 et
3116 1113 3178 1168 de
3205 1112 3285 1166 his
3311 1109 3425 1164 rolo
3457 1118 3505 1164 te

1901 1218 2230 1288 conﬁrmare.
2253 1214 2354 1282 Qui
2382 1222 2565 1268 autem
2589 1212 2688 1265 ista
2712 1224 2843 1265 vere
2864 1222 2990 1264 esse
3015 1204 3375 1269 crediderint,
3412 1217 3508 1258 ne-

1900 1327 2057 1370 cesse
2087 1319 2176 1367 est
2199 1325 2390 1366 curam
2425 1308 2666 1362 habeant
2686 1305 2954 1358 bonorum
2983 1316 3235 1372 operum,
3266 1314 3366 1371 per
3387 1313 3510 1369 qua:

1903 1409 2195 1464 haereditas
2226 1406 2360 1472 Dei,
2393 1411 2448 1460 et
2474 1418 2600 1475 spes
2629 1402 2754 1456 vita:
2783 1407 3124 1470 przeparatur
3155 1406 3398 1452 :cternaa.
3436 1392 3508 1448 Et

1902 1503 2129 1575 pulchre
2157 1509 2214 1556 ut
2241 1501 2507 1568 majorem
2538 1495 2701 1550 ﬁdem
2729 1493 2985 1562 faceret,
3028 1507 3138 1545 non
3181 1488 3361 1553 dixit,
3410 1485 3504 1556 qui

1901 1597 2136 1654 credunt
2164 1592 2480 1650 hominibus
2505 1634 2520 1659 ,
2567 1588 2664 1644 sed
2703 1588 2794 1659 qui
2835 1584 3071 1641 credunt
3095 1582 3229 1637 Deo.
3263 1579 3504 1634 Necesse

1901 1700 1988 1748 est
2017 1693 2188 1756 enim,
2220 1701 2281 1745 ut
2309 1702 2498 1743 curam
2527 1686 2800 1741 bonorum
2831 1695 3062 1752 operum
3093 1679 3349 1742 habeant,
3383 1689 3506 1744 quae

231 1783 417 1850 stultus,
443 1784 668 1856 quando
699 1785 936 1842 habebat
969 1787 1150 1842 zelum
1180 1786 1299 1854 Dei,
1334 1787 1433 1843 sed
1461 1802 1568 1842 non
1600 1803 1798 1843 secun-
1826 1778 1874 1840 B
1901 1787 2192 1858 adimplcta
2223 1826 2240 1854 ,
2291 1793 2348 1840 et
2390 1783 2538 1838 omni
2571 1777 2753 1836 studio
2782 1782 3098 1850 perpetrata
3123 1813 3142 1842 ,
3186 1779 3316 1827 sunt
3360 1770 3504 1825 bona

232 1878 335 1934 dum
379 1879 703 1942 scientiam;
755 1890 808 1936 et
865 1881 1296 1952 persequebatur
1353 1880 1658 1936 Ecclesiam
1696 1899 1709 1936 :
1744 1890 1801 1937 et

231 1973 554 2044 lapidantium
607 1973 949 2046 Stephanum
991 1976 1317 2032 vestimenta
1347 1977 1643 2033 servabat?
1674 1994 1797 2034 cum

231 2066 274 2122 in
299 2075 490 2122 tantum
525 2066 638 2122 odii
666 2079 862 2124 contra
889 2068 1236 2127 Salvatorem
1261 2071 1554 2143 instigatus
1580 2087 1800 2128 exarse-

229 2161 313 2228 rit,
343 2171 398 2216 ut
439 2161 658 2218 litteras
704 2177 736 2217 a
779 2163 1159 2221 sacerdotibus
1215 2168 1509 2238 acciperet,
1562 2183 1796 2238 pergens

229 2254 531 2312 Damascum
558 2255 627 2312 ad
667 2273 761 2314 eos
789 2258 884 2330 qui
917 2259 971 2313 in
995 2257 1270 2314 Christttm
1296 2260 1645 2316 crediderant
1673 2262 1798 2315 vin-

227 2347 458 2406 ciendos!
485 2352 593 2406 Ant
621 2351 762 2407 ullas
791 2358 1010 2422 poterat
1039 2351 1245 2408 habere
1271 2353 1506 2408 virtutes
1543 2355 1660 2408 sine
1682 2353 1796 2409 vir-

227 2449 323 2498 tute
349 2443 440 2499 Dei
466 2443 674 2500 Christi
704 2446 866 2515 Jesu,
899 2454 996 2501 aut
1036 2455 1360 2503 mstuantem
1387 2446 1663 2502 ﬂammam
1702 2461 1795 2502 re-

226 2538 478 2607 stinguere
508 2541 880 2610 voluptatum,
906 2555 1032 2596 eum
1066 2556 1174 2597 non
1199 2553 1345 2598 esset
1366 2542 1628 2612 templum
1656 2540 1793 2596 Dei?

225 2628 336 2697 Qua:
369 2638 552 2688 autem
601 2631 780 2703 major
835 2642 1018 2704 potest
1049 2649 1174 2690 esse
1216 2633 1420 2690 malitia
1473 2643 1529 2690 et
1565 2633 1793 2704 invidia,

223 2735 363 2791 quam
401 2735 596 2780 contra
645 2725 905 2780 absentes
949 2727 1210 2797 epistolas
1239 2742 1480 2796 sumere,
1506 2737 1560 2782 et
1599 2727 1797 2798 ubique

224 2815 400 2874 Christi
428 2829 646 2877 vastare
671 2819 1006 2892 discipulos;
1031 2821 1184 2878 nolle
1204 2823 1380 2893 ipsum
1403 2823 1611 2877 salvum
1638 2822 1793 2876 ﬁeri:

223 2921 268 2966 et
288 2915 489 2970 ceteris
515 2916 607 2987 qui
640 2915 779 2972 salvi
818 2931 943 2973 esse
981 2925 1256 2988 poterant,
1289 2917 1536 2973 invidere
1567 2936 1578 2971 :
1613 2917 1796 2974 odisse

223 3001 541 3066 Christianos
593 3019 654 3068 et
704 3020 1107 3084 consequenter
1171 3013 1240 3068 ab
1302 3014 1559 3068 omnibus
1607 3013 1796 3070 odium

220 3103 683 3172 promereriiQuis
703 3116 884 3163 autem
912 3107 1086 3177 major
1099 3121 1277 3172 error,
1304 3117 1359 3162 et
1382 3107 1434 3160 in
1457 3106 1794 3175 obedientia,

222 3203 269 3250 et
284 3196 551 3266 vecordia,
582 3213 746 3269 quam
775 3208 1064 3271 postquam
1094 3200 1385 3272 respiravit
1407 3201 1545 3267 dies,
1573 3210 1627 3256 et
1656 3217 1794 3272 prm-
1823 3185 1871 3250 C

221 3289 466 3346 terierunt
509 3290 740 3360 umbrae,
767 3291 971 3362 Legem
997 3292 1257 3348 abolitam
1301 3295 1440 3351 velle
1471 3310 1714 3362 servare,
1740 3302 1798 3351 et

219 3377 384 3438 dicere
415 3400 428 3436 :
465 3381 549 3437 Ne
587 3385 960 3450 attrectaveris,
987 3401 1051 3440 ne
1071 3387 1372 3458 contigeris,
1398 3403 1460 3441 ne
1485 3386 1790 3457 gustaveris,

217 3484 263 3529 et
289 3486 580 3547 apparente
615 3477 796 3534 solido
817 3478 941 3534 cibo
967 3488 1025 3534 et
1046 3479 1214 3546 virili,
1250 3479 1495 3534 infantia:
1524 3481 1662 3535 lacte
1692 3496 1791 3536 cu-

219 3582 332 3638 pere
351 3578 377 3608 ι
408 3571 619 3642 putari?
644 3572 969 3644 Diligentius
984 3574 1352 3641 attendamus,
1376 3581 1432 3629 et
1459 3575 1797 3631 inveniemus

216 3660 264 3717 in
304 3665 561 3734 praesenti
601 3665 844 3737 capitulo
885 3665 1390 3722 manifestissitnam
1441 3667 1792 3724 Trinitatem.

217 3753 520 3830 Benignitas
549 3760 759 3834 quippe
787 3769 952 3834 atque
975 3762 1271 3820 clementia
1295 3762 1596 3819 Salvatoris
1625 3764 1797 3820 nostri

216 3847 323 3918 Dei,
355 3869 459 3909 non
513 3855 751 3912 alterius
791 3871 952 3928 quam
996 3857 1096 3914 Dei
1141 3857 1339 3924 Patris,
1384 3874 1480 3928 per
1521 3859 1795 3913 lavacrum

217 3949 674 4020 regenerationis,
732 3961 787 4007 et
837 3955 1250 4010 renovationem
1316 3954 1553 4026 Spiritus
1599 3955 1794 4023 sancti,

214 4052 362 4106 quem
391 4041 588 4098 etl'udit
615 4058 784 4115 super
816 4060 919 4101 nos
947 4048 1164 4104 abunde
1186 4065 1283 4119 per
1301 4048 1486 4105 Jcsum
1517 4050 1797 4104 Christum

215 4128 541 4192 Salvatorem
602 4146 883 4207 nostrum,
927 4137 956 4179 δ
1000 4141 1320 4210 justiﬁeavit
1375 4157 1475 4198 nos
1529 4144 1580 4197 in
1630 4145 1796 4197 vitam

215 4234 482 4284 sternam.
527 4229 688 4287 Salus
734 4232 1095 4300 credentium,
1131 4235 1452 4306 mysterium
1513 4235 1798 4290 Trinitatis

221 4329 312 4375 est.
345 4321 456 4378 Alii
478 4325 620 4380 hunc
643 4325 821 4381 locum
853 4327 930 4382 ita
953 4327 1284 4399 intelligunt,
1311 4339 1372 4385 ut
1399 4346 1507 4386 non
1537 4332 1603 4387 de
1629 4333 1798 4388 Paulo

214 4420 266 4516 et
293 4416 576 4484 apostolis,
609 4419 708 4474 sed
757 4421 858 4475 sub
888 4423 1267 4491 apostolorum
1299 4441 1555 4495 persona,
1582 4426 1648 4481 de
1677 4427 1799 4481 aliis

215 4504 407 4564 dictum
457 4519 698 4582 putent:
738 4522 799 4568 ut
838 4515 1113 4584 quomodo
1155 4517 1256 4572 sub
1301 4533 1537 4588 persttna
1592 4536 1710 4585 sua,
1744 4529 1798 4574 et

211 4597 425 4673 Apollo,
456 4612 512 4660 et
537 4603 739 4676 Cephm
761 4606 831 4664 de
856 4608 1200 4666 dissensione
1228 4621 1282 4667 et
1313 4611 1629 4680 schismate,
1655 4615 1798 4681 quod

211 4696 469 4796 arguebat
499 4699 554 4796 in
581 4699 890 4756 Corinthiis
912 4703 1073 4774 733
1106 4712 1190 4760 est
1231 4705 1446 4760 loeutus
1476 4725 1488 4760 :
1520 4706 1592 4760 ita
1626 4710 1788 4762 etiam

209 4792 259 4840 in
307 4792 557 4858 praesenti
583 4792 728 4858 loco,
760 4809 822 4849 se
851 4803 908 4850 et
943 4796 1222 4864 apostolos
1263 4801 1576 4869 nominans,
1610 4815 1802 4858 omnes

209 4882 294 4952 qui
326 4885 380 4938 in
409 4882 631 4942 Christo
663 4887 1037 4956 crediderant,
1071 4893 1262 4961 quales
1305 4893 1510 4949 fuerint
1553 4906 1679 4950 ante
1713 4912 1803 4950 re-

205 4979 610 5044 generationem
642 4981 844 5037 lavacri
877 4984 1082 5051 vitalis,
1117 4987 1443 5044 ostenderit.
1470 4987 1644 5044 Sitnttl
1701 5005 1801 5045 au-

209 5075 311 5122 tem
343 5079 402 5124 et
434 5070 713 5129 humilitas
739 5074 860 5144 ejus
887 5086 971 5132 est
996 5078 1340 5151 admiranda,
1368 5084 1512 5153 quod
1551 5086 1640 5157 qui
1683 5103 1803 5140 0m-

207 5166 727 5269 nembutnilitatem
758 5169 866 5244 [AL
894 5174 1214 5248 utilitatem]
1243 5177 1617 5252 iustitiamque
1639 5180 1800 5254 Legis

206 5259 711 5361 quasihqnisquilias
730 5274 784 5320 et
810 5277 1161 5336 purgamenta
1185 5273 1535 5342 contempsit,
1560 5288 1710 5330 reete
1742 5289 1802 5331 se

209 5351 324 5408 sine
351 5351 578 5412 Christo
601 5359 750 5414 vitiis
775 5361 1028 5417 omnibus
1051 5365 1290 5420 servisse
1313 5369 1652 5423 memorarit.

278 5445 466 5516 (Vers.
487 5448 566 5522 8.)
594 5447 804 5507 Fidelis
823 5470 1012 5522 sermo,
1037 5465 1084 5510 et
1106 5457 1170 5512 de
1190 5458 1268 5512 Itis
1291 5461 1404 5514 volo
1427 5470 1475 5514 te
1498 5463 1806 5532 conﬁrmare

210 5535 320 5609 [AL
345 5541 620 5618 affirmare]
646 5588 660 5612 ,
695 5559 755 5602 ut
785 5566 963 5604 curant
989 5550 1213 5609 Itabeaut
1240 5555 1382 5611 bonis
1409 5559 1647 5628 operibus
1671 5575 1805 5631 prte-

209 5645 322 5686 esse
351 5636 444 5705 qui
469 5639 686 5695 credunt
715 5642 768 5697 in
796 5641 1047 5700 Domino.
1073 5645 1204 5702 Haec
1234 5651 1368 5705 bona
1399 5662 1538 5719 sunt,
1575 5663 1619 5706 et
1648 5654 1798 5709 utilia

253 5819 305 5914 ζ’
344 5820 543 5881 Vitiose
573 5841 740 5898 penes
773 5827 1145 5886 Martianaeum
1175 5829 1470 5897 legehttur,
1505 5831 1723 5922 portari.

1163 5947 1724 6011 ιωωωό

1723 5893 1874 5947 λεν,
1907 5919 1968 5928 -.

1905 1881 2168 1951 utiliaque
2194 1876 2572 1934 credentibus.

1973 1975 2158 2048 (Vers.
2186 1974 2266 2044 9.)
2296 1971 2497 2028 Stultas
2517 1978 2688 2024 autent
2709 1965 3043 2040 quaestiones,
3068 1971 3117 2018 et
3139 1960 3499 2035 genealogias,

1901 2079 1952 2126 et
1973 2068 2342 2132 contentiones,
2367 2074 2416 2119 et
2440 2081 2638 2135 pugnas
2661 2077 2775 2132 qua:
2798 2059 3006 2113 veniunt
3029 2073 3092 2111 ex
3112 2054 3270 2126 Lege,
3296 2054 3462 2107 devita
3483 2066 3503 2106 :

1902 2163 2042 2220 Sunt
2071 2164 2257 2235 quippe
2283 2158 2494 2214 inutiles
2522 2164 2569 2210 et
2598 2169 2762 2208 rana}.
2797 2152 2936 2220 Quia
2967 2148 3301 2218 multiplices
3330 2155 3386 2201 et
3413 2144 3505 2198 di-

1902 2279 2075 2320 versa:
2105 2273 2230 2319 sunt
2257 2257 2588 2329 qumstiones
2612 2296 2628 2320 ,
2671 2259 2964 2321 propterea
3009 2244 3266 2302 Salomon
3301 2241 3368 2296 de
3415 2239 3500 2294 his

1901 2363 1993 2435 qui
2020 2366 2268 2432 quzerunt
2301 2355 2494 2415 Deum,
2520 2350 2736 2404 locutus
2759 2354 2863 2410 est,
2889 2343 3078 2397 dicens
3103 2358 3116 2393 :
3141 2339 3296 2393 Recte
3321 2343 3500 2388 autem

1901 2461 2184 2524 qurerenles
2207 2463 2343 2512 eum,
2367 2446 2668 2497 invenerunt
2689 2451 2872 2511 pacent
2898 2431 3080 2506 (Prov.
3109 2444 3229 2493 vttt,
3254 2427 3370 2499 55).
3395 2425 3500 2491 Qui

1902 2547 2068 2619 igitur
2090 2545 2260 2599 Deum
2287 2555 2393 2594 non
2419 2545 2567 2593 recte
2595 2540 2870 2604 quaerunt,
2904 2540 3094 2598 pacem
3121 2520 3368 2577 invenire
3391 2535 3502 2573 non

1902 2617 2149 2711 possunt.
2166 2634 2409 2690 Plurima
2429 2628 2677 2698 exempla
2696 2633 2820 2680 sunt
2839 2617 3200 2694 quaerentium
3223 2628 3331 2669 non
3347 2622 3502 2666 recte

1904 2736 2094 2792 Deum.
2115 2735 2287 2790 Judrei
2314 2743 2476 2798 prave
2498 2721 2954 2796 quzeruntDeum,
2981 2721 3266 2788 sperantes
3288 2724 3348 2764 se
3370 2722 3498 2763 eum

1901 2834 2146 2890 invenire
2164 2843 2323 2902 posse
2338 2827 2455 2881 sine
2469 2819 2710 2877 Christo.
2733 2811 3002 2879 llasretici,
3017 2821 3160 2863 vano
3183 2815 3498 2859 sermonum

1901 2927 2128 2997 strepitu
2158 2897 2555 2988 concrepantes
2575 2958 2588 2982 ,
2634 2915 2886 2982 qumrunt
2914 2917 3074 2976 quem
3106 2897 3354 2955 invenire
3384 2906 3497 2948 non

1902 2985 2152 3093 possunt.
2181 2985 2504 3082 PhilosOphi
2534 3020 2747 3077 quoque
2777 3010 2835 3057 et
2861 2996 3075 3055 barbari
3106 2993 3173 3049 de
3202 2991 3313 3045 Deo
3346 2985 3501 3042 varia

1901 3088 2203 3174 sentientes
2227 3153 2242 3178 ,
2291 3107 2633 3179 quaesierunt
2671 3101 2864 3153 Deum.
2907 3093 3015 3150 Sed
3047 3090 3170 3160 quia
3199 3101 3312 3140 non
3343 3088 3500 3138 recte

1902 3213 2239 3286 quzesierunt
2265 3248 2280 3274 ,
2321 3202 2545 3257 fuerunt
2575 3210 2762 3251 eorum
2798 3189 2960 3244 fatuae
2989 3180 3325 3286 qumStiones
3349 3219 3363 3244 ,
3392 3190 3500 3286 pit.-

1904 3265 2133 3362 :altlllllll
2153 3301 2322 3354 Deum
2349 3293 2603 3349 humanis
2623 3285 2879 3344 sensibus
2904 3294 3064 3352 posse
3085 3265 3496 3343 comprehendi.

1901 3403 1984 3461 Ab
2016 3401 2101 3456 his
2135 3399 2302 3469 igitur
2330 3391 2530 3446 Paulus
2558 3400 2655 3440 nos
2687 3388 2911 3436 revocat
2938 3367 3351 3444 quaestionibus.
3382 3361 3502 3416 Ca:-

1901 3509 2077 3556 tcrum
2120 3456 2187 3548 ad
2229 3489 2545 3559 sapientes,
2587 3491 2641 3536 et
2665 3491 2786 3548 qua:
2809 3472 3212 3542 Scripturarum
3256 3456 3503 3516 auctori—

1899 3601 2011 3648 tate
2039 3583 2204 3661 734l
2229 3555 2360 3638 sunt
2391 3578 2559 3638 fultae,
2595 3571 2765 3640 magis
2791 3564 3110 3622 cohortatur
3138 3565 3195 3612 et
3215 3555 3502 3627 provocat,

1901 3693 2300 3758 praeceptorum
2326 3689 2433 3729 non
2461 3667 2677 3726 nescius
2701 3657 3008 3719 Salvatoris
3029 3695 3043 3719 ,
3075 3653 3128 3708 in
3160 3649 3356 3720 quibus
3383 3644 3460 3696 ait
3484 3658 3500 3696 :

1905 3737 2132 3851 bnrerite
2163 3785 2209 3830 et
2235 3769 2527 3830 invenietis,
2558 3762 2760 3835 pulsate
2788 3764 2834 3808 et
2863 3752 3130 3823 aperietur
3153 3743 3314 3807 vobis,
3347 3737 3502 3851 petite

1902 3829 1948 3932 Σ
1980 3873 2194 3927 dabitur
2223 3867 2388 3921 vobis.
2423 3859 2608 3915 Omnis
2639 3855 2770 3909 enim
2800 3849 2888 3922 qui
2919 3842 3098 3915 (Interit
3129 3836 3321 3892 invenit
3365 3829 3498 3902 (Al.

1899 3924 2168 4038 inveniet],
2190 3971 2235 4015 et
2265 3960 2353 4031 qui
2379 3957 2504 4030 petit
2521 3950 2710 4021 accipit
2732 3934 3121 4038 [ALaccipiet],
3145 3941 3190 3986 et
3213 3929 3302 4001 qui
3321 3924 3498 3997 pulsat

1901 4029 2159 4136 aperietur
2185 4057 2230 4110 ei
2261 4029 2284 4124 (γ
2306 4029 2434 4105 Luc.
2475 4064 2553 4111 χι,
2583 4045 2645 4115 );
2689 4039 2853 4096 modo
2885 4049 2991 4088 non
3039 4029 3110 4082 sit
3146 4033 3347 4092 corpus
3393 4031 3500 4072 no-

1900 4119 2073 4212 slrum
2111 4148 2392 4206 subditum
2428 4139 2672 4215 peccatis
2698 4179 2713 4202 ,
2751 4140 2806 4188 et
2832 4123 3167 4198 ingredietur
3194 4119 3249 4215 in
3279 4127 3379 4215 nos
3407 4125 3502 4214 sa-

1903 4245 2127 4320 pientia.
2183 4202 2515 4294 Exerceatur
2544 4240 2742 4286 sensus
2769 4264 2784 4287 ,
2832 4232 2986 4274 mens
3025 4207 3270 4283 quOtidie
3313 4202 3504 4260 divina

1901 4301 2136 4400 lectione
2172 4341 2465 4406 pascatur:
2495 4334 2550 4381 et
2581 4319 2914 4388 quaestiones
2944 4318 3146 4366 nostrae
3175 4301 3357 4362 stulta:
3389 4311 3502 4352 non

1902 4443 2065 4494 erunt
2103 4393 2456 4504 quaestiones.
2487 4417 2642 4488 Quod
2673 4422 2855 4468 autem
2895 4406 2969 4460 ait
3009 4422 3019 4456 :
3065 4393 3412 4504 Genealoqias
3453 4397 3502 4444 et

1905 4485 2259 4586 contentiones
2289 4528 2335 4573 et
2364 4517 2510 4570 rixas
2534 4553 2548 4577 ,
2591 4523 2703 4581 qua:
2741 4501 2948 4558 veniunt
2979 4511 3040 4550 ex
3066 4492 3202 4563 Lege
3227 4531 3242 4555 ,
3288 4485 3458 4540 derita
3482 4523 3501 4550 ,

1907 4624 2128 4697 prOprie
2154 4617 2335 4690 pulsat
2360 4610 2602 4670 Judeeos,
2634 4601 2723 4673 qui
2750 4599 2805 4652 in
2831 4609 2898 4697 eo
2919 4607 2979 4646 se
2999 4582 3504 4697 jactant‘etputant

1904 4672 2066 4788 ieg'is
2096 4715 2300 4768 habere
2331 4702 2580 4761 notitiam
2615 4739 2632 4765 ,
2674 4696 2717 4749 si
2751 4688 2972 4746 nomina
3003 4686 3228 4737 teneant
3257 4672 3503 4745 singulo-

1906 4772 2025 4868 Qui}
2058 4826 2071 4863 :
2100 4821 2221 4878 qua:
2251 4803 2374 4871 quia
2409 4795 2642 4851 barbara
2671 4795 2818 4851 sunt,
2849 4791 2904 4836 et
2927 4772 3286 4849 etymologias
3307 4778 3504 4824 eorum

1907 4921 2013 4962 non
2036 4869 2318 4963 novimus,
2347 4892 2672 4963 plerumque
2694 4886 2956 4946 corrupte
2979 4869 3338 4942 proferuntur
3357 4877 3388 4916 a
3411 4873 3510 4913 no-

1907 5002 2015 5056 bis.
2049 4997 2115 5050 Et
2138 4993 2185 5048 si
2218 4990 2357 5045 forte
2389 4978 2754 5040 erraveritnns
2780 4970 2898 5045 [AL
2930 4958 3271 5030 erravimus]
3316 4955 3370 5009 in
3412 4965 3508 5055 ac-

1905 5101 2090 5152 centu,
2125 5087 2178 5142 in
2208 5080 2532 5141 extensione
2560 5086 2609 5128 et
2638 5068 2904 5124 brevitate
2925 5058 3172 5130 syllabas,
3199 5051 3286 5107 vel
3314 5043 3504 5152 brevia

1903 5183 2287 5258 producentes,
2307 5172 2396 5229 vel
2419 5169 2680 5241 producta
2704 5147 3252 5258 brevianteshsolent
3271 5137 3506 5258 irripere

1904 5231 2002 5334 llos
2030 5269 2340 5342 imperitiae,
2376 5263 2613 5318 maxime
2646 5259 2698 5309 in
2733 5241 3156 5319 aSpirationibus
3185 5247 3239 5292 et
3274 5231 3500 5303 quibus-

2054 5330 2177 5424 cum
2205 5330 2396 5419 rasura
2421 5357 2561 5428 gulae
2583 5348 2780 5407 litteris
2801 5330 3288 5429 proferendileoe
3313 5333 3503 5382 autent

1909 5469 2091 5524 evenit
2117 5459 2260 5531 quod
2289 5452 2434 5511 LXX
2465 5453 2793 5518 interpretes
2815 5483 2832 5509 ,
2873 5450 2968 5508 per
2999 5443 3136 5504 quos
3166 5422 3501 5529 itrGrazcum

1907 5517 2214 5618 sermonem
2245 5551 2354 5606 Lex
2384 5545 2564 5601 divina
2594 5517 2857 5594 translata
2884 5537 2991 5595 est,
3021 5517 3332 5594 specialiter
3355 5521 3505 5618 tam“

1907 5653 2146 5710 litteram
2179 5653 2233 5702 et
2262 5657 2372 5710 MN,
2406 5647 2465 5694 et
2491 5645 2720 5693 caeteras
2748 5617 3054 5684 istiusmodi
3087 5612 3237 5689 (quia
3260 5621 3384 5666 cum
3407 5603 3514 5658 duo

1982 5827 2009 5866 ι»
2035 5825 2196 5893 Olim,
2231 5821 2500 5908 t-n-iprarit
2534 5835 2543 5869 :
2579 5811 3080 5894 contradicentibus
3108 5821 3254 5864 mss.

2247 5885 2343 5942 κί’
3291 5885 3402 5916 t""
