  <div class='ocr_page' id='page_1' title='image "/cluster/home/n/w/nwhite01/storage/ocr_20150623/26/hvd.32044015471402/304.png"; bbox 0 0 3948 6334; ppageno 0'>
   <div class='ocr_carea' id='block_1_1' title="bbox 265 304 352 372">
    <p class='ocr_par' dir='ltr' id='par_1_1' title="bbox 265 304 352 372">
     <span class='ocr_line' id='line_1_1' title="bbox 265 304 352 372; baseline -0.046 0"><span class='ocrx_word' id='word_1_1' title='bbox 265 304 352 372; x_wconf 72' lang='lat'><strong>591</strong></span> 
     </span>
    </p>
   </div>
   <div class='ocr_carea' id='block_1_2' title="bbox 778 299 2976 377">
    <p class='ocr_par' dir='ltr' id='par_1_2' title="bbox 778 299 2976 377">
     <span class='ocr_line' id='line_1_2' title="bbox 778 299 2976 377; baseline 0.003 -15"><span class='ocrx_word' id='word_1_2' title='bbox 778 299 1435 364; x_wconf 70' lang='lat' dir='ltr'><strong>COMMENTARIORUM</strong></span> <span class='ocrx_word' id='word_1_3' title='bbox 1475 303 1543 364; x_wconf 88' lang='lat' dir='ltr'><strong>lN</strong></span> <span class='ocrx_word' id='word_1_4' title='bbox 1580 301 1980 377; x_wconf 70' lang='lat' dir='ltr'><strong>EPISTOLAM</strong></span> <span class='ocrx_word' id='word_1_5' title='bbox 2025 303 2123 367; x_wconf 81' lang='lat' dir='ltr'><strong>AD</strong></span> <span class='ocrx_word' id='word_1_6' title='bbox 2158 301 2376 367; x_wconf 78' lang='lat' dir='ltr'><strong>TITUM</strong></span> <span class='ocrx_word' id='word_1_7' title='bbox 2412 304 2646 369; x_wconf 80' lang='lat' dir='ltr'><strong>LIBER.</strong></span> <span class='ocrx_word' id='word_1_8' title='bbox 2684 304 2843 367; x_wconf 79' lang='lat' dir='ltr'><strong>CAP.</strong></span> <span class='ocrx_word' id='word_1_9' title='bbox 2882 306 2976 369; x_wconf 74' lang='lat' dir='ltr'><strong>lli.</strong></span> 
     </span>
    </p>
   </div>
   <div class='ocr_carea' id='block_1_3' title="bbox 264 419 3539 500">
    <p class='ocr_par' dir='ltr' id='par_1_3' title="bbox 264 419 3539 500">
     <span class='ocr_line' id='line_1_3' title="bbox 264 419 3539 500; baseline 0.002 -23"><span class='ocrx_word' id='word_1_10' title='bbox 264 423 400 500; x_wconf 77' lang='lat'><strong>737</strong></span> <span class='ocrx_word' id='word_1_11' title='bbox 422 420 640 496; x_wconf 61' lang='lat' dir='ltr'><strong>grediri</strong></span> <span class='ocrx_word' id='word_1_12' title='bbox 667 434 688 477; x_wconf 91' lang='lat'><strong><em>:</em></strong></span> <span class='ocrx_word' id='word_1_13' title='bbox 713 422 961 494; x_wconf 81' lang='lat' dir='ltr'><strong>quoniam</strong></span> <span class='ocrx_word' id='word_1_14' title='bbox 987 419 1218 494; x_wconf 69' lang='lat' dir='ltr'><strong>quintae</strong></span> <span class='ocrx_word' id='word_1_15' title='bbox 1245 433 1441 496; x_wconf 83' lang='lat' dir='ltr'><strong>agunt,</strong></span> <span class='ocrx_word' id='word_1_16' title='bbox 1472 439 1695 497; x_wconf 83' lang='lat' dir='ltr'><strong>regnum</strong></span> <span class='ocrx_word' id='word_1_17' title='bbox 1726 421 1826 480; x_wconf 89' lang='lat' dir='ltr'><strong>Dei</strong></span> <span class='ocrx_word' id='word_1_18' title='bbox 1853 424 1909 490; x_wconf 79' lang='grc' dir='ltr'><strong>Α</strong></span> <span class='ocrx_word' id='word_1_19' title='bbox 1928 423 2219 481; x_wconf 88' lang='lat' dir='ltr'><strong>damnatus</strong></span> <span class='ocrx_word' id='word_1_20' title='bbox 2253 441 2265 482; x_wconf 71' lang='grc' dir='ltr'><em>τ</em></span> <span class='ocrx_word' id='word_1_21' title='bbox 2313 425 2442 498; x_wconf 82' lang='lat' dir='ltr'><strong>quia</strong></span> <span class='ocrx_word' id='word_1_22' title='bbox 2472 424 2799 497; x_wconf 76' lang='lat' dir='ltr'><strong>fornicator,</strong></span> <span class='ocrx_word' id='word_1_23' title='bbox 2842 425 3082 499; x_wconf 77' lang='lat' dir='ltr'><strong>adulter,</strong></span> <span class='ocrx_word' id='word_1_24' title='bbox 3131 425 3406 486; x_wconf 82' lang='lat' dir='ltr'><strong>homicida</strong></span> <span class='ocrx_word' id='word_1_25' title='bbox 3432 469 3448 496; x_wconf 93' lang='lat'><strong>,</strong></span> <span class='ocrx_word' id='word_1_26' title='bbox 3481 440 3539 487; x_wconf 88' lang='lat' dir='ltr'><strong>et</strong></span> 
     </span>
    </p>
   </div>
   <div class='ocr_carea' id='block_1_4' title="bbox 260 514 1828 590">
    <p class='ocr_par' dir='ltr' id='par_1_4' title="bbox 260 514 1828 590">
     <span class='ocr_line' id='line_1_4' title="bbox 260 514 1828 590; baseline -0.002 -15"><span class='ocrx_word' id='word_1_27' title='bbox 260 535 347 576; x_wconf 74' lang='lat' dir='ltr'><strong>non</strong></span> <span class='ocrx_word' id='word_1_28' title='bbox 363 515 684 588; x_wconf 76' lang='lat' dir='ltr'><strong>possidebunt</strong></span> <span class='ocrx_word' id='word_1_29' title='bbox 705 514 855 590; x_wconf 84' lang='lat' dir='ltr'><strong>(Gal.</strong></span> <span class='ocrx_word' id='word_1_30' title='bbox 874 530 931 584; x_wconf 74' lang='grc' dir='ltr'><strong>ν,</strong></span> <span class='ocrx_word' id='word_1_31' title='bbox 951 515 1018 572; x_wconf 78' lang='grc'><strong>19</strong></span> <span class='ocrx_word' id='word_1_32' title='bbox 1034 514 1220 588; x_wconf 85' lang='lat' dir='ltr'><strong>seqq.).</strong></span> <span class='ocrx_word' id='word_1_33' title='bbox 1244 515 1305 570; x_wconf 94' lang='lat' dir='ltr'><strong>ln</strong></span> <span class='ocrx_word' id='word_1_34' title='bbox 1325 516 1521 587; x_wconf 84' lang='lat' dir='ltr'><strong>quibus</strong></span> <span class='ocrx_word' id='word_1_35' title='bbox 1539 516 1828 589; x_wconf 87' lang='lat' dir='ltr'><strong>diligenter</strong></span> 
     </span>
    </p>
   </div>
   <div class='ocr_carea' id='block_1_5' title="bbox 261 607 1828 680">
    <p class='ocr_par' dir='ltr' id='par_1_5' title="bbox 261 607 1828 680">
     <span class='ocr_line' id='line_1_5' title="bbox 261 607 1828 680; baseline -0.001 -14"><span class='ocrx_word' id='word_1_36' title='bbox 261 619 333 667; x_wconf 89' lang='lat' dir='ltr'><strong>est</strong></span> <span class='ocrx_word' id='word_1_37' title='bbox 355 608 737 666; x_wconf 78' lang='lat' dir='ltr'><strong>observandum</strong></span> <span class='ocrx_word' id='word_1_38' title='bbox 756 650 771 676; x_wconf 88' lang='lat'><strong>,</strong></span> <span class='ocrx_word' id='word_1_39' title='bbox 796 607 945 680; x_wconf 90' lang='lat' dir='ltr'><strong>quod</strong></span> <span class='ocrx_word' id='word_1_40' title='bbox 967 607 1243 679; x_wconf 88' lang='lat' dir='ltr'><strong>quomodo</strong></span> <span class='ocrx_word' id='word_1_41' title='bbox 1271 619 1472 665; x_wconf 60' lang='lat' dir='ltr'><strong>cetera</strong></span> <span class='ocrx_word' id='word_1_42' title='bbox 1499 610 1633 664; x_wconf 83' lang='lat' dir='ltr'><strong>vitia</strong></span> <span class='ocrx_word' id='word_1_43' title='bbox 1657 653 1671 679; x_wconf 91' lang='lat'><strong>,</strong></span> <span class='ocrx_word' id='word_1_44' title='bbox 1704 623 1828 680; x_wconf 63' lang='lat' dir='ltr'><strong>qua:</strong></span> 
     </span>
    </p>
   </div>
   <div class='ocr_carea' id='block_1_6' title="bbox 259 699 1827 774">
    <p class='ocr_par' dir='ltr' id='par_1_6' title="bbox 259 699 1827 774">
     <span class='ocr_line' id='line_1_6' title="bbox 259 699 1827 774; baseline -0.001 -13"><span class='ocrx_word' id='word_1_45' title='bbox 259 705 380 762; x_wconf 88' lang='lat' dir='ltr'><strong>inter</strong></span> <span class='ocrx_word' id='word_1_46' title='bbox 417 699 595 758; x_wconf 84' lang='lat' dir='ltr'><strong>carnis</strong></span> <span class='ocrx_word' id='word_1_47' title='bbox 633 715 804 774; x_wconf 85' lang='lat' dir='ltr'><strong>opera</strong></span> <span class='ocrx_word' id='word_1_48' title='bbox 844 709 1130 759; x_wconf 86' lang='lat' dir='ltr'><strong>numerata</strong></span> <span class='ocrx_word' id='word_1_49' title='bbox 1170 708 1334 770; x_wconf 88' lang='lat' dir='ltr'><strong>sunt,</strong></span> <span class='ocrx_word' id='word_1_50' title='bbox 1381 701 1682 759; x_wconf 75' lang='lat' dir='ltr'><strong>excludunt</strong></span> <span class='ocrx_word' id='word_1_51' title='bbox 1721 716 1827 759; x_wconf 91' lang='lat' dir='ltr'><strong>nos</strong></span> 
     </span>
    </p>
   </div>
   <div class='ocr_carea' id='block_1_7' title="bbox 260 795 1826 872">
    <p class='ocr_par' dir='ltr' id='par_1_7' title="bbox 260 795 1826 872">
     <span class='ocr_line' id='line_1_7' title="bbox 260 795 1826 872; baseline 0.001 -19"><span class='ocrx_word' id='word_1_52' title='bbox 260 795 741 872; x_wconf 77' lang='lat' dir='ltr'><strong>[ALesclttduntur]</strong></span> <span class='ocrx_word' id='word_1_53' title='bbox 771 811 802 852; x_wconf 88' lang='lat' dir='ltr'><strong>a</strong></span> <span class='ocrx_word' id='word_1_54' title='bbox 831 811 1006 869; x_wconf 86' lang='lat' dir='ltr'><strong>regno</strong></span> <span class='ocrx_word' id='word_1_55' title='bbox 1036 797 1130 852; x_wconf 89' lang='lat' dir='ltr'><strong>Dei</strong></span> <span class='ocrx_word' id='word_1_56' title='bbox 1165 814 1181 851; x_wconf 88' lang='lat'><strong>:</strong></span> <span class='ocrx_word' id='word_1_57' title='bbox 1208 797 1287 852; x_wconf 89' lang='lat' dir='ltr'><strong>ita</strong></span> <span class='ocrx_word' id='word_1_58' title='bbox 1312 797 1483 853; x_wconf 89' lang='lat' dir='ltr'><strong>etiam</strong></span> <span class='ocrx_word' id='word_1_59' title='bbox 1523 797 1680 853; x_wconf 89' lang='lat' dir='ltr'><strong>nobis</strong></span> <span class='ocrx_word' id='word_1_60' title='bbox 1710 797 1826 854; x_wconf 69' lang='lat' dir='ltr'><strong>hie-</strong></span> 
     </span>
    </p>
   </div>
   <div class='ocr_carea' id='block_1_8' title="bbox 257 882 1827 962">
    <p class='ocr_par' dir='ltr' id='par_1_8' title="bbox 257 882 1827 962">
     <span class='ocr_line' id='line_1_8' title="bbox 257 882 1827 962; baseline -0.001 -13"><span class='ocrx_word' id='word_1_61' title='bbox 257 889 641 949; x_wconf 81' lang='lat' dir='ltr'><strong>resesauferant</strong></span> <span class='ocrx_word' id='word_1_62' title='bbox 660 903 892 962; x_wconf 85' lang='lat' dir='ltr'><strong>regnum</strong></span> <span class='ocrx_word' id='word_1_63' title='bbox 920 889 1055 957; x_wconf 87' lang='lat' dir='ltr'><strong>Dei;</strong></span> <span class='ocrx_word' id='word_1_64' title='bbox 1086 896 1143 945; x_wconf 89' lang='lat' dir='ltr'><strong>et</strong></span> <span class='ocrx_word' id='word_1_65' title='bbox 1167 905 1274 945; x_wconf 91' lang='lat' dir='ltr'><strong>non</strong></span> <span class='ocrx_word' id='word_1_66' title='bbox 1299 891 1531 947; x_wconf 79' lang='lat' dir='ltr'><strong>interest</strong></span> <span class='ocrx_word' id='word_1_67' title='bbox 1553 882 1827 961; x_wconf 88' lang='lat' dir='ltr'><strong>quomodo</strong></span> 
     </span>
    </p>
   </div>
   <div class='ocr_carea' id='block_1_9' title="bbox 258 984 1823 1056">
    <p class='ocr_par' dir='ltr' id='par_1_9' title="bbox 258 984 1823 1056">
     <span class='ocr_line' id='line_1_9' title="bbox 258 984 1823 1056; baseline -0.002 -13"><span class='ocrx_word' id='word_1_68' title='bbox 258 986 379 1056; x_wconf 85' lang='lat' dir='ltr'><strong>quis,</strong></span> <span class='ocrx_word' id='word_1_69' title='bbox 406 984 526 1040; x_wconf 88' lang='lat' dir='ltr'><strong>dum</strong></span> <span class='ocrx_word' id='word_1_70' title='bbox 557 992 771 1040; x_wconf 89' lang='lat' dir='ltr'><strong>tantum</strong></span> <span class='ocrx_word' id='word_1_71' title='bbox 801 984 1129 1041; x_wconf 79' lang='lat' dir='ltr'><strong>excludatur</strong></span> <span class='ocrx_word' id='word_1_72' title='bbox 1157 1000 1185 1038; x_wconf 87' lang='lat' dir='ltr'><strong>a</strong></span> <span class='ocrx_word' id='word_1_73' title='bbox 1214 999 1407 1056; x_wconf 87' lang='lat' dir='ltr'><strong>regno.</strong></span> <span class='ocrx_word' id='word_1_74' title='bbox 1440 985 1595 1055; x_wconf 85' lang='lat' dir='ltr'><strong>Quod</strong></span> <span class='ocrx_word' id='word_1_75' title='bbox 1640 994 1823 1040; x_wconf 86' lang='lat' dir='ltr'><strong>autem</strong></span> 
     </span>
    </p>
   </div>
   <div class='ocr_carea' id='block_1_10' title="bbox 257 1068 1827 1151">
    <p class='ocr_par' dir='ltr' id='par_1_10' title="bbox 257 1068 1827 1151">
     <span class='ocr_line' id='line_1_10' title="bbox 257 1068 1827 1151; baseline -0.001 -16"><span class='ocrx_word' id='word_1_76' title='bbox 257 1079 403 1151; x_wconf 80' lang='lat' dir='ltr'><strong>magis</strong></span> <span class='ocrx_word' id='word_1_77' title='bbox 425 1080 618 1134; x_wconf 91' lang='lat' dir='ltr'><strong>mirum</strong></span> <span class='ocrx_word' id='word_1_78' title='bbox 649 1079 722 1134; x_wconf 90' lang='lat' dir='ltr'><strong>sit</strong></span> <span class='ocrx_word' id='word_1_79' title='bbox 752 1078 916 1134; x_wconf 89' lang='lat' dir='ltr'><strong>etiam</strong></span> <span class='ocrx_word' id='word_1_80' title='bbox 947 1077 1083 1133; x_wconf 92' lang='lat' dir='ltr'><strong>illud</strong></span> <span class='ocrx_word' id='word_1_81' title='bbox 1111 1078 1179 1134; x_wconf 88' lang='lat' dir='ltr'><strong>de</strong></span> <span class='ocrx_word' id='word_1_82' title='bbox 1204 1078 1429 1135; x_wconf 80' lang='lat' dir='ltr'><strong>Actibus</strong></span> <span class='ocrx_word' id='word_1_83' title='bbox 1456 1068 1827 1149; x_wconf 83' lang='lat' dir='ltr'><strong>apostolorum</strong></span> 
     </span>
    </p>
   </div>
   <div class='ocr_carea' id='block_1_11' title="bbox 255 1169 1826 1242">
    <p class='ocr_par' dir='ltr' id='par_1_11' title="bbox 255 1169 1826 1242">
     <span class='ocr_line' id='line_1_11' title="bbox 255 1169 1826 1242; baseline -0.001 -15"><span class='ocrx_word' id='word_1_84' title='bbox 255 1169 439 1228; x_wconf 81' lang='lat' dir='ltr'><strong>videtur</strong></span> <span class='ocrx_word' id='word_1_85' title='bbox 450 1184 575 1227; x_wconf 87' lang='lat' dir='ltr'><strong>esse</strong></span> <span class='ocrx_word' id='word_1_86' title='bbox 586 1170 967 1242; x_wconf 84' lang='lat' dir='ltr'><strong>relegendum,</strong></span> <span class='ocrx_word' id='word_1_87' title='bbox 992 1170 1155 1226; x_wconf 82' lang='lat' dir='ltr'><strong>iidem</strong></span> <span class='ocrx_word' id='word_1_88' title='bbox 1178 1180 1422 1227; x_wconf 87' lang='lat' dir='ltr'><strong>nostram</strong></span> <span class='ocrx_word' id='word_1_89' title='bbox 1447 1171 1502 1226; x_wconf 88' lang='lat' dir='ltr'><strong>in</strong></span> <span class='ocrx_word' id='word_1_90' title='bbox 1524 1169 1826 1239; x_wconf 87' lang='lat' dir='ltr'><strong>Christum,</strong></span> 
     </span>
    </p>
   </div>
   <div class='ocr_carea' id='block_1_12' title="bbox 254 1261 1829 1336">
    <p class='ocr_par' dir='ltr' id='par_1_12' title="bbox 254 1261 1829 1336">
     <span class='ocr_line' id='line_1_12' title="bbox 254 1261 1829 1336; baseline 0.001 -17"><span class='ocrx_word' id='word_1_91' title='bbox 254 1272 303 1319; x_wconf 83' lang='lat' dir='ltr'><strong>et</strong></span> <span class='ocrx_word' id='word_1_92' title='bbox 338 1261 770 1319; x_wconf 77' lang='lat' dir='ltr'><strong>Ecclesiasticam</strong></span> <span class='ocrx_word' id='word_1_93' title='bbox 800 1263 1148 1336; x_wconf 88' lang='lat' dir='ltr'><strong>disciplinam</strong></span> <span class='ocrx_word' id='word_1_94' title='bbox 1177 1307 1193 1333; x_wconf 93' lang='lat'><strong>,</strong></span> <span class='ocrx_word' id='word_1_95' title='bbox 1232 1265 1345 1335; x_wconf 87' lang='lat' dir='ltr'><strong>jam</strong></span> <span class='ocrx_word' id='word_1_96' title='bbox 1376 1270 1511 1320; x_wconf 88' lang='lat' dir='ltr'><strong>tunc</strong></span> <span class='ocrx_word' id='word_1_97' title='bbox 1539 1281 1570 1320; x_wconf 89' lang='lat' dir='ltr'><strong>a</strong></span> <span class='ocrx_word' id='word_1_98' title='bbox 1606 1280 1829 1336; x_wconf 87' lang='lat' dir='ltr'><strong>perver-</strong></span> 
     </span>
    </p>
   </div>
   <div class='ocr_carea' id='block_1_13' title="bbox 255 1345 1827 1429">
    <p class='ocr_par' dir='ltr' id='par_1_13' title="bbox 255 1345 1827 1429">
     <span class='ocr_line' id='line_1_13' title="bbox 255 1345 1827 1429; baseline 0.001 -15"><span class='ocrx_word' id='word_1_99' title='bbox 255 1356 319 1414; x_wconf 83' lang='lat' dir='ltr'><strong>sis</strong></span> <span class='ocrx_word' id='word_1_100' title='bbox 340 1356 639 1415; x_wconf 87' lang='lat' dir='ltr'><strong>hominibus</strong></span> <span class='ocrx_word' id='word_1_101' title='bbox 685 1357 942 1416; x_wconf 65' lang='lat' dir='ltr'><strong>haeresim</strong></span> <span class='ocrx_word' id='word_1_102' title='bbox 992 1345 1378 1429; x_wconf 80' lang='lat' dir='ltr'><strong>nuncupatam.</strong></span> <span class='ocrx_word' id='word_1_103' title='bbox 1405 1357 1520 1415; x_wconf 83' lang='lat' dir='ltr'><strong>Nos</strong></span> <span class='ocrx_word' id='word_1_104' title='bbox 1554 1361 1717 1427; x_wconf 87' lang='lat' dir='ltr'><strong>enim,</strong></span> <span class='ocrx_word' id='word_1_105' title='bbox 1745 1362 1827 1416; x_wconf 91' lang='lat' dir='ltr'><strong>in-</strong></span> 
     </span>
    </p>
   </div>
   <div class='ocr_carea' id='block_1_14' title="bbox 252 1444 1828 1522">
    <p class='ocr_par' dir='ltr' id='par_1_14' title="bbox 252 1444 1828 1522">
     <span class='ocr_line' id='line_1_14' title="bbox 252 1444 1828 1522; baseline 0.001 -17"><span class='ocrx_word' id='word_1_106' title='bbox 252 1444 420 1522; x_wconf 84' lang='lat' dir='ltr'><strong>quiunt</strong></span> <span class='ocrx_word' id='word_1_107' title='bbox 441 1449 613 1507; x_wconf 69' lang='lat' dir='ltr'><strong>Judaei</strong></span> <span class='ocrx_word' id='word_1_108' title='bbox 634 1450 703 1506; x_wconf 86' lang='lat' dir='ltr'><strong>ad</strong></span> <span class='ocrx_word' id='word_1_109' title='bbox 735 1451 1043 1520; x_wconf 74' lang='lat' dir='ltr'><strong>apostolum</strong></span> <span class='ocrx_word' id='word_1_110' title='bbox 1065 1451 1317 1522; x_wconf 83' lang='lat' dir='ltr'><strong>Paulum,</strong></span> <span class='ocrx_word' id='word_1_111' title='bbox 1350 1468 1445 1507; x_wconf 83' lang='lat' dir='ltr'><strong>nec</strong></span> <span class='ocrx_word' id='word_1_112' title='bbox 1477 1450 1679 1508; x_wconf 76' lang='lat' dir='ltr'><strong>litteras</strong></span> <span class='ocrx_word' id='word_1_113' title='bbox 1707 1469 1740 1507; x_wconf 93' lang='lat' dir='ltr'><strong>a</strong></span> <span class='ocrx_word' id='word_1_114' title='bbox 1781 1462 1828 1506; x_wconf 89' lang='lat' dir='ltr'><strong>te</strong></span> 
     </span>
    </p>
   </div>
   <div class='ocr_carea' id='block_1_15' title="bbox 252 1541 1827 1617">
    <p class='ocr_par' dir='ltr' id='par_1_15' title="bbox 252 1541 1827 1617">
     <span class='ocr_line' id='line_1_15' title="bbox 252 1541 1827 1617; baseline 0.003 -20"><span class='ocrx_word' id='word_1_115' title='bbox 252 1542 510 1612; x_wconf 73' lang='lat' dir='ltr'><strong>accepimus</strong></span> <span class='ocrx_word' id='word_1_116' title='bbox 552 1544 620 1599; x_wconf 87' lang='lat' dir='ltr'><strong>de</strong></span> <span class='ocrx_word' id='word_1_117' title='bbox 656 1541 853 1599; x_wconf 68' lang='lat' dir='ltr'><strong>Iudae</strong></span> <span class='ocrx_word' id='word_1_118' title='bbox 879 1543 987 1617; x_wconf 76' lang='lat' dir='ltr'><strong>[AL</strong></span> <span class='ocrx_word' id='word_1_119' title='bbox 1017 1543 1084 1598; x_wconf 86' lang='lat' dir='ltr'><strong>de</strong></span> <span class='ocrx_word' id='word_1_120' title='bbox 1114 1548 1236 1600; x_wconf 85' lang='lat' dir='ltr'><strong>&#39;te...</strong></span> <span class='ocrx_word' id='word_1_121' title='bbox 1274 1560 1307 1598; x_wconf 89' lang='lat' dir='ltr'><strong>a</strong></span> <span class='ocrx_word' id='word_1_122' title='bbox 1336 1542 1570 1617; x_wconf 75' lang='lat' dir='ltr'><strong>Judtea],</strong></span> <span class='ocrx_word' id='word_1_123' title='bbox 1620 1562 1715 1602; x_wconf 89' lang='lat' dir='ltr'><strong>nec</strong></span> <span class='ocrx_word' id='word_1_124' title='bbox 1740 1561 1827 1601; x_wconf 79' lang='lat' dir='ltr'><strong>ue-</strong></span> 
     </span>
    </p>
   </div>
   <div class='ocr_carea' id='block_1_16' title="bbox 252 1636 1829 1709">
    <p class='ocr_par' dir='ltr' id='par_1_16' title="bbox 252 1636 1829 1709">
     <span class='ocr_line' id='line_1_16' title="bbox 252 1636 1829 1709; baseline 0.003 -19"><span class='ocrx_word' id='word_1_125' title='bbox 252 1636 376 1691; x_wconf 77' lang='lat' dir='ltr'><strong>niens</strong></span> <span class='ocrx_word' id='word_1_126' title='bbox 396 1637 504 1708; x_wconf 81' lang='lat' dir='ltr'><strong>quis</strong></span> <span class='ocrx_word' id='word_1_127' title='bbox 531 1636 600 1691; x_wconf 84' lang='lat' dir='ltr'><strong>de</strong></span> <span class='ocrx_word' id='word_1_128' title='bbox 630 1636 886 1709; x_wconf 73' lang='lat' dir='ltr'><strong>fratribus</strong></span> <span class='ocrx_word' id='word_1_129' title='bbox 911 1637 1242 1693; x_wconf 77' lang='lat' dir='ltr'><strong>annuntiauit</strong></span> <span class='ocrx_word' id='word_1_130' title='bbox 1278 1638 1462 1707; x_wconf 80' lang='lat' dir='ltr'><strong>nobis,</strong></span> <span class='ocrx_word' id='word_1_131' title='bbox 1492 1647 1583 1693; x_wconf 87' lang='lat' dir='ltr'><strong>aut</strong></span> <span class='ocrx_word' id='word_1_132' title='bbox 1623 1638 1829 1694; x_wconf 84' lang='lat' dir='ltr'><strong>loeutus</strong></span> 
     </span>
    </p>
   </div>
   <div class='ocr_carea' id='block_1_17' title="bbox 251 1728 1829 1802">
    <p class='ocr_par' dir='ltr' id='par_1_17' title="bbox 251 1728 1829 1802">
     <span class='ocr_line' id='line_1_17' title="bbox 251 1728 1829 1802; baseline 0.001 -17"><span class='ocrx_word' id='word_1_133' title='bbox 251 1739 315 1785; x_wconf 76' lang='lat' dir='ltr'><strong>est</strong></span> <span class='ocrx_word' id='word_1_134' title='bbox 334 1730 504 1802; x_wconf 81' lang='lat' dir='ltr'><strong>aliquis</strong></span> <span class='ocrx_word' id='word_1_135' title='bbox 531 1730 598 1785; x_wconf 83' lang='lat' dir='ltr'><strong>de</strong></span> <span class='ocrx_word' id='word_1_136' title='bbox 615 1738 664 1786; x_wconf 86' lang='lat' dir='ltr'><strong>te</strong></span> <span class='ocrx_word' id='word_1_137' title='bbox 683 1731 739 1785; x_wconf 89' lang='lat' dir='ltr'><strong>in</strong></span> <span class='ocrx_word' id='word_1_138' title='bbox 759 1730 977 1785; x_wconf 80' lang='lat' dir='ltr'><strong>malum.</strong></span> <span class='ocrx_word' id='word_1_139' title='bbox 1000 1728 1236 1786; x_wconf 85' lang='lat' dir='ltr'><strong>Petimus</strong></span> <span class='ocrx_word' id='word_1_140' title='bbox 1260 1741 1453 1797; x_wconf 86' lang='lat' dir='ltr'><strong>autem,</strong></span> <span class='ocrx_word' id='word_1_141' title='bbox 1475 1739 1532 1786; x_wconf 76' lang='lat' dir='ltr'><strong>ut</strong></span> <span class='ocrx_word' id='word_1_142' title='bbox 1552 1733 1829 1787; x_wconf 85' lang='lat' dir='ltr'><strong>audiamus</strong></span> 
     </span>
    </p>
   </div>
   <div class='ocr_carea' id='block_1_18' title="bbox 1926 522 3540 596">
    <p class='ocr_par' dir='ltr' id='par_1_18' title="bbox 1926 522 3540 596">
     <span class='ocr_line' id='line_1_18' title="bbox 1926 522 3540 596; baseline 0.001 -18"><span class='ocrx_word' id='word_1_143' title='bbox 1926 530 2125 579; x_wconf 59' lang='lat' dir='ltr'><strong>cetera</strong></span> <span class='ocrx_word' id='word_1_144' title='bbox 2148 522 2311 589; x_wconf 63' lang='lat' dir='ltr'><strong>vitia;</strong></span> <span class='ocrx_word' id='word_1_145' title='bbox 2337 534 2432 594; x_wconf 86' lang='lat' dir='ltr'><strong>per</strong></span> <span class='ocrx_word' id='word_1_146' title='bbox 2471 522 2797 579; x_wconf 88' lang='lat' dir='ltr'><strong>sacerdotes</strong></span> <span class='ocrx_word' id='word_1_147' title='bbox 2834 522 2904 578; x_wconf 91' lang='lat' dir='ltr'><strong>de</strong></span> <span class='ocrx_word' id='word_1_148' title='bbox 2934 523 3177 579; x_wconf 84' lang='lat' dir='ltr'><strong>Ecclesia</strong></span> <span class='ocrx_word' id='word_1_149' title='bbox 3217 524 3540 596; x_wconf 85' lang='lat' dir='ltr'><strong>propellun-</strong></span> 
     </span>
    </p>
   </div>
   <div class='ocr_carea' id='block_1_19' title="bbox 1920 615 3531 689">
    <p class='ocr_par' dir='ltr' id='par_1_19' title="bbox 1920 615 3531 689">
     <span class='ocr_line' id='line_1_19' title="bbox 1920 615 3531 689; baseline 0 -18"><span class='ocrx_word' id='word_1_150' title='bbox 1920 618 2036 672; x_wconf 75' lang='lat' dir='ltr'><strong>tur.</strong></span> <span class='ocrx_word' id='word_1_151' title='bbox 2069 615 2322 674; x_wconf 69' lang='lat' dir='ltr'><strong>Hmretici</strong></span> <span class='ocrx_word' id='word_1_152' title='bbox 2344 625 2525 674; x_wconf 89' lang='lat' dir='ltr'><strong>autem</strong></span> <span class='ocrx_word' id='word_1_153' title='bbox 2543 616 2599 673; x_wconf 88' lang='lat' dir='ltr'><strong>in</strong></span> <span class='ocrx_word' id='word_1_154' title='bbox 2621 616 2953 689; x_wconf 86' lang='lat' dir='ltr'><strong>semetipsos</strong></span> <span class='ocrx_word' id='word_1_155' title='bbox 2973 617 3304 674; x_wconf 88' lang='lat' dir='ltr'><strong>sententiam</strong></span> <span class='ocrx_word' id='word_1_156' title='bbox 3331 616 3531 683; x_wconf 81' lang='lat' dir='ltr'><strong>lerunt,</strong></span> 
     </span>
    </p>
   </div>
   <div class='ocr_carea' id='block_1_20' title="bbox 1927 706 3535 779">
    <p class='ocr_par' dir='ltr' id='par_1_20' title="bbox 1927 706 3535 779">
     <span class='ocr_line' id='line_1_20' title="bbox 1927 706 3535 779; baseline -0.001 -15"><span class='ocrx_word' id='word_1_157' title='bbox 1927 722 2031 765; x_wconf 89' lang='lat' dir='ltr'><strong>suo</strong></span> <span class='ocrx_word' id='word_1_158' title='bbox 2056 706 2291 766; x_wconf 86' lang='lat' dir='ltr'><strong>arbitrio</strong></span> <span class='ocrx_word' id='word_1_159' title='bbox 2328 709 2399 765; x_wconf 89' lang='lat' dir='ltr'><strong>de</strong></span> <span class='ocrx_word' id='word_1_160' title='bbox 2437 708 2684 766; x_wconf 82' lang='lat' dir='ltr'><strong>Ecclesia</strong></span> <span class='ocrx_word' id='word_1_161' title='bbox 2720 708 3044 766; x_wconf 82' lang='lat' dir='ltr'><strong>recedentes</strong></span> <span class='ocrx_word' id='word_1_162' title='bbox 3082 726 3098 763; x_wconf 90' lang='lat'><strong>:</strong></span> <span class='ocrx_word' id='word_1_163' title='bbox 3130 722 3251 779; x_wconf 83' lang='lat' dir='ltr'><strong>quae</strong></span> <span class='ocrx_word' id='word_1_164' title='bbox 3291 709 3535 764; x_wconf 87' lang='lat' dir='ltr'><strong>recessio</strong></span> 
     </span>
    </p>
   </div>
   <div class='ocr_carea' id='block_1_21' title="bbox 1922 802 3538 874">
    <p class='ocr_par' dir='ltr' id='par_1_21' title="bbox 1922 802 3538 874">
     <span class='ocr_line' id='line_1_21' title="bbox 1922 802 3538 874; baseline 0.001 -17"><span class='ocrx_word' id='word_1_165' title='bbox 1922 802 2169 874; x_wconf 75' lang='lat' dir='ltr'><strong>propriae</strong></span> <span class='ocrx_word' id='word_1_166' title='bbox 2213 802 2571 859; x_wconf 79' lang='lat' dir='ltr'><strong>conscientiae</strong></span> <span class='ocrx_word' id='word_1_167' title='bbox 2601 803 2819 859; x_wconf 89' lang='lat' dir='ltr'><strong>videtur</strong></span> <span class='ocrx_word' id='word_1_168' title='bbox 2844 817 2971 860; x_wconf 89' lang='lat' dir='ltr'><strong>esse</strong></span> <span class='ocrx_word' id='word_1_169' title='bbox 3001 803 3305 860; x_wconf 85' lang='lat' dir='ltr'><strong>damnatio.</strong></span> <span class='ocrx_word' id='word_1_170' title='bbox 3342 802 3538 858; x_wconf 29' lang='lat' dir='ltr'><strong>ciluter</strong></span> 
     </span>
    </p>
   </div>
   <div class='ocr_carea' id='block_1_22' title="bbox 1928 886 3583 967">
    <p class='ocr_par' dir='ltr' id='par_1_22' title="bbox 1928 886 3583 967">
     <span class='ocr_line' id='line_1_22' title="bbox 1928 886 3583 967; baseline 0 -18"><span class='ocrx_word' id='word_1_171' title='bbox 1928 892 2185 949; x_wconf 68' lang='lat' dir='ltr'><strong>hmresim</strong></span> <span class='ocrx_word' id='word_1_172' title='bbox 2219 902 2275 949; x_wconf 91' lang='lat' dir='ltr'><strong>et</strong></span> <span class='ocrx_word' id='word_1_173' title='bbox 2308 886 2545 951; x_wconf 82' lang='lat' dir='ltr'><strong>schisma</strong></span> <span class='ocrx_word' id='word_1_174' title='bbox 2578 894 2683 950; x_wconf 90' lang='lat' dir='ltr'><strong>hoc</strong></span> <span class='ocrx_word' id='word_1_175' title='bbox 2712 908 2838 951; x_wconf 88' lang='lat' dir='ltr'><strong>esse</strong></span> <span class='ocrx_word' id='word_1_176' title='bbox 2858 894 3215 963; x_wconf 82' lang='lat' dir='ltr'><strong>arbitrantur,</strong></span> <span class='ocrx_word' id='word_1_177' title='bbox 3250 893 3393 967; x_wconf 89' lang='lat' dir='ltr'><strong>quod</strong></span> <span class='ocrx_word' id='word_1_178' title='bbox 3422 892 3537 949; x_wconf 66' lang='lat' dir='ltr'><strong>hte-</strong></span> <span class='ocrx_word' id='word_1_179' title='bbox 3575 902 3583 909; x_wconf 84' lang='lat'><strong><em>’</em></strong></span> 
     </span>
    </p>
   </div>
   <div class='ocr_carea' id='block_1_23' title="bbox 1926 986 3536 1058">
    <p class='ocr_par' dir='ltr' id='par_1_23' title="bbox 1926 986 3536 1058">
     <span class='ocr_line' id='line_1_23' title="bbox 1926 986 3536 1058; baseline 0.001 -16"><span class='ocrx_word' id='word_1_180' title='bbox 1926 986 2071 1042; x_wconf 79' lang='lat' dir='ltr'><strong>resis</strong></span> <span class='ocrx_word' id='word_1_181' title='bbox 2122 1000 2442 1058; x_wconf 82' lang='lat' dir='ltr'><strong>perversum</strong></span> <span class='ocrx_word' id='word_1_182' title='bbox 2493 986 2687 1057; x_wconf 83' lang='lat' dir='ltr'><strong>dogma</strong></span> <span class='ocrx_word' id='word_1_183' title='bbox 2732 986 2933 1043; x_wconf 85' lang='lat' dir='ltr'><strong>habeat</strong></span> <span class='ocrx_word' id='word_1_184' title='bbox 2980 1004 2993 1042; x_wconf 90' lang='lat'><strong>:</strong></span> <span class='ocrx_word' id='word_1_185' title='bbox 3039 988 3275 1043; x_wconf 87' lang='lat' dir='ltr'><strong>schisma</strong></span> <span class='ocrx_word' id='word_1_186' title='bbox 3310 995 3536 1056; x_wconf 80' lang='lat' dir='ltr'><strong>propter</strong></span> 
     </span>
    </p>
   </div>
   <div class='ocr_carea' id='block_1_24' title="bbox 1924 1079 3530 1152">
    <p class='ocr_par' dir='ltr' id='par_1_24' title="bbox 1924 1079 3530 1152">
     <span class='ocr_line' id='line_1_24' title="bbox 1924 1079 3530 1152; baseline -0.002 -15"><span class='ocrx_word' id='word_1_187' title='bbox 1924 1079 2307 1152; x_wconf 86' lang='lat' dir='ltr'><strong>episcopalem</strong></span> <span class='ocrx_word' id='word_1_188' title='bbox 2348 1079 2748 1136; x_wconf 85' lang='lat' dir='ltr'><strong>dissensionem</strong></span> <span class='ocrx_word' id='word_1_189' title='bbox 2792 1080 2861 1136; x_wconf 87' lang='lat' dir='ltr'><strong>ab</strong></span> <span class='ocrx_word' id='word_1_190' title='bbox 2907 1079 3155 1137; x_wconf 69' lang='lat' dir='ltr'><strong>Etclesia</strong></span> <span class='ocrx_word' id='word_1_191' title='bbox 3199 1088 3530 1151; x_wconf 74' lang='lat' dir='ltr'><strong>separetur:</strong></span> 
     </span>
    </p>
   </div>
   <div class='ocr_carea' id='block_1_25' title="bbox 1926 1171 3533 1248">
    <p class='ocr_par' dir='ltr' id='par_1_25' title="bbox 1926 1171 3533 1248">
     <span class='ocr_line' id='line_1_25' title="bbox 1926 1171 3533 1248; baseline -0.004 -17"><span class='ocrx_word' id='word_1_192' title='bbox 1926 1172 2075 1248; x_wconf 83' lang='lat' dir='ltr'><strong>quod</strong></span> <span class='ocrx_word' id='word_1_193' title='bbox 2098 1176 2321 1246; x_wconf 81' lang='lat' dir='ltr'><strong>quidem</strong></span> <span class='ocrx_word' id='word_1_194' title='bbox 2370 1174 2427 1230; x_wconf 90' lang='lat' dir='ltr'><strong>in</strong></span> <span class='ocrx_word' id='word_1_195' title='bbox 2470 1173 2740 1245; x_wconf 87' lang='lat' dir='ltr'><strong>principio</strong></span> <span class='ocrx_word' id='word_1_196' title='bbox 2777 1174 2957 1244; x_wconf 84' lang='lat' dir='ltr'><strong>aliqua</strong></span> <span class='ocrx_word' id='word_1_197' title='bbox 3004 1188 3070 1229; x_wconf 75' lang='lat' dir='ltr'><strong>ex</strong></span> <span class='ocrx_word' id='word_1_198' title='bbox 3105 1180 3259 1243; x_wconf 87' lang='lat' dir='ltr'><strong>parte</strong></span> <span class='ocrx_word' id='word_1_199' title='bbox 3296 1171 3533 1241; x_wconf 78' lang='lat' dir='ltr'><strong>intelligi</strong></span> 
     </span>
    </p>
   </div>
   <div class='ocr_carea' id='block_1_26' title="bbox 1922 1254 3534 1340">
    <p class='ocr_par' dir='ltr' id='par_1_26' title="bbox 1922 1254 3534 1340">
     <span class='ocr_line' id='line_1_26' title="bbox 1922 1254 3534 1340; baseline -0.005 -15"><span class='ocrx_word' id='word_1_200' title='bbox 1922 1276 2133 1340; x_wconf 86' lang='lat' dir='ltr'><strong>&#39;p0test.</strong></span> <span class='ocrx_word' id='word_1_201' title='bbox 2163 1267 2441 1324; x_wconf 64' lang='lat' dir='ltr'><strong>Caeterum</strong></span> <span class='ocrx_word' id='word_1_202' title='bbox 2491 1266 2702 1322; x_wconf 87' lang='lat' dir='ltr'><strong>nullum</strong></span> <span class='ocrx_word' id='word_1_203' title='bbox 2737 1264 2981 1322; x_wconf 82' lang='lat' dir='ltr'><strong>schisma</strong></span> <span class='ocrx_word' id='word_1_204' title='bbox 3020 1280 3133 1321; x_wconf 89' lang='lat' dir='ltr'><strong>non</strong></span> <span class='ocrx_word' id='word_1_205' title='bbox 3160 1264 3264 1321; x_wconf 87' lang='lat' dir='ltr'><strong>sibi</strong></span> <span class='ocrx_word' id='word_1_206' title='bbox 3298 1254 3534 1335; x_wconf 79' lang='lat' dir='ltr'><strong>aliquant</strong></span> 
     </span>
    </p>
   </div>
   <div class='ocr_carea' id='block_1_27' title="bbox 1928 1357 3536 1433">
    <p class='ocr_par' dir='ltr' id='par_1_27' title="bbox 1928 1357 3536 1433">
     <span class='ocr_line' id='line_1_27' title="bbox 1928 1357 3536 1433; baseline -0.004 -16"><span class='ocrx_word' id='word_1_207' title='bbox 1928 1361 2193 1433; x_wconf 83' lang='lat' dir='ltr'><strong>contingit</strong></span> <span class='ocrx_word' id='word_1_208' title='bbox 2239 1358 2520 1428; x_wconf 73' lang='lat' dir='ltr'><strong>haeresim,</strong></span> <span class='ocrx_word' id='word_1_209' title='bbox 2563 1366 2621 1415; x_wconf 90' lang='lat' dir='ltr'><strong>ut</strong></span> <span class='ocrx_word' id='word_1_210' title='bbox 2644 1369 2793 1415; x_wconf 89' lang='lat' dir='ltr'><strong>recte</strong></span> <span class='ocrx_word' id='word_1_211' title='bbox 2832 1358 2901 1414; x_wconf 93' lang='lat' dir='ltr'><strong>ah</strong></span> <span class='ocrx_word' id='word_1_212' title='bbox 2947 1357 3193 1422; x_wconf 68' lang='lat' dir='ltr'><strong>Ecclesia</strong></span> <span class='ocrx_word' id='word_1_213' title='bbox 3232 1359 3536 1414; x_wconf 86' lang='lat' dir='ltr'><strong>recessisse</strong></span> 
     </span>
    </p>
   </div>
   <div class='ocr_carea' id='block_1_28' title="bbox 1926 1455 2239 1513">
    <p class='ocr_par' dir='ltr' id='par_1_28' title="bbox 1926 1455 2239 1513">
     <span class='ocr_line' id='line_1_28' title="bbox 1926 1455 2239 1513; baseline -0.006 0"><span class='ocrx_word' id='word_1_214' title='bbox 1926 1455 2204 1513; x_wconf 84' lang='lat' dir='ltr'><strong>videatur.</strong></span> <span class='ocrx_word' id='word_1_215' title='bbox 2230 1480 2239 1491; x_wconf 58' lang='grc' dir='ltr'><strong>κ</strong></span> 
     </span>
    </p>
   </div>
   <div class='ocr_carea' id='block_1_29' title="bbox 2003 1538 3539 1622">
    <p class='ocr_par' dir='ltr' id='par_1_29' title="bbox 2003 1538 3539 1622">
     <span class='ocr_line' id='line_1_29' title="bbox 2003 1538 3539 1622; baseline -0.003 -19"><span class='ocrx_word' id='word_1_216' title='bbox 2003 1547 2189 1620; x_wconf 82' lang='lat' dir='ltr'><strong>(Vers.</strong></span> <span class='ocrx_word' id='word_1_217' title='bbox 2224 1538 2353 1622; x_wconf 70' lang='grc' dir='ltr'><strong>³η.)</strong></span> <span class='ocrx_word' id='word_1_218' title='bbox 2378 1546 2511 1604; x_wconf 85' lang='lat' dir='ltr'><strong>Cum</strong></span> <span class='ocrx_word' id='word_1_219' title='bbox 2544 1550 2734 1603; x_wconf 82' lang='lat' dir='ltr'><strong>misero</strong></span> <span class='ocrx_word' id='word_1_220' title='bbox 2765 1548 2833 1603; x_wconf 89' lang='lat' dir='ltr'><strong>ad</strong></span> <span class='ocrx_word' id='word_1_221' title='bbox 2858 1554 2908 1602; x_wconf 90' lang='lat' dir='ltr'><strong>te</strong></span> <span class='ocrx_word' id='word_1_222' title='bbox 2933 1546 3201 1612; x_wconf 82' lang='lat' dir='ltr'><strong>Artemon,</strong></span> <span class='ocrx_word' id='word_1_223' title='bbox 3223 1554 3313 1600; x_wconf 85' lang='lat' dir='ltr'><strong>aut</strong></span> <span class='ocrx_word' id='word_1_224' title='bbox 3345 1544 3539 1618; x_wconf 77' lang='lat' dir='ltr'><strong>Tychi-</strong></span> 
     </span>
    </p>
   </div>
   <div class='ocr_carea' id='block_1_30' title="bbox 1930 1639 3537 1715">
    <p class='ocr_par' dir='ltr' id='par_1_30' title="bbox 1930 1639 3537 1715">
     <span class='ocr_line' id='line_1_30' title="bbox 1930 1639 3537 1715; baseline -0.002 -18"><span class='ocrx_word' id='word_1_225' title='bbox 1930 1658 2080 1710; x_wconf 86' lang='lat' dir='ltr'><strong>cum,</strong></span> <span class='ocrx_word' id='word_1_226' title='bbox 2132 1643 2323 1715; x_wconf 81' lang='lat' dir='ltr'><strong>festina</strong></span> <span class='ocrx_word' id='word_1_227' title='bbox 2350 1644 2522 1697; x_wconf 73' lang='lat' dir='ltr'><strong>venire</strong></span> <span class='ocrx_word' id='word_1_228' title='bbox 2549 1642 2625 1697; x_wconf 57' lang='lat' dir='ltr'><strong>ad&#39;</strong></span> <span class='ocrx_word' id='word_1_229' title='bbox 2640 1659 2722 1697; x_wconf 90' lang='lat' dir='ltr'><strong>me</strong></span> <span class='ocrx_word' id='word_1_230' title='bbox 2759 1640 3085 1713; x_wconf 80' lang='lat' dir='ltr'><strong>Nicepolim,</strong></span> <span class='ocrx_word' id='word_1_231' title='bbox 3118 1639 3190 1693; x_wconf 89' lang='lat' dir='ltr'><strong>ibi</strong></span> <span class='ocrx_word' id='word_1_232' title='bbox 3217 1639 3355 1696; x_wconf 87' lang='lat' dir='ltr'><strong>enim</strong></span> <span class='ocrx_word' id='word_1_233' title='bbox 3372 1639 3537 1694; x_wconf 83' lang='lat' dir='ltr'><strong>statui</strong></span> 
     </span>
    </p>
   </div>
   <div class='ocr_carea' id='block_1_31' title="bbox 1930 1733 3524 1808">
    <p class='ocr_par' dir='ltr' id='par_1_31' title="bbox 1930 1733 3524 1808">
     <span class='ocr_line' id='line_1_31' title="bbox 1930 1733 3524 1808; baseline -0.001 -18"><span class='ocrx_word' id='word_1_234' title='bbox 1930 1735 2186 1793; x_wconf 78' lang='lat' dir='ltr'><strong>hiemare.</strong></span> <span class='ocrx_word' id='word_1_235' title='bbox 2215 1736 2472 1808; x_wconf 78' lang='lat' dir='ltr'><strong>Legimus</strong></span> <span class='ocrx_word' id='word_1_236' title='bbox 2497 1736 2554 1793; x_wconf 86' lang='lat' dir='ltr'><strong>in</strong></span> <span class='ocrx_word' id='word_1_237' title='bbox 2582 1736 2813 1793; x_wconf 79' lang='lat' dir='ltr'><strong>exordio</strong></span> <span class='ocrx_word' id='word_1_238' title='bbox 2838 1735 2995 1791; x_wconf 87' lang='lat' dir='ltr'><strong>istius</strong></span> <span class='ocrx_word' id='word_1_239' title='bbox 3024 1734 3315 1805; x_wconf 60' lang='lat' dir='ltr'><strong>Epistolas:</strong></span> <span class='ocrx_word' id='word_1_240' title='bbox 3347 1733 3524 1805; x_wconf 83' lang='lat' dir='ltr'><strong>Hujus</strong></span> 
     </span>
    </p>
   </div>
   <div class='ocr_carea' id='block_1_32' title="bbox 251 1823 3536 1901">
    <p class='ocr_par' dir='ltr' id='par_1_32' title="bbox 251 1823 3536 1901">
     <span class='ocr_line' id='line_1_32' title="bbox 251 1823 3536 1901; baseline 0.001 -23"><span class='ocrx_word' id='word_1_241' title='bbox 251 1839 280 1878; x_wconf 87' lang='lat' dir='ltr'><strong>s</strong></span> <span class='ocrx_word' id='word_1_242' title='bbox 300 1832 342 1879; x_wconf 91' lang='lat' dir='ltr'><strong>te</strong></span> <span class='ocrx_word' id='word_1_243' title='bbox 356 1824 476 1896; x_wconf 78' lang='lat' dir='ltr'><strong>quid</strong></span> <span class='ocrx_word' id='word_1_244' title='bbox 497 1826 691 1880; x_wconf 78' lang='lat' dir='ltr'><strong>sentias</strong></span> <span class='ocrx_word' id='word_1_245' title='bbox 712 1841 731 1879; x_wconf 87' lang='lat'><strong><em>:</em></strong></span> <span class='ocrx_word' id='word_1_246' title='bbox 760 1825 824 1880; x_wconf 87' lang='lat' dir='ltr'><strong>de</strong></span> <span class='ocrx_word' id='word_1_247' title='bbox 850 1823 1043 1881; x_wconf 75' lang='lat' dir='ltr'><strong>bteresi</strong></span> <span class='ocrx_word' id='word_1_248' title='bbox 1066 1826 1201 1880; x_wconf 87' lang='lat' dir='ltr'><strong>enim</strong></span> <span class='ocrx_word' id='word_1_249' title='bbox 1221 1826 1323 1881; x_wconf 89' lang='lat' dir='ltr'><strong>ista</strong></span> <span class='ocrx_word' id='word_1_250' title='bbox 1354 1838 1533 1880; x_wconf 90' lang='lat' dir='ltr'><strong>notum</strong></span> <span class='ocrx_word' id='word_1_251' title='bbox 1557 1840 1631 1881; x_wconf 89' lang='lat' dir='ltr'><strong>est</strong></span> <span class='ocrx_word' id='word_1_252' title='bbox 1655 1828 1824 1895; x_wconf 87' lang='lat' dir='ltr'><strong>nobis,</strong></span> <span class='ocrx_word' id='word_1_253' title='bbox 1857 1835 1904 1897; x_wconf 82' lang='grc' dir='ltr'><strong>Β</strong></span> <span class='ocrx_word' id='word_1_254' title='bbox 1930 1829 2006 1883; x_wconf 91' lang='lat' dir='ltr'><strong>rei</strong></span> <span class='ocrx_word' id='word_1_255' title='bbox 2031 1828 2202 1901; x_wconf 84' lang='lat' dir='ltr'><strong>gratia</strong></span> <span class='ocrx_word' id='word_1_256' title='bbox 2227 1828 2415 1900; x_wconf 79' lang='lat' dir='ltr'><strong>reliqui</strong></span> <span class='ocrx_word' id='word_1_257' title='bbox 2435 1839 2481 1883; x_wconf 90' lang='lat' dir='ltr'><strong>te</strong></span> <span class='ocrx_word' id='word_1_258' title='bbox 2500 1828 2686 1898; x_wconf 82' lang='lat' dir='ltr'><strong>Crette,</strong></span> <span class='ocrx_word' id='word_1_259' title='bbox 2712 1838 2768 1883; x_wconf 84' lang='lat' dir='ltr'><strong>ut</strong></span> <span class='ocrx_word' id='word_1_260' title='bbox 2793 1845 2855 1883; x_wconf 88' lang='lat' dir='ltr'><strong>ea</strong></span> <span class='ocrx_word' id='word_1_261' title='bbox 2876 1844 2941 1898; x_wconf 93' lang='lat' dir='ltr'><strong>qu</strong></span> <span class='ocrx_word' id='word_1_262' title='bbox 2956 1843 3001 1882; x_wconf 78' lang='lat' dir='ltr'><strong>te</strong></span> <span class='ocrx_word' id='word_1_263' title='bbox 3023 1826 3236 1882; x_wconf 87' lang='lat' dir='ltr'><strong>deerant</strong></span> <span class='ocrx_word' id='word_1_264' title='bbox 3259 1824 3493 1898; x_wconf 77' lang='lat' dir='ltr'><strong>corrigas</strong></span> <span class='ocrx_word' id='word_1_265' title='bbox 3514 1839 3536 1880; x_wconf 88' lang='lat'><strong><em>:</em></strong></span> 
     </span>
    </p>
   </div>
   <div class='ocr_carea' id='block_1_33' title="bbox 246 1916 1830 1992">
    <p class='ocr_par' dir='ltr' id='par_1_33' title="bbox 246 1916 1830 1992">
     <span class='ocr_line' id='line_1_33' title="bbox 246 1916 1830 1992; baseline 0.001 -19"><span class='ocrx_word' id='word_1_266' title='bbox 246 1916 352 1986; x_wconf 62' lang='lat' dir='ltr'><strong>huic</strong></span> <span class='ocrx_word' id='word_1_267' title='bbox 375 1918 558 1991; x_wconf 77' lang='lat' dir='ltr'><strong>tibique</strong></span> <span class='ocrx_word' id='word_1_268' title='bbox 583 1919 632 1974; x_wconf 88' lang='lat' dir='ltr'><strong>ei</strong></span> <span class='ocrx_word' id='word_1_269' title='bbox 663 1919 1047 1974; x_wconf 82' lang='lat' dir='ltr'><strong>contradicitur</strong></span> <span class='ocrx_word' id='word_1_270' title='bbox 1078 1918 1218 1992; x_wconf 75' lang='lat' dir='ltr'><strong>(Aet.</strong></span> <span class='ocrx_word' id='word_1_271' title='bbox 1256 1934 1444 1988; x_wconf 75' lang='lat' dir='ltr'><strong>xxvnt,</strong></span> <span class='ocrx_word' id='word_1_272' title='bbox 1476 1919 1569 1987; x_wconf 69' lang='lat'><strong>2!,</strong></span> <span class='ocrx_word' id='word_1_273' title='bbox 1597 1918 1715 1991; x_wconf 69' lang='lat'><strong>22).</strong></span> <span class='ocrx_word' id='word_1_274' title='bbox 1760 1920 1830 1976; x_wconf 84' lang='lat' dir='ltr'><strong>Et</strong></span> 
     </span>
    </p>
   </div>
   <div class='ocr_carea' id='block_1_34' title="bbox 250 2007 1827 2079">
    <p class='ocr_par' dir='ltr' id='par_1_34' title="bbox 250 2007 1827 2079">
     <span class='ocr_line' id='line_1_34' title="bbox 250 2007 1827 2079; baseline 0.001 -14"><span class='ocrx_word' id='word_1_275' title='bbox 250 2007 355 2066; x_wconf 84' lang='lat' dir='ltr'><strong>licet</strong></span> <span class='ocrx_word' id='word_1_276' title='bbox 380 2024 573 2067; x_wconf 90' lang='lat' dir='ltr'><strong>nomen</strong></span> <span class='ocrx_word' id='word_1_277' title='bbox 621 2011 902 2067; x_wconf 69' lang='lat' dir='ltr'><strong>intereseos</strong></span> <span class='ocrx_word' id='word_1_278' title='bbox 946 2010 1117 2067; x_wconf 84' lang='lat' dir='ltr'><strong>Mileti</strong></span> <span class='ocrx_word' id='word_1_279' title='bbox 1160 2025 1265 2066; x_wconf 91' lang='lat' dir='ltr'><strong>non</strong></span> <span class='ocrx_word' id='word_1_280' title='bbox 1288 2009 1529 2079; x_wconf 77' lang='lat' dir='ltr'><strong>dicatur,</strong></span> <span class='ocrx_word' id='word_1_281' title='bbox 1576 2026 1606 2065; x_wconf 89' lang='lat' dir='ltr'><strong>a</strong></span> <span class='ocrx_word' id='word_1_282' title='bbox 1656 2010 1827 2067; x_wconf 88' lang='lat' dir='ltr'><strong>Paulo</strong></span> 
     </span>
    </p>
   </div>
   <div class='ocr_carea' id='block_1_35' title="bbox 251 2102 1827 2176">
    <p class='ocr_par' dir='ltr' id='par_1_35' title="bbox 251 2102 1827 2176">
     <span class='ocr_line' id='line_1_35' title="bbox 251 2102 1827 2176; baseline 0.002 -19"><span class='ocrx_word' id='word_1_283' title='bbox 251 2110 406 2159; x_wconf 80' lang='lat' dir='ltr'><strong>tamen</strong></span> <span class='ocrx_word' id='word_1_284' title='bbox 430 2104 620 2175; x_wconf 68' lang='lat' dir='ltr'><strong>[opera</strong></span> <span class='ocrx_word' id='word_1_285' title='bbox 649 2102 1034 2171; x_wconf 88' lang='lat' dir='ltr'><strong>nominantur,</strong></span> <span class='ocrx_word' id='word_1_286' title='bbox 1083 2103 1342 2174; x_wconf 90' lang='lat' dir='ltr'><strong>loquente</strong></span> <span class='ocrx_word' id='word_1_287' title='bbox 1371 2103 1438 2159; x_wconf 88' lang='lat' dir='ltr'><strong>ad</strong></span> <span class='ocrx_word' id='word_1_288' title='bbox 1479 2103 1827 2176; x_wconf 82' lang='lat' dir='ltr'><strong>presbyteros</strong></span> 
     </span>
    </p>
   </div>
   <div class='ocr_carea' id='block_1_36' title="bbox 247 2195 1827 2270">
    <p class='ocr_par' dir='ltr' id='par_1_36' title="bbox 247 2195 1827 2270">
     <span class='ocr_line' id='line_1_36' title="bbox 247 2195 1827 2270; baseline -0.001 -16"><span class='ocrx_word' id='word_1_289' title='bbox 247 2195 480 2254; x_wconf 63' lang='lat' dir='ltr'><strong>Ecclesiae</strong></span> <span class='ocrx_word' id='word_1_290' title='bbox 510 2215 526 2252; x_wconf 83' lang='lat'><strong>:</strong></span> <span class='ocrx_word' id='word_1_291' title='bbox 570 2197 686 2270; x_wconf 86' lang='lat' dir='ltr'><strong>Ego</strong></span> <span class='ocrx_word' id='word_1_292' title='bbox 730 2199 835 2254; x_wconf 89' lang='lat' dir='ltr'><strong>seio</strong></span> <span class='ocrx_word' id='word_1_293' title='bbox 875 2198 1123 2267; x_wconf 90' lang='lat' dir='ltr'><strong>quoniam</strong></span> <span class='ocrx_word' id='word_1_294' title='bbox 1153 2197 1354 2251; x_wconf 80' lang='lat' dir='ltr'><strong>venient</strong></span> <span class='ocrx_word' id='word_1_295' title='bbox 1386 2208 1502 2268; x_wconf 85' lang='lat' dir='ltr'><strong>post</strong></span> <span class='ocrx_word' id='word_1_296' title='bbox 1531 2197 1827 2253; x_wconf 81' lang='lat' dir='ltr'><strong>abscessum</strong></span> 
     </span>
    </p>
   </div>
   <div class='ocr_carea' id='block_1_37' title="bbox 246 2290 1827 2364">
    <p class='ocr_par' dir='ltr' id='par_1_37' title="bbox 246 2290 1827 2364">
     <span class='ocr_line' id='line_1_37' title="bbox 246 2290 1827 2364; baseline -0.001 -17"><span class='ocrx_word' id='word_1_297' title='bbox 246 2307 392 2348; x_wconf 79' lang='lat' dir='ltr'><strong>nteant</strong></span> <span class='ocrx_word' id='word_1_298' title='bbox 414 2292 524 2364; x_wconf 82' lang='lat' dir='ltr'><strong>lupi</strong></span> <span class='ocrx_word' id='word_1_299' title='bbox 551 2308 732 2364; x_wconf 75' lang='lat' dir='ltr'><strong>graues</strong></span> <span class='ocrx_word' id='word_1_300' title='bbox 768 2292 823 2346; x_wconf 89' lang='lat' dir='ltr'><strong>in</strong></span> <span class='ocrx_word' id='word_1_301' title='bbox 848 2307 939 2346; x_wconf 75' lang='lat' dir='ltr'><strong>vos</strong></span> <span class='ocrx_word' id='word_1_302' title='bbox 961 2334 976 2357; x_wconf 90' lang='lat'><strong>,</strong></span> <span class='ocrx_word' id='word_1_303' title='bbox 1006 2306 1111 2345; x_wconf 86' lang='lat' dir='ltr'><strong>non</strong></span> <span class='ocrx_word' id='word_1_304' title='bbox 1151 2296 1418 2361; x_wconf 74' lang='lat' dir='ltr'><strong>parcentes</strong></span> <span class='ocrx_word' id='word_1_305' title='bbox 1453 2290 1597 2363; x_wconf 86' lang='lat' dir='ltr'><strong>gregi</strong></span> <span class='ocrx_word' id='word_1_306' title='bbox 1624 2307 1644 2345; x_wconf 92' lang='lat'><strong><em>:</em></strong></span> <span class='ocrx_word' id='word_1_307' title='bbox 1685 2298 1732 2345; x_wconf 88' lang='lat' dir='ltr'><strong>et</strong></span> <span class='ocrx_word' id='word_1_308' title='bbox 1762 2306 1827 2345; x_wconf 78' lang='lat' dir='ltr'><strong>ea:</strong></span> 
     </span>
    </p>
   </div>
   <div class='ocr_carea' id='block_1_38' title="bbox 246 2384 1828 2459">
    <p class='ocr_par' dir='ltr' id='par_1_38' title="bbox 246 2384 1828 2459">
     <span class='ocr_line' id='line_1_38' title="bbox 246 2384 1828 2459; baseline 0 -20"><span class='ocrx_word' id='word_1_309' title='bbox 246 2385 365 2440; x_wconf 78' lang='lat' dir='ltr'><strong>sobis</strong></span> <span class='ocrx_word' id='word_1_310' title='bbox 388 2385 511 2457; x_wconf 85' lang='lat' dir='ltr'><strong>ipsis</strong></span> <span class='ocrx_word' id='word_1_311' title='bbox 536 2393 853 2459; x_wconf 79' lang='lat' dir='ltr'><strong>consurgent</strong></span> <span class='ocrx_word' id='word_1_312' title='bbox 879 2385 977 2441; x_wconf 78' lang='lat' dir='ltr'><strong>viri</strong></span> <span class='ocrx_word' id='word_1_313' title='bbox 1002 2384 1269 2457; x_wconf 85' lang='lat' dir='ltr'><strong>loquentes</strong></span> <span class='ocrx_word' id='word_1_314' title='bbox 1291 2401 1555 2459; x_wconf 83' lang='lat' dir='ltr'><strong>perversa,</strong></span> <span class='ocrx_word' id='word_1_315' title='bbox 1583 2392 1639 2440; x_wconf 81' lang='lat' dir='ltr'><strong>ut</strong></span> <span class='ocrx_word' id='word_1_316' title='bbox 1663 2384 1828 2439; x_wconf 84' lang='lat' dir='ltr'><strong>abdu-</strong></span> 
     </span>
    </p>
   </div>
   <div class='ocr_carea' id='block_1_39' title="bbox 246 2476 1824 2550">
    <p class='ocr_par' dir='ltr' id='par_1_39' title="bbox 246 2476 1824 2550">
     <span class='ocr_line' id='line_1_39' title="bbox 246 2476 1824 2550; baseline 0.001 -18"><span class='ocrx_word' id='word_1_317' title='bbox 246 2476 347 2533; x_wconf 76' lang='lat' dir='ltr'><strong>cant</strong></span> <span class='ocrx_word' id='word_1_318' title='bbox 392 2478 949 2549; x_wconf 25' lang='lat' dir='ltr'><strong>discipulosi‘post&#39;se</strong></span> <span class='ocrx_word' id='word_1_319' title='bbox 985 2476 1127 2550; x_wconf 83' lang='lat' dir='ltr'><strong>(Act.</strong></span> <span class='ocrx_word' id='word_1_320' title='bbox 1159 2493 1231 2533; x_wconf 76' lang='lat' dir='ltr'><strong>xx</strong></span> <span class='ocrx_word' id='word_1_321' title='bbox 1254 2520 1268 2545; x_wconf 89' lang='lat'><strong>,</strong></span> <span class='ocrx_word' id='word_1_322' title='bbox 1310 2477 1406 2547; x_wconf 79' lang='lat'><strong>‘29,</strong></span> <span class='ocrx_word' id='word_1_323' title='bbox 1442 2478 1555 2550; x_wconf 77' lang='lat'><strong>30).</strong></span> <span class='ocrx_word' id='word_1_324' title='bbox 1600 2478 1726 2534; x_wconf 56' lang='lat' dir='ltr'><strong>Baio</strong></span> <span class='ocrx_word' id='word_1_325' title='bbox 1770 2479 1824 2535; x_wconf 90' lang='lat' dir='ltr'><strong>in</strong></span> 
     </span>
    </p>
   </div>
   <div class='ocr_carea' id='block_1_40' title="bbox 246 2569 1821 2651">
    <p class='ocr_par' dir='ltr' id='par_1_40' title="bbox 246 2569 1821 2651">
     <span class='ocr_line' id='line_1_40' title="bbox 246 2569 1821 2651; baseline 0.002 -27"><span class='ocrx_word' id='word_1_326' title='bbox 246 2570 456 2626; x_wconf 77' lang='lat' dir='ltr'><strong>transitu</strong></span> <span class='ocrx_word' id='word_1_327' title='bbox 490 2569 635 2627; x_wconf 82' lang='lat' dir='ltr'><strong>dicta</strong></span> <span class='ocrx_word' id='word_1_328' title='bbox 665 2570 798 2651; x_wconf 85' lang='lat' dir='ltr'><strong>sint,</strong></span> <span class='ocrx_word' id='word_1_329' title='bbox 828 2570 920 2625; x_wconf 89' lang='lat' dir='ltr'><strong>ubi</strong></span> <span class='ocrx_word' id='word_1_330' title='bbox 957 2580 1016 2627; x_wconf 90' lang='lat' dir='ltr'><strong>et</strong></span> <span class='ocrx_word' id='word_1_331' title='bbox 1047 2569 1176 2625; x_wconf 85' lang='lat' dir='ltr'><strong>alibi</strong></span> <span class='ocrx_word' id='word_1_332' title='bbox 1223 2571 1450 2626; x_wconf 66' lang='lat' dir='ltr'><strong>haeresis</strong></span> <span class='ocrx_word' id='word_1_333' title='bbox 1488 2571 1821 2642; x_wconf 81' lang='lat' dir='ltr'><strong>appelletur.</strong></span> 
     </span>
    </p>
   </div>
   <div class='ocr_carea' id='block_1_41' title="bbox 241 2661 1821 2735">
    <p class='ocr_par' dir='ltr' id='par_1_41' title="bbox 241 2661 1821 2735">
     <span class='ocr_line' id='line_1_41' title="bbox 241 2661 1821 2735; baseline 0 -16"><span class='ocrx_word' id='word_1_334' title='bbox 241 2661 378 2721; x_wconf 78' lang='lat' dir='ltr'><strong>Nunc</strong></span> <span class='ocrx_word' id='word_1_335' title='bbox 402 2664 577 2735; x_wconf 88' lang='lat' dir='ltr'><strong>ipsum</strong></span> <span class='ocrx_word' id='word_1_336' title='bbox 604 2679 804 2721; x_wconf 89' lang='lat' dir='ltr'><strong>nomen</strong></span> <span class='ocrx_word' id='word_1_337' title='bbox 833 2664 1050 2721; x_wconf 89' lang='lat' dir='ltr'><strong>videtur</strong></span> <span class='ocrx_word' id='word_1_338' title='bbox 1076 2663 1395 2735; x_wconf 88' lang='lat' dir='ltr'><strong>plenissime</strong></span> <span class='ocrx_word' id='word_1_339' title='bbox 1422 2664 1821 2721; x_wconf 82' lang='lat' dir='ltr'><strong>ventilaudum.</strong></span> 
     </span>
    </p>
   </div>
   <div class='ocr_carea' id='block_1_42' title="bbox 244 2754 1828 2828">
    <p class='ocr_par' dir='ltr' id='par_1_42' title="bbox 244 2754 1828 2828">
     <span class='ocr_line' id='line_1_42' title="bbox 244 2754 1828 2828; baseline 0 -15"><span class='ocrx_word' id='word_1_340' title='bbox 244 2754 452 2814; x_wconf 66' lang='lat' dir='ltr'><strong>Heresis</strong></span> <span class='ocrx_word' id='word_1_341' title='bbox 497 2756 694 2816; x_wconf 73' lang='lat' dir='ltr'><strong>Grrece</strong></span> <span class='ocrx_word' id='word_1_342' title='bbox 728 2758 800 2813; x_wconf 71' lang='lat' dir='ltr'><strong>&quot;ab</strong></span> <span class='ocrx_word' id='word_1_343' title='bbox 826 2758 1098 2815; x_wconf 85' lang='lat' dir='ltr'><strong>electione</strong></span> <span class='ocrx_word' id='word_1_344' title='bbox 1146 2757 1377 2825; x_wconf 89' lang='lat' dir='ltr'><strong>dicitur,</strong></span> <span class='ocrx_word' id='word_1_345' title='bbox 1429 2759 1574 2828; x_wconf 92' lang='lat' dir='ltr'><strong>quod</strong></span> <span class='ocrx_word' id='word_1_346' title='bbox 1615 2757 1828 2813; x_wconf 86' lang='lat' dir='ltr'><strong>scilicet</strong></span> 
     </span>
    </p>
   </div>
   <div class='ocr_carea' id='block_1_43' title="bbox 245 2848 1826 2923">
    <p class='ocr_par' dir='ltr' id='par_1_43' title="bbox 245 2848 1826 2923">
     <span class='ocr_line' id='line_1_43' title="bbox 245 2848 1826 2923; baseline -0.001 -17"><span class='ocrx_word' id='word_1_347' title='bbox 245 2852 594 2923; x_wconf 86' lang='lat' dir='ltr'><strong>unusquisque</strong></span> <span class='ocrx_word' id='word_1_348' title='bbox 616 2852 667 2907; x_wconf 87' lang='lat' dir='ltr'><strong>id</strong></span> <span class='ocrx_word' id='word_1_349' title='bbox 700 2851 808 2908; x_wconf 85' lang='lat' dir='ltr'><strong>sibi</strong></span> <span class='ocrx_word' id='word_1_350' title='bbox 838 2851 1002 2923; x_wconf 81' lang='lat' dir='ltr'><strong>eligat</strong></span> <span class='ocrx_word' id='word_1_351' title='bbox 1031 2848 1176 2922; x_wconf 88' lang='lat' dir='ltr'><strong>quod</strong></span> <span class='ocrx_word' id='word_1_352' title='bbox 1197 2850 1246 2907; x_wconf 89' lang='lat' dir='ltr'><strong>ei</strong></span> <span class='ocrx_word' id='word_1_353' title='bbox 1276 2849 1470 2905; x_wconf 88' lang='lat' dir='ltr'><strong>melius</strong></span> <span class='ocrx_word' id='word_1_354' title='bbox 1496 2863 1619 2907; x_wconf 89' lang='lat' dir='ltr'><strong>esse</strong></span> <span class='ocrx_word' id='word_1_355' title='bbox 1642 2849 1826 2905; x_wconf 82' lang='lat' dir='ltr'><strong>videa-</strong></span> 
     </span>
    </p>
   </div>
   <div class='ocr_carea' id='block_1_44' title="bbox 245 2944 1827 3019">
    <p class='ocr_par' dir='ltr' id='par_1_44' title="bbox 245 2944 1827 3019">
     <span class='ocr_line' id='line_1_44' title="bbox 245 2944 1827 3019; baseline 0.001 -19"><span class='ocrx_word' id='word_1_356' title='bbox 245 2953 340 3001; x_wconf 90' lang='lat' dir='ltr'><strong>tur.</strong></span> <span class='ocrx_word' id='word_1_357' title='bbox 357 2944 669 3018; x_wconf 87' lang='lat' dir='ltr'><strong>Philosophi</strong></span> <span class='ocrx_word' id='word_1_358' title='bbox 711 2961 931 3019; x_wconf 89' lang='lat' dir='ltr'><strong>quoque</strong></span> <span class='ocrx_word' id='word_1_359' title='bbox 966 2946 1135 3003; x_wconf 88' lang='lat' dir='ltr'><strong>Stoici</strong></span> <span class='ocrx_word' id='word_1_360' title='bbox 1156 2988 1171 3011; x_wconf 85' lang='lat'><strong>,</strong></span> <span class='ocrx_word' id='word_1_361' title='bbox 1203 2945 1582 3018; x_wconf 81' lang='lat' dir='ltr'><strong>Peripatetici,</strong></span> <span class='ocrx_word' id='word_1_362' title='bbox 1617 2945 1827 3002; x_wconf 83' lang='lat' dir='ltr'><strong>Acade-</strong></span> 
     </span>
    </p>
   </div>
   <div class='ocr_carea' id='block_1_45' title="bbox 244 3035 1822 3109">
    <p class='ocr_par' dir='ltr' id='par_1_45' title="bbox 244 3035 1822 3109">
     <span class='ocr_line' id='line_1_45' title="bbox 244 3035 1822 3109; baseline -0.001 -17"><span class='ocrx_word' id='word_1_363' title='bbox 244 3038 371 3107; x_wconf 87' lang='lat' dir='ltr'><strong>mici,</strong></span> <span class='ocrx_word' id='word_1_364' title='bbox 398 3036 681 3109; x_wconf 78' lang='lat' dir='ltr'><strong>Epicurei,</strong></span> <span class='ocrx_word' id='word_1_365' title='bbox 704 3037 851 3093; x_wconf 89' lang='lat' dir='ltr'><strong>illius</strong></span> <span class='ocrx_word' id='word_1_366' title='bbox 872 3037 960 3094; x_wconf 89' lang='lat' dir='ltr'><strong>vel</strong></span> <span class='ocrx_word' id='word_1_367' title='bbox 982 3038 1133 3094; x_wconf 88' lang='lat' dir='ltr'><strong>illius</strong></span> <span class='ocrx_word' id='word_1_368' title='bbox 1156 3035 1433 3093; x_wconf 64' lang='lat' dir='ltr'><strong>haereseos</strong></span> <span class='ocrx_word' id='word_1_369' title='bbox 1457 3036 1822 3108; x_wconf 85' lang='lat' dir='ltr'><strong>appellantur.</strong></span> 
     </span>
    </p>
   </div>
   <div class='ocr_carea' id='block_1_46' title="bbox 240 3128 1822 3203">
    <p class='ocr_par' dir='ltr' id='par_1_46' title="bbox 240 3128 1822 3203">
     <span class='ocr_line' id='line_1_46' title="bbox 240 3128 1822 3203; baseline -0.004 -14"><span class='ocrx_word' id='word_1_370' title='bbox 240 3129 558 3201; x_wconf 80' lang='lat' dir='ltr'><strong>Supernuum</strong></span> <span class='ocrx_word' id='word_1_371' title='bbox 588 3139 677 3189; x_wconf 88' lang='lat' dir='ltr'><strong>est</strong></span> <span class='ocrx_word' id='word_1_372' title='bbox 722 3131 805 3188; x_wconf 91' lang='lat' dir='ltr'><strong>ire</strong></span> <span class='ocrx_word' id='word_1_373' title='bbox 834 3147 932 3203; x_wconf 91' lang='lat' dir='ltr'><strong>per</strong></span> <span class='ocrx_word' id='word_1_374' title='bbox 963 3130 1207 3202; x_wconf 84' lang='lat' dir='ltr'><strong>singula,</strong></span> <span class='ocrx_word' id='word_1_375' title='bbox 1240 3138 1297 3187; x_wconf 88' lang='lat' dir='ltr'><strong>et</strong></span> <span class='ocrx_word' id='word_1_376' title='bbox 1330 3128 1683 3197; x_wconf 83' lang='lat' dir='ltr'><strong>Marcionem,</strong></span> <span class='ocrx_word' id='word_1_377' title='bbox 1713 3129 1822 3184; x_wconf 84' lang='lat' dir='ltr'><strong>Va-</strong></span> 
     </span>
    </p>
   </div>
   <div class='ocr_carea' id='block_1_47' title="bbox 1932 1918 3538 1994">
    <p class='ocr_par' dir='ltr' id='par_1_47' title="bbox 1932 1918 3538 1994">
     <span class='ocr_line' id='line_1_47' title="bbox 1932 1918 3538 1994; baseline -0.004 -15"><span class='ocrx_word' id='word_1_378' title='bbox 1932 1932 1983 1979; x_wconf 89' lang='lat' dir='ltr'><strong>et</strong></span> <span class='ocrx_word' id='word_1_379' title='bbox 2021 1923 2301 1978; x_wconf 86' lang='lat' dir='ltr'><strong>constituas</strong></span> <span class='ocrx_word' id='word_1_380' title='bbox 2332 1932 2438 1994; x_wconf 58' lang='lat' dir='ltr'><strong>‘per</strong></span> <span class='ocrx_word' id='word_1_381' title='bbox 2466 1922 2695 1978; x_wconf 71' lang='lat' dir='ltr'><strong>civitates</strong></span> <span class='ocrx_word' id='word_1_382' title='bbox 2740 1922 3103 1994; x_wconf 76' lang='lat' dir='ltr'><strong>presbyteros,</strong></span> <span class='ocrx_word' id='word_1_383' title='bbox 3134 1921 3269 1975; x_wconf 85' lang='lat' dir='ltr'><strong>sicut</strong></span> <span class='ocrx_word' id='word_1_384' title='bbox 3308 1936 3402 1993; x_wconf 86' lang='lat' dir='ltr'><strong>ego</strong></span> <span class='ocrx_word' id='word_1_385' title='bbox 3444 1918 3538 1972; x_wconf 84' lang='lat' dir='ltr'><strong>tibi</strong></span> 
     </span>
    </p>
   </div>
   <div class='ocr_carea' id='block_1_48' title="bbox 1932 2013 3539 2088">
    <p class='ocr_par' dir='ltr' id='par_1_48' title="bbox 1932 2013 3539 2088">
     <span class='ocr_line' id='line_1_48' title="bbox 1932 2013 3539 2088; baseline -0.001 -18"><span class='ocrx_word' id='word_1_386' title='bbox 1932 2016 2284 2088; x_wconf 56' lang='lat' dir='ltr'><strong>disposuirllt</strong></span> <span class='ocrx_word' id='word_1_387' title='bbox 2321 2016 2446 2088; x_wconf 89' lang='lat' dir='ltr'><strong>quia</strong></span> <span class='ocrx_word' id='word_1_388' title='bbox 2485 2014 2785 2073; x_wconf 86' lang='lat' dir='ltr'><strong>Cretenses</strong></span> <span class='ocrx_word' id='word_1_389' title='bbox 2815 2031 3002 2085; x_wconf 84' lang='lat' dir='ltr'><strong>nuper</strong></span> <span class='ocrx_word' id='word_1_390' title='bbox 3030 2013 3415 2081; x_wconf 88' lang='lat' dir='ltr'><strong>crediderant,</strong></span> <span class='ocrx_word' id='word_1_391' title='bbox 3449 2026 3539 2068; x_wconf 82' lang='lat' dir='ltr'><strong>re-</strong></span> 
     </span>
    </p>
   </div>
   <div class='ocr_carea' id='block_1_49' title="bbox 1930 2107 3536 2179">
    <p class='ocr_par' dir='ltr' id='par_1_49' title="bbox 1930 2107 3536 2179">
     <span class='ocr_line' id='line_1_49' title="bbox 1930 2107 3536 2179; baseline -0.002 -16"><span class='ocrx_word' id='word_1_392' title='bbox 1930 2107 2164 2165; x_wconf 88' lang='lat' dir='ltr'><strong>cedente</strong></span> <span class='ocrx_word' id='word_1_393' title='bbox 2184 2109 2380 2179; x_wconf 87' lang='lat' dir='ltr'><strong>Paulo,</strong></span> <span class='ocrx_word' id='word_1_394' title='bbox 2409 2118 2469 2166; x_wconf 91' lang='lat' dir='ltr'><strong>et</strong></span> <span class='ocrx_word' id='word_1_395' title='bbox 2488 2109 2556 2165; x_wconf 80' lang='lat' dir='ltr'><strong>ad</strong></span> <span class='ocrx_word' id='word_1_396' title='bbox 2579 2108 2715 2166; x_wconf 83' lang='lat' dir='ltr'><strong>alias</strong></span> <span class='ocrx_word' id='word_1_397' title='bbox 2737 2108 3017 2165; x_wconf 79' lang='lat' dir='ltr'><strong>Ecclesias</strong></span> <span class='ocrx_word' id='word_1_398' title='bbox 3048 2116 3392 2175; x_wconf 87' lang='lat' dir='ltr'><strong>transeunte,</strong></span> <span class='ocrx_word' id='word_1_399' title='bbox 3423 2120 3536 2160; x_wconf 88' lang='lat' dir='ltr'><strong>non</strong></span> 
     </span>
    </p>
   </div>
   <div class='ocr_carea' id='block_1_50' title="bbox 1931 2196 3538 2273">
    <p class='ocr_par' dir='ltr' id='par_1_50' title="bbox 1931 2196 3538 2273">
     <span class='ocr_line' id='line_1_50' title="bbox 1931 2196 3538 2273; baseline -0.002 -17"><span class='ocrx_word' id='word_1_400' title='bbox 1931 2200 2343 2257; x_wconf 76' lang='lat' dir='ltr'><strong>dimitterentur</strong></span> <span class='ocrx_word' id='word_1_401' title='bbox 2389 2201 2622 2273; x_wconf 89' lang='lat' dir='ltr'><strong>orpltaui</strong></span> <span class='ocrx_word' id='word_1_402' title='bbox 2675 2201 2821 2257; x_wconf 45' lang='lat' dir='ltr'><strong>:Ised</strong></span> <span class='ocrx_word' id='word_1_403' title='bbox 2862 2196 3129 2258; x_wconf 80' lang='lat' dir='ltr'><strong>haberent</strong></span> <span class='ocrx_word' id='word_1_404' title='bbox 3172 2200 3538 2272; x_wconf 83' lang='lat' dir='ltr'><strong>apostolicum</strong></span> 
     </span>
    </p>
   </div>
   <div class='ocr_carea' id='block_1_51' title="bbox 1931 2282 3530 2364">
    <p class='ocr_par' dir='ltr' id='par_1_51' title="bbox 1931 2282 3530 2364">
     <span class='ocr_line' id='line_1_51' title="bbox 1931 2282 3530 2364; baseline 0 -18"><span class='ocrx_word' id='word_1_405' title='bbox 1931 2291 2146 2360; x_wconf 78' lang='lat' dir='ltr'><strong>virum,</strong></span> <span class='ocrx_word' id='word_1_406' title='bbox 2193 2291 2287 2364; x_wconf 90' lang='lat' dir='ltr'><strong>qui</strong></span> <span class='ocrx_word' id='word_1_407' title='bbox 2329 2307 2394 2348; x_wconf 89' lang='lat' dir='ltr'><strong>ea</strong></span> <span class='ocrx_word' id='word_1_408' title='bbox 2423 2288 2545 2364; x_wconf 71' lang='lat' dir='ltr'><strong>quae</strong></span> <span class='ocrx_word' id='word_1_409' title='bbox 2572 2292 2913 2349; x_wconf 83' lang='lat' dir='ltr'><strong>videbantur</strong></span> <span class='ocrx_word' id='word_1_410' title='bbox 2940 2292 3165 2362; x_wconf 88' lang='lat' dir='ltr'><strong>deesse,</strong></span> <span class='ocrx_word' id='word_1_411' title='bbox 3207 2282 3530 2362; x_wconf 77' lang='lat' dir='ltr'><strong>corrigeret.</strong></span> 
     </span>
    </p>
   </div>
   <div class='ocr_carea' id='block_1_52' title="bbox 1932 2374 3536 2459">
    <p class='ocr_par' dir='ltr' id='par_1_52' title="bbox 1932 2374 3536 2459">
     <span class='ocr_line' id='line_1_52' title="bbox 1932 2374 3536 2459; baseline -0.003 -16"><span class='ocrx_word' id='word_1_412' title='bbox 1932 2386 2068 2454; x_wconf 83' lang='lat' dir='ltr'><strong>Quia</strong></span> <span class='ocrx_word' id='word_1_413' title='bbox 2100 2400 2233 2459; x_wconf 88' lang='lat' dir='ltr'><strong>ergo</strong></span> <span class='ocrx_word' id='word_1_414' title='bbox 2272 2396 2397 2459; x_wconf 88' lang='lat' dir='ltr'><strong>post</strong></span> <span class='ocrx_word' id='word_1_415' title='bbox 2436 2387 2851 2443; x_wconf 80' lang='lat' dir='ltr'><strong>fundamentum</strong></span> <span class='ocrx_word' id='word_1_416' title='bbox 2893 2387 3129 2442; x_wconf 87' lang='lat' dir='ltr'><strong>aliarum</strong></span> <span class='ocrx_word' id='word_1_417' title='bbox 3166 2374 3536 2446; x_wconf 79' lang='lat' dir='ltr'><strong>Ecclesiaruut</strong></span> 
     </span>
    </p>
   </div>
   <div class='ocr_carea' id='block_1_53' title="bbox 1934 2478 3525 2552">
    <p class='ocr_par' dir='ltr' id='par_1_53' title="bbox 1934 2478 3525 2552">
     <span class='ocr_line' id='line_1_53' title="bbox 1934 2478 3525 2552; baseline -0.003 -17"><span class='ocrx_word' id='word_1_418' title='bbox 1934 2479 2277 2536; x_wconf 88' lang='lat' dir='ltr'><strong>necessarius</strong></span> <span class='ocrx_word' id='word_1_419' title='bbox 2301 2489 2421 2537; x_wconf 88' lang='lat' dir='ltr'><strong>erat</strong></span> <span class='ocrx_word' id='word_1_420' title='bbox 2449 2479 2624 2548; x_wconf 88' lang='lat' dir='ltr'><strong>Titus,</strong></span> <span class='ocrx_word' id='word_1_421' title='bbox 2653 2480 2745 2552; x_wconf 89' lang='lat' dir='ltr'><strong>qui</strong></span> <span class='ocrx_word' id='word_1_422' title='bbox 2774 2478 3064 2536; x_wconf 69' lang='lat' dir='ltr'><strong>aedilicium</strong></span> <span class='ocrx_word' id='word_1_423' title='bbox 3093 2486 3525 2551; x_wconf 80' lang='lat' dir='ltr'><strong>superstrueret,</strong></span> 
     </span>
    </p>
   </div>
   <div class='ocr_carea' id='block_1_54' title="bbox 1931 2568 3537 2644">
    <p class='ocr_par' dir='ltr' id='par_1_54' title="bbox 1931 2568 3537 2644">
     <span class='ocr_line' id='line_1_54' title="bbox 1931 2568 3537 2644; baseline -0.002 -15"><span class='ocrx_word' id='word_1_424' title='bbox 1931 2573 2123 2629; x_wconf 81' lang='lat' dir='ltr'><strong>scribit</strong></span> <span class='ocrx_word' id='word_1_425' title='bbox 2153 2573 2236 2642; x_wconf 92' lang='lat' dir='ltr'><strong>ei,</strong></span> <span class='ocrx_word' id='word_1_426' title='bbox 2272 2580 2331 2629; x_wconf 87' lang='lat' dir='ltr'><strong>ut</strong></span> <span class='ocrx_word' id='word_1_427' title='bbox 2369 2588 2492 2629; x_wconf 90' lang='lat' dir='ltr'><strong>cum</strong></span> <span class='ocrx_word' id='word_1_428' title='bbox 2539 2572 2801 2630; x_wconf 82' lang='lat' dir='ltr'><strong>Arteman</strong></span> <span class='ocrx_word' id='word_1_429' title='bbox 2829 2572 2917 2628; x_wconf 87' lang='lat' dir='ltr'><strong>vel</strong></span> <span class='ocrx_word' id='word_1_430' title='bbox 2963 2568 3263 2644; x_wconf 86' lang='lat' dir='ltr'><strong>Tychicum</strong></span> <span class='ocrx_word' id='word_1_431' title='bbox 3290 2614 3305 2638; x_wconf 93' lang='lat'><strong>,</strong></span> <span class='ocrx_word' id='word_1_432' title='bbox 3364 2584 3537 2625; x_wconf 88' lang='lat' dir='ltr'><strong>unum</strong></span> 
     </span>
    </p>
   </div>
   <div class='ocr_carea' id='block_1_55' title="bbox 1930 2665 3538 2741">
    <p class='ocr_par' dir='ltr' id='par_1_55' title="bbox 1930 2665 3538 2741">
     <span class='ocr_line' id='line_1_55' title="bbox 1930 2665 3538 2741; baseline -0.004 -16"><span class='ocrx_word' id='word_1_433' title='bbox 1930 2669 2141 2725; x_wconf 89' lang='lat' dir='ltr'><strong>scilicet</strong></span> <span class='ocrx_word' id='word_1_434' title='bbox 2159 2685 2190 2726; x_wconf 87' lang='lat' dir='ltr'><strong>e</strong></span> <span class='ocrx_word' id='word_1_435' title='bbox 2205 2667 2419 2726; x_wconf 87' lang='lat' dir='ltr'><strong>duobus</strong></span> <span class='ocrx_word' id='word_1_436' title='bbox 2439 2669 2532 2741; x_wconf 92' lang='lat' dir='ltr'><strong>qui</strong></span> <span class='ocrx_word' id='word_1_437' title='bbox 2556 2682 2745 2724; x_wconf 90' lang='lat' dir='ltr'><strong>secum</strong></span> <span class='ocrx_word' id='word_1_438' title='bbox 2763 2665 3002 2731; x_wconf 82' lang='lat' dir='ltr'><strong>fuerant,</strong></span> <span class='ocrx_word' id='word_1_439' title='bbox 3025 2666 3245 2722; x_wconf 87' lang='lat' dir='ltr'><strong>Cretam</strong></span> <span class='ocrx_word' id='word_1_440' title='bbox 3269 2665 3538 2731; x_wconf 87' lang='lat' dir='ltr'><strong>misisset,</strong></span> 
     </span>
    </p>
   </div>
   <div class='ocr_carea' id='block_1_56' title="bbox 1930 2759 3535 2836">
    <p class='ocr_par' dir='ltr' id='par_1_56' title="bbox 1930 2759 3535 2836">
     <span class='ocr_line' id='line_1_56' title="bbox 1930 2759 3535 2836; baseline -0.003 -17"><span class='ocrx_word' id='word_1_441' title='bbox 1930 2761 2256 2835; x_wconf 87' lang='lat' dir='ltr'><strong>impleturus</strong></span> <span class='ocrx_word' id='word_1_442' title='bbox 2278 2762 2388 2836; x_wconf 76' lang='grc' dir='ltr'><strong>[ΑΙ.</strong></span> <span class='ocrx_word' id='word_1_443' title='bbox 2413 2760 2784 2835; x_wconf 87' lang='lat' dir='ltr'><strong>impleturum]</strong></span> <span class='ocrx_word' id='word_1_444' title='bbox 2801 2762 2976 2818; x_wconf 90' lang='lat' dir='ltr'><strong>locum</strong></span> <span class='ocrx_word' id='word_1_445' title='bbox 2989 2760 3137 2832; x_wconf 85' lang='lat' dir='ltr'><strong>ejus:</strong></span> <span class='ocrx_word' id='word_1_446' title='bbox 3163 2760 3279 2831; x_wconf 88' lang='lat' dir='ltr'><strong>ipse</strong></span> <span class='ocrx_word' id='word_1_447' title='bbox 3299 2759 3535 2831; x_wconf 86' lang='lat' dir='ltr'><strong>Nicopo-</strong></span> 
     </span>
    </p>
   </div>
   <div class='ocr_carea' id='block_1_57' title="bbox 1929 2839 3539 2925">
    <p class='ocr_par' dir='ltr' id='par_1_57' title="bbox 1929 2839 3539 2925">
     <span class='ocr_line' id='line_1_57' title="bbox 1929 2839 3539 2925; baseline -0.001 -14"><span class='ocrx_word' id='word_1_448' title='bbox 1929 2855 2026 2911; x_wconf 91' lang='lat' dir='ltr'><strong>lim</strong></span> <span class='ocrx_word' id='word_1_449' title='bbox 2043 2857 2285 2925; x_wconf 88' lang='lat' dir='ltr'><strong>veniret,</strong></span> <span class='ocrx_word' id='word_1_450' title='bbox 2302 2839 2373 2913; x_wconf 84' lang='lat' dir='ltr'><strong>ibi</strong></span> <span class='ocrx_word' id='word_1_451' title='bbox 2389 2872 2449 2913; x_wconf 87' lang='lat' dir='ltr'><strong>se</strong></span> <span class='ocrx_word' id='word_1_452' title='bbox 2461 2856 2826 2913; x_wconf 90' lang='lat' dir='ltr'><strong>hiematurum</strong></span> <span class='ocrx_word' id='word_1_453' title='bbox 2841 2869 2965 2911; x_wconf 89' lang='lat' dir='ltr'><strong>esse</strong></span> <span class='ocrx_word' id='word_1_454' title='bbox 2977 2869 3078 2911; x_wconf 88' lang='lat' dir='ltr'><strong>con</strong></span> <span class='ocrx_word' id='word_1_455' title='bbox 3089 2864 3312 2911; x_wconf 90' lang='lat' dir='ltr'><strong>testans.</strong></span> <span class='ocrx_word' id='word_1_456' title='bbox 3330 2852 3410 2908; x_wconf 78' lang='lat' dir='ltr'><strong>Ex</strong></span> <span class='ocrx_word' id='word_1_457' title='bbox 3429 2868 3539 2922; x_wconf 87' lang='lat' dir='ltr'><strong>quo</strong></span> 
     </span>
    </p>
   </div>
   <div class='ocr_carea' id='block_1_58' title="bbox 1926 2946 3536 3022">
    <p class='ocr_par' dir='ltr' id='par_1_58' title="bbox 1926 2946 3536 3022">
     <span class='ocr_line' id='line_1_58' title="bbox 1926 2946 3536 3022; baseline -0.003 -16"><span class='ocrx_word' id='word_1_458' title='bbox 1926 2960 2188 3022; x_wconf 88' lang='lat' dir='ltr'><strong>paternos</strong></span> <span class='ocrx_word' id='word_1_459' title='bbox 2209 2949 2365 3007; x_wconf 89' lang='lat' dir='ltr'><strong>Pauli</strong></span> <span class='ocrx_word' id='word_1_460' title='bbox 2385 2951 2437 3006; x_wconf 90' lang='lat' dir='ltr'><strong>in</strong></span> <span class='ocrx_word' id='word_1_461' title='bbox 2449 2948 2739 3008; x_wconf 89' lang='lat' dir='ltr'><strong>Cretenses</strong></span> <span class='ocrx_word' id='word_1_462' title='bbox 2756 2948 3055 3022; x_wconf 89' lang='lat' dir='ltr'><strong>probamus</strong></span> <span class='ocrx_word' id='word_1_463' title='bbox 3081 2948 3188 3022; x_wconf 82' lang='grc' dir='ltr'><strong>[Αι.</strong></span> <span class='ocrx_word' id='word_1_464' title='bbox 3216 2946 3536 3020; x_wconf 88' lang='lat' dir='ltr'><strong>probemus]</strong></span> 
     </span>
    </p>
   </div>
   <div class='ocr_carea' id='block_1_59' title="bbox 1931 3039 3539 3123">
    <p class='ocr_par' dir='ltr' id='par_1_59' title="bbox 1931 3039 3539 3123">
     <span class='ocr_line' id='line_1_59' title="bbox 1931 3039 3539 3123; baseline -0.002 -25"><span class='ocrx_word' id='word_1_465' title='bbox 1931 3044 2180 3100; x_wconf 75' lang='lat' dir='ltr'><strong>allectus.</strong></span> <span class='ocrx_word' id='word_1_466' title='bbox 2214 3041 2597 3123; x_wconf 87' lang='lat' dir='ltr'><strong>Necessarium</strong></span> <span class='ocrx_word' id='word_1_467' title='bbox 2626 3042 2797 3101; x_wconf 82' lang='lat' dir='ltr'><strong>habet</strong></span> <span class='ocrx_word' id='word_1_468' title='bbox 2824 3042 3005 3098; x_wconf 90' lang='lat' dir='ltr'><strong>Titum</strong></span> <span class='ocrx_word' id='word_1_469' title='bbox 3040 3042 3094 3097; x_wconf 92' lang='lat' dir='ltr'><strong>in</strong></span> <span class='ocrx_word' id='word_1_470' title='bbox 3127 3040 3407 3112; x_wconf 86' lang='lat' dir='ltr'><strong>Evangelii</strong></span> <span class='ocrx_word' id='word_1_471' title='bbox 3436 3039 3539 3095; x_wconf 86' lang='lat' dir='ltr'><strong>mi-</strong></span> 
     </span>
    </p>
   </div>
   <div class='ocr_carea' id='block_1_60' title="bbox 1926 3130 3537 3197">
    <p class='ocr_par' dir='ltr' id='par_1_60' title="bbox 1926 3130 3537 3197">
     <span class='ocr_line' id='line_1_60' title="bbox 1926 3130 3537 3197; baseline -0.002 -4"><span class='ocrx_word' id='word_1_472' title='bbox 1926 3133 2223 3195; x_wconf 81' lang='lat' dir='ltr'><strong>nisterium</strong></span> <span class='ocrx_word' id='word_1_473' title='bbox 2252 3156 2265 3193; x_wconf 92' lang='lat'>:</span> <span class='ocrx_word' id='word_1_474' title='bbox 2294 3147 2478 3195; x_wconf 88' lang='lat' dir='ltr'><strong>tamen</strong></span> <span class='ocrx_word' id='word_1_475' title='bbox 2508 3153 2620 3194; x_wconf 90' lang='lat' dir='ltr'><strong>non</strong></span> <span class='ocrx_word' id='word_1_476' title='bbox 2652 3130 2777 3194; x_wconf 81' lang='lat' dir='ltr'><strong>eum</strong></span> <span class='ocrx_word' id='word_1_477' title='bbox 2820 3146 2947 3193; x_wconf 88' lang='lat' dir='ltr'><strong>ante</strong></span> <span class='ocrx_word' id='word_1_478' title='bbox 2969 3136 3036 3192; x_wconf 90' lang='lat' dir='ltr'><strong>ad</strong></span> <span class='ocrx_word' id='word_1_479' title='bbox 3069 3151 3128 3192; x_wconf 92' lang='lat' dir='ltr'><strong>se</strong></span> <span class='ocrx_word' id='word_1_480' title='bbox 3164 3135 3282 3191; x_wconf 90' lang='lat' dir='ltr'><strong>vult</strong></span> <span class='ocrx_word' id='word_1_481' title='bbox 3312 3134 3537 3197; x_wconf 87' lang='lat' dir='ltr'><strong>venire,</strong></span> 
     </span>
    </p>
   </div>
   <div class='ocr_carea' id='block_1_61' title="bbox 244 3223 3531 3304">
    <p class='ocr_par' dir='ltr' id='par_1_61' title="bbox 244 3223 3531 3304">
     <span class='ocr_line' id='line_1_61' title="bbox 244 3223 3531 3304; baseline 0 -23"><span class='ocrx_word' id='word_1_482' title='bbox 244 3224 513 3296; x_wconf 65' lang='lat' dir='ltr'><strong>lautianm,</strong></span> <span class='ocrx_word' id='word_1_483' title='bbox 543 3226 818 3300; x_wconf 78' lang='lat' dir='ltr'><strong>Apellem,</strong></span> <span class='ocrx_word' id='word_1_484' title='bbox 852 3223 1117 3282; x_wconf 84' lang='lat' dir='ltr'><strong>Ebiouem</strong></span> <span class='ocrx_word' id='word_1_485' title='bbox 1137 3268 1153 3294; x_wconf 95' lang='lat'><strong>,</strong></span> <span class='ocrx_word' id='word_1_486' title='bbox 1177 3223 1525 3291; x_wconf 80' lang='lat' dir='ltr'><strong>Montanum,</strong></span> <span class='ocrx_word' id='word_1_487' title='bbox 1562 3234 1618 3280; x_wconf 88' lang='lat' dir='ltr'><strong>et</strong></span> <span class='ocrx_word' id='word_1_488' title='bbox 1652 3224 1826 3280; x_wconf 79' lang='lat' dir='ltr'><strong>Mani-</strong></span> <span class='ocrx_word' id='word_1_489' title='bbox 1852 3238 1899 3303; x_wconf 73' lang='grc' dir='ltr'>ρ</span> <span class='ocrx_word' id='word_1_490' title='bbox 1931 3231 2042 3288; x_wconf 86' lang='lat' dir='ltr'><strong>nisi</strong></span> <span class='ocrx_word' id='word_1_491' title='bbox 2072 3233 2125 3288; x_wconf 90' lang='lat' dir='ltr'><strong>in</strong></span> <span class='ocrx_word' id='word_1_492' title='bbox 2149 3232 2331 3290; x_wconf 91' lang='lat' dir='ltr'><strong>locum</strong></span> <span class='ocrx_word' id='word_1_493' title='bbox 2362 3232 2481 3304; x_wconf 80' lang='lat' dir='ltr'><strong>ejus</strong></span> <span class='ocrx_word' id='word_1_494' title='bbox 2512 3231 2791 3301; x_wconf 87' lang='lat' dir='ltr'><strong>Artemas,</strong></span> <span class='ocrx_word' id='word_1_495' title='bbox 2822 3231 2913 3287; x_wconf 88' lang='lat' dir='ltr'><strong>vel</strong></span> <span class='ocrx_word' id='word_1_496' title='bbox 2941 3228 3215 3302; x_wconf 86' lang='lat' dir='ltr'><strong>Tychicus</strong></span> <span class='ocrx_word' id='word_1_497' title='bbox 3241 3224 3531 3285; x_wconf 85' lang='lat' dir='ltr'><strong>successor</strong></span> 
     </span>
    </p>
   </div>
   <div class='ocr_carea' id='block_1_62' title="bbox 242 3317 1823 3391">
    <p class='ocr_par' dir='ltr' id='par_1_62' title="bbox 242 3317 1823 3391">
     <span class='ocr_line' id='line_1_62' title="bbox 242 3317 1823 3391; baseline -0.001 -15"><span class='ocrx_word' id='word_1_498' title='bbox 242 3320 427 3377; x_wconf 71' lang='lat' dir='ltr'><strong>chzeum</strong></span> <span class='ocrx_word' id='word_1_499' title='bbox 453 3322 575 3378; x_wconf 85' lang='lat' dir='ltr'><strong>cum</strong></span> <span class='ocrx_word' id='word_1_500' title='bbox 612 3321 729 3378; x_wconf 90' lang='lat' dir='ltr'><strong>suis</strong></span> <span class='ocrx_word' id='word_1_501' title='bbox 756 3333 1081 3376; x_wconf 90' lang='lat' dir='ltr'><strong>enumerare</strong></span> <span class='ocrx_word' id='word_1_502' title='bbox 1120 3317 1466 3391; x_wconf 85' lang='lat' dir='ltr'><strong>dogmatibus</strong></span> <span class='ocrx_word' id='word_1_503' title='bbox 1496 3335 1511 3373; x_wconf 91' lang='lat'><strong>:</strong></span> <span class='ocrx_word' id='word_1_504' title='bbox 1543 3332 1666 3374; x_wconf 90' lang='lat' dir='ltr'><strong>cum</strong></span> <span class='ocrx_word' id='word_1_505' title='bbox 1696 3332 1823 3389; x_wconf 87' lang='lat' dir='ltr'><strong>per-</strong></span> 
     </span>
    </p>
   </div>
   <div class='ocr_carea' id='block_1_63' title="bbox 241 3412 1825 3489">
    <p class='ocr_par' dir='ltr' id='par_1_63' title="bbox 241 3412 1825 3489">
     <span class='ocr_line' id='line_1_63' title="bbox 241 3412 1825 3489; baseline -0.001 -19"><span class='ocrx_word' id='word_1_506' title='bbox 241 3413 379 3473; x_wconf 80' lang='lat' dir='ltr'><strong>lacile</strong></span> <span class='ocrx_word' id='word_1_507' title='bbox 421 3414 493 3489; x_wconf 83' lang='lat' dir='ltr'><strong>sit</strong></span> <span class='ocrx_word' id='word_1_508' title='bbox 549 3415 850 3488; x_wconf 87' lang='lat' dir='ltr'><strong>unicuique</strong></span> <span class='ocrx_word' id='word_1_509' title='bbox 878 3429 1216 3487; x_wconf 89' lang='lat' dir='ltr'><strong>cognoscere</strong></span> <span class='ocrx_word' id='word_1_510' title='bbox 1255 3412 1452 3487; x_wconf 90' lang='lat' dir='ltr'><strong>quibus</strong></span> <span class='ocrx_word' id='word_1_511' title='bbox 1490 3412 1693 3485; x_wconf 88' lang='lat' dir='ltr'><strong>singuli</strong></span> <span class='ocrx_word' id='word_1_512' title='bbox 1725 3412 1825 3469; x_wconf 89' lang='lat' dir='ltr'><strong>dn-</strong></span> 
     </span>
    </p>
   </div>
   <div class='ocr_carea' id='block_1_64' title="bbox 243 3492 1826 3575">
    <p class='ocr_par' dir='ltr' id='par_1_64' title="bbox 243 3492 1826 3575">
     <span class='ocr_line' id='line_1_64' title="bbox 243 3492 1826 3575; baseline -0.003 -9"><span class='ocrx_word' id='word_1_513' title='bbox 243 3519 415 3567; x_wconf 79' lang='lat' dir='ltr'><strong>cantur</strong></span> <span class='ocrx_word' id='word_1_514' title='bbox 431 3492 742 3569; x_wconf 83' lang='lat' dir='ltr'><strong>erroribus.</strong></span> <span class='ocrx_word' id='word_1_515' title='bbox 764 3508 930 3566; x_wconf 79' lang='lat' dir='ltr'><strong>Arius</strong></span> <span class='ocrx_word' id='word_1_516' title='bbox 952 3517 1009 3565; x_wconf 89' lang='lat' dir='ltr'><strong>et</strong></span> <span class='ocrx_word' id='word_1_517' title='bbox 1029 3502 1352 3575; x_wconf 82' lang='lat' dir='ltr'><strong>Eunomius,</strong></span> <span class='ocrx_word' id='word_1_518' title='bbox 1377 3517 1433 3564; x_wconf 89' lang='lat' dir='ltr'><strong>et</strong></span> <span class='ocrx_word' id='word_1_519' title='bbox 1455 3520 1613 3562; x_wconf 72' lang='lat' dir='ltr'><strong>nova:</strong></span> <span class='ocrx_word' id='word_1_520' title='bbox 1635 3514 1826 3562; x_wconf 88' lang='lat' dir='ltr'><strong>auctor</strong></span> 
     </span>
    </p>
   </div>
   <div class='ocr_carea' id='block_1_65' title="bbox 240 3586 1826 3671">
    <p class='ocr_par' dir='ltr' id='par_1_65' title="bbox 240 3586 1826 3671">
     <span class='ocr_line' id='line_1_65' title="bbox 240 3586 1826 3671; baseline -0.003 -11"><span class='ocrx_word' id='word_1_521' title='bbox 240 3586 519 3671; x_wconf 65' lang='lat' dir='ltr'><strong>haereseos,</strong></span> <span class='ocrx_word' id='word_1_522' title='bbox 550 3607 763 3663; x_wconf 87' lang='lat' dir='ltr'><strong>utinam</strong></span> <span class='ocrx_word' id='word_1_523' title='bbox 797 3600 910 3660; x_wconf 84' lang='lat' dir='ltr'><strong>tam</strong></span> <span class='ocrx_word' id='word_1_524' title='bbox 941 3594 1060 3659; x_wconf 86' lang='lat' dir='ltr'><strong>noti</strong></span> <span class='ocrx_word' id='word_1_525' title='bbox 1082 3619 1193 3659; x_wconf 90' lang='lat' dir='ltr'><strong>non</strong></span> <span class='ocrx_word' id='word_1_526' title='bbox 1222 3611 1431 3671; x_wconf 87' lang='lat' dir='ltr'><strong>essent,</strong></span> <span class='ocrx_word' id='word_1_527' title='bbox 1454 3603 1636 3658; x_wconf 86' lang='lat' dir='ltr'><strong>minus</strong></span> <span class='ocrx_word' id='word_1_528' title='bbox 1664 3599 1826 3656; x_wconf 80' lang='lat' dir='ltr'><strong>forsi-</strong></span> 
     </span>
    </p>
   </div>
   <div class='ocr_carea' id='block_1_66' title="bbox 245 3694 1821 3772">
    <p class='ocr_par' dir='ltr' id='par_1_66' title="bbox 245 3694 1821 3772">
     <span class='ocr_line' id='line_1_66' title="bbox 245 3694 1821 3772; baseline -0.003 -19"><span class='ocrx_word' id='word_1_529' title='bbox 245 3707 320 3753; x_wconf 87' lang='lat' dir='ltr'><strong>tan</strong></span> <span class='ocrx_word' id='word_1_530' title='bbox 335 3698 592 3772; x_wconf 89' lang='lat' dir='ltr'><strong>plurimos</strong></span> <span class='ocrx_word' id='word_1_531' title='bbox 607 3697 986 3770; x_wconf 87' lang='lat' dir='ltr'><strong>decepissentl</strong></span> <span class='ocrx_word' id='word_1_532' title='bbox 1009 3697 1340 3752; x_wconf 86' lang='lat' dir='ltr'><strong>llaereticum</strong></span> <span class='ocrx_word' id='word_1_533' title='bbox 1360 3695 1527 3766; x_wconf 87' lang='lat' dir='ltr'><strong>igitur</strong></span> <span class='ocrx_word' id='word_1_534' title='bbox 1540 3694 1821 3749; x_wconf 82' lang='lat' dir='ltr'><strong>hominem</strong></span> 
     </span>
    </p>
   </div>
   <div class='ocr_carea' id='block_1_67' title="bbox 240 3785 1824 3862">
    <p class='ocr_par' dir='ltr' id='par_1_67' title="bbox 240 3785 1824 3862">
     <span class='ocr_line' id='line_1_67' title="bbox 240 3785 1824 3862; baseline -0.003 -15"><span class='ocrx_word' id='word_1_535' title='bbox 240 3801 349 3862; x_wconf 80' lang='lat' dir='ltr'><strong>post</strong></span> <span class='ocrx_word' id='word_1_536' title='bbox 374 3807 533 3848; x_wconf 80' lang='lat' dir='ltr'><strong>unam</strong></span> <span class='ocrx_word' id='word_1_537' title='bbox 563 3791 973 3860; x_wconf 82' lang='lat' dir='ltr'><strong>correptionem</strong></span> <span class='ocrx_word' id='word_1_538' title='bbox 998 3828 1015 3855; x_wconf 86' lang='lat'><strong>,</strong></span> <span class='ocrx_word' id='word_1_539' title='bbox 1062 3789 1197 3844; x_wconf 81' lang='lat' dir='ltr'><strong>sive</strong></span> <span class='ocrx_word' id='word_1_540' title='bbox 1221 3794 1283 3841; x_wconf 84' lang='lat' dir='ltr'><strong>ut</strong></span> <span class='ocrx_word' id='word_1_541' title='bbox 1311 3787 1366 3841; x_wconf 89' lang='lat' dir='ltr'><strong>in</strong></span> <span class='ocrx_word' id='word_1_542' title='bbox 1394 3786 1589 3842; x_wconf 62' lang='lat' dir='ltr'><strong>Graeco</strong></span> <span class='ocrx_word' id='word_1_543' title='bbox 1626 3785 1824 3842; x_wconf 88' lang='lat' dir='ltr'><strong>melius</strong></span> 
     </span>
    </p>
   </div>
   <div class='ocr_carea' id='block_1_68' title="bbox 242 3876 1820 3953">
    <p class='ocr_par' dir='ltr' id='par_1_68' title="bbox 242 3876 1820 3953">
     <span class='ocr_line' id='line_1_68' title="bbox 242 3876 1820 3953; baseline -0.006 -14"><span class='ocrx_word' id='word_1_544' title='bbox 242 3880 474 3952; x_wconf 81' lang='lat' dir='ltr'><strong>habetur,</strong></span> <span class='ocrx_word' id='word_1_545' title='bbox 506 3884 774 3941; x_wconf 78' lang='grc' dir='ltr'><strong>νουθεσίαν</strong></span> <span class='ocrx_word' id='word_1_546' title='bbox 794 3928 809 3953; x_wconf 89' lang='grc'><em>,</em></span> <span class='ocrx_word' id='word_1_547' title='bbox 840 3876 1020 3939; x_wconf 81' lang='lat' dir='ltr'><strong>devita</strong></span> <span class='ocrx_word' id='word_1_548' title='bbox 1060 3898 1074 3937; x_wconf 89' lang='lat'><strong>:</strong></span> <span class='ocrx_word' id='word_1_549' title='bbox 1102 3881 1341 3937; x_wconf 80' lang='grc' dir='ltr'><strong>νουθεσία</strong></span> <span class='ocrx_word' id='word_1_550' title='bbox 1370 3889 1551 3934; x_wconf 88' lang='lat' dir='ltr'><strong>autem</strong></span> <span class='ocrx_word' id='word_1_551' title='bbox 1592 3893 1820 3933; x_wconf 87' lang='lat' dir='ltr'><strong>commo-</strong></span> 
     </span>
    </p>
   </div>
   <div class='ocr_carea' id='block_1_69' title="bbox 243 3970 1825 4046">
    <p class='ocr_par' dir='ltr' id='par_1_69' title="bbox 243 3970 1825 4046">
     <span class='ocr_line' id='line_1_69' title="bbox 243 3970 1825 4046; baseline -0.004 -13"><span class='ocrx_word' id='word_1_552' title='bbox 243 3979 475 4037; x_wconf 77' lang='lat' dir='ltr'><strong>ultionem</strong></span> <span class='ocrx_word' id='word_1_553' title='bbox 527 3979 704 4046; x_wconf 73' lang='lat' dir='ltr'><strong>magis</strong></span> <span class='ocrx_word' id='word_1_554' title='bbox 753 3985 810 4035; x_wconf 89' lang='lat' dir='ltr'><strong>et</strong></span> <span class='ocrx_word' id='word_1_555' title='bbox 860 3975 1153 4037; x_wconf 70' lang='lat' dir='ltr'><strong>doctrinam</strong></span> <span class='ocrx_word' id='word_1_556' title='bbox 1190 3973 1405 4044; x_wconf 78' lang='lat' dir='ltr'><strong>absque</strong></span> <span class='ocrx_word' id='word_1_557' title='bbox 1437 3970 1825 4041; x_wconf 80' lang='lat' dir='ltr'><strong>increpatione</strong></span> 
     </span>
    </p>
   </div>
   <div class='ocr_carea' id='block_1_70' title="bbox 245 4063 1821 4149">
    <p class='ocr_par' dir='ltr' id='par_1_70' title="bbox 245 4063 1821 4149">
     <span class='ocr_line' id='line_1_70' title="bbox 245 4063 1821 4149; baseline -0.006 -24"><span class='ocrx_word' id='word_1_558' title='bbox 245 4071 515 4142; x_wconf 81' lang='lat' dir='ltr'><strong>signiﬁcat.</strong></span> <span class='ocrx_word' id='word_1_559' title='bbox 546 4071 770 4143; x_wconf 87' lang='lat' dir='ltr'><strong>Legitur</strong></span> <span class='ocrx_word' id='word_1_560' title='bbox 792 4069 846 4145; x_wconf 84' lang='lat' dir='ltr'><strong>in</strong></span> <span class='ocrx_word' id='word_1_561' title='bbox 870 4068 1082 4147; x_wconf 68' lang='lat' dir='ltr'><strong>Latinis</strong></span> <span class='ocrx_word' id='word_1_562' title='bbox 1106 4066 1391 4149; x_wconf 79' lang='lat' dir='ltr'><strong>codicibus</strong></span> <span class='ocrx_word' id='word_1_563' title='bbox 1432 4063 1604 4136; x_wconf 90' lang='lat' dir='ltr'><strong>(quod</strong></span> <span class='ocrx_word' id='word_1_564' title='bbox 1635 4079 1821 4149; x_wconf 82' lang='lat' dir='ltr'><strong>verum</strong></span> 
     </span>
    </p>
   </div>
   <div class='ocr_carea' id='block_1_71' title="bbox 245 4144 1822 4241">
    <p class='ocr_par' dir='ltr' id='par_1_71' title="bbox 245 4144 1822 4241">
     <span class='ocr_line' id='line_1_71' title="bbox 245 4144 1822 4241; baseline -0.004 -20"><span class='ocrx_word' id='word_1_565' title='bbox 245 4162 370 4237; x_wconf 81' lang='lat' dir='ltr'><strong>Papa</strong></span> <span class='ocrx_word' id='word_1_566' title='bbox 394 4179 606 4238; x_wconf 83' lang='lat' dir='ltr'><strong>quoque</strong></span> <span class='ocrx_word' id='word_1_567' title='bbox 628 4174 655 4202; x_wconf 79' lang='grc' dir='ltr'>ι</span> <span class='ocrx_word' id='word_1_568' title='bbox 676 4162 1012 4241; x_wconf 75' lang='lat' dir='ltr'><strong>Athanasius</strong></span> <span class='ocrx_word' id='word_1_569' title='bbox 1032 4144 1398 4239; x_wconf 69' lang='lat' dir='ltr'><strong>approbabat)</strong></span> <span class='ocrx_word' id='word_1_570' title='bbox 1418 4148 1579 4237; x_wconf 40' lang='lat' dir='ltr'><strong>gron</strong></span> <span class='ocrx_word' id='word_1_571' title='bbox 1599 4176 1754 4214; x_wconf 86' lang='lat' dir='ltr'><strong>unam</strong></span> <span class='ocrx_word' id='word_1_572' title='bbox 1774 4144 1822 4214; x_wconf 83' lang='lat' dir='ltr'><strong>et</strong></span> 
     </span>
    </p>
   </div>
   <div class='ocr_carea' id='block_1_72' title="bbox 245 4253 1827 4333">
    <p class='ocr_par' dir='ltr' id='par_1_72' title="bbox 245 4253 1827 4333">
     <span class='ocr_line' id='line_1_72' title="bbox 245 4253 1827 4333; baseline -0.004 -22"><span class='ocrx_word' id='word_1_573' title='bbox 245 4259 445 4314; x_wconf 86' lang='lat' dir='ltr'><strong>alteram</strong></span> <span class='ocrx_word' id='word_1_574' title='bbox 491 4258 920 4329; x_wconf 76' lang='lat' dir='ltr'><strong>surreptionem;</strong></span> <span class='ocrx_word' id='word_1_575' title='bbox 977 4256 1123 4328; x_wconf 90' lang='lat' dir='ltr'><strong>quod</strong></span> <span class='ocrx_word' id='word_1_576' title='bbox 1168 4255 1380 4311; x_wconf 87' lang='lat' dir='ltr'><strong>scilicet</strong></span> <span class='ocrx_word' id='word_1_577' title='bbox 1424 4269 1537 4333; x_wconf 76' lang='lat' dir='ltr'><strong>non</strong></span> <span class='ocrx_word' id='word_1_578' title='bbox 1562 4253 1827 4333; x_wconf 35' lang='lat' dir='ltr'><strong>&#39;sufﬁciat</strong></span> 
     </span>
    </p>
   </div>
   <div class='ocr_carea' id='block_1_73' title="bbox 246 4332 1825 4419">
    <p class='ocr_par' dir='ltr' id='par_1_73' title="bbox 246 4332 1825 4419">
     <span class='ocr_line' id='line_1_73' title="bbox 246 4332 1825 4419; baseline -0.003 -14"><span class='ocrx_word' id='word_1_579' title='bbox 246 4356 434 4407; x_wconf 77' lang='lat' dir='ltr'><strong>tantum</strong></span> <span class='ocrx_word' id='word_1_580' title='bbox 462 4351 629 4407; x_wconf 88' lang='lat' dir='ltr'><strong>semel</strong></span> <span class='ocrx_word' id='word_1_581' title='bbox 648 4366 776 4407; x_wconf 88' lang='lat' dir='ltr'><strong>eum</strong></span> <span class='ocrx_word' id='word_1_582' title='bbox 799 4348 1033 4419; x_wconf 83' lang='lat' dir='ltr'><strong>corripi,</strong></span> <span class='ocrx_word' id='word_1_583' title='bbox 1052 4347 1141 4405; x_wconf 88' lang='lat' dir='ltr'><strong>vel</strong></span> <span class='ocrx_word' id='word_1_584' title='bbox 1166 4345 1505 4403; x_wconf 89' lang='lat' dir='ltr'><strong>commoneri</strong></span> <span class='ocrx_word' id='word_1_585' title='bbox 1529 4344 1622 4417; x_wconf 85' lang='lat' dir='ltr'><strong>qui</strong></span> <span class='ocrx_word' id='word_1_586' title='bbox 1644 4332 1825 4416; x_wconf 80' lang='lat' dir='ltr'><strong>aliquo</strong></span> 
     </span>
    </p>
   </div>
   <div class='ocr_carea' id='block_1_74' title="bbox 245 4426 1826 4525">
    <p class='ocr_par' dir='ltr' id='par_1_74' title="bbox 245 4426 1826 4525">
     <span class='ocr_line' id='line_1_74' title="bbox 245 4426 1826 4525; baseline 0 -27"><span class='ocrx_word' id='word_1_587' title='bbox 245 4442 310 4499; x_wconf 86' lang='lat' dir='ltr'><strong>sit</strong></span> <span class='ocrx_word' id='word_1_588' title='bbox 333 4443 650 4515; x_wconf 83' lang='lat' dir='ltr'><strong>depravatus</strong></span> <span class='ocrx_word' id='word_1_589' title='bbox 671 4459 870 4501; x_wconf 90' lang='lat' dir='ltr'><strong>errore</strong></span> <span class='ocrx_word' id='word_1_590' title='bbox 899 4426 1031 4499; x_wconf 59' lang='lat' dir='ltr'><strong>{sed</strong></span> <span class='ocrx_word' id='word_1_591' title='bbox 1053 4452 1108 4521; x_wconf 77' lang='lat' dir='ltr'><strong>et</strong></span> <span class='ocrx_word' id='word_1_592' title='bbox 1133 4440 1371 4497; x_wconf 81' lang='lat' dir='ltr'><strong>secunda</strong></span> <span class='ocrx_word' id='word_1_593' title='bbox 1388 4442 1459 4501; x_wconf 87' lang='lat' dir='ltr'><strong>sit</strong></span> <span class='ocrx_word' id='word_1_594' title='bbox 1478 4441 1528 4497; x_wconf 90' lang='lat' dir='ltr'><strong>ei</strong></span> <span class='ocrx_word' id='word_1_595' title='bbox 1551 4440 1716 4513; x_wconf 75' lang='lat'><strong>738</strong></span> <span class='ocrx_word' id='word_1_596' title='bbox 1731 4438 1826 4525; x_wconf 64' lang='lat' dir='ltr'><strong>qd-</strong></span> 
     </span>
    </p>
   </div>
   <div class='ocr_carea' id='block_1_75' title="bbox 245 4532 1873 4604">
    <p class='ocr_par' dir='ltr' id='par_1_75' title="bbox 245 4532 1873 4604">
     <span class='ocr_line' id='line_1_75' title="bbox 245 4532 1873 4604; baseline -0.004 -15"><span class='ocrx_word' id='word_1_597' title='bbox 245 4533 463 4594; x_wconf 81' lang='lat' dir='ltr'><strong>hibenda</strong></span> <span class='ocrx_word' id='word_1_598' title='bbox 482 4536 833 4604; x_wconf 82' lang='lat' dir='ltr'><strong>doctrina,ut</strong></span> <span class='ocrx_word' id='word_1_599' title='bbox 863 4537 1033 4592; x_wconf 87' lang='lat' dir='ltr'><strong>inore</strong></span> <span class='ocrx_word' id='word_1_600' title='bbox 1062 4532 1292 4592; x_wconf 75' lang='lat' dir='ltr'><strong>duorum</strong></span> <span class='ocrx_word' id='word_1_601' title='bbox 1324 4535 1591 4590; x_wconf 87' lang='lat' dir='ltr'><strong>auttrium</strong></span> <span class='ocrx_word' id='word_1_602' title='bbox 1609 4534 1823 4589; x_wconf 82' lang='lat' dir='ltr'><strong>testium</strong></span> <span class='ocrx_word' id='word_1_603' title='bbox 1862 4580 1873 4583; x_wconf 94' lang='lat'>_</span> 
     </span>
    </p>
   </div>
   <div class='ocr_carea' id='block_1_76' title="bbox 1930 3318 3537 3396">
    <p class='ocr_par' dir='ltr' id='par_1_76' title="bbox 1930 3318 3537 3396">
     <span class='ocr_line' id='line_1_76' title="bbox 1930 3318 3537 3396; baseline -0.002 -18"><span class='ocrx_word' id='word_1_604' title='bbox 1930 3324 2238 3380; x_wconf 86' lang='lat' dir='ltr'><strong>advenerit.</strong></span> <span class='ocrx_word' id='word_1_605' title='bbox 2269 3322 2551 3396; x_wconf 87' lang='lat' dir='ltr'><strong>Nicopolis</strong></span> <span class='ocrx_word' id='word_1_606' title='bbox 2582 3324 2697 3394; x_wconf 84' lang='lat' dir='ltr'><strong>ipsa</strong></span> <span class='ocrx_word' id='word_1_607' title='bbox 2726 3333 2833 3389; x_wconf 88' lang='lat' dir='ltr'><strong>est,</strong></span> <span class='ocrx_word' id='word_1_608' title='bbox 2859 3320 2981 3393; x_wconf 68' lang='lat' dir='ltr'><strong>quae</strong></span> <span class='ocrx_word' id='word_1_609' title='bbox 3000 3322 3077 3378; x_wconf 86' lang='lat' dir='ltr'><strong>ob</strong></span> <span class='ocrx_word' id='word_1_610' title='bbox 3100 3322 3393 3379; x_wconf 87' lang='lat' dir='ltr'><strong>victoriam</strong></span> <span class='ocrx_word' id='word_1_611' title='bbox 3424 3318 3537 3375; x_wconf 86' lang='lat' dir='ltr'><strong>Au-</strong></span> 
     </span>
    </p>
   </div>
   <div class='ocr_carea' id='block_1_77' title="bbox 1929 3413 3536 3489">
    <p class='ocr_par' dir='ltr' id='par_1_77' title="bbox 1929 3413 3536 3489">
     <span class='ocr_line' id='line_1_77' title="bbox 1929 3413 3536 3489; baseline -0.002 -18"><span class='ocrx_word' id='word_1_612' title='bbox 1929 3417 2097 3488; x_wconf 88' lang='lat' dir='ltr'><strong>gusti,</strong></span> <span class='ocrx_word' id='word_1_613' title='bbox 2126 3416 2271 3489; x_wconf 90' lang='lat' dir='ltr'><strong>quod</strong></span> <span class='ocrx_word' id='word_1_614' title='bbox 2304 3415 2381 3473; x_wconf 91' lang='lat' dir='ltr'><strong>ibi</strong></span> <span class='ocrx_word' id='word_1_615' title='bbox 2412 3415 2709 3473; x_wconf 84' lang='lat' dir='ltr'><strong>Antonium</strong></span> <span class='ocrx_word' id='word_1_616' title='bbox 2735 3415 3197 3489; x_wconf 88' lang='lat' dir='ltr'><strong>Cleopatramque</strong></span> <span class='ocrx_word' id='word_1_617' title='bbox 3240 3413 3536 3487; x_wconf 88' lang='lat' dir='ltr'><strong>superarit,</strong></span> 
     </span>
    </p>
   </div>
   <div class='ocr_carea' id='block_1_78' title="bbox 1928 3509 3497 3589">
    <p class='ocr_par' dir='ltr' id='par_1_78' title="bbox 1928 3509 3497 3589">
     <span class='ocr_line' id='line_1_78' title="bbox 1928 3509 3497 3589; baseline -0.005 -22"><span class='ocrx_word' id='word_1_618' title='bbox 1928 3523 2128 3567; x_wconf 90' lang='lat' dir='ltr'><strong>nomen</strong></span> <span class='ocrx_word' id='word_1_619' title='bbox 2156 3509 2391 3579; x_wconf 86' lang='lat' dir='ltr'><strong>accepit.</strong></span> <span class='ocrx_word' id='word_1_620' title='bbox 3280 3536 3297 3549; x_wconf 71' lang='grc' dir='ltr'>ι</span> <span class='ocrx_word' id='word_1_621' title='bbox 3364 3530 3411 3589; x_wconf 51' lang='grc' dir='ltr'><em>χ</em></span> <span class='ocrx_word' id='word_1_622' title='bbox 3488 3524 3497 3535; x_wconf 70' lang='grc' dir='ltr'><strong><em>ι</em></strong></span> 
     </span>
    </p>
   </div>
   <div class='ocr_carea' id='block_1_79' title="bbox 2007 3599 3537 3678">
    <p class='ocr_par' dir='ltr' id='par_1_79' title="bbox 2007 3599 3537 3678">
     <span class='ocr_line' id='line_1_79' title="bbox 2007 3599 3537 3678; baseline -0.001 -21"><span class='ocrx_word' id='word_1_623' title='bbox 2007 3603 2190 3677; x_wconf 82' lang='lat' dir='ltr'><strong>(Vers.</strong></span> <span class='ocrx_word' id='word_1_624' title='bbox 2220 3602 2341 3677; x_wconf 72' lang='grc'><strong>15.)</strong></span> <span class='ocrx_word' id='word_1_625' title='bbox 2362 3600 2530 3678; x_wconf 75' lang='lat'><strong>739</strong></span> <span class='ocrx_word' id='word_1_626' title='bbox 2557 3600 2755 3659; x_wconf 89' lang='lat' dir='ltr'><strong>Zenam</strong></span> <span class='ocrx_word' id='word_1_627' title='bbox 2788 3603 2915 3675; x_wconf 85' lang='lat' dir='ltr'><strong>legis</strong></span> <span class='ocrx_word' id='word_1_628' title='bbox 2940 3603 3201 3659; x_wconf 78' lang='lat' dir='ltr'><strong>doctorem</strong></span> <span class='ocrx_word' id='word_1_629' title='bbox 3218 3645 3232 3670; x_wconf 93' lang='lat'><strong>,</strong></span> <span class='ocrx_word' id='word_1_630' title='bbox 3260 3609 3309 3659; x_wconf 89' lang='lat' dir='ltr'><strong>et</strong></span> <span class='ocrx_word' id='word_1_631' title='bbox 3345 3599 3537 3675; x_wconf 82' lang='lat' dir='ltr'><strong>Apollo</strong></span> 
     </span>
    </p>
   </div>
   <div class='ocr_carea' id='block_1_80' title="bbox 1929 3680 3538 3769">
    <p class='ocr_par' dir='ltr' id='par_1_80' title="bbox 1929 3680 3538 3769">
     <span class='ocr_line' id='line_1_80' title="bbox 1929 3680 3538 3769; baseline -0.004 -13"><span class='ocrx_word' id='word_1_632' title='bbox 1929 3698 2151 3756; x_wconf 85' lang='lat' dir='ltr'><strong>sollicite</strong></span> <span class='ocrx_word' id='word_1_633' title='bbox 2180 3680 2439 3769; x_wconf 73' lang='lat' dir='ltr'><strong>prtemitte</strong></span> <span class='ocrx_word' id='word_1_634' title='bbox 2460 3738 2475 3765; x_wconf 90' lang='lat'><strong>,</strong></span> <span class='ocrx_word' id='word_1_635' title='bbox 2503 3706 2560 3752; x_wconf 88' lang='lat' dir='ltr'><strong>ut</strong></span> <span class='ocrx_word' id='word_1_636' title='bbox 2597 3695 2733 3753; x_wconf 80' lang='lat' dir='ltr'><strong>nihil</strong></span> <span class='ocrx_word' id='word_1_637' title='bbox 2758 3698 2866 3753; x_wconf 83' lang='lat' dir='ltr'><strong>illis</strong></span> <span class='ocrx_word' id='word_1_638' title='bbox 2893 3698 3044 3752; x_wconf 84' lang='lat' dir='ltr'><strong>desit.</strong></span> <span class='ocrx_word' id='word_1_639' title='bbox 3079 3695 3190 3752; x_wconf 90' lang='lat' dir='ltr'><strong>lste</strong></span> <span class='ocrx_word' id='word_1_640' title='bbox 3224 3704 3311 3751; x_wconf 89' lang='lat' dir='ltr'><strong>est</strong></span> <span class='ocrx_word' id='word_1_641' title='bbox 3342 3686 3538 3766; x_wconf 78' lang='lat' dir='ltr'><strong>Apollo</strong></span> 
     </span>
    </p>
   </div>
   <div class='ocr_carea' id='block_1_81' title="bbox 1931 3787 3528 3863">
    <p class='ocr_par' dir='ltr' id='par_1_81' title="bbox 1931 3787 3528 3863">
     <span class='ocr_line' id='line_1_81' title="bbox 1931 3787 3528 3863; baseline -0.004 -17"><span class='ocrx_word' id='word_1_642' title='bbox 1931 3790 2000 3846; x_wconf 89' lang='lat' dir='ltr'><strong>de</strong></span> <span class='ocrx_word' id='word_1_643' title='bbox 2021 3805 2132 3863; x_wconf 92' lang='lat' dir='ltr'><strong>quo</strong></span> <span class='ocrx_word' id='word_1_644' title='bbox 2160 3800 2219 3847; x_wconf 85' lang='lat' dir='ltr'><strong>et</strong></span> <span class='ocrx_word' id='word_1_645' title='bbox 2246 3790 2313 3846; x_wconf 87' lang='lat' dir='ltr'><strong>ad</strong></span> <span class='ocrx_word' id='word_1_646' title='bbox 2350 3788 2667 3847; x_wconf 80' lang='lat' dir='ltr'><strong>Corinthios</strong></span> <span class='ocrx_word' id='word_1_647' title='bbox 2698 3788 2961 3846; x_wconf 78' lang='lat' dir='ltr'><strong>scribitur</strong></span> <span class='ocrx_word' id='word_1_648' title='bbox 2995 3807 3009 3843; x_wconf 90' lang='lat'><strong>:</strong></span> <span class='ocrx_word' id='word_1_649' title='bbox 3042 3787 3413 3859; x_wconf 85' lang='lat' dir='ltr'><strong>Unusquisque</strong></span> <span class='ocrx_word' id='word_1_650' title='bbox 3436 3798 3528 3841; x_wconf 79' lang='lat' dir='ltr'><strong>ue-</strong></span> 
     </span>
    </p>
   </div>
   <div class='ocr_carea' id='block_1_82' title="bbox 1931 3877 3534 3959">
    <p class='ocr_par' dir='ltr' id='par_1_82' title="bbox 1931 3877 3534 3959">
     <span class='ocr_line' id='line_1_82' title="bbox 1931 3877 3534 3959; baseline -0.005 -21"><span class='ocrx_word' id='word_1_651' title='bbox 1931 3892 2097 3938; x_wconf 88' lang='lat' dir='ltr'><strong>strum</strong></span> <span class='ocrx_word' id='word_1_652' title='bbox 2125 3883 2249 3937; x_wconf 86' lang='lat' dir='ltr'><strong>dicit</strong></span> <span class='ocrx_word' id='word_1_653' title='bbox 2283 3898 2302 3939; x_wconf 90' lang='lat'><strong><em>:</em></strong></span> <span class='ocrx_word' id='word_1_654' title='bbox 2328 3882 2438 3959; x_wconf 83' lang='lat' dir='ltr'><strong>Ego</strong></span> <span class='ocrx_word' id='word_1_655' title='bbox 2457 3899 2572 3939; x_wconf 86' lang='lat' dir='ltr'><strong>sum</strong></span> <span class='ocrx_word' id='word_1_656' title='bbox 2603 3880 2764 3938; x_wconf 83' lang='lat' dir='ltr'><strong>Pauli</strong></span> <span class='ocrx_word' id='word_1_657' title='bbox 2784 3896 2927 3954; x_wconf 65' lang='lat' dir='ltr'><strong>,‘ego</strong></span> <span class='ocrx_word' id='word_1_658' title='bbox 2966 3888 3138 3935; x_wconf 86' lang='lat' dir='ltr'><strong>autem</strong></span> <span class='ocrx_word' id='word_1_659' title='bbox 3166 3877 3389 3953; x_wconf 81' lang='lat' dir='ltr'><strong>Apollo,</strong></span> <span class='ocrx_word' id='word_1_660' title='bbox 3442 3894 3534 3952; x_wconf 86' lang='lat' dir='ltr'><strong>ego</strong></span> 
     </span>
    </p>
   </div>
   <div class='ocr_carea' id='block_1_83' title="bbox 1928 3970 3537 4050">
    <p class='ocr_par' dir='ltr' id='par_1_83' title="bbox 1928 3970 3537 4050">
     <span class='ocr_line' id='line_1_83' title="bbox 1928 3970 3537 4050; baseline -0.002 -18"><span class='ocrx_word' id='word_1_661' title='bbox 1928 3993 2047 4033; x_wconf 78' lang='lat' dir='ltr'><strong>vero</strong></span> <span class='ocrx_word' id='word_1_662' title='bbox 2079 3974 2277 4050; x_wconf 57' lang='lat' dir='ltr'><strong>(Iephte~</strong></span> <span class='ocrx_word' id='word_1_663' title='bbox 2325 3976 2370 4049; x_wconf 88' lang='grc' dir='ltr'><strong>(ι</strong></span> <span class='ocrx_word' id='word_1_664' title='bbox 2400 3976 2521 4034; x_wconf 87' lang='lat' dir='ltr'><strong>Cor.</strong></span> <span class='ocrx_word' id='word_1_665' title='bbox 2572 3994 2618 4043; x_wconf 82' lang='grc' dir='ltr'><strong>ι,</strong></span> <span class='ocrx_word' id='word_1_666' title='bbox 2665 3974 2775 4049; x_wconf 74' lang='grc'><strong>12).</strong></span> <span class='ocrx_word' id='word_1_667' title='bbox 2809 3974 2934 4041; x_wconf 84' lang='lat' dir='ltr'><strong>Fuit</strong></span> <span class='ocrx_word' id='word_1_668' title='bbox 2962 3983 3157 4037; x_wconf 52' lang='lat' dir='ltr'><strong>autem.</strong></span> <span class='ocrx_word' id='word_1_669' title='bbox 3184 3973 3267 4031; x_wconf 84' lang='lat' dir='ltr'><strong>vir</strong></span> <span class='ocrx_word' id='word_1_670' title='bbox 3297 3970 3537 4030; x_wconf 75' lang='lat' dir='ltr'><strong>Alexan-</strong></span> 
     </span>
    </p>
   </div>
   <div class='ocr_carea' id='block_1_84' title="bbox 1928 4066 3533 4142">
    <p class='ocr_par' dir='ltr' id='par_1_84' title="bbox 1928 4066 3533 4142">
     <span class='ocr_line' id='line_1_84' title="bbox 1928 4066 3533 4142; baseline -0.002 -16"><span class='ocrx_word' id='word_1_671' title='bbox 1928 4069 2122 4126; x_wconf 88' lang='lat' dir='ltr'><strong>drinus</strong></span> <span class='ocrx_word' id='word_1_672' title='bbox 2148 4084 2215 4126; x_wconf 79' lang='lat' dir='ltr'><strong>ex</strong></span> <span class='ocrx_word' id='word_1_673' title='bbox 2263 4068 2468 4126; x_wconf 80' lang='lat' dir='ltr'><strong>Judaeis</strong></span> <span class='ocrx_word' id='word_1_674' title='bbox 2494 4111 2510 4137; x_wconf 93' lang='lat'><strong>,</strong></span> <span class='ocrx_word' id='word_1_675' title='bbox 2541 4070 2702 4126; x_wconf 90' lang='lat' dir='ltr'><strong>valde</strong></span> <span class='ocrx_word' id='word_1_676' title='bbox 2745 4070 3016 4142; x_wconf 88' lang='lat' dir='ltr'><strong>eloquens</strong></span> <span class='ocrx_word' id='word_1_677' title='bbox 3047 4076 3103 4123; x_wconf 89' lang='lat' dir='ltr'><strong>et</strong></span> <span class='ocrx_word' id='word_1_678' title='bbox 3147 4066 3427 4139; x_wconf 80' lang='lat' dir='ltr'><strong>perfectus</strong></span> <span class='ocrx_word' id='word_1_679' title='bbox 3478 4066 3533 4122; x_wconf 90' lang='lat' dir='ltr'><strong>in</strong></span> 
     </span>
    </p>
   </div>
   <div class='ocr_carea' id='block_1_85' title="bbox 1929 4148 3538 4236">
    <p class='ocr_par' dir='ltr' id='par_1_85' title="bbox 1929 4148 3538 4236">
     <span class='ocr_line' id='line_1_85' title="bbox 1929 4148 3538 4236; baseline -0.004 -16"><span class='ocrx_word' id='word_1_680' title='bbox 1929 4162 2094 4236; x_wconf 87' lang='lat' dir='ltr'><strong>Lege,</strong></span> <span class='ocrx_word' id='word_1_681' title='bbox 2125 4148 2419 4235; x_wconf 78' lang='lat' dir='ltr'><strong>episcOpns</strong></span> <span class='ocrx_word' id='word_1_682' title='bbox 2459 4159 2871 4220; x_wconf 88' lang='lat' dir='ltr'><strong>Corinthiorum</strong></span> <span class='ocrx_word' id='word_1_683' title='bbox 2902 4178 2917 4216; x_wconf 91' lang='lat'><strong>:</strong></span> <span class='ocrx_word' id='word_1_684' title='bbox 2957 4175 3119 4231; x_wconf 87' lang='lat' dir='ltr'><strong>quem</strong></span> <span class='ocrx_word' id='word_1_685' title='bbox 3166 4166 3395 4229; x_wconf 90' lang='lat' dir='ltr'><strong>pr0pter</strong></span> <span class='ocrx_word' id='word_1_686' title='bbox 3422 4158 3538 4214; x_wconf 92' lang='lat' dir='ltr'><strong>dis-</strong></span> 
     </span>
    </p>
   </div>
   <div class='ocr_carea' id='block_1_86' title="bbox 1928 4252 3539 4405">
    <p class='ocr_par' dir='ltr' id='par_1_86' title="bbox 1928 4252 3539 4405">
     <span class='ocr_line' id='line_1_86' title="bbox 1961 4252 3539 4330; baseline -0.006 -15"><span class='ocrx_word' id='word_1_687' title='bbox 1961 4258 2219 4321; x_wconf 78' lang='lat' dir='ltr'><strong>ensiones</strong></span> <span class='ocrx_word' id='word_1_688' title='bbox 2247 4272 2369 4330; x_wconf 69' lang='lat' dir='ltr'><strong>qua:</strong></span> <span class='ocrx_word' id='word_1_689' title='bbox 2400 4258 2453 4321; x_wconf 90' lang='lat' dir='ltr'><strong>in</strong></span> <span class='ocrx_word' id='word_1_690' title='bbox 2480 4258 2747 4313; x_wconf 89' lang='lat' dir='ltr'><strong>Corintho</strong></span> <span class='ocrx_word' id='word_1_691' title='bbox 2778 4263 2974 4322; x_wconf 85' lang='lat' dir='ltr'><strong>erant,</strong></span> <span class='ocrx_word' id='word_1_692' title='bbox 3028 4254 3096 4310; x_wconf 85' lang='lat' dir='ltr'><strong>ad</strong></span> <span class='ocrx_word' id='word_1_693' title='bbox 3123 4254 3360 4309; x_wconf 87' lang='lat' dir='ltr'><strong>vicinam</strong></span> <span class='ocrx_word' id='word_1_694' title='bbox 3386 4252 3539 4307; x_wconf 89' lang='lat' dir='ltr'><strong>insu-</strong></span> 
     </span>
     <span class='ocr_line' id='line_1_87' title="bbox 1928 4272 3539 4405; baseline -0.003 0"><span class='ocrx_word' id='word_1_695' title='bbox 1928 4272 2041 4405; x_wconf 49' lang='lat' dir='ltr'><strong>cam</strong></span> <span class='ocrx_word' id='word_1_696' title='bbox 2071 4332 2292 4405; x_wconf 78' lang='lat' dir='ltr'><strong>Cretam</strong></span> <span class='ocrx_word' id='word_1_697' title='bbox 2333 4365 2458 4405; x_wconf 91' lang='lat' dir='ltr'><strong>cum</strong></span> <span class='ocrx_word' id='word_1_698' title='bbox 2492 4348 2639 4405; x_wconf 86' lang='lat' dir='ltr'><strong>Zeua</strong></span> <span class='ocrx_word' id='word_1_699' title='bbox 2685 4348 2824 4405; x_wconf 72' lang='lat' dir='ltr'><strong>lenis</strong></span> <span class='ocrx_word' id='word_1_700' title='bbox 2854 4347 3081 4405; x_wconf 88' lang='lat' dir='ltr'><strong>doctore</strong></span> <span class='ocrx_word' id='word_1_701' title='bbox 3120 4345 3423 4405; x_wconf 77' lang='lat' dir='ltr'><strong>putandum</strong></span> <span class='ocrx_word' id='word_1_702' title='bbox 3452 4352 3539 4400; x_wconf 87' lang='lat' dir='ltr'><strong>est</strong></span> 
     </span>
    </p>
   </div>
   <div class='ocr_carea' id='block_1_87' title="bbox 1952 4345 3539 4420">
    <p class='ocr_par' dir='ltr' id='par_1_87' title="bbox 1952 4345 3539 4420">
     <span class='ocr_line' id='line_1_88' title="bbox 1952 4345 3539 4420; baseline -0.003 -15"><span class='ocrx_word' id='word_1_703' title='bbox 1952 4348 2041 4405; x_wconf 58' lang='lat' dir='ltr'><strong>‘am</strong></span> <span class='ocrx_word' id='word_1_704' title='bbox 2071 4349 2292 4406; x_wconf 83' lang='lat' dir='ltr'><strong>Cretam</strong></span> <span class='ocrx_word' id='word_1_705' title='bbox 2333 4365 2458 4406; x_wconf 91' lang='lat' dir='ltr'><strong>cum</strong></span> <span class='ocrx_word' id='word_1_706' title='bbox 2492 4348 2639 4405; x_wconf 85' lang='lat' dir='ltr'><strong>Zeua</strong></span> <span class='ocrx_word' id='word_1_707' title='bbox 2685 4348 2824 4420; x_wconf 88' lang='lat' dir='ltr'><strong>legis</strong></span> <span class='ocrx_word' id='word_1_708' title='bbox 2854 4347 3081 4405; x_wconf 90' lang='lat' dir='ltr'><strong>doctore</strong></span> <span class='ocrx_word' id='word_1_709' title='bbox 3120 4345 3423 4417; x_wconf 88' lang='lat' dir='ltr'><strong>putandum</strong></span> <span class='ocrx_word' id='word_1_710' title='bbox 3452 4352 3539 4400; x_wconf 87' lang='lat' dir='ltr'><strong>est</strong></span> 
     </span>
    </p>
   </div>
   <div class='ocr_carea' id='block_1_88' title="bbox 1928 4438 3535 4525">
    <p class='ocr_par' dir='ltr' id='par_1_88' title="bbox 1928 4438 3535 4525">
     <span class='ocr_line' id='line_1_89' title="bbox 1928 4438 3535 4525; baseline -0.004 -25"><span class='ocrx_word' id='word_1_711' title='bbox 1928 4444 2355 4523; x_wconf 65' lang='lat' dir='ltr'><strong>transfretasse;</strong></span> <span class='ocrx_word' id='word_1_712' title='bbox 2388 4443 2630 4525; x_wconf 21' lang='lat' dir='ltr'><strong>etxPauli</strong></span> <span class='ocrx_word' id='word_1_713' title='bbox 2668 4440 2914 4514; x_wconf 81' lang='lat' dir='ltr'><strong>Epistula</strong></span> <span class='ocrx_word' id='word_1_714' title='bbox 2948 4438 3386 4497; x_wconf 89' lang='lat' dir='ltr'><strong>dissensionibus</strong></span> <span class='ocrx_word' id='word_1_715' title='bbox 3413 4452 3535 4510; x_wconf 60' lang='lat' dir='ltr'><strong>qua:</strong></span> 
     </span>
    </p>
   </div>
   <div class='ocr_carea' id='block_1_89' title="bbox 1882 4531 3534 4609">
    <p class='ocr_par' dir='ltr' id='par_1_89' title="bbox 1882 4531 3534 4609">
     <span class='ocr_line' id='line_1_90' title="bbox 1882 4531 3534 4609; baseline -0.005 -13"><span class='ocrx_word' id='word_1_716' title='bbox 1882 4570 1901 4583; x_wconf 72' lang='grc' dir='ltr'><strong><em>ο</em></strong></span> <span class='ocrx_word' id='word_1_717' title='bbox 1931 4539 2180 4596; x_wconf 85' lang='lat' dir='ltr'><strong>Corinthi</strong></span> <span class='ocrx_word' id='word_1_718' title='bbox 2204 4550 2338 4596; x_wconf 77' lang='lat' dir='ltr'><strong>ortte</strong></span> <span class='ocrx_word' id='word_1_719' title='bbox 2367 4532 2585 4595; x_wconf 76' lang='lat' dir='ltr'><strong>fuerant</strong></span> <span class='ocrx_word' id='word_1_720' title='bbox 2608 4537 3184 4609; x_wconf 88' lang='lat' dir='ltr'><strong>temperatis,rursum</strong></span> <span class='ocrx_word' id='word_1_721' title='bbox 3203 4531 3534 4590; x_wconf 87' lang='lat' dir='ltr'><strong>Corinthum</strong></span> 
     </span>
    </p>
   </div>
   <div class='ocr_carea' id='block_1_90' title="bbox 244 4625 3536 4702">
    <p class='ocr_par' dir='ltr' id='par_1_90' title="bbox 244 4625 3536 4702">
     <span class='ocr_line' id='line_1_91' title="bbox 244 4625 3536 4702; baseline -0.001 -19"><span class='ocrx_word' id='word_1_722' title='bbox 244 4639 340 4686; x_wconf 87' lang='lat' dir='ltr'><strong>stet</strong></span> <span class='ocrx_word' id='word_1_723' title='bbox 365 4646 525 4688; x_wconf 84' lang='lat' dir='ltr'><strong>omne</strong></span> <span class='ocrx_word' id='word_1_724' title='bbox 552 4632 804 4688; x_wconf 90' lang='lat' dir='ltr'><strong>verbum.</strong></span> <span class='ocrx_word' id='word_1_725' title='bbox 839 4630 1021 4699; x_wconf 86' lang='lat' dir='ltr'><strong>Quare</strong></span> <span class='ocrx_word' id='word_1_726' title='bbox 1046 4639 1226 4685; x_wconf 89' lang='lat' dir='ltr'><strong>autem</strong></span> <span class='ocrx_word' id='word_1_727' title='bbox 1253 4636 1378 4699; x_wconf 89' lang='lat' dir='ltr'><strong>post</strong></span> <span class='ocrx_word' id='word_1_728' title='bbox 1403 4629 1632 4699; x_wconf 91' lang='lat' dir='ltr'><strong>primam</strong></span> <span class='ocrx_word' id='word_1_729' title='bbox 1661 4636 1717 4682; x_wconf 90' lang='lat' dir='ltr'><strong>et</strong></span> <span class='ocrx_word' id='word_1_730' title='bbox 1745 4642 1825 4683; x_wconf 85' lang='lat' dir='ltr'><strong>se-</strong></span> <span class='ocrx_word' id='word_1_731' title='bbox 1850 4627 1906 4702; x_wconf 76' lang='grc' dir='ltr'><strong>ι)</strong></span> <span class='ocrx_word' id='word_1_732' title='bbox 1929 4635 2245 4690; x_wconf 88' lang='lat' dir='ltr'><strong>revertisse.</strong></span> <span class='ocrx_word' id='word_1_733' title='bbox 2304 4632 2508 4690; x_wconf 85' lang='lat' dir='ltr'><strong>Zeuam</strong></span> <span class='ocrx_word' id='word_1_734' title='bbox 2560 4646 2693 4689; x_wconf 90' lang='lat' dir='ltr'><strong>vero</strong></span> <span class='ocrx_word' id='word_1_735' title='bbox 2742 4630 2878 4702; x_wconf 88' lang='lat' dir='ltr'><strong>legis</strong></span> <span class='ocrx_word' id='word_1_736' title='bbox 2924 4628 3217 4685; x_wconf 91' lang='lat' dir='ltr'><strong>doctorem</strong></span> <span class='ocrx_word' id='word_1_737' title='bbox 3243 4669 3258 4694; x_wconf 92' lang='lat'><strong>,</strong></span> <span class='ocrx_word' id='word_1_738' title='bbox 3315 4626 3384 4681; x_wconf 89' lang='lat' dir='ltr'><strong>de</strong></span> <span class='ocrx_word' id='word_1_739' title='bbox 3427 4625 3536 4681; x_wconf 89' lang='lat' dir='ltr'><strong>alio</strong></span> 
     </span>
    </p>
   </div>
   <div class='ocr_carea' id='block_1_91' title="bbox 245 4720 1825 4799">
    <p class='ocr_par' dir='ltr' id='par_1_91' title="bbox 245 4720 1825 4799">
     <span class='ocr_line' id='line_1_92' title="bbox 245 4720 1825 4799; baseline 0 -22"><span class='ocrx_word' id='word_1_740' title='bbox 245 4725 463 4781; x_wconf 86' lang='lat' dir='ltr'><strong>cuudam</strong></span> <span class='ocrx_word' id='word_1_741' title='bbox 502 4724 912 4799; x_wconf 22' lang='lat' dir='ltr'><strong>teorreptipnem</strong></span> <span class='ocrx_word' id='word_1_742' title='bbox 944 4720 1274 4799; x_wconf 77' lang='lat' dir='ltr'><strong>devitandas</strong></span> <span class='ocrx_word' id='word_1_743' title='bbox 1304 4723 1394 4799; x_wconf 85' lang='lat' dir='ltr'><strong>sit,</strong></span> <span class='ocrx_word' id='word_1_744' title='bbox 1427 4721 1825 4799; x_wconf 71' lang='lat' dir='ltr'><strong>redditeausas</strong></span> 
     </span>
    </p>
   </div>
   <div class='ocr_carea' id='block_1_92' title="bbox 246 4788 1825 4888">
    <p class='ocr_par' dir='ltr' id='par_1_92' title="bbox 246 4788 1825 4888">
     <span class='ocr_line' id='line_1_93' title="bbox 246 4788 1825 4888; baseline 0 -19"><span class='ocrx_word' id='word_1_745' title='bbox 246 4811 420 4873; x_wconf 87' lang='lat' dir='ltr'><strong>dicens</strong></span> <span class='ocrx_word' id='word_1_746' title='bbox 448 4792 623 4885; x_wconf 67' lang='lat' dir='ltr'><strong>tquod</strong></span> <span class='ocrx_word' id='word_1_747' title='bbox 651 4815 927 4873; x_wconf 79' lang='lat' dir='ltr'><strong>subversas</strong></span> <span class='ocrx_word' id='word_1_748' title='bbox 944 4827 1033 4871; x_wconf 82' lang='lat' dir='ltr'><strong>.est</strong></span> <span class='ocrx_word' id='word_1_749' title='bbox 1060 4792 1353 4888; x_wconf 51' lang='lat' dir='ltr'><strong>ejusmodi,</strong></span> <span class='ocrx_word' id='word_1_750' title='bbox 1372 4796 1421 4870; x_wconf 54' lang='lat' dir='ltr'><strong>Et</strong></span> <span class='ocrx_word' id='word_1_751' title='bbox 1443 4788 1625 4886; x_wconf 51' lang='lat' dir='ltr'><strong>peccat</strong></span> <span class='ocrx_word' id='word_1_752' title='bbox 1657 4813 1684 4853; x_wconf 71' lang='grc' dir='ltr'>δ</span> <span class='ocrx_word' id='word_1_753' title='bbox 1708 4830 1825 4870; x_wconf 81' lang='lat' dir='ltr'><strong>cum</strong></span> 
     </span>
    </p>
   </div>
   <div class='ocr_carea' id='block_1_93' title="bbox 242 4906 1825 4983">
    <p class='ocr_par' dir='ltr' id='par_1_93' title="bbox 242 4906 1825 4983">
     <span class='ocr_line' id='line_1_94' title="bbox 242 4906 1825 4983; baseline -0.001 -22"><span class='ocrx_word' id='word_1_754' title='bbox 242 4907 305 4961; x_wconf 87' lang='lat' dir='ltr'><strong>sit</strong></span> <span class='ocrx_word' id='word_1_755' title='bbox 351 4925 384 4963; x_wconf 89' lang='lat' dir='ltr'><strong>a</strong></span> <span class='ocrx_word' id='word_1_756' title='bbox 424 4909 691 4981; x_wconf 86' lang='lat' dir='ltr'><strong>semetipso</strong></span> <span class='ocrx_word' id='word_1_757' title='bbox 720 4907 1022 4962; x_wconf 84' lang='lat' dir='ltr'><strong>damnatus.</strong></span> <span class='ocrx_word' id='word_1_758' title='bbox 1064 4907 1168 4975; x_wconf 84' lang='lat' dir='ltr'><strong>Qui</strong></span> <span class='ocrx_word' id='word_1_759' title='bbox 1214 4907 1361 4961; x_wconf 89' lang='lat' dir='ltr'><strong>enim</strong></span> <span class='ocrx_word' id='word_1_760' title='bbox 1405 4907 1581 4963; x_wconf 84' lang='lat' dir='ltr'><strong>semel</strong></span> <span class='ocrx_word' id='word_1_761' title='bbox 1630 4906 1825 4983; x_wconf 77' lang='lat' dir='ltr'><strong>hisque</strong></span> 
     </span>
    </p>
   </div>
   <div class='ocr_carea' id='block_1_94' title="bbox 244 4996 1825 5071">
    <p class='ocr_par' dir='ltr' id='par_1_94' title="bbox 244 4996 1825 5071">
     <span class='ocr_line' id='line_1_95' title="bbox 244 4996 1825 5071; baseline -0.001 -15"><span class='ocrx_word' id='word_1_762' title='bbox 244 5010 539 5071; x_wconf 87' lang='lat' dir='ltr'><strong>correptus,</strong></span> <span class='ocrx_word' id='word_1_763' title='bbox 561 5000 749 5057; x_wconf 87' lang='lat' dir='ltr'><strong>audito</strong></span> <span class='ocrx_word' id='word_1_764' title='bbox 769 5013 961 5055; x_wconf 89' lang='lat' dir='ltr'><strong>errore</strong></span> <span class='ocrx_word' id='word_1_765' title='bbox 978 5013 1102 5065; x_wconf 91' lang='lat' dir='ltr'><strong>suo,</strong></span> <span class='ocrx_word' id='word_1_766' title='bbox 1128 4998 1367 5053; x_wconf 64' lang='lat' dir='ltr'><strong>uon’vult</strong></span> <span class='ocrx_word' id='word_1_767' title='bbox 1385 4996 1611 5068; x_wconf 80' lang='lat' dir='ltr'><strong>corrigi,</strong></span> <span class='ocrx_word' id='word_1_768' title='bbox 1636 5013 1825 5054; x_wconf 89' lang='lat' dir='ltr'><strong>errare</strong></span> 
     </span>
    </p>
   </div>
   <div class='ocr_carea' id='block_1_95' title="bbox 245 5092 1825 5168">
    <p class='ocr_par' dir='ltr' id='par_1_95' title="bbox 245 5092 1825 5168">
     <span class='ocr_line' id='line_1_96' title="bbox 245 5092 1825 5168; baseline -0.004 -17"><span class='ocrx_word' id='word_1_769' title='bbox 245 5095 510 5152; x_wconf 77' lang='lat' dir='ltr'><strong>existimat</strong></span> <span class='ocrx_word' id='word_1_770' title='bbox 539 5097 905 5168; x_wconf 88' lang='lat' dir='ltr'><strong>corrigentem</strong></span> <span class='ocrx_word' id='word_1_771' title='bbox 949 5110 963 5149; x_wconf 91' lang='lat'><strong>:</strong></span> <span class='ocrx_word' id='word_1_772' title='bbox 995 5103 1052 5151; x_wconf 90' lang='lat' dir='ltr'><strong>et</strong></span> <span class='ocrx_word' id='word_1_773' title='bbox 1083 5094 1396 5148; x_wconf 88' lang='lat' dir='ltr'><strong>econtrario</strong></span> <span class='ocrx_word' id='word_1_774' title='bbox 1432 5107 1493 5148; x_wconf 90' lang='lat' dir='ltr'><strong>se</strong></span> <span class='ocrx_word' id='word_1_775' title='bbox 1517 5092 1585 5148; x_wconf 88' lang='lat' dir='ltr'><strong>ad</strong></span> <span class='ocrx_word' id='word_1_776' title='bbox 1619 5105 1825 5164; x_wconf 88' lang='lat' dir='ltr'><strong>pugnas</strong></span> 
     </span>
    </p>
   </div>
   <div class='ocr_carea' id='block_1_96' title="bbox 246 5184 1826 5269">
    <p class='ocr_par' dir='ltr' id='par_1_96' title="bbox 246 5184 1826 5269">
     <span class='ocr_line' id='line_1_97' title="bbox 246 5184 1826 5269; baseline -0.001 -26"><span class='ocrx_word' id='word_1_777' title='bbox 246 5197 297 5243; x_wconf 89' lang='lat' dir='ltr'><strong>et</strong></span> <span class='ocrx_word' id='word_1_778' title='bbox 318 5188 491 5259; x_wconf 73' lang='lat' dir='ltr'><strong>iurgia</strong></span> <span class='ocrx_word' id='word_1_779' title='bbox 515 5189 806 5246; x_wconf 88' lang='lat' dir='ltr'><strong>verborum</strong></span> <span class='ocrx_word' id='word_1_780' title='bbox 840 5200 1061 5258; x_wconf 86' lang='lat' dir='ltr'><strong>parans,</strong></span> <span class='ocrx_word' id='word_1_781' title='bbox 1094 5200 1217 5241; x_wconf 91' lang='lat' dir='ltr'><strong>eum</strong></span> <span class='ocrx_word' id='word_1_782' title='bbox 1248 5185 1359 5240; x_wconf 90' lang='lat' dir='ltr'><strong>vult</strong></span> <span class='ocrx_word' id='word_1_783' title='bbox 1408 5184 1729 5263; x_wconf 82' lang='lat' dir='ltr'><strong>lucrifacere</strong></span> <span class='ocrx_word' id='word_1_784' title='bbox 1748 5200 1826 5269; x_wconf 44' lang='grc' dir='ltr'><strong>,δᾳ</strong></span> 
     </span>
    </p>
   </div>
   <div class='ocr_carea' id='block_1_97' title="bbox 247 5275 1827 5354">
    <p class='ocr_par' dir='ltr' id='par_1_97' title="bbox 247 5275 1827 5354">
     <span class='ocr_line' id='line_1_98' title="bbox 247 5275 1827 5354; baseline -0.002 -16"><span class='ocrx_word' id='word_1_785' title='bbox 247 5293 347 5353; x_wconf 87' lang='lat' dir='ltr'><strong>quo</strong></span> <span class='ocrx_word' id='word_1_786' title='bbox 370 5281 605 5339; x_wconf 89' lang='lat' dir='ltr'><strong>docetur.</strong></span> <span class='ocrx_word' id='word_1_787' title='bbox 624 5281 931 5354; x_wconf 82' lang='lat' dir='ltr'><strong>Propterea</strong></span> <span class='ocrx_word' id='word_1_788' title='bbox 957 5293 1088 5336; x_wconf 90' lang='lat' dir='ltr'><strong>vero</strong></span> <span class='ocrx_word' id='word_1_789' title='bbox 1109 5294 1138 5333; x_wconf 89' lang='lat' dir='ltr'><strong>a</strong></span> <span class='ocrx_word' id='word_1_790' title='bbox 1167 5278 1463 5350; x_wconf 90' lang='lat' dir='ltr'><strong>semetipso</strong></span> <span class='ocrx_word' id='word_1_791' title='bbox 1482 5275 1685 5334; x_wconf 87' lang='lat' dir='ltr'><strong>dicitur</strong></span> <span class='ocrx_word' id='word_1_792' title='bbox 1704 5293 1827 5335; x_wconf 88' lang='lat' dir='ltr'><strong>esse</strong></span> 
     </span>
    </p>
   </div>
   <div class='ocr_carea' id='block_1_98' title="bbox 317 5419 1823 5495">
    <p class='ocr_par' dir='ltr' id='par_1_98' title="bbox 317 5419 1823 5495">
     <span class='ocr_line' id='line_1_99' title="bbox 317 5419 1823 5495; baseline -0.004 -14"><span class='ocrx_word' id='word_1_793' title='bbox 317 5434 344 5462; x_wconf 82' lang='grc' dir='ltr'>ι</span> <span class='ocrx_word' id='word_1_794' title='bbox 368 5425 502 5495; x_wconf 90' lang='lat' dir='ltr'><strong>Quin</strong></span> <span class='ocrx_word' id='word_1_795' title='bbox 533 5436 588 5483; x_wconf 89' lang='lat' dir='ltr'><strong>et</strong></span> <span class='ocrx_word' id='word_1_796' title='bbox 618 5425 733 5481; x_wconf 88' lang='lat' dir='ltr'><strong>sola</strong></span> <span class='ocrx_word' id='word_1_797' title='bbox 764 5439 913 5480; x_wconf 88' lang='lat' dir='ltr'><strong>nunc</strong></span> <span class='ocrx_word' id='word_1_798' title='bbox 938 5423 1149 5479; x_wconf 86' lang='lat' dir='ltr'><strong>obtinet</strong></span> <span class='ocrx_word' id='word_1_799' title='bbox 1174 5421 1544 5495; x_wconf 76' lang='lat' dir='ltr'><strong>inplerisque</strong></span> <span class='ocrx_word' id='word_1_800' title='bbox 1568 5419 1823 5495; x_wconf 81' lang='lat' dir='ltr'><strong>omnibus</strong></span> 
     </span>
    </p>
   </div>
   <div class='ocr_carea' id='block_1_99' title="bbox 249 5493 1677 5567">
    <p class='ocr_par' dir='ltr' id='par_1_99' title="bbox 249 5493 1677 5567">
     <span class='ocr_line' id='line_1_100' title="bbox 249 5493 1677 5567; baseline -0.007 -13"><span class='ocrx_word' id='word_1_801' title='bbox 249 5493 641 5567; x_wconf 77' lang='lat' dir='ltr'><strong>exemplaribus</strong></span> <span class='ocrx_word' id='word_1_802' title='bbox 663 5510 717 5551; x_wconf 86' lang='lat' dir='ltr'><strong>et</strong></span> <span class='ocrx_word' id='word_1_803' title='bbox 742 5497 883 5567; x_wconf 79' lang='lat' dir='ltr'><strong>apud</strong></span> <span class='ocrx_word' id='word_1_804' title='bbox 909 5508 1124 5567; x_wconf 86' lang='lat' dir='ltr'><strong>veteres</strong></span> <span class='ocrx_word' id='word_1_805' title='bbox 1138 5493 1462 5567; x_wconf 79' lang='lat' dir='ltr'><strong>scriptores,</strong></span> <span class='ocrx_word' id='word_1_806' title='bbox 1493 5493 1677 5567; x_wconf 67' lang='lat' dir='ltr'><strong>lectio.</strong></span> 
     </span>
    </p>
   </div>
   <div class='ocr_carea' id='block_1_100' title="bbox 268 5562 1826 5641">
    <p class='ocr_par' dir='ltr' id='par_1_100' title="bbox 268 5562 1826 5641">
     <span class='ocr_line' id='line_1_101' title="bbox 268 5562 1826 5641; baseline -0.004 -18"><span class='ocrx_word' id='word_1_807' title='bbox 268 5620 275 5641; x_wconf 65' lang='grc'><strong><em>,</em></strong></span> <span class='ocrx_word' id='word_1_808' title='bbox 319 5566 344 5604; x_wconf 74' lang='grc' dir='ltr'>δ</span> <span class='ocrx_word' id='word_1_809' title='bbox 371 5562 464 5641; x_wconf 69' lang='lat' dir='ltr'><strong>Qui</strong></span> <span class='ocrx_word' id='word_1_810' title='bbox 491 5571 722 5641; x_wconf 20' lang='lat' dir='ltr'><strong>ltunc‘ex</strong></span> <span class='ocrx_word' id='word_1_811' title='bbox 752 5562 1085 5641; x_wconf 49' lang='lat' dir='ltr'><strong>llieronyulo</strong></span> <span class='ocrx_word' id='word_1_812' title='bbox 1112 5566 1289 5620; x_wconf 85' lang='lat' dir='ltr'><strong>locum</strong></span> <span class='ocrx_word' id='word_1_813' title='bbox 1321 5564 1517 5641; x_wconf 81' lang='lat' dir='ltr'><strong>laudut_</strong></span> <span class='ocrx_word' id='word_1_814' title='bbox 1535 5562 1826 5641; x_wconf 51' lang='lat' dir='ltr'><strong>liabliantts</strong></span> 
     </span>
    </p>
   </div>
   <div class='ocr_carea' id='block_1_101' title="bbox 253 5632 1822 5708">
    <p class='ocr_par' dir='ltr' id='par_1_101' title="bbox 253 5632 1822 5708">
     <span class='ocr_line' id='line_1_102' title="bbox 253 5632 1822 5708; baseline -0.004 -16"><span class='ocrx_word' id='word_1_815' title='bbox 253 5634 303 5692; x_wconf 83' lang='lat' dir='ltr'><strong>iu</strong></span> <span class='ocrx_word' id='word_1_816' title='bbox 324 5632 536 5708; x_wconf 81' lang='lat' dir='ltr'><strong>epistola</strong></span> <span class='ocrx_word' id='word_1_817' title='bbox 566 5632 995 5695; x_wconf 73' lang='lat' dir='ltr'><strong>adlliucutaruut</strong></span> <span class='ocrx_word' id='word_1_818' title='bbox 1025 5634 1351 5691; x_wconf 76' lang='lat' dir='ltr'><strong>Romensem</strong></span> <span class='ocrx_word' id='word_1_819' title='bbox 1376 5634 1519 5708; x_wconf 80' lang='lat' dir='ltr'><strong>apud</strong></span> <span class='ocrx_word' id='word_1_820' title='bbox 1543 5632 1822 5689; x_wconf 86' lang='lat' dir='ltr'><strong>Sirtuoud.</strong></span> 
     </span>
    </p>
   </div>
   <div class='ocr_carea' id='block_1_102' title="bbox 256 5706 1717 5781">
    <p class='ocr_par' dir='ltr' id='par_1_102' title="bbox 256 5706 1717 5781">
     <span class='ocr_line' id='line_1_103' title="bbox 256 5706 1717 5781; baseline -0.005 -15"><span class='ocrx_word' id='word_1_821' title='bbox 256 5706 459 5781; x_wconf 31' lang='lat' dir='ltr'><strong>torua],</strong></span> <span class='ocrx_word' id='word_1_822' title='bbox 486 5712 739 5781; x_wconf 30' lang='lat' dir='ltr'><strong>legitkhiq,</strong></span> <span class='ocrx_word' id='word_1_823' title='bbox 762 5726 881 5781; x_wconf 62' lang='lat' dir='ltr'><strong>eum</strong></span> <span class='ocrx_word' id='word_1_824' title='bbox 904 5712 968 5765; x_wconf 83' lang='lat' dir='ltr'><strong>sit</strong></span> <span class='ocrx_word' id='word_1_825' title='bbox 998 5712 1052 5781; x_wconf 79' lang='lat' dir='ltr'><strong>in</strong></span> <span class='ocrx_word' id='word_1_826' title='bbox 1077 5709 1351 5781; x_wconf 65' lang='lat' dir='ltr'><strong>sqittetipso</strong></span> <span class='ocrx_word' id='word_1_827' title='bbox 1381 5706 1717 5781; x_wconf 73' lang='lat' dir='ltr'><strong>deprauatus.</strong></span> 
     </span>
    </p>
   </div>
   <div class='ocr_carea' id='block_1_103' title="bbox 290 5764 1825 5859">
    <p class='ocr_par' dir='ltr' id='par_1_103' title="bbox 290 5764 1825 5859">
     <span class='ocr_line' id='line_1_104' title="bbox 290 5764 1825 5859; baseline -0.005 -23"><span class='ocrx_word' id='word_1_828' title='bbox 290 5764 349 5819; x_wconf 50' lang='grc' dir='ltr'><strong>⁵’έ</strong></span> <span class='ocrx_word' id='word_1_829' title='bbox 370 5764 759 5859; x_wconf 31' lang='grc' dir='ltr'><strong>Ῡῖξιὸἧῖἷὲῆῖιὶῖ·</strong></span> <span class='ocrx_word' id='word_1_830' title='bbox 779 5764 1072 5859; x_wconf 60' lang='lat' dir='ltr'><strong>lectiunein</strong></span> <span class='ocrx_word' id='word_1_831' title='bbox 1099 5764 1491 5859; x_wconf 55' lang='lat' dir='ltr'><strong>Cra&#39;tianipap.</strong></span> <span class='ocrx_word' id='word_1_832' title='bbox 1520 5775 1695 5859; x_wconf 30' lang='lat' dir='ltr'><strong>linter.</strong></span> <span class='ocrx_word' id='word_1_833' title='bbox 1734 5773 1825 5840; x_wconf 70' lang='grc'><strong>24,</strong></span> 
     </span>
    </p>
   </div>
   <div class='ocr_carea' id='block_1_104' title="bbox 259 5848 1832 5932">
    <p class='ocr_par' dir='ltr' id='par_1_104' title="bbox 259 5848 1832 5932">
     <span class='ocr_line' id='line_1_105' title="bbox 259 5848 1832 5932; baseline -0.006 -20"><span class='ocrx_word' id='word_1_834' title='bbox 259 5864 355 5929; x_wconf 84' lang='lat' dir='ltr'><strong>qu.</strong></span> <span class='ocrx_word' id='word_1_835' title='bbox 370 5852 426 5926; x_wconf 76' lang='lat'><strong>5,</strong></span> <span class='ocrx_word' id='word_1_836' title='bbox 447 5854 683 5932; x_wconf 76' lang='lat' dir='ltr'><strong>itemque</strong></span> <span class='ocrx_word' id='word_1_837' title='bbox 697 5869 765 5915; x_wconf 77' lang='lat' dir='ltr'><strong>es</strong></span> <span class='ocrx_word' id='word_1_838' title='bbox 783 5867 917 5914; x_wconf 84' lang='lat' dir='ltr'><strong>mss.</strong></span> <span class='ocrx_word' id='word_1_839' title='bbox 936 5850 1096 5912; x_wconf 82' lang='lat' dir='ltr'><strong>codd.</strong></span> <span class='ocrx_word' id='word_1_840' title='bbox 1122 5850 1340 5927; x_wconf 84' lang='lat' dir='ltr'><strong>reponit</strong></span> <span class='ocrx_word' id='word_1_841' title='bbox 1352 5848 1460 5922; x_wconf 87' lang='lat' dir='ltr'><strong>hic,</strong></span> <span class='ocrx_word' id='word_1_842' title='bbox 1477 5848 1796 5908; x_wconf 86' lang='lat' dir='ltr'><strong>arbitramur</strong></span> <span class='ocrx_word' id='word_1_843' title='bbox 1812 5861 1832 5904; x_wconf 76' lang='lat'><strong>.-</strong></span> 
     </span>
    </p>
   </div>
   <div class='ocr_carea' id='block_1_105' title="bbox 1931 4717 3531 4821">
    <p class='ocr_par' dir='ltr' id='par_1_105' title="bbox 1931 4717 3531 4821">
     <span class='ocr_line' id='line_1_106' title="bbox 1931 4717 3531 4821; baseline -0.005 -42"><span class='ocrx_word' id='word_1_844' title='bbox 1931 4724 2236 4821; x_wconf 53' lang='lat' dir='ltr'><strong>ﬁeripturae</strong></span> <span class='ocrx_word' id='word_1_845' title='bbox 2265 4725 2387 4779; x_wconf 88' lang='lat' dir='ltr'><strong>loco</strong></span> <span class='ocrx_word' id='word_1_846' title='bbox 2428 4723 2579 4795; x_wconf 82' lang='lat' dir='ltr'><strong>quis.</strong></span> <span class='ocrx_word' id='word_1_847' title='bbox 2607 4722 2791 4811; x_wconf 74' lang='lat' dir='ltr'><strong>fuerit,</strong></span> <span class='ocrx_word' id='word_1_848' title='bbox 2825 4736 2936 4817; x_wconf 75' lang='lat' dir='ltr'><strong>non</strong></span> <span class='ocrx_word' id='word_1_849' title='bbox 2978 4717 3531 4821; x_wconf 34' lang='lat' dir='ltr'><strong>possumnshdicere,</strong></span> 
     </span>
    </p>
   </div>
   <div class='ocr_carea' id='block_1_106' title="bbox 1930 4804 3537 4887">
    <p class='ocr_par' dir='ltr' id='par_1_106' title="bbox 1930 4804 3537 4887">
     <span class='ocr_line' id='line_1_107' title="bbox 1930 4804 3537 4887; baseline -0.008 -14"><span class='ocrx_word' id='word_1_850' title='bbox 1930 4804 2040 4873; x_wconf 64' lang='lat' dir='ltr'><strong>nisi</strong></span> <span class='ocrx_word' id='word_1_851' title='bbox 2095 4817 2201 4874; x_wconf 88' lang='lat' dir='ltr'><strong>hoc</strong></span> <span class='ocrx_word' id='word_1_852' title='bbox 2246 4824 2523 4883; x_wconf 11' lang='lat' dir='ltr'><strong>tunctum...</strong></span> <span class='ocrx_word' id='word_1_853' title='bbox 2552 4815 2697 4887; x_wconf 82' lang='lat' dir='ltr'><strong>quod</strong></span> <span class='ocrx_word' id='word_1_854' title='bbox 2728 4804 2782 4871; x_wconf 78' lang='lat' dir='ltr'><strong>et</strong></span> <span class='ocrx_word' id='word_1_855' title='bbox 2820 4804 2939 4885; x_wconf 74' lang='lat' dir='ltr'><strong>ipse</strong></span> <span class='ocrx_word' id='word_1_856' title='bbox 2980 4812 3316 4884; x_wconf 74' lang='lat' dir='ltr'><strong>apostolicus</strong></span> <span class='ocrx_word' id='word_1_857' title='bbox 3359 4809 3442 4863; x_wconf 90' lang='lat' dir='ltr'><strong>vir</strong></span> <span class='ocrx_word' id='word_1_858' title='bbox 3482 4806 3537 4862; x_wconf 91' lang='lat' dir='ltr'><strong>id</strong></span> 
     </span>
    </p>
   </div>
   <div class='ocr_carea' id='block_1_107' title="bbox 1932 4901 3538 4985">
    <p class='ocr_par' dir='ltr' id='par_1_107' title="bbox 1932 4901 3538 4985">
     <span class='ocr_line' id='line_1_108' title="bbox 1932 4901 3538 4985; baseline -0.007 -19"><span class='ocrx_word' id='word_1_859' title='bbox 1932 4909 2122 4985; x_wconf 79' lang='lat' dir='ltr'><strong>operis</strong></span> <span class='ocrx_word' id='word_1_860' title='bbox 2152 4908 2299 4981; x_wconf 82' lang='lat' dir='ltr'><strong>quod</strong></span> <span class='ocrx_word' id='word_1_861' title='bbox 2329 4906 2527 4978; x_wconf 81' lang='lat' dir='ltr'><strong>Apollo</strong></span> <span class='ocrx_word' id='word_1_862' title='bbox 2549 4906 2843 4964; x_wconf 81' lang='lat' dir='ltr'><strong>exercebat</strong></span> <span class='ocrx_word' id='word_1_863' title='bbox 2872 4905 3130 4962; x_wconf 91' lang='lat' dir='ltr'><strong>habuerit</strong></span> <span class='ocrx_word' id='word_1_864' title='bbox 3163 4924 3176 4958; x_wconf 88' lang='lat'><strong>:</strong></span> <span class='ocrx_word' id='word_1_865' title='bbox 3204 4901 3406 4959; x_wconf 87' lang='lat' dir='ltr'><strong>Christi</strong></span> <span class='ocrx_word' id='word_1_866' title='bbox 3433 4901 3538 4955; x_wconf 91' lang='lat' dir='ltr'><strong>Ec-</strong></span> 
     </span>
    </p>
   </div>
   <div class='ocr_carea' id='block_1_108' title="bbox 1930 4997 3540 5071">
    <p class='ocr_par' dir='ltr' id='par_1_108' title="bbox 1930 4997 3540 5071">
     <span class='ocr_line' id='line_1_109' title="bbox 1930 4997 3540 5071; baseline -0.007 -13"><span class='ocrx_word' id='word_1_867' title='bbox 1930 5001 2131 5059; x_wconf 85' lang='lat' dir='ltr'><strong>clesias</strong></span> <span class='ocrx_word' id='word_1_868' title='bbox 2157 4997 2187 5039; x_wconf 70' lang='grc' dir='ltr'><strong><em>ἀ</em></strong></span> <span class='ocrx_word' id='word_1_869' title='bbox 2216 4999 2557 5057; x_wconf 79' lang='lat' dir='ltr'><strong>exstruendi.</strong></span> <span class='ocrx_word' id='word_1_870' title='bbox 2594 4999 2854 5071; x_wconf 62' lang='lat' dir='ltr'><strong>Praecipit</strong></span> <span class='ocrx_word' id='word_1_871' title='bbox 2896 4999 3081 5069; x_wconf 90' lang='lat' dir='ltr'><strong>itaque</strong></span> <span class='ocrx_word' id='word_1_872' title='bbox 3112 4997 3270 5062; x_wconf 87' lang='lat' dir='ltr'><strong>Tito,</strong></span> <span class='ocrx_word' id='word_1_873' title='bbox 3319 5002 3379 5049; x_wconf 91' lang='lat' dir='ltr'><strong>ut</strong></span> <span class='ocrx_word' id='word_1_874' title='bbox 3401 5006 3540 5064; x_wconf 88' lang='lat' dir='ltr'><strong>quo-</strong></span> 
     </span>
    </p>
   </div>
   <div class='ocr_carea' id='block_1_109' title="bbox 1930 5089 3536 5161">
    <p class='ocr_par' dir='ltr' id='par_1_109' title="bbox 1930 5089 3536 5161">
     <span class='ocr_line' id='line_1_110' title="bbox 1930 5089 3536 5161; baseline -0.005 -12"><span class='ocrx_word' id='word_1_875' title='bbox 1930 5095 2078 5149; x_wconf 81' lang='lat' dir='ltr'><strong>niam</strong></span> <span class='ocrx_word' id='word_1_876' title='bbox 2132 5094 2200 5149; x_wconf 91' lang='lat' dir='ltr'><strong>de</strong></span> <span class='ocrx_word' id='word_1_877' title='bbox 2227 5089 2390 5149; x_wconf 86' lang='lat' dir='ltr'><strong>Creta</strong></span> <span class='ocrx_word' id='word_1_878' title='bbox 2437 5091 2808 5150; x_wconf 66' lang='lat' dir='ltr'><strong>ad‘Gratciam</strong></span> <span class='ocrx_word' id='word_1_879' title='bbox 2843 5089 3154 5161; x_wconf 89' lang='lat' dir='ltr'><strong>navigaturi</strong></span> <span class='ocrx_word' id='word_1_880' title='bbox 3184 5094 3382 5155; x_wconf 88' lang='lat' dir='ltr'><strong>erant,</strong></span> <span class='ocrx_word' id='word_1_881' title='bbox 3426 5102 3536 5141; x_wconf 91' lang='lat' dir='ltr'><strong>non</strong></span> 
     </span>
    </p>
   </div>
   <div class='ocr_carea' id='block_1_110' title="bbox 1933 5175 3533 5261">
    <p class='ocr_par' dir='ltr' id='par_1_110' title="bbox 1933 5175 3533 5261">
     <span class='ocr_line' id='line_1_111' title="bbox 1933 5175 3533 5261; baseline -0.006 -19"><span class='ocrx_word' id='word_1_882' title='bbox 1933 5201 2033 5261; x_wconf 77' lang='lat' dir='ltr'><strong>eos</strong></span> <span class='ocrx_word' id='word_1_883' title='bbox 2057 5183 2479 5261; x_wconf 72' lang='lat' dir='ltr'><strong>faciatsitarciis</strong></span> <span class='ocrx_word' id='word_1_884' title='bbox 2510 5183 2796 5254; x_wconf 87' lang='lat' dir='ltr'><strong>indigere,</strong></span> <span class='ocrx_word' id='word_1_885' title='bbox 2825 5182 2923 5239; x_wconf 87' lang='lat' dir='ltr'><strong>sed</strong></span> <span class='ocrx_word' id='word_1_886' title='bbox 2949 5181 3156 5238; x_wconf 87' lang='lat' dir='ltr'><strong>habere</strong></span> <span class='ocrx_word' id='word_1_887' title='bbox 3193 5192 3258 5235; x_wconf 88' lang='lat' dir='ltr'><strong>ea</strong></span> <span class='ocrx_word' id='word_1_888' title='bbox 3296 5192 3421 5248; x_wconf 65' lang='lat' dir='ltr'><strong>quae</strong></span> <span class='ocrx_word' id='word_1_889' title='bbox 3464 5175 3533 5233; x_wconf 85' lang='lat' dir='ltr'><strong>ad</strong></span> 
     </span>
    </p>
   </div>
   <div class='ocr_carea' id='block_1_111' title="bbox 1933 5266 2729 5335">
    <p class='ocr_par' dir='ltr' id='par_1_111' title="bbox 1933 5266 2729 5335">
     <span class='ocr_line' id='line_1_112' title="bbox 1933 5266 2729 5335; baseline -0.005 -1"><span class='ocrx_word' id='word_1_890' title='bbox 1933 5278 2195 5335; x_wconf 87' lang='lat' dir='ltr'><strong>viaticum</strong></span> <span class='ocrx_word' id='word_1_891' title='bbox 2229 5266 2550 5335; x_wconf 78' lang='lat' dir='ltr'><strong>necessaria</strong></span> <span class='ocrx_word' id='word_1_892' title='bbox 2577 5283 2729 5333; x_wconf 85' lang='lat' dir='ltr'><strong>sunt.</strong></span> 
     </span>
    </p>
   </div>
   <div class='ocr_carea' id='block_1_112' title="bbox 1930 5408 3533 5492">
    <p class='ocr_par' dir='ltr' id='par_1_112' title="bbox 1930 5408 3533 5492">
     <span class='ocr_line' id='line_1_113' title="bbox 1930 5408 3533 5492; baseline -0.007 -18"><span class='ocrx_word' id='word_1_893' title='bbox 1930 5427 1986 5492; x_wconf 82' lang='lat' dir='ltr'><strong>et</strong></span> <span class='ocrx_word' id='word_1_894' title='bbox 2007 5434 2131 5474; x_wconf 84' lang='lat' dir='ltr'><strong>mox</strong></span> <span class='ocrx_word' id='word_1_895' title='bbox 2156 5428 2381 5492; x_wconf 76' lang='lat' dir='ltr'><strong>separet,</strong></span> <span class='ocrx_word' id='word_1_896' title='bbox 2406 5432 2528 5492; x_wconf 73' lang='lat' dir='ltr'><strong>pro,</strong></span> <span class='ocrx_word' id='word_1_897' title='bbox 2551 5424 2869 5492; x_wconf 80' lang='lat' dir='ltr'><strong>s_eparetttt_&#39;_:</strong></span> <span class='ocrx_word' id='word_1_898' title='bbox 2890 5411 3132 5492; x_wconf 64' lang='lat' dir='ltr'><strong>denique</strong></span> <span class='ocrx_word' id='word_1_899' title='bbox 3145 5408 3296 5492; x_wconf 78' lang='lat' dir='ltr'><strong>addit</strong></span> <span class='ocrx_word' id='word_1_900' title='bbox 3318 5421 3533 5492; x_wconf 72' lang='lat' dir='ltr'><strong>vocem,</strong></span> 
     </span>
    </p>
   </div>
   <div class='ocr_carea' id='block_1_113' title="bbox 1930 5481 3537 5562">
    <p class='ocr_par' dir='ltr' id='par_1_113' title="bbox 1930 5481 3537 5562">
     <span class='ocr_line' id='line_1_114' title="bbox 1930 5481 3537 5562; baseline -0.007 -18"><span class='ocrx_word' id='word_1_901' title='bbox 1930 5481 2337 5562; x_wconf 51' lang='lat' dir='ltr'><strong>diversumﬁhi,</strong></span> <span class='ocrx_word' id='word_1_902' title='bbox 2359 5481 2586 5561; x_wconf 70' lang='lat' dir='ltr'><strong>intelligi</strong></span> <span class='ocrx_word' id='word_1_903' title='bbox 2610 5481 3418 5562; x_wconf 18' lang='lat' dir='ltr'><strong>potest‘diversunt—sllabbauus,</strong></span> <span class='ocrx_word' id='word_1_904' title='bbox 3442 5482 3537 5562; x_wconf 79' lang='lat' dir='ltr'><strong>qui</strong></span> 
     </span>
    </p>
   </div>
   <div class='ocr_carea' id='block_1_114' title="bbox 1935 5551 3538 5628">
    <p class='ocr_par' dir='ltr' id='par_1_114' title="bbox 1935 5551 3538 5628">
     <span class='ocr_line' id='line_1_115' title="bbox 1935 5551 3538 5628; baseline -0.007 -14"><span class='ocrx_word' id='word_1_905' title='bbox 1935 5571 1994 5615; x_wconf 90' lang='lat' dir='ltr'><strong>ut</strong></span> <span class='ocrx_word' id='word_1_906' title='bbox 2021 5551 2275 5628; x_wconf 72' lang='lat' dir='ltr'><strong>diximus,</strong></span> <span class='ocrx_word' id='word_1_907' title='bbox 2302 5551 2443 5615; x_wconf 83' lang='lat' dir='ltr'><strong>hunc</strong></span> <span class='ocrx_word' id='word_1_908' title='bbox 2466 5551 2885 5628; x_wconf 61' lang='lat' dir='ltr'><strong>diligentissime</strong></span> <span class='ocrx_word' id='word_1_909' title='bbox 2907 5555 3198 5628; x_wconf 66' lang='lat' dir='ltr'><strong>descripsit</strong></span> <span class='ocrx_word' id='word_1_910' title='bbox 3226 5551 3428 5628; x_wconf 76' lang='lat' dir='ltr'><strong>locum,</strong></span> <span class='ocrx_word' id='word_1_911' title='bbox 3455 5551 3538 5628; x_wconf 80' lang='lat' dir='ltr'><strong>sic</strong></span> 
     </span>
    </p>
   </div>
   <div class='ocr_carea' id='block_1_115' title="bbox 1937 5622 3536 5702">
    <p class='ocr_par' dir='ltr' id='par_1_115' title="bbox 1937 5622 3536 5702">
     <span class='ocr_line' id='line_1_116' title="bbox 1937 5622 3536 5702; baseline -0.009 -15"><span class='ocrx_word' id='word_1_912' title='bbox 1937 5632 2101 5688; x_wconf 83' lang='lat' dir='ltr'><strong>habet</strong></span> <span class='ocrx_word' id='word_1_913' title='bbox 2130 5652 2142 5686; x_wconf 90' lang='lat'>:</span> <span class='ocrx_word' id='word_1_914' title='bbox 2178 5622 2423 5687; x_wconf 70' lang='lat' dir='ltr'><strong>Scitisma</strong></span> <span class='ocrx_word' id='word_1_915' title='bbox 2453 5622 2665 5702; x_wconf 56' lang='lat' dir='ltr'><strong>propter</strong></span> <span class='ocrx_word' id='word_1_916' title='bbox 2695 5628 3041 5702; x_wconf 66' lang='lat' dir='ltr'><strong>eitiseOpalent</strong></span> <span class='ocrx_word' id='word_1_917' title='bbox 3069 5623 3442 5702; x_wconf 63' lang='lat' dir='ltr'><strong>d_issett_siottettt</strong></span> <span class='ocrx_word' id='word_1_918' title='bbox 3474 5622 3536 5673; x_wconf 83' lang='lat' dir='ltr'><strong>ab</strong></span> 
     </span>
    </p>
   </div>
   <div class='ocr_carea' id='block_1_116' title="bbox 1942 5693 3538 5773">
    <p class='ocr_par' dir='ltr' id='par_1_116' title="bbox 1942 5693 3538 5773">
     <span class='ocr_line' id='line_1_117' title="bbox 1942 5693 3538 5773; baseline -0.007 -14"><span class='ocrx_word' id='word_1_919' title='bbox 1942 5703 2197 5773; x_wconf 16' lang='lat' dir='ltr'><strong>Ecclesia,</strong></span> <span class='ocrx_word' id='word_1_920' title='bbox 2222 5693 2463 5773; x_wconf 29' lang='lat' dir='ltr'><strong>separet]</strong></span> <span class='ocrx_word' id='word_1_921' title='bbox 2491 5693 2644 5773; x_wconf 78' lang='lat' dir='ltr'><strong>Quod</strong></span> <span class='ocrx_word' id='word_1_922' title='bbox 2689 5693 2897 5771; x_wconf 76' lang='lat' dir='ltr'><strong>quidem</strong></span> <span class='ocrx_word' id='word_1_923' title='bbox 2939 5699 2992 5752; x_wconf 83' lang='lat' dir='ltr'><strong>in</strong></span> <span class='ocrx_word' id='word_1_924' title='bbox 3031 5696 3286 5769; x_wconf 83' lang='lat' dir='ltr'><strong>principio</strong></span> <span class='ocrx_word' id='word_1_925' title='bbox 3320 5693 3393 5748; x_wconf 80' lang='lat' dir='ltr'><strong>ita</strong></span> <span class='ocrx_word' id='word_1_926' title='bbox 3429 5708 3538 5748; x_wconf 84' lang='lat' dir='ltr'><strong>esse</strong></span> 
     </span>
    </p>
   </div>
   <div class='ocr_carea' id='block_1_117' title="bbox 1936 5770 3302 5886">
    <p class='ocr_par' dir='ltr' id='par_1_117' title="bbox 1936 5770 3302 5886">
     <span class='ocr_line' id='line_1_118' title="bbox 1936 5770 3302 5886; baseline -0.01 -56"><span class='ocrx_word' id='word_1_927' title='bbox 1936 5770 2117 5886; x_wconf 62' lang='lat' dir='ltr'><strong>aliqua</strong></span> <span class='ocrx_word' id='word_1_928' title='bbox 2145 5772 2208 5829; x_wconf 64' lang='lat' dir='ltr'><strong>ea:</strong></span> <span class='ocrx_word' id='word_1_929' title='bbox 2233 5770 2381 5844; x_wconf 80' lang='lat' dir='ltr'><strong>parte</strong></span> <span class='ocrx_word' id='word_1_930' title='bbox 2406 5772 2631 5855; x_wconf 83' lang='lat' dir='ltr'><strong>intelligi</strong></span> <span class='ocrx_word' id='word_1_931' title='bbox 2659 5778 2849 5853; x_wconf 65' lang='lat' dir='ltr'><strong>potest.</strong></span> <span class='ocrx_word' id='word_1_932' title='bbox 2904 5842 2915 5853; x_wconf 43' lang='grc'><strong><em>⁸</em></strong></span> <span class='ocrx_word' id='word_1_933' title='bbox 3013 5841 3025 5852; x_wconf 44' lang='lat'>.</span> <span class='ocrx_word' id='word_1_934' title='bbox 3290 5836 3302 5847; x_wconf 44' lang='lat'><strong>.</strong></span> 
     </span>
     <span class='ocr_line' id='line_1_119' title="bbox 2072 5837 3301 5886; baseline 0 0"><span class='ocrx_word' id='word_1_935' title='bbox 2072 5845 2250 5886; x_wconf 77' lang='lat' dir='ltr'><strong>Nnetri</strong></span> <span class='ocrx_word' id='word_1_936' title='bbox 2284 5859 2437 5886; x_wconf 50' lang='lat' dir='ltr'><strong>mat,</strong></span> <span class='ocrx_word' id='word_1_937' title='bbox 2475 5843 2669 5886; x_wconf 72' lang='lat' dir='ltr'><strong>Chr-nn</strong></span> <span class='ocrx_word' id='word_1_938' title='bbox 2714 5839 2978 5886; x_wconf 63' lang='lat' dir='ltr'><strong>Ecclesium</strong></span> <span class='ocrx_word' id='word_1_939' title='bbox 3007 5837 3301 5886; x_wconf 65' lang='lat' dir='ltr'><strong>muniendi</strong></span> 
     </span>
    </p>
   </div>
   <div class='ocr_carea' id='block_1_118' title="bbox 2068 5837 3323 5917">
    <p class='ocr_par' dir='ltr' id='par_1_118' title="bbox 2068 5837 3323 5917">
     <span class='ocr_line' id='line_1_120' title="bbox 2068 5837 3323 5917; baseline -0.012 -11"><span class='ocrx_word' id='word_1_940' title='bbox 2068 5837 2253 5906; x_wconf 83' lang='lat' dir='ltr'><strong>Nostri</strong></span> <span class='ocrx_word' id='word_1_941' title='bbox 2282 5859 2444 5917; x_wconf 69' lang='lat' dir='ltr'><strong>mss,</strong></span> <span class='ocrx_word' id='word_1_942' title='bbox 2475 5837 2674 5906; x_wconf 75' lang='lat' dir='ltr'><strong>Christi</strong></span> <span class='ocrx_word' id='word_1_943' title='bbox 2708 5839 2978 5906; x_wconf 80' lang='lat' dir='ltr'><strong>Ecclesias</strong></span> <span class='ocrx_word' id='word_1_944' title='bbox 3007 5837 3323 5900; x_wconf 83' lang='lat' dir='ltr'><strong>instruendi.</strong></span> 
     </span>
    </p>
   </div>
  </div>
