  <div class='ocr_page' id='page_1' title='image "/cluster/home/n/w/nwhite01/storage/ocr_20150623/26/hvd.32044015471402/305.png"; bbox 0 0 3948 6334; ppageno 0'>
   <div class='ocr_carea' id='block_1_1' title="bbox 406 209 518 273">
    <p class='ocr_par' dir='ltr' id='par_1_1' title="bbox 406 209 518 273">
     <span class='ocr_line' id='line_1_1' title="bbox 406 209 518 273; baseline 0.027 -3"><span class='ocrx_word' id='word_1_1' title='bbox 406 209 518 273; x_wconf 75' lang='lat'><strong>599</strong></span> 
     </span>
    </p>
   </div>
   <div class='ocr_carea' id='block_1_2' title="bbox 406 426 2004 499">
    <p class='ocr_par' dir='ltr' id='par_1_2' title="bbox 406 426 2004 499">
     <span class='ocr_line' id='line_1_2' title="bbox 406 426 2004 499; baseline 0.001 -19"><span class='ocrx_word' id='word_1_2' title='bbox 406 440 628 499; x_wconf 67' lang='lat' dir='ltr'><strong>privasse</strong></span> <span class='ocrx_word' id='word_1_3' title='bbox 652 426 709 481; x_wconf 88' lang='lat' dir='ltr'><strong>in</strong></span> <span class='ocrx_word' id='word_1_4' title='bbox 734 427 1044 484; x_wconf 74' lang='lat' dir='ltr'><strong>necessariis</strong></span> <span class='ocrx_word' id='word_1_5' title='bbox 1070 426 1247 482; x_wconf 78' lang='lat' dir='ltr'><strong>usibus</strong></span> <span class='ocrx_word' id='word_1_6' title='bbox 1267 466 1283 493; x_wconf 89' lang='lat'><strong>,</strong></span> <span class='ocrx_word' id='word_1_7' title='bbox 1313 434 1372 480; x_wconf 86' lang='lat' dir='ltr'><strong>ut</strong></span> <span class='ocrx_word' id='word_1_8' title='bbox 1398 440 1501 480; x_wconf 88' lang='lat' dir='ltr'><strong>non</strong></span> <span class='ocrx_word' id='word_1_9' title='bbox 1531 426 1846 498; x_wconf 73' lang='lat' dir='ltr'><strong>infructuosi</strong></span> <span class='ocrx_word' id='word_1_10' title='bbox 1882 428 2004 481; x_wconf 84' lang='lat' dir='ltr'><strong>sint.</strong></span> 
     </span>
    </p>
   </div>
   <div class='ocr_carea' id='block_1_3' title="bbox 411 519 2011 595">
    <p class='ocr_par' dir='ltr' id='par_1_3' title="bbox 411 519 2011 595">
     <span class='ocr_line' id='line_1_3' title="bbox 411 519 2011 595; baseline 0 -18"><span class='ocrx_word' id='word_1_11' title='bbox 411 519 593 591; x_wconf 85' lang='lat' dir='ltr'><strong>Supra</strong></span> <span class='ocrx_word' id='word_1_12' title='bbox 618 519 835 577; x_wconf 80' lang='lat' dir='ltr'><strong>dixerat</strong></span> <span class='ocrx_word' id='word_1_13' title='bbox 864 538 879 576; x_wconf 87' lang='lat'><strong>:</strong></span> <span class='ocrx_word' id='word_1_14' title='bbox 905 521 1099 578; x_wconf 86' lang='lat' dir='ltr'><strong>Zenam</strong></span> <span class='ocrx_word' id='word_1_15' title='bbox 1129 520 1280 592; x_wconf 86' lang='lat' dir='ltr'><strong>Legis</strong></span> <span class='ocrx_word' id='word_1_16' title='bbox 1317 521 1579 575; x_wconf 88' lang='lat' dir='ltr'><strong>doctorem</strong></span> <span class='ocrx_word' id='word_1_17' title='bbox 1610 529 1657 576; x_wconf 84' lang='lat' dir='ltr'><strong>et</strong></span> <span class='ocrx_word' id='word_1_18' title='bbox 1686 521 1877 595; x_wconf 84' lang='lat' dir='ltr'><strong>Apollo</strong></span> <span class='ocrx_word' id='word_1_19' title='bbox 1905 523 2011 577; x_wconf 87' lang='lat' dir='ltr'><strong>sol-</strong></span> 
     </span>
    </p>
   </div>
   <div class='ocr_carea' id='block_1_4' title="bbox 401 613 2012 688">
    <p class='ocr_par' dir='ltr' id='par_1_4' title="bbox 401 613 2012 688">
     <span class='ocr_line' id='line_1_4' title="bbox 401 613 2012 688; baseline 0.002 -17"><span class='ocrx_word' id='word_1_20' title='bbox 401 613 549 671; x_wconf 82' lang='lat' dir='ltr'><strong>licite</strong></span> <span class='ocrx_word' id='word_1_21' title='bbox 577 616 854 686; x_wconf 75' lang='lat' dir='ltr'><strong>promitte,</strong></span> <span class='ocrx_word' id='word_1_22' title='bbox 883 626 939 670; x_wconf 91' lang='lat' dir='ltr'><strong>ut</strong></span> <span class='ocrx_word' id='word_1_23' title='bbox 970 613 1104 670; x_wconf 83' lang='lat' dir='ltr'><strong>nihil</strong></span> <span class='ocrx_word' id='word_1_24' title='bbox 1138 613 1247 669; x_wconf 85' lang='lat' dir='ltr'><strong>illis</strong></span> <span class='ocrx_word' id='word_1_25' title='bbox 1278 615 1431 671; x_wconf 86' lang='lat' dir='ltr'><strong>desit.</strong></span> <span class='ocrx_word' id='word_1_26' title='bbox 1466 616 1604 683; x_wconf 84' lang='lat' dir='ltr'><strong>Quia</strong></span> <span class='ocrx_word' id='word_1_27' title='bbox 1635 632 1766 687; x_wconf 85' lang='lat' dir='ltr'><strong>ergo</strong></span> <span class='ocrx_word' id='word_1_28' title='bbox 1795 628 2012 688; x_wconf 75' lang='lat' dir='ltr'><strong>poterat</strong></span> 
     </span>
    </p>
   </div>
   <div class='ocr_carea' id='block_1_5' title="bbox 404 707 2009 780">
    <p class='ocr_par' dir='ltr' id='par_1_5' title="bbox 404 707 2009 780">
     <span class='ocr_line' id='line_1_5' title="bbox 404 707 2009 780; baseline 0.001 -16"><span class='ocrx_word' id='word_1_29' title='bbox 404 708 647 764; x_wconf 79' lang='lat' dir='ltr'><strong>suboriri</strong></span> <span class='ocrx_word' id='word_1_30' title='bbox 677 708 891 763; x_wconf 90' lang='lat' dir='ltr'><strong>occulta</strong></span> <span class='ocrx_word' id='word_1_31' title='bbox 918 707 1231 778; x_wconf 86' lang='lat' dir='ltr'><strong>responsio,</strong></span> <span class='ocrx_word' id='word_1_32' title='bbox 1265 717 1326 763; x_wconf 92' lang='lat' dir='ltr'><strong>ut</strong></span> <span class='ocrx_word' id='word_1_33' title='bbox 1366 723 1475 764; x_wconf 88' lang='lat' dir='ltr'><strong>non</strong></span> <span class='ocrx_word' id='word_1_34' title='bbox 1503 719 1611 763; x_wconf 90' lang='lat' dir='ltr'><strong>tam</strong></span> <span class='ocrx_word' id='word_1_35' title='bbox 1656 708 1814 765; x_wconf 90' lang='lat' dir='ltr'><strong>Titus</strong></span> <span class='ocrx_word' id='word_1_36' title='bbox 1846 727 2009 780; x_wconf 89' lang='lat' dir='ltr'><strong>quam</strong></span> 
     </span>
    </p>
   </div>
   <div class='ocr_carea' id='block_1_6' title="bbox 406 800 2010 874">
    <p class='ocr_par' dir='ltr' id='par_1_6' title="bbox 406 800 2010 874">
     <span class='ocr_line' id='line_1_6' title="bbox 406 800 2010 874; baseline 0.001 -16"><span class='ocrx_word' id='word_1_37' title='bbox 406 802 739 874; x_wconf 86' lang='lat' dir='ltr'><strong>quicumque</strong></span> <span class='ocrx_word' id='word_1_38' title='bbox 778 800 1046 873; x_wconf 77' lang='lat' dir='ltr'><strong>Epistolas</strong></span> <span class='ocrx_word' id='word_1_39' title='bbox 1093 802 1269 858; x_wconf 89' lang='lat' dir='ltr'><strong>lector</strong></span> <span class='ocrx_word' id='word_1_40' title='bbox 1308 801 1415 859; x_wconf 88' lang='lat' dir='ltr'><strong>hoc</strong></span> <span class='ocrx_word' id='word_1_41' title='bbox 1460 804 1672 859; x_wconf 70' lang='lat' dir='ltr'><strong>diceret</strong></span> <span class='ocrx_word' id='word_1_42' title='bbox 1716 822 1731 859; x_wconf 91' lang='lat'><strong>:</strong></span> <span class='ocrx_word' id='word_1_43' title='bbox 1779 815 1833 860; x_wconf 94' lang='lat' dir='ltr'><strong>et</strong></span> <span class='ocrx_word' id='word_1_44' title='bbox 1867 805 2010 861; x_wconf 89' lang='lat' dir='ltr'><strong>unde</strong></span> 
     </span>
    </p>
   </div>
   <div class='ocr_carea' id='block_1_7' title="bbox 404 892 2011 967">
    <p class='ocr_par' dir='ltr' id='par_1_7' title="bbox 404 892 2011 967">
     <span class='ocr_line' id='line_1_7' title="bbox 404 892 2011 967; baseline 0.002 -18"><span class='ocrx_word' id='word_1_45' title='bbox 404 892 556 963; x_wconf 86' lang='lat' dir='ltr'><strong>Tito,</strong></span> <span class='ocrx_word' id='word_1_46' title='bbox 586 901 647 949; x_wconf 89' lang='lat' dir='ltr'><strong>ut</strong></span> <span class='ocrx_word' id='word_1_47' title='bbox 673 894 935 949; x_wconf 88' lang='lat' dir='ltr'><strong>viaticum</strong></span> <span class='ocrx_word' id='word_1_48' title='bbox 975 908 1085 949; x_wconf 89' lang='lat' dir='ltr'><strong>non</strong></span> <span class='ocrx_word' id='word_1_49' title='bbox 1126 893 1455 951; x_wconf 84' lang='lat' dir='ltr'><strong>habentibus</strong></span> <span class='ocrx_word' id='word_1_50' title='bbox 1480 894 1773 967; x_wconf 77' lang='lat' dir='ltr'><strong>largiretur</strong></span> <span class='ocrx_word' id='word_1_51' title='bbox 1797 937 1812 962; x_wconf 94' lang='lat'><strong>,</strong></span> <span class='ocrx_word' id='word_1_52' title='bbox 1846 896 2011 953; x_wconf 80' lang='lat' dir='ltr'><strong>solvit</strong></span> 
     </span>
    </p>
   </div>
   <div class='ocr_carea' id='block_1_8' title="bbox 405 987 2013 1063">
    <p class='ocr_par' dir='ltr' id='par_1_8' title="bbox 405 987 2013 1063">
     <span class='ocr_line' id='line_1_8' title="bbox 405 987 2013 1063; baseline 0.003 -20"><span class='ocrx_word' id='word_1_53' title='bbox 405 987 552 1044; x_wconf 90' lang='lat' dir='ltr'><strong>hanc</strong></span> <span class='ocrx_word' id='word_1_54' title='bbox 578 988 937 1058; x_wconf 61' lang='lat' dir='ltr'><strong>quaestionem</strong></span> <span class='ocrx_word' id='word_1_55' title='bbox 958 1028 975 1055; x_wconf 93' lang='lat'><strong>,</strong></span> <span class='ocrx_word' id='word_1_56' title='bbox 1004 996 1062 1044; x_wconf 92' lang='lat' dir='ltr'><strong>et</strong></span> <span class='ocrx_word' id='word_1_57' title='bbox 1088 989 1245 1060; x_wconf 89' lang='lat' dir='ltr'><strong>quasi</strong></span> <span class='ocrx_word' id='word_1_58' title='bbox 1281 988 1421 1045; x_wconf 89' lang='lat' dir='ltr'><strong>nihil</strong></span> <span class='ocrx_word' id='word_1_59' title='bbox 1451 989 1555 1046; x_wconf 85' lang='lat' dir='ltr'><strong>sibi</strong></span> <span class='ocrx_word' id='word_1_60' title='bbox 1580 1002 1890 1063; x_wconf 88' lang='lat' dir='ltr'><strong>opponatur</strong></span> <span class='ocrx_word' id='word_1_61' title='bbox 1914 993 2013 1048; x_wconf 87' lang='lat' dir='ltr'><strong>eli-</strong></span> 
     </span>
    </p>
   </div>
   <div class='ocr_carea' id='block_1_9' title="bbox 401 1080 2009 1157">
    <p class='ocr_par' dir='ltr' id='par_1_9' title="bbox 401 1080 2009 1157">
     <span class='ocr_line' id='line_1_9' title="bbox 401 1080 2009 1157; baseline 0.003 -21"><span class='ocrx_word' id='word_1_62' title='bbox 401 1080 515 1149; x_wconf 88' lang='lat' dir='ltr'><strong>dit,</strong></span> <span class='ocrx_word' id='word_1_63' title='bbox 546 1080 778 1137; x_wconf 89' lang='lat' dir='ltr'><strong>dicendo</strong></span> <span class='ocrx_word' id='word_1_64' title='bbox 813 1098 829 1137; x_wconf 87' lang='lat'><strong>:</strong></span> <span class='ocrx_word' id='word_1_65' title='bbox 863 1080 1088 1137; x_wconf 86' lang='lat' dir='ltr'><strong>Discant</strong></span> <span class='ocrx_word' id='word_1_66' title='bbox 1118 1090 1294 1137; x_wconf 87' lang='lat' dir='ltr'><strong>autem</strong></span> <span class='ocrx_word' id='word_1_67' title='bbox 1325 1091 1373 1138; x_wconf 86' lang='lat' dir='ltr'><strong>et</strong></span> <span class='ocrx_word' id='word_1_68' title='bbox 1405 1085 1566 1139; x_wconf 80' lang='lat' dir='ltr'><strong>nostri</strong></span> <span class='ocrx_word' id='word_1_69' title='bbox 1595 1085 1741 1140; x_wconf 86' lang='lat' dir='ltr'><strong>bonis</strong></span> <span class='ocrx_word' id='word_1_70' title='bbox 1773 1087 2009 1157; x_wconf 80' lang='lat' dir='ltr'><strong>operibus</strong></span> 
     </span>
    </p>
   </div>
   <div class='ocr_carea' id='block_1_10' title="bbox 403 1174 2005 1250">
    <p class='ocr_par' dir='ltr' id='par_1_10' title="bbox 403 1174 2005 1250">
     <span class='ocr_line' id='line_1_10' title="bbox 403 1174 2005 1250; baseline 0.004 -23"><span class='ocrx_word' id='word_1_71' title='bbox 403 1188 626 1243; x_wconf 72' lang='lat' dir='ltr'><strong>prwesse</strong></span> <span class='ocrx_word' id='word_1_72' title='bbox 656 1174 713 1228; x_wconf 88' lang='lat' dir='ltr'><strong>in</strong></span> <span class='ocrx_word' id='word_1_73' title='bbox 746 1174 1049 1229; x_wconf 79' lang='lat' dir='ltr'><strong>necessariis</strong></span> <span class='ocrx_word' id='word_1_74' title='bbox 1088 1175 1289 1241; x_wconf 85' lang='lat' dir='ltr'><strong>usibus,</strong></span> <span class='ocrx_word' id='word_1_75' title='bbox 1322 1187 1377 1230; x_wconf 89' lang='lat' dir='ltr'><strong>ut</strong></span> <span class='ocrx_word' id='word_1_76' title='bbox 1408 1194 1510 1233; x_wconf 88' lang='lat' dir='ltr'><strong>non</strong></span> <span class='ocrx_word' id='word_1_77' title='bbox 1539 1178 1854 1250; x_wconf 79' lang='lat' dir='ltr'><strong>infructuosi</strong></span> <span class='ocrx_word' id='word_1_78' title='bbox 1882 1180 2005 1234; x_wconf 86' lang='lat' dir='ltr'><strong>sint.</strong></span> 
     </span>
    </p>
   </div>
   <div class='ocr_carea' id='block_1_11' title="bbox 404 1260 2009 1343">
    <p class='ocr_par' dir='ltr' id='par_1_11' title="bbox 404 1260 2009 1343">
     <span class='ocr_line' id='line_1_11' title="bbox 404 1260 2009 1343; baseline 0.004 -22"><span class='ocrx_word' id='word_1_79' title='bbox 404 1260 637 1321; x_wconf 88' lang='lat' dir='ltr'><strong>Nostros</strong></span> <span class='ocrx_word' id='word_1_80' title='bbox 665 1280 799 1322; x_wconf 90' lang='lat' dir='ltr'><strong>suos</strong></span> <span class='ocrx_word' id='word_1_81' title='bbox 841 1278 1006 1323; x_wconf 90' lang='lat' dir='ltr'><strong>vocat</strong></span> <span class='ocrx_word' id='word_1_82' title='bbox 1035 1268 1129 1338; x_wconf 89' lang='lat' dir='ltr'><strong>qui</strong></span> <span class='ocrx_word' id='word_1_83' title='bbox 1159 1267 1217 1323; x_wconf 88' lang='lat' dir='ltr'><strong>in</strong></span> <span class='ocrx_word' id='word_1_84' title='bbox 1243 1267 1462 1323; x_wconf 89' lang='lat' dir='ltr'><strong>Christo</strong></span> <span class='ocrx_word' id='word_1_85' title='bbox 1492 1269 1842 1327; x_wconf 82' lang='lat' dir='ltr'><strong>crediderant</strong></span> <span class='ocrx_word' id='word_1_86' title='bbox 1870 1289 1885 1327; x_wconf 86' lang='lat'><strong>:</strong></span> <span class='ocrx_word' id='word_1_87' title='bbox 1916 1272 2009 1343; x_wconf 90' lang='lat' dir='ltr'><strong>qui</strong></span> 
     </span>
    </p>
   </div>
   <div class='ocr_carea' id='block_1_12' title="bbox 405 1358 2008 1435">
    <p class='ocr_par' dir='ltr' id='par_1_12' title="bbox 405 1358 2008 1435">
     <span class='ocr_line' id='line_1_12' title="bbox 405 1358 2008 1435; baseline 0.003 -22"><span class='ocrx_word' id='word_1_88' title='bbox 405 1358 535 1430; x_wconf 86' lang='lat' dir='ltr'><strong>quia</strong></span> <span class='ocrx_word' id='word_1_89' title='bbox 581 1358 785 1415; x_wconf 86' lang='lat' dir='ltr'><strong>Christi</strong></span> <span class='ocrx_word' id='word_1_90' title='bbox 816 1369 998 1427; x_wconf 87' lang='lat' dir='ltr'><strong>erant,</strong></span> <span class='ocrx_word' id='word_1_91' title='bbox 1032 1370 1182 1417; x_wconf 90' lang='lat' dir='ltr'><strong>recte</strong></span> <span class='ocrx_word' id='word_1_92' title='bbox 1212 1373 1268 1418; x_wconf 90' lang='lat' dir='ltr'><strong>et</strong></span> <span class='ocrx_word' id='word_1_93' title='bbox 1308 1360 1461 1418; x_wconf 85' lang='lat' dir='ltr'><strong>Pauli</strong></span> <span class='ocrx_word' id='word_1_94' title='bbox 1497 1373 1554 1419; x_wconf 91' lang='lat' dir='ltr'><strong>et</strong></span> <span class='ocrx_word' id='word_1_95' title='bbox 1595 1362 1705 1420; x_wconf 89' lang='lat' dir='ltr'><strong>Titi</strong></span> <span class='ocrx_word' id='word_1_96' title='bbox 1743 1364 2008 1435; x_wconf 86' lang='lat' dir='ltr'><strong>appellari</strong></span> 
     </span>
    </p>
   </div>
   <div class='ocr_carea' id='block_1_13' title="bbox 411 1450 2010 1528">
    <p class='ocr_par' dir='ltr' id='par_1_13' title="bbox 411 1450 2010 1528">
     <span class='ocr_line' id='line_1_13' title="bbox 411 1450 2010 1528; baseline 0.004 -22"><span class='ocrx_word' id='word_1_97' title='bbox 411 1450 787 1507; x_wconf 87' lang='lat' dir='ltr'><strong>merebantur.</strong></span> <span class='ocrx_word' id='word_1_98' title='bbox 845 1452 1053 1522; x_wconf 81' lang='lat' dir='ltr'><strong>Habes,</strong></span> <span class='ocrx_word' id='word_1_99' title='bbox 1103 1454 1314 1525; x_wconf 85' lang='lat' dir='ltr'><strong>inquit,</strong></span> <span class='ocrx_word' id='word_1_100' title='bbox 1340 1454 1396 1509; x_wconf 92' lang='lat' dir='ltr'><strong>in</strong></span> <span class='ocrx_word' id='word_1_101' title='bbox 1427 1455 1727 1526; x_wconf 89' lang='lat' dir='ltr'><strong>discipulos</strong></span> <span class='ocrx_word' id='word_1_102' title='bbox 1764 1466 2010 1528; x_wconf 87' lang='lat' dir='ltr'><strong>potesta-</strong></span> 
     </span>
    </p>
   </div>
   <div class='ocr_carea' id='block_1_14' title="bbox 412 1544 2011 1621">
    <p class='ocr_par' dir='ltr' id='par_1_14' title="bbox 412 1544 2011 1621">
     <span class='ocr_line' id='line_1_14' title="bbox 412 1544 2011 1621; baseline 0.004 -21"><span class='ocrx_word' id='word_1_103' title='bbox 412 1552 559 1612; x_wconf 89' lang='lat' dir='ltr'><strong>tem;</strong></span> <span class='ocrx_word' id='word_1_104' title='bbox 583 1544 722 1601; x_wconf 89' lang='lat' dir='ltr'><strong>doce</strong></span> <span class='ocrx_word' id='word_1_105' title='bbox 763 1560 860 1602; x_wconf 90' lang='lat' dir='ltr'><strong>eos</strong></span> <span class='ocrx_word' id='word_1_106' title='bbox 881 1562 990 1602; x_wconf 90' lang='lat' dir='ltr'><strong>non</strong></span> <span class='ocrx_word' id='word_1_107' title='bbox 1014 1562 1138 1604; x_wconf 91' lang='lat' dir='ltr'><strong>esse</strong></span> <span class='ocrx_word' id='word_1_108' title='bbox 1168 1548 1540 1605; x_wconf 78' lang='lat' dir='ltr'><strong>infructuosos</strong></span> <span class='ocrx_word' id='word_1_109' title='bbox 1566 1568 1579 1603; x_wconf 92' lang='lat'>:</span> <span class='ocrx_word' id='word_1_110' title='bbox 1605 1549 1705 1606; x_wconf 91' lang='lat' dir='ltr'><strong>sed</strong></span> <span class='ocrx_word' id='word_1_111' title='bbox 1733 1552 2011 1621; x_wconf 83' lang='lat' dir='ltr'><strong>evangeli-</strong></span> 
     </span>
    </p>
   </div>
   <div class='ocr_carea' id='block_1_15' title="bbox 407 1638 1992 1714">
    <p class='ocr_par' dir='ltr' id='par_1_15' title="bbox 407 1638 1992 1714">
     <span class='ocr_line' id='line_1_15' title="bbox 407 1638 1992 1714; baseline 0.003 -20"><span class='ocrx_word' id='word_1_112' title='bbox 407 1638 511 1694; x_wconf 91' lang='lat' dir='ltr'><strong>stis</strong></span> <span class='ocrx_word' id='word_1_113' title='bbox 542 1647 597 1695; x_wconf 90' lang='lat' dir='ltr'><strong>et</strong></span> <span class='ocrx_word' id='word_1_114' title='bbox 627 1639 1117 1711; x_wconf 77' lang='lat' dir='ltr'><strong>apostolicisviris,</strong></span> <span class='ocrx_word' id='word_1_115' title='bbox 1135 1643 1227 1713; x_wconf 89' lang='lat' dir='ltr'><strong>qui</strong></span> <span class='ocrx_word' id='word_1_116' title='bbox 1254 1643 1416 1699; x_wconf 89' lang='lat' dir='ltr'><strong>bonis</strong></span> <span class='ocrx_word' id='word_1_117' title='bbox 1439 1644 1697 1714; x_wconf 87' lang='lat' dir='ltr'><strong>operibus</strong></span> <span class='ocrx_word' id='word_1_118' title='bbox 1724 1645 1992 1713; x_wconf 89' lang='lat' dir='ltr'><strong>serviunt,</strong></span> 
     </span>
    </p>
   </div>
   <div class='ocr_carea' id='block_1_16' title="bbox 1664 210 2456 275">
    <p class='ocr_par' dir='ltr' id='par_1_16' title="bbox 1664 210 2456 275">
     <span class='ocr_line' id='line_1_16' title="bbox 1664 210 2456 275; baseline -0.005 -3"><span class='ocrx_word' id='word_1_119' title='bbox 1664 214 1723 272; x_wconf 92' lang='lat' dir='ltr'><strong>S.</strong></span> <span class='ocrx_word' id='word_1_120' title='bbox 1768 213 2035 275; x_wconf 84' lang='lat' dir='ltr'><strong>EUSEBII</strong></span> <span class='ocrx_word' id='word_1_121' title='bbox 2072 210 2456 272; x_wconf 76' lang='lat' dir='ltr'><strong>HIERONYMI</strong></span> 
     </span>
    </p>
   </div>
   <div class='ocr_carea' id='block_1_17' title="bbox 476 329 3396 407">
    <p class='ocr_par' dir='ltr' id='par_1_17' title="bbox 476 329 3396 407">
     <span class='ocr_line' id='line_1_17' title="bbox 476 329 3396 407; baseline 0 -18"><span class='ocrx_word' id='word_1_122' title='bbox 476 330 665 404; x_wconf 80' lang='lat' dir='ltr'><strong>(Vers.</strong></span> <span class='ocrx_word' id='word_1_123' title='bbox 697 330 817 407; x_wconf 72' lang='grc'><strong>14.)</strong></span> <span class='ocrx_word' id='word_1_124' title='bbox 850 330 1069 390; x_wconf 83' lang='lat' dir='ltr'><strong>Discant</strong></span> <span class='ocrx_word' id='word_1_125' title='bbox 1099 340 1272 389; x_wconf 86' lang='lat' dir='ltr'><strong>autem</strong></span> <span class='ocrx_word' id='word_1_126' title='bbox 1300 344 1349 391; x_wconf 89' lang='lat' dir='ltr'><strong>et</strong></span> <span class='ocrx_word' id='word_1_127' title='bbox 1382 334 1549 387; x_wconf 81' lang='lat' dir='ltr'><strong>nostri</strong></span> <span class='ocrx_word' id='word_1_128' title='bbox 1585 334 1730 388; x_wconf 80' lang='lat' dir='ltr'><strong>bonis</strong></span> <span class='ocrx_word' id='word_1_129' title='bbox 1760 336 2004 404; x_wconf 88' lang='lat' dir='ltr'><strong>operibus</strong></span> <span class='ocrx_word' id='word_1_130' title='bbox 2033 336 2089 399; x_wconf 79' lang='grc' dir='ltr'><strong>Α</strong></span> <span class='ocrx_word' id='word_1_131' title='bbox 2112 333 2270 389; x_wconf 89' lang='lat' dir='ltr'><strong>nibus</strong></span> <span class='ocrx_word' id='word_1_132' title='bbox 2297 331 2389 403; x_wconf 90' lang='lat' dir='ltr'><strong>qui</strong></span> <span class='ocrx_word' id='word_1_133' title='bbox 2440 343 2632 386; x_wconf 87' lang='lat' dir='ltr'><strong>secum</strong></span> <span class='ocrx_word' id='word_1_134' title='bbox 2660 337 2820 387; x_wconf 87' lang='lat' dir='ltr'><strong>erant</strong></span> <span class='ocrx_word' id='word_1_135' title='bbox 2858 329 3070 387; x_wconf 87' lang='lat' dir='ltr'><strong>diceret</strong></span> <span class='ocrx_word' id='word_1_136' title='bbox 3105 329 3332 389; x_wconf 84' lang='lat' dir='ltr'><strong>salutari</strong></span> <span class='ocrx_word' id='word_1_137' title='bbox 3378 349 3396 390; x_wconf 87' lang='lat'><strong>:</strong></span> 
     </span>
    </p>
   </div>
   <div class='ocr_carea' id='block_1_18' title="bbox 3604 214 3705 275">
    <p class='ocr_par' dir='ltr' id='par_1_18' title="bbox 3604 214 3705 275">
     <span class='ocr_line' id='line_1_18' title="bbox 3604 214 3705 275; baseline -0.01 0"><span class='ocrx_word' id='word_1_138' title='bbox 3604 214 3705 275; x_wconf 79' lang='lat'><strong>600</strong></span> 
     </span>
    </p>
   </div>
   <div class='ocr_carea' id='block_1_19' title="bbox 3442 332 3707 392">
    <p class='ocr_par' dir='ltr' id='par_1_19' title="bbox 3442 332 3707 392">
     <span class='ocr_line' id='line_1_19' title="bbox 3442 332 3707 392; baseline 0.008 -3"><span class='ocrx_word' id='word_1_139' title='bbox 3442 332 3533 389; x_wconf 91' lang='lat' dir='ltr'><strong>vel</strong></span> <span class='ocrx_word' id='word_1_140' title='bbox 3562 344 3707 392; x_wconf 86' lang='lat' dir='ltr'><strong>certe</strong></span> 
     </span>
    </p>
   </div>
   <div class='ocr_carea' id='block_1_20' title="bbox 2115 424 3708 500">
    <p class='ocr_par' dir='ltr' id='par_1_20' title="bbox 2115 424 3708 500">
     <span class='ocr_line' id='line_1_20' title="bbox 2115 424 3708 500; baseline 0.003 -17"><span class='ocrx_word' id='word_1_141' title='bbox 2115 426 2333 500; x_wconf 88' lang='lat' dir='ltr'><strong>proprie</strong></span> <span class='ocrx_word' id='word_1_142' title='bbox 2360 427 2414 482; x_wconf 90' lang='lat' dir='ltr'><strong>in</strong></span> <span class='ocrx_word' id='word_1_143' title='bbox 2446 425 2672 496; x_wconf 86' lang='lat' dir='ltr'><strong>Titum,</strong></span> <span class='ocrx_word' id='word_1_144' title='bbox 2698 424 2844 498; x_wconf 88' lang='lat' dir='ltr'><strong>quod</strong></span> <span class='ocrx_word' id='word_1_145' title='bbox 2877 425 3004 483; x_wconf 85' lang='lat' dir='ltr'><strong>talis</strong></span> <span class='ocrx_word' id='word_1_146' title='bbox 3029 438 3209 496; x_wconf 86' lang='lat' dir='ltr'><strong>esset,</strong></span> <span class='ocrx_word' id='word_1_147' title='bbox 3241 436 3301 483; x_wconf 92' lang='lat' dir='ltr'><strong>nt</strong></span> <span class='ocrx_word' id='word_1_148' title='bbox 3329 443 3576 485; x_wconf 89' lang='lat' dir='ltr'><strong>amorem</strong></span> <span class='ocrx_word' id='word_1_149' title='bbox 3617 445 3708 487; x_wconf 60' lang='lat' dir='ltr'><strong>et»</strong></span> 
     </span>
    </p>
   </div>
   <div class='ocr_carea' id='block_1_21' title="bbox 2114 521 3707 596">
    <p class='ocr_par' dir='ltr' id='par_1_21' title="bbox 2114 521 3707 596">
     <span class='ocr_line' id='line_1_21' title="bbox 2114 521 3707 596; baseline 0.002 -19"><span class='ocrx_word' id='word_1_150' title='bbox 2114 538 2233 578; x_wconf 91' lang='lat' dir='ltr'><strong>rum</strong></span> <span class='ocrx_word' id='word_1_151' title='bbox 2256 521 2499 591; x_wconf 90' lang='lat' dir='ltr'><strong>quicum</strong></span> <span class='ocrx_word' id='word_1_152' title='bbox 2524 521 2693 576; x_wconf 89' lang='lat' dir='ltr'><strong>Paulo</strong></span> <span class='ocrx_word' id='word_1_153' title='bbox 2713 527 2871 575; x_wconf 87' lang='lat' dir='ltr'><strong>erant</strong></span> <span class='ocrx_word' id='word_1_154' title='bbox 2890 521 3138 576; x_wconf 87' lang='lat' dir='ltr'><strong>omnium</strong></span> <span class='ocrx_word' id='word_1_155' title='bbox 3165 531 3489 578; x_wconf 83' lang='lat' dir='ltr'><strong>mereretur.</strong></span> <span class='ocrx_word' id='word_1_156' title='bbox 3518 523 3707 596; x_wconf 80' lang='lat' dir='ltr'><strong>Magna</strong></span> 
     </span>
    </p>
   </div>
   <div class='ocr_carea' id='block_1_22' title="bbox 2113 612 3564 684">
    <p class='ocr_par' dir='ltr' id='par_1_22' title="bbox 2113 612 3564 684">
     <span class='ocr_line' id='line_1_22' title="bbox 2113 612 3564 684; baseline 0.001 -15"><span class='ocrx_word' id='word_1_157' title='bbox 2113 630 2243 671; x_wconf 82' lang='lat' dir='ltr'><strong>vero</strong></span> <span class='ocrx_word' id='word_1_158' title='bbox 2273 615 2389 669; x_wconf 88' lang='lat' dir='ltr'><strong>laus</strong></span> <span class='ocrx_word' id='word_1_159' title='bbox 2419 613 2538 669; x_wconf 76' lang='lat' dir='ltr'><strong>Titi&#39;</strong></span> <span class='ocrx_word' id='word_1_160' title='bbox 2560 629 2653 684; x_wconf 91' lang='lat' dir='ltr'><strong>per</strong></span> <span class='ocrx_word' id='word_1_161' title='bbox 2680 612 2911 669; x_wconf 88' lang='lat' dir='ltr'><strong>Paulum</strong></span> <span class='ocrx_word' id='word_1_162' title='bbox 2936 613 3007 671; x_wconf 88' lang='lat' dir='ltr'><strong>ab</strong></span> <span class='ocrx_word' id='word_1_163' title='bbox 3031 614 3289 670; x_wconf 87' lang='lat' dir='ltr'><strong>omnibus</strong></span> <span class='ocrx_word' id='word_1_164' title='bbox 3315 615 3564 671; x_wconf 86' lang='lat' dir='ltr'><strong>salutari.</strong></span> 
     </span>
    </p>
   </div>
   <div class='ocr_carea' id='block_1_23' title="bbox 2185 705 3707 778">
    <p class='ocr_par' dir='ltr' id='par_1_23' title="bbox 2185 705 3707 778">
     <span class='ocr_line' id='line_1_23' title="bbox 2185 705 3707 778; baseline 0 -15"><span class='ocrx_word' id='word_1_165' title='bbox 2185 705 2376 763; x_wconf 87' lang='lat' dir='ltr'><strong>Saluta</strong></span> <span class='ocrx_word' id='word_1_166' title='bbox 2397 722 2483 762; x_wconf 87' lang='lat' dir='ltr'><strong>eos</strong></span> <span class='ocrx_word' id='word_1_167' title='bbox 2501 707 2590 777; x_wconf 90' lang='lat' dir='ltr'><strong>qui</strong></span> <span class='ocrx_word' id='word_1_168' title='bbox 2613 722 2704 761; x_wconf 86' lang='lat' dir='ltr'><strong>nos</strong></span> <span class='ocrx_word' id='word_1_169' title='bbox 2723 712 2900 760; x_wconf 88' lang='lat' dir='ltr'><strong>amant</strong></span> <span class='ocrx_word' id='word_1_170' title='bbox 2918 707 2974 761; x_wconf 87' lang='lat' dir='ltr'><strong>in</strong></span> <span class='ocrx_word' id='word_1_171' title='bbox 2993 706 3116 776; x_wconf 85' lang='lat' dir='ltr'><strong>fide.</strong></span> <span class='ocrx_word' id='word_1_172' title='bbox 3142 705 3200 763; x_wconf 88' lang='lat' dir='ltr'><strong>Si</strong></span> <span class='ocrx_word' id='word_1_173' title='bbox 3224 707 3405 764; x_wconf 88' lang='lat' dir='ltr'><strong>omnis</strong></span> <span class='ocrx_word' id='word_1_174' title='bbox 3424 707 3518 778; x_wconf 91' lang='lat' dir='ltr'><strong>qui</strong></span> <span class='ocrx_word' id='word_1_175' title='bbox 3539 717 3707 776; x_wconf 79' lang='lat' dir='ltr'><strong>amat,</strong></span> 
     </span>
    </p>
   </div>
   <div class='ocr_carea' id='block_1_24' title="bbox 2112 800 3711 871">
    <p class='ocr_par' dir='ltr' id='par_1_24' title="bbox 2112 800 3711 871">
     <span class='ocr_line' id='line_1_24' title="bbox 2112 800 3711 871; baseline -0.001 -14"><span class='ocrx_word' id='word_1_176' title='bbox 2112 812 2323 857; x_wconf 89' lang='lat' dir='ltr'><strong>amaret</strong></span> <span class='ocrx_word' id='word_1_177' title='bbox 2348 801 2403 857; x_wconf 90' lang='lat' dir='ltr'><strong>in</strong></span> <span class='ocrx_word' id='word_1_178' title='bbox 2436 800 2563 866; x_wconf 88' lang='lat' dir='ltr'><strong>ﬁde,</strong></span> <span class='ocrx_word' id='word_1_179' title='bbox 2589 810 2645 857; x_wconf 89' lang='lat' dir='ltr'><strong>et</strong></span> <span class='ocrx_word' id='word_1_180' title='bbox 2673 816 2786 856; x_wconf 89' lang='lat' dir='ltr'><strong>non</strong></span> <span class='ocrx_word' id='word_1_181' title='bbox 2810 810 3001 856; x_wconf 89' lang='lat' dir='ltr'><strong>essent</strong></span> <span class='ocrx_word' id='word_1_182' title='bbox 3026 800 3120 857; x_wconf 88' lang='lat' dir='ltr'><strong>alii</strong></span> <span class='ocrx_word' id='word_1_183' title='bbox 3139 800 3231 871; x_wconf 90' lang='lat' dir='ltr'><strong>qui</strong></span> <span class='ocrx_word' id='word_1_184' title='bbox 3261 803 3472 871; x_wconf 84' lang='lat' dir='ltr'><strong>absque</strong></span> <span class='ocrx_word' id='word_1_185' title='bbox 3499 800 3607 857; x_wconf 86' lang='lat' dir='ltr'><strong>ﬁde</strong></span> <span class='ocrx_word' id='word_1_186' title='bbox 3626 800 3711 856; x_wconf 59' lang='lat' dir='ltr'><strong>di.</strong></span> 
     </span>
    </p>
   </div>
   <div class='ocr_carea' id='block_1_25' title="bbox 2112 892 3709 967">
    <p class='ocr_par' dir='ltr' id='par_1_25' title="bbox 2112 892 3709 967">
     <span class='ocr_line' id='line_1_25' title="bbox 2112 892 3709 967; baseline 0.001 -18"><span class='ocrx_word' id='word_1_187' title='bbox 2112 893 2371 965; x_wconf 87' lang='lat' dir='ltr'><strong>ligerent,</strong></span> <span class='ocrx_word' id='word_1_188' title='bbox 2404 909 2697 963; x_wconf 85' lang='lat' dir='ltr'><strong>numquam</strong></span> <span class='ocrx_word' id='word_1_189' title='bbox 2727 893 2925 949; x_wconf 88' lang='lat' dir='ltr'><strong>Paulus</strong></span> <span class='ocrx_word' id='word_1_190' title='bbox 2950 892 3019 949; x_wconf 89' lang='lat' dir='ltr'><strong>ad</strong></span> <span class='ocrx_word' id='word_1_191' title='bbox 3048 908 3316 959; x_wconf 87' lang='lat' dir='ltr'><strong>amorem,</strong></span> <span class='ocrx_word' id='word_1_192' title='bbox 3350 893 3513 950; x_wconf 82' lang='lat' dir='ltr'><strong>ﬁdem</strong></span> <span class='ocrx_word' id='word_1_193' title='bbox 3536 908 3709 967; x_wconf 87' lang='lat' dir='ltr'><strong>appo-</strong></span> 
     </span>
    </p>
   </div>
   <div class='ocr_carea' id='block_1_26' title="bbox 2112 985 3707 1059">
    <p class='ocr_par' dir='ltr' id='par_1_26' title="bbox 2112 985 3707 1059">
     <span class='ocr_line' id='line_1_26' title="bbox 2112 985 3707 1059; baseline 0.001 -17"><span class='ocrx_word' id='word_1_194' title='bbox 2112 987 2344 1055; x_wconf 83' lang='lat' dir='ltr'><strong>suisset,</strong></span> <span class='ocrx_word' id='word_1_195' title='bbox 2373 985 2563 1043; x_wconf 90' lang='lat' dir='ltr'><strong>dicens</strong></span> <span class='ocrx_word' id='word_1_196' title='bbox 2606 1002 2622 1041; x_wconf 88' lang='lat'><strong>:</strong></span> <span class='ocrx_word' id='word_1_197' title='bbox 2657 985 2850 1043; x_wconf 83' lang='lat' dir='ltr'><strong>Saluta</strong></span> <span class='ocrx_word' id='word_1_198' title='bbox 2875 1003 2963 1042; x_wconf 79' lang='lat' dir='ltr'><strong>eos</strong></span> <span class='ocrx_word' id='word_1_199' title='bbox 2990 986 3082 1057; x_wconf 88' lang='lat' dir='ltr'><strong>qui</strong></span> <span class='ocrx_word' id='word_1_200' title='bbox 3112 1002 3208 1042; x_wconf 90' lang='lat' dir='ltr'><strong>nos</strong></span> <span class='ocrx_word' id='word_1_201' title='bbox 3254 997 3435 1042; x_wconf 86' lang='lat' dir='ltr'><strong>amant</strong></span> <span class='ocrx_word' id='word_1_202' title='bbox 3477 987 3534 1043; x_wconf 89' lang='lat' dir='ltr'><strong>in</strong></span> <span class='ocrx_word' id='word_1_203' title='bbox 3581 988 3707 1059; x_wconf 75' lang='lat' dir='ltr'><strong>ﬁde.</strong></span> 
     </span>
    </p>
   </div>
   <div class='ocr_carea' id='block_1_27' title="bbox 2110 1078 3771 1152">
    <p class='ocr_par' dir='ltr' id='par_1_27' title="bbox 2110 1078 3771 1152">
     <span class='ocr_line' id='line_1_27' title="bbox 2110 1078 3771 1152; baseline 0 -15"><span class='ocrx_word' id='word_1_204' title='bbox 2110 1078 2314 1137; x_wconf 79' lang='lat' dir='ltr'><strong>Amant</strong></span> <span class='ocrx_word' id='word_1_205' title='bbox 2349 1081 2548 1152; x_wconf 88' lang='lat' dir='ltr'><strong>quippe</strong></span> <span class='ocrx_word' id='word_1_206' title='bbox 2577 1088 2633 1135; x_wconf 90' lang='lat' dir='ltr'><strong>et</strong></span> <span class='ocrx_word' id='word_1_207' title='bbox 2658 1088 2861 1135; x_wconf 86' lang='lat' dir='ltr'><strong>matres</strong></span> <span class='ocrx_word' id='word_1_208' title='bbox 2893 1079 3073 1147; x_wconf 86' lang='lat' dir='ltr'><strong>ﬁlios,</strong></span> <span class='ocrx_word' id='word_1_209' title='bbox 3115 1079 3189 1136; x_wconf 90' lang='lat' dir='ltr'><strong>ita</strong></span> <span class='ocrx_word' id='word_1_210' title='bbox 3227 1087 3288 1135; x_wconf 90' lang='lat' dir='ltr'><strong>ut</strong></span> <span class='ocrx_word' id='word_1_211' title='bbox 3325 1092 3561 1137; x_wconf 89' lang='lat' dir='ltr'><strong>mortem</strong></span> <span class='ocrx_word' id='word_1_212' title='bbox 3607 1095 3710 1152; x_wconf 87' lang='lat' dir='ltr'><strong>pro</strong></span> <span class='ocrx_word' id='word_1_213' title='bbox 3760 1132 3771 1151; x_wconf 79' lang='grc'>,</span> 
     </span>
    </p>
   </div>
   <div class='ocr_carea' id='block_1_28' title="bbox 2113 1172 3714 1245">
    <p class='ocr_par' dir='ltr' id='par_1_28' title="bbox 2113 1172 3714 1245">
     <span class='ocr_line' id='line_1_28' title="bbox 2113 1172 3714 1245; baseline 0.001 -15"><span class='ocrx_word' id='word_1_214' title='bbox 2113 1173 2195 1231; x_wconf 86' lang='lat' dir='ltr'><strong>eis</strong></span> <span class='ocrx_word' id='word_1_215' title='bbox 2215 1180 2478 1245; x_wconf 89' lang='lat' dir='ltr'><strong>oppetere</strong></span> <span class='ocrx_word' id='word_1_216' title='bbox 2505 1174 2615 1229; x_wconf 88' lang='lat' dir='ltr'><strong>sint</strong></span> <span class='ocrx_word' id='word_1_217' title='bbox 2644 1182 2879 1243; x_wconf 83' lang='lat' dir='ltr'><strong>paratae;</strong></span> <span class='ocrx_word' id='word_1_218' title='bbox 2913 1172 3009 1230; x_wconf 85' lang='lat' dir='ltr'><strong>sed</strong></span> <span class='ocrx_word' id='word_1_219' title='bbox 3038 1187 3148 1230; x_wconf 90' lang='lat' dir='ltr'><strong>non</strong></span> <span class='ocrx_word' id='word_1_220' title='bbox 3174 1183 3362 1232; x_wconf 87' lang='lat' dir='ltr'><strong>amant</strong></span> <span class='ocrx_word' id='word_1_221' title='bbox 3387 1176 3442 1231; x_wconf 92' lang='lat' dir='ltr'><strong>in</strong></span> <span class='ocrx_word' id='word_1_222' title='bbox 3473 1173 3584 1232; x_wconf 88' lang='lat' dir='ltr'><strong>ﬁde</strong></span> <span class='ocrx_word' id='word_1_223' title='bbox 3615 1191 3631 1231; x_wconf 90' lang='lat'><strong>:</strong></span> <span class='ocrx_word' id='word_1_224' title='bbox 3655 1184 3714 1232; x_wconf 87' lang='lat' dir='ltr'><strong>et</strong></span> 
     </span>
    </p>
   </div>
   <div class='ocr_carea' id='block_1_29' title="bbox 2113 1265 3714 1340">
    <p class='ocr_par' dir='ltr' id='par_1_29' title="bbox 2113 1265 3714 1340">
     <span class='ocr_line' id='line_1_29' title="bbox 2113 1265 3714 1340; baseline 0.002 -17"><span class='ocrx_word' id='word_1_225' title='bbox 2113 1283 2317 1325; x_wconf 82' lang='lat' dir='ltr'><strong>uxores</strong></span> <span class='ocrx_word' id='word_1_226' title='bbox 2352 1268 2582 1325; x_wconf 89' lang='lat' dir='ltr'><strong>maritos</strong></span> <span class='ocrx_word' id='word_1_227' title='bbox 2621 1267 2823 1340; x_wconf 88' lang='lat' dir='ltr'><strong>quibus</strong></span> <span class='ocrx_word' id='word_1_228' title='bbox 2854 1265 3300 1338; x_wconf 81' lang='lat' dir='ltr'><strong>frequentissime</strong></span> <span class='ocrx_word' id='word_1_229' title='bbox 3336 1268 3714 1327; x_wconf 82' lang='lat' dir='ltr'><strong>eommoriun—</strong></span> 
     </span>
    </p>
   </div>
   <div class='ocr_carea' id='block_1_30' title="bbox 2116 1359 3712 1428">
    <p class='ocr_par' dir='ltr' id='par_1_30' title="bbox 2116 1359 3712 1428">
     <span class='ocr_line' id='line_1_30' title="bbox 2116 1359 3712 1428; baseline 0.004 -13"><span class='ocrx_word' id='word_1_230' title='bbox 2116 1369 2235 1428; x_wconf 88' lang='lat' dir='ltr'><strong>tnr;</strong></span> <span class='ocrx_word' id='word_1_231' title='bbox 2260 1360 2355 1416; x_wconf 88' lang='lat' dir='ltr'><strong>sed</strong></span> <span class='ocrx_word' id='word_1_232' title='bbox 2384 1377 2541 1416; x_wconf 90' lang='lat' dir='ltr'><strong>amor</strong></span> <span class='ocrx_word' id='word_1_233' title='bbox 2572 1360 2665 1417; x_wconf 78' lang='lat' dir='ltr'><strong>ille</strong></span> <span class='ocrx_word' id='word_1_234' title='bbox 2695 1375 2801 1416; x_wconf 91' lang='lat' dir='ltr'><strong>non</strong></span> <span class='ocrx_word' id='word_1_235' title='bbox 2832 1359 2958 1416; x_wconf 89' lang='lat' dir='ltr'><strong>ﬁdei</strong></span> <span class='ocrx_word' id='word_1_236' title='bbox 2988 1367 3096 1417; x_wconf 87' lang='lat' dir='ltr'><strong>est.</strong></span> <span class='ocrx_word' id='word_1_237' title='bbox 3124 1360 3254 1418; x_wconf 87' lang='lat' dir='ltr'><strong>Sola</strong></span> <span class='ocrx_word' id='word_1_238' title='bbox 3280 1374 3598 1420; x_wconf 88' lang='lat' dir='ltr'><strong>sanctorum</strong></span> <span class='ocrx_word' id='word_1_239' title='bbox 3621 1363 3712 1421; x_wconf 84' lang='lat' dir='ltr'><strong>di-</strong></span> 
     </span>
    </p>
   </div>
   <div class='ocr_carea' id='block_1_31' title="bbox 2112 1453 3713 1531">
    <p class='ocr_par' dir='ltr' id='par_1_31' title="bbox 2112 1453 3713 1531">
     <span class='ocr_line' id='line_1_31' title="bbox 2112 1453 3713 1531; baseline 0.004 -22"><span class='ocrx_word' id='word_1_240' title='bbox 2112 1454 2279 1510; x_wconf 89' lang='lat' dir='ltr'><strong>lectio</strong></span> <span class='ocrx_word' id='word_1_241' title='bbox 2329 1455 2382 1510; x_wconf 91' lang='lat' dir='ltr'><strong>in</strong></span> <span class='ocrx_word' id='word_1_242' title='bbox 2426 1454 2531 1510; x_wconf 88' lang='lat' dir='ltr'><strong>ﬁde</strong></span> <span class='ocrx_word' id='word_1_243' title='bbox 2557 1453 2735 1526; x_wconf 77' lang='lat' dir='ltr'><strong>diligit</strong></span> <span class='ocrx_word' id='word_1_244' title='bbox 2761 1470 2776 1509; x_wconf 88' lang='lat'><strong>:</strong></span> <span class='ocrx_word' id='word_1_245' title='bbox 2799 1453 3071 1510; x_wconf 89' lang='lat' dir='ltr'><strong>intantum</strong></span> <span class='ocrx_word' id='word_1_246' title='bbox 3102 1463 3165 1510; x_wconf 93' lang='lat' dir='ltr'><strong>ut</strong></span> <span class='ocrx_word' id='word_1_247' title='bbox 3204 1456 3371 1512; x_wconf 87' lang='lat' dir='ltr'><strong>etiam</strong></span> <span class='ocrx_word' id='word_1_248' title='bbox 3400 1458 3447 1513; x_wconf 89' lang='lat' dir='ltr'><strong>si</strong></span> <span class='ocrx_word' id='word_1_249' title='bbox 3497 1458 3595 1515; x_wconf 92' lang='lat' dir='ltr'><strong>ille</strong></span> <span class='ocrx_word' id='word_1_250' title='bbox 3619 1458 3713 1531; x_wconf 87' lang='lat' dir='ltr'><strong>qui</strong></span> 
     </span>
    </p>
   </div>
   <div class='ocr_carea' id='block_1_32' title="bbox 2112 1546 3715 1618">
    <p class='ocr_par' dir='ltr' id='par_1_32' title="bbox 2112 1546 3715 1618">
     <span class='ocr_line' id='line_1_32' title="bbox 2112 1546 3715 1618; baseline 0.004 -17"><span class='ocrx_word' id='word_1_251' title='bbox 2112 1546 2355 1618; x_wconf 76' lang='lat' dir='ltr'><strong>diligitur</strong></span> <span class='ocrx_word' id='word_1_252' title='bbox 2400 1546 2644 1602; x_wconf 88' lang='lat' dir='ltr'><strong>inﬁdelis</strong></span> <span class='ocrx_word' id='word_1_253' title='bbox 2695 1548 2815 1602; x_wconf 87' lang='lat' dir='ltr'><strong>sit:</strong></span> <span class='ocrx_word' id='word_1_254' title='bbox 2854 1555 3036 1602; x_wconf 86' lang='lat' dir='ltr'><strong>tamen</strong></span> <span class='ocrx_word' id='word_1_255' title='bbox 3078 1556 3303 1603; x_wconf 88' lang='lat' dir='ltr'><strong>sanctus</strong></span> <span class='ocrx_word' id='word_1_256' title='bbox 3351 1548 3405 1604; x_wconf 91' lang='lat' dir='ltr'><strong>in</strong></span> <span class='ocrx_word' id='word_1_257' title='bbox 3456 1549 3564 1606; x_wconf 87' lang='lat' dir='ltr'><strong>ﬁde</strong></span> <span class='ocrx_word' id='word_1_258' title='bbox 3587 1566 3715 1608; x_wconf 87' lang='lat' dir='ltr'><strong>eum</strong></span> 
     </span>
    </p>
   </div>
   <div class='ocr_carea' id='block_1_33' title="bbox 2112 1639 3717 1715">
    <p class='ocr_par' dir='ltr' id='par_1_33' title="bbox 2112 1639 3717 1715">
     <span class='ocr_line' id='line_1_33' title="bbox 2112 1639 3717 1715; baseline 0.001 -18"><span class='ocrx_word' id='word_1_259' title='bbox 2112 1641 2322 1711; x_wconf 83' lang='lat' dir='ltr'><strong>diligat,</strong></span> <span class='ocrx_word' id='word_1_260' title='bbox 2348 1640 2651 1698; x_wconf 88' lang='lat' dir='ltr'><strong>secundum</strong></span> <span class='ocrx_word' id='word_1_261' title='bbox 2682 1639 2814 1697; x_wconf 88' lang='lat' dir='ltr'><strong>illud</strong></span> <span class='ocrx_word' id='word_1_262' title='bbox 2840 1657 2856 1695; x_wconf 84' lang='lat'><strong>:</strong></span> <span class='ocrx_word' id='word_1_263' title='bbox 2891 1648 2919 1679; x_wconf 72' lang='grc' dir='ltr'><strong>α</strong></span> <span class='ocrx_word' id='word_1_264' title='bbox 2943 1639 3132 1695; x_wconf 83' lang='lat' dir='ltr'><strong>Omnia</strong></span> <span class='ocrx_word' id='word_1_265' title='bbox 3160 1650 3334 1697; x_wconf 74' lang='lat' dir='ltr'><strong>vestra</strong></span> <span class='ocrx_word' id='word_1_266' title='bbox 3367 1642 3424 1698; x_wconf 88' lang='lat' dir='ltr'><strong>in</strong></span> <span class='ocrx_word' id='word_1_267' title='bbox 3450 1643 3560 1715; x_wconf 74' lang='lat' dir='ltr'><strong>ﬁde</strong></span> <span class='ocrx_word' id='word_1_268' title='bbox 3584 1644 3717 1712; x_wconf 78' lang='lat' dir='ltr'><strong>ﬁant</strong></span> 
     </span>
    </p>
   </div>
   <div class='ocr_carea' id='block_1_34' title="bbox 401 1733 3718 1809">
    <p class='ocr_par' dir='ltr' id='par_1_34' title="bbox 401 1733 3718 1809">
     <span class='ocr_line' id='line_1_34' title="bbox 401 1733 3718 1809; baseline -0.001 -19"><span class='ocrx_word' id='word_1_269' title='bbox 401 1734 768 1790; x_wconf 85' lang='lat' dir='ltr'><strong>ministrare:</strong></span> <span class='ocrx_word' id='word_1_270' title='bbox 811 1744 867 1791; x_wconf 89' lang='lat' dir='ltr'><strong>et</strong></span> <span class='ocrx_word' id='word_1_271' title='bbox 915 1736 1234 1794; x_wconf 89' lang='lat' dir='ltr'><strong>ministrare</strong></span> <span class='ocrx_word' id='word_1_272' title='bbox 1259 1780 1274 1804; x_wconf 92' lang='lat'><strong>,</strong></span> <span class='ocrx_word' id='word_1_273' title='bbox 1320 1752 1429 1793; x_wconf 89' lang='lat' dir='ltr'><strong>non</strong></span> <span class='ocrx_word' id='word_1_274' title='bbox 1473 1736 1526 1794; x_wconf 92' lang='lat' dir='ltr'><strong>in</strong></span> <span class='ocrx_word' id='word_1_275' title='bbox 1574 1738 2005 1809; x_wconf 89' lang='lat' dir='ltr'><strong>quibuscumque</strong></span> <span class='ocrx_word' id='word_1_276' title='bbox 2037 1734 2084 1796; x_wconf 91' lang='lat' dir='ltr'><strong>B</strong></span> <span class='ocrx_word' id='word_1_277' title='bbox 2113 1734 2158 1805; x_wconf 86' lang='grc' dir='ltr'><strong>(Ι</strong></span> <span class='ocrx_word' id='word_1_278' title='bbox 2190 1734 2313 1790; x_wconf 87' lang='lat' dir='ltr'><strong>Cor.</strong></span> <span class='ocrx_word' id='word_1_279' title='bbox 2347 1751 2459 1801; x_wconf 80' lang='lat' dir='ltr'><strong>xvt,</strong></span> <span class='ocrx_word' id='word_1_280' title='bbox 2513 1734 2629 1807; x_wconf 68' lang='grc'><strong>14).</strong></span> <span class='ocrx_word' id='word_1_281' title='bbox 2666 1733 2736 1790; x_wconf 82' lang='grc' dir='ltr'><strong>Ει</strong></span> <span class='ocrx_word' id='word_1_282' title='bbox 2772 1733 2907 1790; x_wconf 90' lang='lat' dir='ltr'><strong>alibi</strong></span> <span class='ocrx_word' id='word_1_283' title='bbox 2940 1752 2955 1790; x_wconf 90' lang='lat'><strong>:</strong></span> <span class='ocrx_word' id='word_1_284' title='bbox 2999 1733 3477 1808; x_wconf 79' lang='lat' dir='ltr'><strong>Diligiteinimicos</strong></span> <span class='ocrx_word' id='word_1_285' title='bbox 3519 1744 3718 1793; x_wconf 73' lang='lat' dir='ltr'><strong>vestros</strong></span> 
     </span>
    </p>
   </div>
   <div class='ocr_carea' id='block_1_35' title="bbox 405 1823 2011 1903">
    <p class='ocr_par' dir='ltr' id='par_1_35' title="bbox 405 1823 2011 1903">
     <span class='ocr_line' id='line_1_35' title="bbox 405 1823 2011 1903; baseline 0.004 -22"><span class='ocrx_word' id='word_1_286' title='bbox 405 1823 612 1892; x_wconf 85' lang='lat' dir='ltr'><strong>causis,</strong></span> <span class='ocrx_word' id='word_1_287' title='bbox 648 1823 745 1881; x_wconf 89' lang='lat' dir='ltr'><strong>sed</strong></span> <span class='ocrx_word' id='word_1_288' title='bbox 774 1825 829 1880; x_wconf 91' lang='lat' dir='ltr'><strong>in</strong></span> <span class='ocrx_word' id='word_1_289' title='bbox 861 1828 1192 1884; x_wconf 88' lang='lat' dir='ltr'><strong>necessariis</strong></span> <span class='ocrx_word' id='word_1_290' title='bbox 1239 1829 1476 1884; x_wconf 87' lang='lat' dir='ltr'><strong>usibus:</strong></span> <span class='ocrx_word' id='word_1_291' title='bbox 1523 1828 1785 1885; x_wconf 80' lang='lat' dir='ltr'><strong>Habentes</strong></span> <span class='ocrx_word' id='word_1_292' title='bbox 1822 1832 2011 1903; x_wconf 84' lang='lat' dir='ltr'><strong>quippe</strong></span> 
     </span>
    </p>
   </div>
   <div class='ocr_carea' id='block_1_36' title="bbox 404 1917 2012 1994">
    <p class='ocr_par' dir='ltr' id='par_1_36' title="bbox 404 1917 2012 1994">
     <span class='ocr_line' id='line_1_36' title="bbox 404 1917 2012 1994; baseline 0.006 -23"><span class='ocrx_word' id='word_1_293' title='bbox 404 1917 603 1972; x_wconf 77' lang='lat' dir='ltr'><strong>uictum</strong></span> <span class='ocrx_word' id='word_1_294' title='bbox 629 1928 678 1972; x_wconf 88' lang='lat' dir='ltr'><strong>et</strong></span> <span class='ocrx_word' id='word_1_295' title='bbox 704 1918 1063 1974; x_wconf 80' lang='lat' dir='ltr'><strong>vestimentum</strong></span> <span class='ocrx_word' id='word_1_296' title='bbox 1105 1919 1215 1994; x_wconf 87' lang='grc' dir='ltr'><strong>[ΑΙ.</strong></span> <span class='ocrx_word' id='word_1_297' title='bbox 1248 1921 1533 1994; x_wconf 78' lang='lat' dir='ltr'><strong>vestitum],</strong></span> <span class='ocrx_word' id='word_1_298' title='bbox 1577 1923 1657 1978; x_wconf 87' lang='lat' dir='ltr'><strong>his</strong></span> <span class='ocrx_word' id='word_1_299' title='bbox 1684 1927 1910 1980; x_wconf 84' lang='lat' dir='ltr'><strong>contenti</strong></span> <span class='ocrx_word' id='word_1_300' title='bbox 1939 1926 2012 1980; x_wconf 90' lang='lat' dir='ltr'><strong>si-</strong></span> 
     </span>
    </p>
   </div>
   <div class='ocr_carea' id='block_1_37' title="bbox 405 2009 2012 2086">
    <p class='ocr_par' dir='ltr' id='par_1_37' title="bbox 405 2009 2012 2086">
     <span class='ocr_line' id='line_1_37' title="bbox 405 2009 2012 2086; baseline 0.005 -21"><span class='ocrx_word' id='word_1_301' title='bbox 405 2026 524 2077; x_wconf 82' lang='lat' dir='ltr'><strong>mus</strong></span> <span class='ocrx_word' id='word_1_302' title='bbox 554 2011 601 2082; x_wconf 88' lang='lat' dir='ltr'><strong>(l</strong></span> <span class='ocrx_word' id='word_1_303' title='bbox 629 2009 765 2066; x_wconf 87' lang='lat' dir='ltr'><strong>Tim.</strong></span> <span class='ocrx_word' id='word_1_304' title='bbox 797 2029 875 2081; x_wconf 81' lang='lat' dir='ltr'><strong>vr,</strong></span> <span class='ocrx_word' id='word_1_305' title='bbox 925 2012 980 2083; x_wconf 92' lang='lat'><strong>8)</strong></span> <span class='ocrx_word' id='word_1_306' title='bbox 1014 2030 1030 2068; x_wconf 86' lang='lat'>:</span> <span class='ocrx_word' id='word_1_307' title='bbox 1061 2022 1118 2069; x_wconf 90' lang='lat' dir='ltr'><strong>et</strong></span> <span class='ocrx_word' id='word_1_308' title='bbox 1158 2014 1251 2085; x_wconf 91' lang='lat' dir='ltr'><strong>qui</strong></span> <span class='ocrx_word' id='word_1_309' title='bbox 1281 2014 1481 2071; x_wconf 86' lang='lat' dir='ltr'><strong>altario</strong></span> <span class='ocrx_word' id='word_1_310' title='bbox 1511 2018 1791 2086; x_wconf 85' lang='lat' dir='ltr'><strong>serviunt,</strong></span> <span class='ocrx_word' id='word_1_311' title='bbox 1826 2017 1897 2073; x_wconf 91' lang='lat' dir='ltr'><strong>de</strong></span> <span class='ocrx_word' id='word_1_312' title='bbox 1931 2017 2012 2074; x_wconf 90' lang='lat' dir='ltr'><strong>al-</strong></span> 
     </span>
    </p>
   </div>
   <div class='ocr_carea' id='block_1_38' title="bbox 402 2102 2012 2178">
    <p class='ocr_par' dir='ltr' id='par_1_38' title="bbox 402 2102 2012 2178">
     <span class='ocr_line' id='line_1_38' title="bbox 402 2102 2012 2178; baseline 0.002 -18"><span class='ocrx_word' id='word_1_313' title='bbox 402 2103 549 2160; x_wconf 87' lang='lat' dir='ltr'><strong>tario</strong></span> <span class='ocrx_word' id='word_1_314' title='bbox 576 2102 762 2159; x_wconf 88' lang='lat' dir='ltr'><strong>vivant</strong></span> <span class='ocrx_word' id='word_1_315' title='bbox 792 2119 808 2157; x_wconf 88' lang='lat'><strong>:</strong></span> <span class='ocrx_word' id='word_1_316' title='bbox 848 2112 905 2160; x_wconf 90' lang='lat' dir='ltr'><strong>et</strong></span> <span class='ocrx_word' id='word_1_317' title='bbox 928 2104 1021 2174; x_wconf 90' lang='lat' dir='ltr'><strong>qui</strong></span> <span class='ocrx_word' id='word_1_318' title='bbox 1056 2107 1352 2177; x_wconf 85' lang='lat' dir='ltr'><strong>participes</strong></span> <span class='ocrx_word' id='word_1_319' title='bbox 1381 2107 1752 2178; x_wconf 86' lang='lat' dir='ltr'><strong>spiritualium</strong></span> <span class='ocrx_word' id='word_1_320' title='bbox 1789 2118 2012 2165; x_wconf 89' lang='lat' dir='ltr'><strong>nostro-</strong></span> 
     </span>
    </p>
   </div>
   <div class='ocr_carea' id='block_1_39' title="bbox 404 2195 2008 2273">
    <p class='ocr_par' dir='ltr' id='par_1_39' title="bbox 404 2195 2008 2273">
     <span class='ocr_line' id='line_1_39' title="bbox 404 2195 2008 2273; baseline 0.002 -19"><span class='ocrx_word' id='word_1_321' title='bbox 404 2211 529 2254; x_wconf 84' lang='lat' dir='ltr'><strong>rum</strong></span> <span class='ocrx_word' id='word_1_322' title='bbox 544 2195 836 2263; x_wconf 85' lang='lat' dir='ltr'><strong>factisunt,</strong></span> <span class='ocrx_word' id='word_1_323' title='bbox 860 2196 1067 2253; x_wconf 90' lang='lat' dir='ltr'><strong>debent</strong></span> <span class='ocrx_word' id='word_1_324' title='bbox 1091 2199 1251 2255; x_wconf 89' lang='lat' dir='ltr'><strong>nobis</strong></span> <span class='ocrx_word' id='word_1_325' title='bbox 1269 2215 1367 2256; x_wconf 89' lang='lat' dir='ltr'><strong>sua</strong></span> <span class='ocrx_word' id='word_1_326' title='bbox 1392 2202 1726 2273; x_wconf 86' lang='lat' dir='ltr'><strong>participare</strong></span> <span class='ocrx_word' id='word_1_327' title='bbox 1747 2203 2008 2260; x_wconf 90' lang='lat' dir='ltr'><strong>carnalia.</strong></span> 
     </span>
    </p>
   </div>
   <div class='ocr_carea' id='block_1_40' title="bbox 404 2288 2011 2367">
    <p class='ocr_par' dir='ltr' id='par_1_40' title="bbox 404 2288 2011 2367">
     <span class='ocr_line' id='line_1_40' title="bbox 404 2288 2011 2367; baseline 0.002 -19"><span class='ocrx_word' id='word_1_328' title='bbox 404 2288 479 2348; x_wconf 88' lang='lat' dir='ltr'><strong>Et</strong></span> <span class='ocrx_word' id='word_1_329' title='bbox 505 2304 577 2346; x_wconf 90' lang='lat' dir='ltr'><strong>ne</strong></span> <span class='ocrx_word' id='word_1_330' title='bbox 609 2289 841 2346; x_wconf 79' lang='lat' dir='ltr'><strong>forsitan</strong></span> <span class='ocrx_word' id='word_1_331' title='bbox 873 2290 965 2346; x_wconf 90' lang='lat' dir='ltr'><strong>vel</strong></span> <span class='ocrx_word' id='word_1_332' title='bbox 993 2291 1282 2363; x_wconf 89' lang='lat' dir='ltr'><strong>epistolam</strong></span> <span class='ocrx_word' id='word_1_333' title='bbox 1328 2292 1518 2360; x_wconf 90' lang='lat' dir='ltr'><strong>Pauli,</strong></span> <span class='ocrx_word' id='word_1_334' title='bbox 1539 2295 1628 2351; x_wconf 90' lang='lat' dir='ltr'><strong>vel</strong></span> <span class='ocrx_word' id='word_1_335' title='bbox 1676 2304 2011 2367; x_wconf 64' lang='lat' dir='ltr'><strong>praeceptum</strong></span> 
     </span>
    </p>
   </div>
   <div class='ocr_carea' id='block_1_41' title="bbox 402 2381 2015 2461">
    <p class='ocr_par' dir='ltr' id='par_1_41' title="bbox 402 2381 2015 2461">
     <span class='ocr_line' id='line_1_41' title="bbox 402 2381 2015 2461; baseline 0.003 -21"><span class='ocrx_word' id='word_1_336' title='bbox 402 2382 515 2440; x_wconf 82' lang='lat' dir='ltr'><strong>Titi</strong></span> <span class='ocrx_word' id='word_1_337' title='bbox 555 2381 719 2439; x_wconf 81' lang='lat' dir='ltr'><strong>facile</strong></span> <span class='ocrx_word' id='word_1_338' title='bbox 748 2391 1210 2453; x_wconf 88' lang='lat' dir='ltr'><strong>contemnerent,</strong></span> <span class='ocrx_word' id='word_1_339' title='bbox 1255 2384 1627 2444; x_wconf 83' lang='lat' dir='ltr'><strong>infructuosos</strong></span> <span class='ocrx_word' id='word_1_340' title='bbox 1657 2399 1843 2452; x_wconf 88' lang='lat' dir='ltr'><strong>vocat.</strong></span> <span class='ocrx_word' id='word_1_341' title='bbox 1892 2390 2015 2461; x_wconf 88' lang='lat' dir='ltr'><strong>qui-</strong></span> 
     </span>
    </p>
   </div>
   <div class='ocr_carea' id='block_1_42' title="bbox 404 2477 2013 2548">
    <p class='ocr_par' dir='ltr' id='par_1_42' title="bbox 404 2477 2013 2548">
     <span class='ocr_line' id='line_1_42' title="bbox 404 2477 2013 2548; baseline 0.005 -16"><span class='ocrx_word' id='word_1_342' title='bbox 404 2489 641 2547; x_wconf 87' lang='lat' dir='ltr'><strong>cumque</strong></span> <span class='ocrx_word' id='word_1_343' title='bbox 679 2477 1042 2548; x_wconf 82' lang='lat' dir='ltr'><strong>evangelistis</strong></span> <span class='ocrx_word' id='word_1_344' title='bbox 1080 2492 1191 2533; x_wconf 90' lang='lat' dir='ltr'><strong>non</strong></span> <span class='ocrx_word' id='word_1_345' title='bbox 1244 2479 1705 2537; x_wconf 86' lang='lat' dir='ltr'><strong>ministraverint.</strong></span> <span class='ocrx_word' id='word_1_346' title='bbox 1765 2481 1907 2538; x_wconf 85' lang='lat' dir='ltr'><strong>Dicit</strong></span> <span class='ocrx_word' id='word_1_347' title='bbox 1955 2494 2013 2540; x_wconf 87' lang='lat' dir='ltr'><strong>et</strong></span> 
     </span>
    </p>
   </div>
   <div class='ocr_carea' id='block_1_43' title="bbox 403 2567 2012 2648">
    <p class='ocr_par' dir='ltr' id='par_1_43' title="bbox 403 2567 2012 2648">
     <span class='ocr_line' id='line_1_43' title="bbox 403 2567 2012 2648; baseline 0.004 -24"><span class='ocrx_word' id='word_1_348' title='bbox 403 2567 670 2625; x_wconf 90' lang='lat' dir='ltr'><strong>Salomon</strong></span> <span class='ocrx_word' id='word_1_349' title='bbox 716 2568 773 2624; x_wconf 88' lang='lat' dir='ltr'><strong>in</strong></span> <span class='ocrx_word' id='word_1_350' title='bbox 826 2569 1147 2627; x_wconf 86' lang='lat' dir='ltr'><strong>Proverbiis</strong></span> <span class='ocrx_word' id='word_1_351' title='bbox 1190 2587 1205 2626; x_wconf 89' lang='lat'>:</span> <span class='ocrx_word' id='word_1_352' title='bbox 1249 2570 1481 2627; x_wconf 82' lang='lat' dir='ltr'><strong>Fructus</strong></span> <span class='ocrx_word' id='word_1_353' title='bbox 1521 2590 1638 2629; x_wconf 81' lang='lat' dir='ltr'><strong>vero</strong></span> <span class='ocrx_word' id='word_1_354' title='bbox 1685 2575 2012 2648; x_wconf 84' lang='lat' dir='ltr'><strong>eleemosyna</strong></span> 
     </span>
    </p>
   </div>
   <div class='ocr_carea' id='block_1_44' title="bbox 406 2659 2015 2738">
    <p class='ocr_par' dir='ltr' id='par_1_44' title="bbox 406 2659 2015 2738">
     <span class='ocr_line' id='line_1_44' title="bbox 406 2659 2015 2738; baseline 0.005 -23"><span class='ocrx_word' id='word_1_355' title='bbox 406 2660 592 2734; x_wconf 83' lang='lat' dir='ltr'><strong>(Prov.</strong></span> <span class='ocrx_word' id='word_1_356' title='bbox 630 2677 723 2731; x_wconf 83' lang='lat' dir='ltr'><strong>nr,</strong></span> <span class='ocrx_word' id='word_1_357' title='bbox 757 2659 870 2734; x_wconf 73' lang='lat' dir='ltr'><strong>l2).</strong></span> <span class='ocrx_word' id='word_1_358' title='bbox 895 2662 964 2718; x_wconf 87' lang='lat' dir='ltr'><strong>Et</strong></span> <span class='ocrx_word' id='word_1_359' title='bbox 988 2662 1106 2734; x_wconf 85' lang='lat' dir='ltr'><strong>ipse</strong></span> <span class='ocrx_word' id='word_1_360' title='bbox 1134 2664 1335 2720; x_wconf 90' lang='lat' dir='ltr'><strong>Paulus</strong></span> <span class='ocrx_word' id='word_1_361' title='bbox 1368 2667 1607 2736; x_wconf 90' lang='lat' dir='ltr'><strong>primum</strong></span> <span class='ocrx_word' id='word_1_362' title='bbox 1636 2666 1866 2738; x_wconf 86' lang='lat' dir='ltr'><strong>spiritus</strong></span> <span class='ocrx_word' id='word_1_363' title='bbox 1899 2669 2015 2723; x_wconf 83' lang='lat' dir='ltr'><strong>fru-</strong></span> 
     </span>
    </p>
   </div>
   <div class='ocr_carea' id='block_1_45' title="bbox 403 2753 2012 2827">
    <p class='ocr_par' dir='ltr' id='par_1_45' title="bbox 403 2753 2012 2827">
     <span class='ocr_line' id='line_1_45' title="bbox 403 2753 2012 2827; baseline 0.003 -17"><span class='ocrx_word' id='word_1_364' title='bbox 403 2761 554 2810; x_wconf 87' lang='lat' dir='ltr'><strong>ctum</strong></span> <span class='ocrx_word' id='word_1_365' title='bbox 583 2753 908 2810; x_wconf 80' lang='lat' dir='ltr'><strong>cliaritatem</strong></span> <span class='ocrx_word' id='word_1_366' title='bbox 937 2764 1099 2810; x_wconf 86' lang='lat' dir='ltr'><strong>vocat</strong></span> <span class='ocrx_word' id='word_1_367' title='bbox 1120 2754 1320 2827; x_wconf 86' lang='lat' dir='ltr'><strong>(Galat,</strong></span> <span class='ocrx_word' id='word_1_368' title='bbox 1348 2758 1427 2825; x_wconf 90' lang='lat' dir='ltr'><strong>v).</strong></span> <span class='ocrx_word' id='word_1_369' title='bbox 1454 2755 1710 2813; x_wconf 87' lang='lat' dir='ltr'><strong>Charitas</strong></span> <span class='ocrx_word' id='word_1_370' title='bbox 1742 2768 1922 2814; x_wconf 89' lang='lat' dir='ltr'><strong>autem</strong></span> <span class='ocrx_word' id='word_1_371' title='bbox 1955 2759 2012 2815; x_wconf 90' lang='lat' dir='ltr'><strong>in</strong></span> 
     </span>
    </p>
   </div>
   <div class='ocr_carea' id='block_1_46' title="bbox 412 2844 2013 2922">
    <p class='ocr_par' dir='ltr' id='par_1_46' title="bbox 412 2844 2013 2922">
     <span class='ocr_line' id='line_1_46' title="bbox 412 2844 2013 2922; baseline 0.005 -21"><span class='ocrx_word' id='word_1_372' title='bbox 412 2844 913 2906; x_wconf 72' lang='lat' dir='ltr'><strong>communicatione</strong></span> <span class='ocrx_word' id='word_1_373' title='bbox 935 2855 992 2902; x_wconf 89' lang='lat' dir='ltr'><strong>et</strong></span> <span class='ocrx_word' id='word_1_374' title='bbox 1026 2847 1077 2902; x_wconf 91' lang='lat' dir='ltr'><strong>in</strong></span> <span class='ocrx_word' id='word_1_375' title='bbox 1101 2847 1407 2905; x_wconf 90' lang='lat' dir='ltr'><strong>ministerio</strong></span> <span class='ocrx_word' id='word_1_376' title='bbox 1435 2849 1600 2922; x_wconf 66' lang='grc'><strong>740</strong></span> <span class='ocrx_word' id='word_1_377' title='bbox 1639 2851 1725 2907; x_wconf 84' lang='lat' dir='ltr'><strong>vel</strong></span> <span class='ocrx_word' id='word_1_378' title='bbox 1776 2852 2013 2909; x_wconf 81' lang='lat' dir='ltr'><strong>maxime</strong></span> 
     </span>
    </p>
   </div>
   <div class='ocr_carea' id='block_1_47' title="bbox 407 2936 2012 3010">
    <p class='ocr_par' dir='ltr' id='par_1_47' title="bbox 407 2936 2012 3010">
     <span class='ocr_line' id='line_1_47' title="bbox 407 2936 2012 3010; baseline 0.003 -18"><span class='ocrx_word' id='word_1_379' title='bbox 407 2936 827 3008; x_wconf 75' lang='lat' dir='ltr'><strong>comprobatur.</strong></span> <span class='ocrx_word' id='word_1_380' title='bbox 856 2936 924 2992; x_wconf 87' lang='lat' dir='ltr'><strong>Ut</strong></span> <span class='ocrx_word' id='word_1_381' title='bbox 953 2954 1078 3006; x_wconf 88' lang='lat' dir='ltr'><strong>non,</strong></span> <span class='ocrx_word' id='word_1_382' title='bbox 1112 2938 1307 3010; x_wconf 90' lang='lat' dir='ltr'><strong>inquit,</strong></span> <span class='ocrx_word' id='word_1_383' title='bbox 1340 2941 1656 3010; x_wconf 79' lang='lat' dir='ltr'><strong>infructuosi</strong></span> <span class='ocrx_word' id='word_1_384' title='bbox 1675 2943 1798 2997; x_wconf 86' lang='lat' dir='ltr'><strong>sint.</strong></span> <span class='ocrx_word' id='word_1_385' title='bbox 1830 2941 2012 2997; x_wconf 87' lang='lat' dir='ltr'><strong>Omnis</strong></span> 
     </span>
    </p>
   </div>
   <div class='ocr_carea' id='block_1_48' title="bbox 401 3029 2014 3107">
    <p class='ocr_par' dir='ltr' id='par_1_48' title="bbox 401 3029 2014 3107">
     <span class='ocr_line' id='line_1_48' title="bbox 401 3029 2014 3107; baseline 0.004 -21"><span class='ocrx_word' id='word_1_386' title='bbox 401 3030 541 3086; x_wconf 83' lang='lat' dir='ltr'><strong>enim</strong></span> <span class='ocrx_word' id='word_1_387' title='bbox 565 3029 720 3084; x_wconf 84' lang='lat' dir='ltr'><strong>arbor</strong></span> <span class='ocrx_word' id='word_1_388' title='bbox 745 3045 861 3099; x_wconf 75' lang='lat' dir='ltr'><strong>quae</strong></span> <span class='ocrx_word' id='word_1_389' title='bbox 880 3047 984 3085; x_wconf 91' lang='lat' dir='ltr'><strong>non</strong></span> <span class='ocrx_word' id='word_1_390' title='bbox 1009 3032 1138 3102; x_wconf 77' lang='lat' dir='ltr'><strong>facit</strong></span> <span class='ocrx_word' id='word_1_391' title='bbox 1162 3035 1390 3104; x_wconf 77' lang='lat' dir='ltr'><strong>fructum</strong></span> <span class='ocrx_word' id='word_1_392' title='bbox 1415 3034 1620 3103; x_wconf 89' lang='lat' dir='ltr'><strong>bonum,</strong></span> <span class='ocrx_word' id='word_1_393' title='bbox 1645 3037 1933 3107; x_wconf 80' lang='lat' dir='ltr'><strong>excidetur,</strong></span> <span class='ocrx_word' id='word_1_394' title='bbox 1965 3046 2014 3093; x_wconf 87' lang='lat' dir='ltr'><strong>et</strong></span> 
     </span>
    </p>
   </div>
   <div class='ocr_carea' id='block_1_49' title="bbox 2117 1827 3719 1900">
    <p class='ocr_par' dir='ltr' id='par_1_49' title="bbox 2117 1827 3719 1900">
     <span class='ocr_line' id='line_1_49' title="bbox 2117 1827 3719 1900; baseline 0.002 -18"><span class='ocrx_word' id='word_1_395' title='bbox 2117 1827 2269 1900; x_wconf 89' lang='lat' dir='ltr'><strong>(Luc.</strong></span> <span class='ocrx_word' id='word_1_396' title='bbox 2295 1843 2377 1896; x_wconf 76' lang='lat' dir='ltr'><strong>vr,</strong></span> <span class='ocrx_word' id='word_1_397' title='bbox 2402 1828 2517 1898; x_wconf 79' lang='grc'><strong>55).</strong></span> <span class='ocrx_word' id='word_1_398' title='bbox 2558 1827 2745 1899; x_wconf 84' lang='lat' dir='ltr'><strong>Diligit</strong></span> <span class='ocrx_word' id='word_1_399' title='bbox 2772 1836 2994 1884; x_wconf 86' lang='lat' dir='ltr'><strong>sanctus</strong></span> <span class='ocrx_word' id='word_1_400' title='bbox 3023 1827 3282 1884; x_wconf 89' lang='lat' dir='ltr'><strong>inimicos</strong></span> <span class='ocrx_word' id='word_1_401' title='bbox 3307 1841 3472 1895; x_wconf 86' lang='lat' dir='ltr'><strong>suos,</strong></span> <span class='ocrx_word' id='word_1_402' title='bbox 3504 1840 3564 1886; x_wconf 90' lang='lat' dir='ltr'><strong>et</strong></span> <span class='ocrx_word' id='word_1_403' title='bbox 3592 1827 3719 1886; x_wconf 89' lang='lat' dir='ltr'><strong>ideo</strong></span> 
     </span>
    </p>
   </div>
   <div class='ocr_carea' id='block_1_50' title="bbox 2115 1918 3722 1992">
    <p class='ocr_par' dir='ltr' id='par_1_50' title="bbox 2115 1918 3722 1992">
     <span class='ocr_line' id='line_1_50' title="bbox 2115 1918 3722 1992; baseline 0.001 -15"><span class='ocrx_word' id='word_1_404' title='bbox 2115 1921 2173 1977; x_wconf 92' lang='lat' dir='ltr'><strong>in</strong></span> <span class='ocrx_word' id='word_1_405' title='bbox 2202 1919 2307 1977; x_wconf 86' lang='lat' dir='ltr'><strong>ﬁde</strong></span> <span class='ocrx_word' id='word_1_406' title='bbox 2330 1920 2508 1990; x_wconf 77' lang='lat' dir='ltr'><strong>diligit</strong></span> <span class='ocrx_word' id='word_1_407' title='bbox 2540 1936 2554 1975; x_wconf 92' lang='lat'><strong>:</strong></span> <span class='ocrx_word' id='word_1_408' title='bbox 2587 1920 2714 1992; x_wconf 90' lang='lat' dir='ltr'><strong>quia</strong></span> <span class='ocrx_word' id='word_1_409' title='bbox 2750 1919 2931 1976; x_wconf 88' lang='lat' dir='ltr'><strong>credit</strong></span> <span class='ocrx_word' id='word_1_410' title='bbox 2955 1918 3014 1976; x_wconf 91' lang='lat' dir='ltr'><strong>in</strong></span> <span class='ocrx_word' id='word_1_411' title='bbox 3045 1934 3171 1977; x_wconf 88' lang='lat' dir='ltr'><strong>eum</strong></span> <span class='ocrx_word' id='word_1_412' title='bbox 3205 1920 3301 1991; x_wconf 89' lang='lat' dir='ltr'><strong>qui</strong></span> <span class='ocrx_word' id='word_1_413' title='bbox 3331 1920 3608 1991; x_wconf 87' lang='lat' dir='ltr'><strong>pollicitus</strong></span> <span class='ocrx_word' id='word_1_414' title='bbox 3635 1928 3722 1979; x_wconf 86' lang='lat' dir='ltr'><strong>est</strong></span> 
     </span>
    </p>
   </div>
   <div class='ocr_carea' id='block_1_51' title="bbox 2116 2010 3808 2085">
    <p class='ocr_par' dir='ltr' id='par_1_51' title="bbox 2116 2010 3808 2085">
     <span class='ocr_line' id='line_1_51' title="bbox 2116 2010 3808 2085; baseline -0.002 -15"><span class='ocrx_word' id='word_1_415' title='bbox 2116 2028 2177 2070; x_wconf 88' lang='lat' dir='ltr'><strong>se</strong></span> <span class='ocrx_word' id='word_1_416' title='bbox 2202 2028 2303 2084; x_wconf 84' lang='lat' dir='ltr'><strong>pro</strong></span> <span class='ocrx_word' id='word_1_417' title='bbox 2338 2011 2653 2085; x_wconf 82' lang='lat' dir='ltr'><strong>expletione</strong></span> <span class='ocrx_word' id='word_1_418' title='bbox 2692 2010 2934 2068; x_wconf 88' lang='lat' dir='ltr'><strong>mandati</strong></span> <span class='ocrx_word' id='word_1_419' title='bbox 2976 2011 3373 2070; x_wconf 86' lang='lat' dir='ltr'><strong>retributurum</strong></span> <span class='ocrx_word' id='word_1_420' title='bbox 3402 2026 3529 2071; x_wconf 85' lang='lat' dir='ltr'><strong>esse</strong></span> <span class='ocrx_word' id='word_1_421' title='bbox 3566 2028 3719 2071; x_wconf 83' lang='lat' dir='ltr'><strong>mer-</strong></span> <span class='ocrx_word' id='word_1_422' title='bbox 3801 2057 3808 2067; x_wconf 89' lang='lat'><strong>.</strong></span> 
     </span>
    </p>
   </div>
   <div class='ocr_carea' id='block_1_52' title="bbox 2115 2105 2330 2163">
    <p class='ocr_par' dir='ltr' id='par_1_52' title="bbox 2115 2105 2330 2163">
     <span class='ocr_line' id='line_1_52' title="bbox 2115 2105 2330 2163; baseline -0.019 0"><span class='ocrx_word' id='word_1_423' title='bbox 2115 2105 2330 2163; x_wconf 86' lang='lat' dir='ltr'><strong>cedem.</strong></span> 
     </span>
    </p>
   </div>
   <div class='ocr_carea' id='block_1_53' title="bbox 2188 2196 3721 2257">
    <p class='ocr_par' dir='ltr' id='par_1_53' title="bbox 2188 2196 3721 2257">
     <span class='ocr_line' id='line_1_53' title="bbox 2188 2196 3721 2257; baseline 0.003 -4"><span class='ocrx_word' id='word_1_424' title='bbox 2188 2196 2376 2254; x_wconf 86' lang='lat' dir='ltr'><strong>Gratia</strong></span> <span class='ocrx_word' id='word_1_425' title='bbox 2397 2196 2614 2253; x_wconf 87' lang='lat' dir='ltr'><strong>Domini</strong></span> <span class='ocrx_word' id='word_1_426' title='bbox 2635 2198 2798 2255; x_wconf 82' lang='lat' dir='ltr'><strong>nostri</strong></span> <span class='ocrx_word' id='word_1_427' title='bbox 2823 2214 2942 2255; x_wconf 87' lang='lat' dir='ltr'><strong>cum</strong></span> <span class='ocrx_word' id='word_1_428' title='bbox 2964 2197 3200 2255; x_wconf 90' lang='lat' dir='ltr'><strong>omnibus</strong></span> <span class='ocrx_word' id='word_1_429' title='bbox 3228 2198 3394 2254; x_wconf 74' lang='lat' dir='ltr'><strong>vobis.</strong></span> <span class='ocrx_word' id='word_1_430' title='bbox 3418 2197 3721 2257; x_wconf 81' lang='lat' dir='ltr'><strong>Sciendum</strong></span> 
     </span>
    </p>
   </div>
   <div class='ocr_carea' id='block_1_54' title="bbox 2116 2291 3723 2364">
    <p class='ocr_par' dir='ltr' id='par_1_54' title="bbox 2116 2291 3723 2364">
     <span class='ocr_line' id='line_1_54' title="bbox 2116 2291 3723 2364; baseline 0 -17"><span class='ocrx_word' id='word_1_431' title='bbox 2116 2291 2261 2364; x_wconf 91' lang='lat' dir='ltr'><strong>quod</strong></span> <span class='ocrx_word' id='word_1_432' title='bbox 2309 2292 2363 2346; x_wconf 91' lang='lat' dir='ltr'><strong>in</strong></span> <span class='ocrx_word' id='word_1_433' title='bbox 2393 2292 2601 2348; x_wconf 85' lang='lat' dir='ltr'><strong>Graecis</strong></span> <span class='ocrx_word' id='word_1_434' title='bbox 2643 2291 2922 2349; x_wconf 88' lang='lat' dir='ltr'><strong>codicibus</strong></span> <span class='ocrx_word' id='word_1_435' title='bbox 2950 2292 3023 2347; x_wconf 90' lang='lat' dir='ltr'><strong>ita</strong></span> <span class='ocrx_word' id='word_1_436' title='bbox 3046 2292 3313 2361; x_wconf 87' lang='lat' dir='ltr'><strong>scriptum</strong></span> <span class='ocrx_word' id='word_1_437' title='bbox 3343 2303 3429 2348; x_wconf 90' lang='lat' dir='ltr'><strong>est</strong></span> <span class='ocrx_word' id='word_1_438' title='bbox 3476 2309 3490 2347; x_wconf 91' lang='lat'><strong>:</strong></span> <span class='ocrx_word' id='word_1_439' title='bbox 3535 2294 3723 2348; x_wconf 80' lang='lat' dir='ltr'><strong>Gratia</strong></span> 
     </span>
    </p>
   </div>
   <div class='ocr_carea' id='block_1_55' title="bbox 2117 2383 3721 2453">
    <p class='ocr_par' dir='ltr' id='par_1_55' title="bbox 2117 2383 3721 2453">
     <span class='ocr_line' id='line_1_55' title="bbox 2117 2383 3721 2453; baseline 0.003 -14"><span class='ocrx_word' id='word_1_440' title='bbox 2117 2401 2234 2439; x_wconf 88' lang='lat' dir='ltr'><strong>cum</strong></span> <span class='ocrx_word' id='word_1_441' title='bbox 2263 2386 2501 2439; x_wconf 88' lang='lat' dir='ltr'><strong>omnibus</strong></span> <span class='ocrx_word' id='word_1_442' title='bbox 2545 2384 2686 2439; x_wconf 76' lang='lat' dir='ltr'><strong>vobis</strong></span> <span class='ocrx_word' id='word_1_443' title='bbox 2729 2400 2749 2440; x_wconf 87' lang='lat'><strong><em>:</em></strong></span> <span class='ocrx_word' id='word_1_444' title='bbox 2781 2394 2841 2440; x_wconf 87' lang='lat' dir='ltr'><strong>ut</strong></span> <span class='ocrx_word' id='word_1_445' title='bbox 2880 2399 2985 2440; x_wconf 86' lang='lat' dir='ltr'><strong>nec</strong></span> <span class='ocrx_word' id='word_1_446' title='bbox 3025 2383 3272 2451; x_wconf 86' lang='lat' dir='ltr'><strong>Domini,</strong></span> <span class='ocrx_word' id='word_1_447' title='bbox 3304 2399 3409 2442; x_wconf 89' lang='lat' dir='ltr'><strong>nec</strong></span> <span class='ocrx_word' id='word_1_448' title='bbox 3434 2387 3624 2453; x_wconf 81' lang='lat' dir='ltr'><strong>nostri,</strong></span> <span class='ocrx_word' id='word_1_449' title='bbox 3668 2387 3721 2444; x_wconf 85' lang='lat' dir='ltr'><strong>in</strong></span> 
     </span>
    </p>
   </div>
   <div class='ocr_carea' id='block_1_56' title="bbox 2116 2476 3721 2549">
    <p class='ocr_par' dir='ltr' id='par_1_56' title="bbox 2116 2476 3721 2549">
     <span class='ocr_line' id='line_1_56' title="bbox 2116 2476 3721 2549; baseline 0.001 -16"><span class='ocrx_word' id='word_1_450' title='bbox 2116 2476 2274 2533; x_wconf 91' lang='lat' dir='ltr'><strong>libris</strong></span> <span class='ocrx_word' id='word_1_451' title='bbox 2294 2476 2502 2534; x_wconf 89' lang='lat' dir='ltr'><strong>feratur</strong></span> <span class='ocrx_word' id='word_1_452' title='bbox 2527 2477 2881 2535; x_wconf 80' lang='lat' dir='ltr'><strong>autlienticis.</strong></span> <span class='ocrx_word' id='word_1_453' title='bbox 2908 2477 2966 2533; x_wconf 84' lang='lat' dir='ltr'><strong>In</strong></span> <span class='ocrx_word' id='word_1_454' title='bbox 2989 2492 3282 2535; x_wconf 89' lang='lat' dir='ltr'><strong>commune</strong></span> <span class='ocrx_word' id='word_1_455' title='bbox 3306 2477 3495 2549; x_wconf 84' lang='lat' dir='ltr'><strong>itaque</strong></span> <span class='ocrx_word' id='word_1_456' title='bbox 3515 2479 3721 2536; x_wconf 87' lang='lat' dir='ltr'><strong>sanctis</strong></span> 
     </span>
    </p>
   </div>
   <div class='ocr_carea' id='block_1_57' title="bbox 2117 2568 3719 2643">
    <p class='ocr_par' dir='ltr' id='par_1_57' title="bbox 2117 2568 3719 2643">
     <span class='ocr_line' id='line_1_57' title="bbox 2117 2568 3719 2643; baseline 0 -19"><span class='ocrx_word' id='word_1_457' title='bbox 2117 2578 2282 2640; x_wconf 89' lang='lat' dir='ltr'><strong>atque</strong></span> <span class='ocrx_word' id='word_1_458' title='bbox 2309 2569 2681 2638; x_wconf 86' lang='lat' dir='ltr'><strong>credentibus,</strong></span> <span class='ocrx_word' id='word_1_459' title='bbox 2710 2568 2837 2626; x_wconf 89' lang='lat' dir='ltr'><strong>Tito</strong></span> <span class='ocrx_word' id='word_1_460' title='bbox 2865 2578 2922 2627; x_wconf 93' lang='lat' dir='ltr'><strong>et</strong></span> <span class='ocrx_word' id='word_1_461' title='bbox 2940 2570 3159 2627; x_wconf 65' lang='lat' dir='ltr'><strong>caeteris</strong></span> <span class='ocrx_word' id='word_1_462' title='bbox 3183 2572 3420 2643; x_wconf 89' lang='lat' dir='ltr'><strong>quicum</strong></span> <span class='ocrx_word' id='word_1_463' title='bbox 3445 2585 3514 2627; x_wconf 88' lang='lat' dir='ltr'><strong>eo</strong></span> <span class='ocrx_word' id='word_1_464' title='bbox 3536 2581 3719 2641; x_wconf 83' lang='lat' dir='ltr'><strong>erant,</strong></span> 
     </span>
    </p>
   </div>
   <div class='ocr_carea' id='block_1_58' title="bbox 2116 2660 3723 2733">
    <p class='ocr_par' dir='ltr' id='par_1_58' title="bbox 2116 2660 3723 2733">
     <span class='ocr_line' id='line_1_58' title="bbox 2116 2660 3723 2733; baseline 0.002 -16"><span class='ocrx_word' id='word_1_465' title='bbox 2116 2661 2454 2733; x_wconf 88' lang='lat' dir='ltr'><strong>lmprecatur</strong></span> <span class='ocrx_word' id='word_1_466' title='bbox 2482 2661 2734 2733; x_wconf 78' lang='lat' dir='ltr'><strong>gratiam.</strong></span> <span class='ocrx_word' id='word_1_467' title='bbox 2771 2660 2843 2717; x_wconf 88' lang='lat' dir='ltr'><strong>Et</strong></span> <span class='ocrx_word' id='word_1_468' title='bbox 2892 2660 3171 2733; x_wconf 91' lang='lat' dir='ltr'><strong>quomodo</strong></span> <span class='ocrx_word' id='word_1_469' title='bbox 3211 2661 3363 2718; x_wconf 89' lang='lat' dir='ltr'><strong>Isaac</strong></span> <span class='ocrx_word' id='word_1_470' title='bbox 3406 2662 3723 2733; x_wconf 79' lang='lat' dir='ltr'><strong>patriarcha</strong></span> 
     </span>
    </p>
   </div>
   <div class='ocr_carea' id='block_1_59' title="bbox 2118 2753 3724 2827">
    <p class='ocr_par' dir='ltr' id='par_1_59' title="bbox 2118 2753 3724 2827">
     <span class='ocr_line' id='line_1_59' title="bbox 2118 2753 3724 2827; baseline 0.002 -17"><span class='ocrx_word' id='word_1_471' title='bbox 2118 2753 2403 2810; x_wconf 80' lang='lat' dir='ltr'><strong>benedixit</strong></span> <span class='ocrx_word' id='word_1_472' title='bbox 2443 2755 2611 2809; x_wconf 87' lang='lat' dir='ltr'><strong>lilium</strong></span> <span class='ocrx_word' id='word_1_473' title='bbox 2650 2769 2809 2809; x_wconf 91' lang='lat' dir='ltr'><strong>suum</strong></span> <span class='ocrx_word' id='word_1_474' title='bbox 2860 2753 3035 2811; x_wconf 82' lang='lat' dir='ltr'><strong>Jacob</strong></span> <span class='ocrx_word' id='word_1_475' title='bbox 3060 2753 3218 2827; x_wconf 82' lang='lat' dir='ltr'><strong>(Gen.</strong></span> <span class='ocrx_word' id='word_1_476' title='bbox 3261 2755 3455 2826; x_wconf 81' lang='lat' dir='ltr'><strong>nvu),</strong></span> <span class='ocrx_word' id='word_1_477' title='bbox 3506 2763 3567 2812; x_wconf 88' lang='lat' dir='ltr'><strong>et</strong></span> <span class='ocrx_word' id='word_1_478' title='bbox 3607 2757 3724 2827; x_wconf 86' lang='lat' dir='ltr'><strong>ipse</strong></span> 
     </span>
    </p>
   </div>
   <div class='ocr_carea' id='block_1_60' title="bbox 2119 2843 3723 2919">
    <p class='ocr_par' dir='ltr' id='par_1_60' title="bbox 2119 2843 3723 2919">
     <span class='ocr_line' id='line_1_60' title="bbox 2119 2843 3723 2919; baseline 0.002 -19"><span class='ocrx_word' id='word_1_479' title='bbox 2119 2844 2411 2902; x_wconf 90' lang='lat' dir='ltr'><strong>duodecim</strong></span> <span class='ocrx_word' id='word_1_480' title='bbox 2436 2844 2786 2902; x_wconf 85' lang='lat' dir='ltr'><strong>Patriarchas</strong></span> <span class='ocrx_word' id='word_1_481' title='bbox 2820 2843 3013 2917; x_wconf 84' lang='lat' dir='ltr'><strong>(Ibid.,</strong></span> <span class='ocrx_word' id='word_1_482' title='bbox 3039 2844 3137 2919; x_wconf 76' lang='lat'><strong>29)</strong></span> <span class='ocrx_word' id='word_1_483' title='bbox 3167 2861 3184 2900; x_wconf 90' lang='lat'><strong>:</strong></span> <span class='ocrx_word' id='word_1_484' title='bbox 3217 2846 3464 2917; x_wconf 80' lang='lat' dir='ltr'><strong>Apostoli</strong></span> <span class='ocrx_word' id='word_1_485' title='bbox 3501 2861 3723 2919; x_wconf 80' lang='lat' dir='ltr'><strong>quoque</strong></span> 
     </span>
    </p>
   </div>
   <div class='ocr_carea' id='block_1_61' title="bbox 2118 2935 3723 3008">
    <p class='ocr_par' dir='ltr' id='par_1_61' title="bbox 2118 2935 3723 3008">
     <span class='ocr_line' id='line_1_61' title="bbox 2118 2935 3723 3008; baseline 0 -15"><span class='ocrx_word' id='word_1_486' title='bbox 2118 2938 2495 3008; x_wconf 85' lang='lat' dir='ltr'><strong>ingredientes</strong></span> <span class='ocrx_word' id='word_1_487' title='bbox 2541 2937 2765 2994; x_wconf 89' lang='lat' dir='ltr'><strong>domum</strong></span> <span class='ocrx_word' id='word_1_488' title='bbox 2814 2935 3072 2994; x_wconf 87' lang='lat' dir='ltr'><strong>dicebant</strong></span> <span class='ocrx_word' id='word_1_489' title='bbox 3130 2955 3144 2991; x_wconf 89' lang='lat'><strong>:</strong></span> <span class='ocrx_word' id='word_1_490' title='bbox 3203 2935 3325 2992; x_wconf 71' lang='lat' dir='ltr'><strong>Pax</strong></span> <span class='ocrx_word' id='word_1_491' title='bbox 3373 2936 3496 2992; x_wconf 82' lang='lat' dir='ltr'><strong>huic</strong></span> <span class='ocrx_word' id='word_1_492' title='bbox 3544 2939 3723 2994; x_wconf 78' lang='lat' dir='ltr'><strong>domui</strong></span> 
     </span>
    </p>
   </div>
   <div class='ocr_carea' id='block_1_62' title="bbox 2122 3030 3724 3109">
    <p class='ocr_par' dir='ltr' id='par_1_62' title="bbox 2122 3030 3724 3109">
     <span class='ocr_line' id='line_1_62' title="bbox 2122 3030 3724 3109; baseline -0.002 -19"><span class='ocrx_word' id='word_1_493' title='bbox 2122 3035 2279 3109; x_wconf 81' lang='lat' dir='ltr'><strong>(Mat.</strong></span> <span class='ocrx_word' id='word_1_494' title='bbox 2306 3050 2365 3102; x_wconf 85' lang='lat' dir='ltr'><strong>x,</strong></span> <span class='ocrx_word' id='word_1_495' title='bbox 2401 3034 2513 3104; x_wconf 75' lang='grc'><strong>12).</strong></span> <span class='ocrx_word' id='word_1_496' title='bbox 2548 3032 2615 3088; x_wconf 82' lang='lat' dir='ltr'><strong>Et</strong></span> <span class='ocrx_word' id='word_1_497' title='bbox 2659 3032 2707 3088; x_wconf 89' lang='lat' dir='ltr'><strong>si</strong></span> <span class='ocrx_word' id='word_1_498' title='bbox 2735 3031 2899 3103; x_wconf 90' lang='lat' dir='ltr'><strong>digna</strong></span> <span class='ocrx_word' id='word_1_499' title='bbox 2928 3042 3049 3088; x_wconf 90' lang='lat' dir='ltr'><strong>erat</strong></span> <span class='ocrx_word' id='word_1_500' title='bbox 3077 3030 3303 3098; x_wconf 88' lang='lat' dir='ltr'><strong>domus,</strong></span> <span class='ocrx_word' id='word_1_501' title='bbox 3337 3032 3724 3104; x_wconf 87' lang='lat' dir='ltr'><strong>requiescebat</strong></span> 
     </span>
    </p>
   </div>
   <div class='ocr_carea' id='block_1_63' title="bbox 400 3122 3722 3203">
    <p class='ocr_par' dir='ltr' id='par_1_63' title="bbox 400 3122 3722 3203">
     <span class='ocr_line' id='line_1_63' title="bbox 400 3122 3722 3203; baseline 0.002 -26"><span class='ocrx_word' id='word_1_502' title='bbox 400 3122 460 3177; x_wconf 89' lang='lat' dir='ltr'><strong>in</strong></span> <span class='ocrx_word' id='word_1_503' title='bbox 508 3122 681 3194; x_wconf 88' lang='lat' dir='ltr'><strong>ignem</strong></span> <span class='ocrx_word' id='word_1_504' title='bbox 724 3124 955 3177; x_wconf 88' lang='lat' dir='ltr'><strong>mittetur</strong></span> <span class='ocrx_word' id='word_1_505' title='bbox 999 3123 1157 3196; x_wconf 82' lang='lat' dir='ltr'><strong>(Mat.</strong></span> <span class='ocrx_word' id='word_1_506' title='bbox 1190 3142 1244 3194; x_wconf 90' lang='lat' dir='ltr'><strong>v,</strong></span> <span class='ocrx_word' id='word_1_507' title='bbox 1277 3126 1390 3199; x_wconf 84' lang='grc'><strong>10).</strong></span> <span class='ocrx_word' id='word_1_508' title='bbox 1435 3128 1549 3183; x_wconf 86' lang='lat' dir='ltr'><strong>Hoc</strong></span> <span class='ocrx_word' id='word_1_509' title='bbox 1595 3138 1783 3184; x_wconf 90' lang='lat' dir='ltr'><strong>autem</strong></span> <span class='ocrx_word' id='word_1_510' title='bbox 1824 3130 1951 3185; x_wconf 90' lang='lat' dir='ltr'><strong>dico</strong></span> <span class='ocrx_word' id='word_1_511' title='bbox 1984 3148 2000 3185; x_wconf 87' lang='lat'><strong>:</strong></span> <span class='ocrx_word' id='word_1_512' title='bbox 2029 3129 2076 3194; x_wconf 86' lang='lat' dir='ltr'><strong>C</strong></span> <span class='ocrx_word' id='word_1_513' title='bbox 2109 3147 2212 3203; x_wconf 78' lang='lat' dir='ltr'><strong>pax</strong></span> <span class='ocrx_word' id='word_1_514' title='bbox 2244 3143 2450 3197; x_wconf 81' lang='lat' dir='ltr'><strong>eorum</strong></span> <span class='ocrx_word' id='word_1_515' title='bbox 2483 3140 2650 3197; x_wconf 89' lang='lat' dir='ltr'><strong>super</strong></span> <span class='ocrx_word' id='word_1_516' title='bbox 2693 3140 2814 3181; x_wconf 89' lang='lat' dir='ltr'><strong>eam</strong></span> <span class='ocrx_word' id='word_1_517' title='bbox 2847 3142 2862 3179; x_wconf 92' lang='lat'>:</span> <span class='ocrx_word' id='word_1_518' title='bbox 2896 3125 2943 3180; x_wconf 88' lang='lat' dir='ltr'><strong>si</strong></span> <span class='ocrx_word' id='word_1_519' title='bbox 2976 3138 3110 3181; x_wconf 86' lang='lat' dir='ltr'><strong>vero</strong></span> <span class='ocrx_word' id='word_1_520' title='bbox 3139 3122 3438 3181; x_wconf 76' lang='lat' dir='ltr'><strong>exhibebat</strong></span> <span class='ocrx_word' id='word_1_521' title='bbox 3473 3140 3537 3182; x_wconf 88' lang='lat' dir='ltr'><strong>se</strong></span> <span class='ocrx_word' id='word_1_522' title='bbox 3579 3123 3722 3181; x_wconf 87' lang='lat' dir='ltr'><strong>indi-</strong></span> 
     </span>
    </p>
   </div>
   <div class='ocr_carea' id='block_1_64' title="bbox 406 3217 2005 3296">
    <p class='ocr_par' dir='ltr' id='par_1_64' title="bbox 406 3217 2005 3296">
     <span class='ocr_line' id='line_1_64' title="bbox 406 3217 2005 3296; baseline 0.007 -25"><span class='ocrx_word' id='word_1_523' title='bbox 406 3217 537 3288; x_wconf 86' lang='lat' dir='ltr'><strong>quia</strong></span> <span class='ocrx_word' id='word_1_524' title='bbox 559 3218 651 3288; x_wconf 91' lang='lat' dir='ltr'><strong>qui</strong></span> <span class='ocrx_word' id='word_1_525' title='bbox 684 3233 851 3288; x_wconf 91' lang='lat' dir='ltr'><strong>parce</strong></span> <span class='ocrx_word' id='word_1_526' title='bbox 866 3220 1104 3275; x_wconf 88' lang='lat' dir='ltr'><strong>seminat</strong></span> <span class='ocrx_word' id='word_1_527' title='bbox 1124 3264 1138 3289; x_wconf 89' lang='lat'><strong>,</strong></span> <span class='ocrx_word' id='word_1_528' title='bbox 1177 3237 1341 3289; x_wconf 86' lang='lat' dir='ltr'><strong>parce</strong></span> <span class='ocrx_word' id='word_1_529' title='bbox 1369 3233 1424 3278; x_wconf 90' lang='lat' dir='ltr'><strong>et</strong></span> <span class='ocrx_word' id='word_1_530' title='bbox 1454 3233 1642 3281; x_wconf 87' lang='lat' dir='ltr'><strong>metet.</strong></span> <span class='ocrx_word' id='word_1_531' title='bbox 1671 3225 2005 3296; x_wconf 79' lang='lat' dir='ltr'><strong>Aposmlicis</strong></span> 
     </span>
    </p>
   </div>
   <div class='ocr_carea' id='block_1_65' title="bbox 403 3308 2008 3381">
    <p class='ocr_par' dir='ltr' id='par_1_65' title="bbox 403 3308 2008 3381">
     <span class='ocr_line' id='line_1_65' title="bbox 403 3308 2008 3381; baseline 0.005 -16"><span class='ocrx_word' id='word_1_532' title='bbox 403 3308 541 3365; x_wconf 88' lang='lat' dir='ltr'><strong>viris</strong></span> <span class='ocrx_word' id='word_1_533' title='bbox 565 3318 621 3364; x_wconf 91' lang='lat' dir='ltr'><strong>et</strong></span> <span class='ocrx_word' id='word_1_534' title='bbox 643 3308 1188 3381; x_wconf 88' lang='lat' dir='ltr'><strong>Evangelizatoribus</strong></span> <span class='ocrx_word' id='word_1_535' title='bbox 1208 3313 1416 3371; x_wconf 75' lang='lat' dir='ltr'><strong>ChriSti</strong></span> <span class='ocrx_word' id='word_1_536' title='bbox 1449 3315 1502 3371; x_wconf 90' lang='lat' dir='ltr'><strong>iu</strong></span> <span class='ocrx_word' id='word_1_537' title='bbox 1538 3317 1866 3373; x_wconf 82' lang='lat' dir='ltr'><strong>necessariis</strong></span> <span class='ocrx_word' id='word_1_538' title='bbox 1899 3320 2008 3375; x_wconf 90' lang='lat' dir='ltr'><strong>usi-</strong></span> 
     </span>
    </p>
   </div>
   <div class='ocr_carea' id='block_1_66' title="bbox 399 3402 2006 3482">
    <p class='ocr_par' dir='ltr' id='par_1_66' title="bbox 399 3402 2006 3482">
     <span class='ocr_line' id='line_1_66' title="bbox 399 3402 2006 3482; baseline 0.007 -23"><span class='ocrx_word' id='word_1_539' title='bbox 399 3402 507 3460; x_wconf 86' lang='lat' dir='ltr'><strong>bus</strong></span> <span class='ocrx_word' id='word_1_540' title='bbox 530 3404 679 3461; x_wconf 88' lang='lat' dir='ltr'><strong>nolle</strong></span> <span class='ocrx_word' id='word_1_541' title='bbox 704 3404 976 3475; x_wconf 89' lang='lat' dir='ltr'><strong>tribuere,</strong></span> <span class='ocrx_word' id='word_1_542' title='bbox 1008 3408 1318 3464; x_wconf 86' lang='lat' dir='ltr'><strong>sterilitatis</strong></span> <span class='ocrx_word' id='word_1_543' title='bbox 1355 3408 1603 3482; x_wconf 87' lang='lat' dir='ltr'><strong>seipsum</strong></span> <span class='ocrx_word' id='word_1_544' title='bbox 1635 3420 1720 3468; x_wconf 88' lang='lat' dir='ltr'><strong>est</strong></span> <span class='ocrx_word' id='word_1_545' title='bbox 1748 3412 2006 3469; x_wconf 86' lang='lat' dir='ltr'><strong>condem-</strong></span> 
     </span>
    </p>
   </div>
   <div class='ocr_carea' id='block_1_67' title="bbox 399 3510 561 3553">
    <p class='ocr_par' dir='ltr' id='par_1_67' title="bbox 399 3510 561 3553">
     <span class='ocr_line' id='line_1_67' title="bbox 399 3510 561 3553; baseline 0.006 -1"><span class='ocrx_word' id='word_1_546' title='bbox 399 3510 561 3553; x_wconf 90' lang='lat' dir='ltr'><strong>nare.</strong></span> 
     </span>
    </p>
   </div>
   <div class='ocr_carea' id='block_1_68' title="bbox 473 3588 2000 3664">
    <p class='ocr_par' dir='ltr' id='par_1_68' title="bbox 473 3588 2000 3664">
     <span class='ocr_line' id='line_1_68' title="bbox 473 3588 2000 3664; baseline 0.007 -18"><span class='ocrx_word' id='word_1_547' title='bbox 473 3588 660 3662; x_wconf 73' lang='lat' dir='ltr'><strong>(Vera.</strong></span> <span class='ocrx_word' id='word_1_548' title='bbox 717 3589 832 3663; x_wconf 71' lang='lat'><strong>15.)</strong></span> <span class='ocrx_word' id='word_1_549' title='bbox 883 3591 1135 3648; x_wconf 84' lang='lat' dir='ltr'><strong>Salutant</strong></span> <span class='ocrx_word' id='word_1_550' title='bbox 1184 3604 1233 3650; x_wconf 87' lang='lat' dir='ltr'><strong>te</strong></span> <span class='ocrx_word' id='word_1_551' title='bbox 1278 3596 1368 3664; x_wconf 86' lang='lat' dir='ltr'><strong>qui</strong></span> <span class='ocrx_word' id='word_1_552' title='bbox 1396 3613 1598 3652; x_wconf 87' lang='lat' dir='ltr'><strong>mecum</strong></span> <span class='ocrx_word' id='word_1_553' title='bbox 1647 3606 1770 3654; x_wconf 89' lang='lat' dir='ltr'><strong>sunt</strong></span> <span class='ocrx_word' id='word_1_554' title='bbox 1803 3615 2000 3657; x_wconf 86' lang='lat' dir='ltr'><strong>omnes.</strong></span> 
     </span>
    </p>
   </div>
   <div class='ocr_carea' id='block_1_69' title="bbox 399 3680 2005 3757">
    <p class='ocr_par' dir='ltr' id='par_1_69' title="bbox 399 3680 2005 3757">
     <span class='ocr_line' id='line_1_69' title="bbox 399 3680 2005 3757; baseline 0.008 -21"><span class='ocrx_word' id='word_1_555' title='bbox 399 3680 503 3739; x_wconf 74' lang='lat' dir='ltr'><strong>Vel</strong></span> <span class='ocrx_word' id='word_1_556' title='bbox 531 3683 693 3739; x_wconf 89' lang='lat' dir='ltr'><strong>solita</strong></span> <span class='ocrx_word' id='word_1_557' title='bbox 723 3686 1123 3743; x_wconf 89' lang='lat' dir='ltr'><strong>consuetudine</strong></span> <span class='ocrx_word' id='word_1_558' title='bbox 1166 3702 1296 3744; x_wconf 92' lang='lat' dir='ltr'><strong>usus</strong></span> <span class='ocrx_word' id='word_1_559' title='bbox 1324 3698 1444 3757; x_wconf 91' lang='lat' dir='ltr'><strong>est,</strong></span> <span class='ocrx_word' id='word_1_560' title='bbox 1478 3700 1537 3746; x_wconf 90' lang='lat' dir='ltr'><strong>ut</strong></span> <span class='ocrx_word' id='word_1_561' title='bbox 1564 3689 1750 3748; x_wconf 89' lang='lat' dir='ltr'><strong>Titum</strong></span> <span class='ocrx_word' id='word_1_562' title='bbox 1794 3692 1863 3746; x_wconf 87' lang='lat' dir='ltr'><strong>ab</strong></span> <span class='ocrx_word' id='word_1_563' title='bbox 1886 3706 2005 3749; x_wconf 89' lang='lat' dir='ltr'><strong>om-</strong></span> 
     </span>
    </p>
   </div>
   <div class='ocr_carea' id='block_1_70' title="bbox 472 3799 1989 3876">
    <p class='ocr_par' dir='ltr' id='par_1_70' title="bbox 472 3799 1989 3876">
     <span class='ocr_line' id='line_1_70' title="bbox 472 3799 1989 3876; baseline 0.004 -20"><span class='ocrx_word' id='word_1_564' title='bbox 472 3800 494 3821; x_wconf 92' lang='grc'><strong>¹¹</strong></span> <span class='ocrx_word' id='word_1_565' title='bbox 524 3799 734 3876; x_wconf 80' lang='lat' dir='ltr'><strong>Victor.</strong></span> <span class='ocrx_word' id='word_1_566' title='bbox 762 3802 955 3876; x_wconf 32' lang='lat' dir='ltr'><strong>addit“:</strong></span> <span class='ocrx_word' id='word_1_567' title='bbox 984 3803 1138 3859; x_wconf 85' lang='lat' dir='ltr'><strong>State</strong></span> <span class='ocrx_word' id='word_1_568' title='bbox 1163 3805 1220 3859; x_wconf 89' lang='lat' dir='ltr'><strong>in</strong></span> <span class='ocrx_word' id='word_1_569' title='bbox 1250 3806 1377 3875; x_wconf 83' lang='lat' dir='ltr'><strong>ﬁde,</strong></span> <span class='ocrx_word' id='word_1_570' title='bbox 1409 3816 1480 3876; x_wconf 88' lang='lat' dir='ltr'><strong>et,</strong></span> <span class='ocrx_word' id='word_1_571' title='bbox 1511 3815 1624 3861; x_wconf 93' lang='lat' dir='ltr'><strong>tum</strong></span> <span class='ocrx_word' id='word_1_572' title='bbox 1645 3807 1712 3862; x_wconf 90' lang='lat' dir='ltr'><strong>ad</strong></span> <span class='ocrx_word' id='word_1_573' title='bbox 1744 3823 1989 3875; x_wconf 90' lang='lat' dir='ltr'><strong>sensum,</strong></span> 
     </span>
    </p>
   </div>
   <div class='ocr_carea' id='block_1_71' title="bbox 397 3874 1993 3949">
    <p class='ocr_par' dir='ltr' id='par_1_71' title="bbox 397 3874 1993 3949">
     <span class='ocr_line' id='line_1_71' title="bbox 397 3874 1993 3949; baseline 0.006 -22"><span class='ocrx_word' id='word_1_574' title='bbox 397 3879 460 3928; x_wconf 88' lang='lat' dir='ltr'><strong>ut</strong></span> <span class='ocrx_word' id='word_1_575' title='bbox 479 3874 675 3949; x_wconf 73' lang='lat' dir='ltr'><strong>sentit,</strong></span> <span class='ocrx_word' id='word_1_576' title='bbox 688 3874 863 3949; x_wconf 77' lang='lat' dir='ltr'><strong>ipsius</strong></span> <span class='ocrx_word' id='word_1_577' title='bbox 879 3874 1219 3947; x_wconf 83' lang='lat' dir='ltr'><strong>Hieronymi,</strong></span> <span class='ocrx_word' id='word_1_578' title='bbox 1240 3874 1331 3944; x_wconf 62' lang='lat' dir='ltr'><strong>Qui</strong></span> <span class='ocrx_word' id='word_1_579' title='bbox 1355 3874 1599 3947; x_wconf 87' lang='lat' dir='ltr'><strong>loquitur</strong></span> <span class='ocrx_word' id='word_1_580' title='bbox 1612 3879 1681 3934; x_wconf 87' lang='lat' dir='ltr'><strong>de</strong></span> <span class='ocrx_word' id='word_1_581' title='bbox 1702 3874 1993 3949; x_wconf 80' lang='lat' dir='ltr'><strong>charitate,</strong></span> 
     </span>
    </p>
   </div>
   <div class='ocr_carea' id='block_1_72' title="bbox 397 3944 1993 4021">
    <p class='ocr_par' dir='ltr' id='par_1_72' title="bbox 397 3944 1993 4021">
     <span class='ocr_line' id='line_1_72' title="bbox 397 3944 1993 4021; baseline 0.005 -22"><span class='ocrx_word' id='word_1_582' title='bbox 397 3953 455 3999; x_wconf 89' lang='lat' dir='ltr'><strong>et</strong></span> <span class='ocrx_word' id='word_1_583' title='bbox 481 3944 549 3999; x_wconf 88' lang='lat' dir='ltr'><strong>ad</strong></span> <span class='ocrx_word' id='word_1_584' title='bbox 575 3944 737 4000; x_wconf 82' lang='lat' dir='ltr'><strong>fidem</strong></span> <span class='ocrx_word' id='word_1_585' title='bbox 774 3945 987 4016; x_wconf 87' lang='lat' dir='ltr'><strong>Vulgat.</strong></span> <span class='ocrx_word' id='word_1_586' title='bbox 1020 3944 1156 4002; x_wconf 81' lang='lat' dir='ltr'><strong>edit.</strong></span> <span class='ocrx_word' id='word_1_587' title='bbox 1191 3962 1313 4003; x_wconf 92' lang='lat' dir='ltr'><strong>cum</strong></span> <span class='ocrx_word' id='word_1_588' title='bbox 1346 3944 1583 4015; x_wconf 62' lang='lat' dir='ltr'><strong>Graeca},</strong></span> <span class='ocrx_word' id='word_1_589' title='bbox 1619 3961 1728 4006; x_wconf 88' lang='lat' dir='ltr'><strong>tum</strong></span> <span class='ocrx_word' id='word_1_590' title='bbox 1763 3944 1993 4021; x_wconf 74' lang='lat' dir='ltr'><strong>Latinae,</strong></span> 
     </span>
    </p>
   </div>
   <div class='ocr_carea' id='block_1_73' title="bbox 2112 3217 3723 3297">
    <p class='ocr_par' dir='ltr' id='par_1_73' title="bbox 2112 3217 3723 3297">
     <span class='ocr_line' id='line_1_73' title="bbox 2112 3217 3723 3297; baseline 0.001 -20"><span class='ocrx_word' id='word_1_591' title='bbox 2112 3240 2298 3297; x_wconf 85' lang='lat' dir='ltr'><strong>gnam,</strong></span> <span class='ocrx_word' id='word_1_592' title='bbox 2328 3220 2711 3279; x_wconf 76' lang='lat' dir='ltr'><strong>revertebatur</strong></span> <span class='ocrx_word' id='word_1_593' title='bbox 2733 3220 2800 3274; x_wconf 88' lang='lat' dir='ltr'><strong>ad</strong></span> <span class='ocrx_word' id='word_1_594' title='bbox 2826 3234 2925 3276; x_wconf 87' lang='lat' dir='ltr'><strong>eos</strong></span> <span class='ocrx_word' id='word_1_595' title='bbox 2951 3219 3044 3291; x_wconf 91' lang='lat' dir='ltr'><strong>qui</strong></span> <span class='ocrx_word' id='word_1_596' title='bbox 3087 3234 3209 3275; x_wconf 90' lang='lat' dir='ltr'><strong>eam</strong></span> <span class='ocrx_word' id='word_1_597' title='bbox 3250 3217 3471 3276; x_wconf 78' lang='lat' dir='ltr'><strong>fuerant</strong></span> <span class='ocrx_word' id='word_1_598' title='bbox 3516 3219 3723 3292; x_wconf 87' lang='lat' dir='ltr'><strong>impre-</strong></span> 
     </span>
    </p>
   </div>
   <div class='ocr_carea' id='block_1_74' title="bbox 2114 3312 3722 3387">
    <p class='ocr_par' dir='ltr' id='par_1_74' title="bbox 2114 3312 3722 3387">
     <span class='ocr_line' id='line_1_74' title="bbox 2114 3312 3722 3387; baseline -0.003 -11"><span class='ocrx_word' id='word_1_599' title='bbox 2114 3321 2242 3376; x_wconf 85' lang='lat' dir='ltr'><strong>cati.</strong></span> <span class='ocrx_word' id='word_1_600' title='bbox 2275 3316 2353 3373; x_wconf 91' lang='lat' dir='ltr'><strong>lta</strong></span> <span class='ocrx_word' id='word_1_601' title='bbox 2377 3324 2433 3371; x_wconf 88' lang='lat' dir='ltr'><strong>et</strong></span> <span class='ocrx_word' id='word_1_602' title='bbox 2457 3329 2601 3371; x_wconf 89' lang='lat' dir='ltr'><strong>nunc</strong></span> <span class='ocrx_word' id='word_1_603' title='bbox 2631 3314 2684 3369; x_wconf 91' lang='lat' dir='ltr'><strong>in</strong></span> <span class='ocrx_word' id='word_1_604' title='bbox 2713 3312 2823 3369; x_wconf 89' lang='lat' dir='ltr'><strong>ﬁne</strong></span> <span class='ocrx_word' id='word_1_605' title='bbox 2845 3313 3106 3383; x_wconf 72' lang='lat' dir='ltr'><strong>Epistolm</strong></span> <span class='ocrx_word' id='word_1_606' title='bbox 3130 3327 3245 3369; x_wconf 73' lang='lat' dir='ltr'><strong>sua:</strong></span> <span class='ocrx_word' id='word_1_607' title='bbox 3266 3312 3574 3383; x_wconf 83' lang='lat' dir='ltr'><strong>Apostolus</strong></span> <span class='ocrx_word' id='word_1_608' title='bbox 3598 3329 3722 3387; x_wconf 83' lang='lat' dir='ltr'><strong>gra-</strong></span> 
     </span>
    </p>
   </div>
   <div class='ocr_carea' id='block_1_75' title="bbox 2116 3404 3720 3476">
    <p class='ocr_par' dir='ltr' id='par_1_75' title="bbox 2116 3404 3720 3476">
     <span class='ocr_line' id='line_1_75' title="bbox 2116 3404 3720 3476; baseline -0.004 -7"><span class='ocrx_word' id='word_1_609' title='bbox 2116 3414 2244 3469; x_wconf 90' lang='lat' dir='ltr'><strong>tiam</strong></span> <span class='ocrx_word' id='word_1_610' title='bbox 2277 3407 2627 3466; x_wconf 89' lang='lat' dir='ltr'><strong>credentibus</strong></span> <span class='ocrx_word' id='word_1_611' title='bbox 2659 3404 2995 3476; x_wconf 85' lang='lat' dir='ltr'><strong>imprecatur</strong></span> <span class='ocrx_word' id='word_1_612' title='bbox 3026 3421 3044 3460; x_wconf 86' lang='lat'><strong>:</strong></span> <span class='ocrx_word' id='word_1_613' title='bbox 3077 3420 3200 3475; x_wconf 71' lang='lat' dir='ltr'><strong>qua:</strong></span> <span class='ocrx_word' id='word_1_614' title='bbox 3228 3419 3356 3460; x_wconf 92' lang='lat' dir='ltr'><strong>cum</strong></span> <span class='ocrx_word' id='word_1_615' title='bbox 3385 3414 3517 3462; x_wconf 92' lang='lat' dir='ltr'><strong>voto</strong></span> <span class='ocrx_word' id='word_1_616' title='bbox 3546 3404 3720 3463; x_wconf 83' lang='lat' dir='ltr'><strong>habe-</strong></span> 
     </span>
    </p>
   </div>
   <div class='ocr_carea' id='block_1_76' title="bbox 2115 3495 3720 3567">
    <p class='ocr_par' dir='ltr' id='par_1_76' title="bbox 2115 3495 3720 3567">
     <span class='ocr_line' id='line_1_76' title="bbox 2115 3495 3720 3567; baseline -0.003 -8"><span class='ocrx_word' id='word_1_617' title='bbox 2115 3504 2209 3559; x_wconf 85' lang='lat' dir='ltr'><strong>bat</strong></span> <span class='ocrx_word' id='word_1_618' title='bbox 2238 3500 2523 3567; x_wconf 82' lang='lat' dir='ltr'><strong>efl’eetum,</strong></span> <span class='ocrx_word' id='word_1_619' title='bbox 2568 3507 2626 3554; x_wconf 92' lang='lat' dir='ltr'><strong>et</strong></span> <span class='ocrx_word' id='word_1_620' title='bbox 2666 3507 2790 3553; x_wconf 89' lang='lat' dir='ltr'><strong>erat</strong></span> <span class='ocrx_word' id='word_1_621' title='bbox 2832 3496 2889 3551; x_wconf 90' lang='lat' dir='ltr'><strong>in</strong></span> <span class='ocrx_word' id='word_1_622' title='bbox 2934 3503 3209 3567; x_wconf 86' lang='lat' dir='ltr'><strong>potestate</strong></span> <span class='ocrx_word' id='word_1_623' title='bbox 3246 3495 3629 3565; x_wconf 88' lang='lat' dir='ltr'><strong>credentium,</strong></span> <span class='ocrx_word' id='word_1_624' title='bbox 3673 3498 3720 3554; x_wconf 90' lang='lat' dir='ltr'><strong>si</strong></span> 
     </span>
    </p>
   </div>
   <div class='ocr_carea' id='block_1_77' title="bbox 2113 3589 3718 3667">
    <p class='ocr_par' dir='ltr' id='par_1_77' title="bbox 2113 3589 3718 3667">
     <span class='ocr_line' id='line_1_77' title="bbox 2113 3589 3718 3667; baseline -0.001 -14"><span class='ocrx_word' id='word_1_625' title='bbox 2113 3598 2281 3654; x_wconf 84' lang='lat' dir='ltr'><strong>talem</strong></span> <span class='ocrx_word' id='word_1_626' title='bbox 2312 3611 2373 3652; x_wconf 90' lang='lat' dir='ltr'><strong>se</strong></span> <span class='ocrx_word' id='word_1_627' title='bbox 2418 3592 2776 3667; x_wconf 86' lang='lat' dir='ltr'><strong>benedictus,</strong></span> <span class='ocrx_word' id='word_1_628' title='bbox 2829 3589 3050 3662; x_wconf 87' lang='lat' dir='ltr'><strong>qualem</strong></span> <span class='ocrx_word' id='word_1_629' title='bbox 3078 3589 3417 3648; x_wconf 89' lang='lat' dir='ltr'><strong>benedicens</strong></span> <span class='ocrx_word' id='word_1_630' title='bbox 3462 3592 3718 3663; x_wconf 77' lang='lat' dir='ltr'><strong>praebere</strong></span> 
     </span>
    </p>
   </div>
   <div class='ocr_carea' id='block_1_78' title="bbox 2115 3691 2406 3747">
    <p class='ocr_par' dir='ltr' id='par_1_78' title="bbox 2115 3691 2406 3747">
     <span class='ocr_line' id='line_1_78' title="bbox 2115 3691 2406 3747; baseline -0.01 0"><span class='ocrx_word' id='word_1_631' title='bbox 2115 3691 2406 3747; x_wconf 89' lang='lat' dir='ltr'><strong>voluisset.</strong></span> 
     </span>
    </p>
   </div>
   <div class='ocr_carea' id='block_1_79' title="bbox 2101 3796 3715 3879">
    <p class='ocr_par' dir='ltr' id='par_1_79' title="bbox 2101 3796 3715 3879">
     <span class='ocr_line' id='line_1_79' title="bbox 2101 3796 3715 3879; baseline -0.006 -15"><span class='ocrx_word' id='word_1_632' title='bbox 2101 3806 2379 3870; x_wconf 87' lang='lat' dir='ltr'><strong>rescribit,</strong></span> <span class='ocrx_word' id='word_1_633' title='bbox 2411 3803 2605 3857; x_wconf 79' lang='lat' dir='ltr'><strong>Omnia</strong></span> <span class='ocrx_word' id='word_1_634' title='bbox 2623 3808 2792 3879; x_wconf 66' lang='lat' dir='ltr'><strong>uestra</strong></span> <span class='ocrx_word' id='word_1_635' title='bbox 2811 3800 2870 3855; x_wconf 87' lang='lat' dir='ltr'><strong>in</strong></span> <span class='ocrx_word' id='word_1_636' title='bbox 2885 3798 3141 3879; x_wconf 62' lang='lat' dir='ltr'><strong>citaritate</strong></span> <span class='ocrx_word' id='word_1_637' title='bbox 3155 3798 3313 3879; x_wconf 73' lang='lat' dir='ltr'><strong>ﬁant,</strong></span> <span class='ocrx_word' id='word_1_638' title='bbox 3337 3811 3467 3879; x_wconf 72' lang='lat' dir='ltr'><strong>pro,</strong></span> <span class='ocrx_word' id='word_1_639' title='bbox 3499 3796 3559 3853; x_wconf 86' lang='lat' dir='ltr'><strong>in</strong></span> <span class='ocrx_word' id='word_1_640' title='bbox 3584 3798 3715 3868; x_wconf 76' lang='lat' dir='ltr'><strong>ﬁde.</strong></span> 
     </span>
    </p>
   </div>
   <div class='ocr_carea' id='block_1_80' title="bbox 2111 3870 3717 3943">
    <p class='ocr_par' dir='ltr' id='par_1_80' title="bbox 2111 3870 3717 3943">
     <span class='ocr_line' id='line_1_80' title="bbox 2111 3870 3717 3943; baseline -0.006 -8"><span class='ocrx_word' id='word_1_641' title='bbox 2111 3879 2224 3935; x_wconf 83' lang='lat' dir='ltr'><strong>Mss</strong></span> <span class='ocrx_word' id='word_1_642' title='bbox 2254 3888 2437 3934; x_wconf 87' lang='lat' dir='ltr'><strong>autem</strong></span> <span class='ocrx_word' id='word_1_643' title='bbox 2476 3871 2655 3932; x_wconf 87' lang='lat' dir='ltr'><strong>nostri</strong></span> <span class='ocrx_word' id='word_1_644' title='bbox 2683 3887 2883 3930; x_wconf 90' lang='lat' dir='ltr'><strong>omnes</strong></span> <span class='ocrx_word' id='word_1_645' title='bbox 2911 3871 3239 3943; x_wconf 84' lang='lat' dir='ltr'><strong>impressam</strong></span> <span class='ocrx_word' id='word_1_646' title='bbox 3266 3870 3563 3926; x_wconf 88' lang='lat' dir='ltr'><strong>lectionem</strong></span> <span class='ocrx_word' id='word_1_647' title='bbox 3587 3886 3717 3943; x_wconf 86' lang='lat' dir='ltr'><strong>pro-</strong></span> 
     </span>
    </p>
   </div>
   <div class='ocr_carea' id='block_1_81' title="bbox 2106 3950 2257 4006">
    <p class='ocr_par' dir='ltr' id='par_1_81' title="bbox 2106 3950 2257 4006">
     <span class='ocr_line' id='line_1_81' title="bbox 2106 3950 2257 4006; baseline 0.007 -1"><span class='ocrx_word' id='word_1_648' title='bbox 2106 3950 2257 4006; x_wconf 88' lang='lat' dir='ltr'><strong>bant.</strong></span> 
     </span>
    </p>
   </div>
   <div class='ocr_carea' id='block_1_82' title="bbox 397 4035 3676 4080">
    <p class='ocr_par' dir='ltr' id='par_1_82' title="bbox 397 4035 3676 4080">
     <span class='ocr_line' id='line_1_82' title="bbox 397 4035 3676 4080; baseline 0.001 -6"><span class='ocrx_word' id='word_1_649' title='bbox 397 4035 3676 4080; x_wconf 38' lang='grc' dir='ltr'><em>Η</em></span> 
     </span>
    </p>
   </div>
   <div class='ocr_carea' id='block_1_83' title="bbox 1005 4150 3114 4299">
    <p class='ocr_par' dir='ltr' id='par_1_83' title="bbox 1005 4150 3114 4299">
     <span class='ocr_line' id='line_1_83' title="bbox 1005 4150 3114 4299; baseline -0.001 -34"><span class='ocrx_word' id='word_1_650' title='bbox 1005 4151 1153 4265; x_wconf 87' lang='lat' dir='ltr'><strong>s.</strong></span> <span class='ocrx_word' id='word_1_651' title='bbox 1229 4154 1957 4270; x_wconf 66' lang='lat' dir='ltr'><strong>nussum:</strong></span> <span class='ocrx_word' id='word_1_652' title='bbox 2033 4150 3114 4299; x_wconf 78' lang='lat' dir='ltr'><strong>EIEBONYMI</strong></span> 
     </span>
    </p>
   </div>
   <div class='ocr_carea' id='block_1_84' title="bbox 1471 4327 2590 4394">
    <p class='ocr_par' dir='ltr' id='par_1_84' title="bbox 1471 4327 2590 4394">
     <span class='ocr_line' id='line_1_84' title="bbox 1471 4327 2590 4394; baseline -0.004 -2"><span class='ocrx_word' id='word_1_653' title='bbox 1471 4330 2045 4394; x_wconf 82' lang='lat' dir='ltr'><strong>STRIDONENSIS</strong></span> <span class='ocrx_word' id='word_1_654' title='bbox 2087 4327 2590 4394; x_wconf 78' lang='lat' dir='ltr'><strong>PBESBYTERI</strong></span> 
     </span>
    </p>
   </div>
   <div class='ocr_carea' id='block_1_85' title="bbox 1150 4466 3075 4606">
    <p class='ocr_par' dir='ltr' id='par_1_85' title="bbox 1150 4466 3075 4606">
     <span class='ocr_line' id='line_1_85' title="bbox 1150 4466 3075 4606; baseline -0.005 -5"><span class='ocrx_word' id='word_1_655' title='bbox 1150 4466 2939 4606; x_wconf 80' lang='lat' dir='ltr'><strong>COMMENTARIORUM</strong></span> <span class='ocrx_word' id='word_1_656' title='bbox 3062 4548 3075 4561; x_wconf 91' lang='lat'><strong>-</strong></span> 
     </span>
    </p>
   </div>
   <div class='ocr_carea' id='block_1_86' title="bbox 583 4638 3502 4897">
    <p class='ocr_par' dir='ltr' id='par_1_86' title="bbox 583 4638 3502 4897">
     <span class='ocr_line' id='line_1_86' title="bbox 583 4638 3502 4897; baseline 0.001 -12"><span class='ocrx_word' id='word_1_657' title='bbox 583 4741 1728 4897; x_wconf 85' lang='lat' dir='ltr'><strong>EPISTOLAM</strong></span> <span class='ocrx_word' id='word_1_658' title='bbox 1800 4638 2079 4893; x_wconf 63' lang='grc' dir='ltr'><strong>Αὗ</strong></span> <span class='ocrx_word' id='word_1_659' title='bbox 2147 4727 3502 4894; x_wconf 85' lang='lat' dir='ltr'><strong>PHILEMONEM</strong></span> 
     </span>
    </p>
   </div>
   <div class='ocr_carea' id='block_1_87' title="bbox 1648 4966 2407 5055">
    <p class='ocr_par' dir='ltr' id='par_1_87' title="bbox 1648 4966 2407 5055">
     <span class='ocr_line' id='line_1_87' title="bbox 1648 4966 2407 5055; baseline -0.007 -3"><span class='ocrx_word' id='word_1_660' title='bbox 1648 4968 1997 5055; x_wconf 80' lang='lat' dir='ltr'><strong>LIBER</strong></span> <span class='ocrx_word' id='word_1_661' title='bbox 2049 4966 2407 5054; x_wconf 83' lang='lat' dir='ltr'><strong>UNUS.</strong></span> 
     </span>
    </p>
   </div>
   <div class='ocr_carea' id='block_1_88' title="bbox 1602 5228 2465 5341">
    <p class='ocr_par' dir='ltr' id='par_1_88' title="bbox 1602 5228 2465 5341">
     <span class='ocr_line' id='line_1_88' title="bbox 1602 5228 2465 5341; baseline -0.002 -2"><span class='ocrx_word' id='word_1_662' title='bbox 1602 5228 2465 5341; x_wconf 80' lang='lat' dir='ltr'><strong>PROLOGUS.</strong></span> 
     </span>
    </p>
   </div>
   <div class='ocr_carea' id='block_1_89' title="bbox 434 5482 3694 5599">
    <p class='ocr_par' dir='ltr' id='par_1_89' title="bbox 434 5482 3694 5599">
     <span class='ocr_line' id='line_1_89' title="bbox 434 5482 3694 5599; baseline 0.007 -32"><span class='ocrx_word' id='word_1_663' title='bbox 434 5509 781 5589; x_wconf 66' lang='grc' dir='ltr'><strong>πίει-742</strong></span> <span class='ocrx_word' id='word_1_664' title='bbox 793 5515 895 5585; x_wconf 89' lang='lat' dir='ltr'><strong>Qui</strong></span> <span class='ocrx_word' id='word_1_665' title='bbox 919 5518 1110 5576; x_wconf 91' lang='lat' dir='ltr'><strong>nolunt</strong></span> <span class='ocrx_word' id='word_1_666' title='bbox 1131 5521 1273 5577; x_wconf 89' lang='lat' dir='ltr'><strong>inter</strong></span> <span class='ocrx_word' id='word_1_667' title='bbox 1285 5520 1558 5592; x_wconf 82' lang='lat' dir='ltr'><strong>Epistolas</strong></span> <span class='ocrx_word' id='word_1_668' title='bbox 1571 5523 1718 5579; x_wconf 88' lang='lat' dir='ltr'><strong>Pauli</strong></span> <span class='ocrx_word' id='word_1_669' title='bbox 1737 5539 1855 5580; x_wconf 89' lang='lat' dir='ltr'><strong>eam</strong></span> <span class='ocrx_word' id='word_1_670' title='bbox 1870 5538 1954 5580; x_wconf 92' lang='lat' dir='ltr'><strong>re-</strong></span> <span class='ocrx_word' id='word_1_671' title='bbox 1979 5533 2034 5593; x_wconf 85' lang='lat' dir='ltr'><strong>D</strong></span> <span class='ocrx_word' id='word_1_672' title='bbox 2058 5540 2155 5598; x_wconf 92' lang='lat' dir='ltr'><strong>per</strong></span> <span class='ocrx_word' id='word_1_673' title='bbox 2172 5535 2198 5563; x_wconf 77' lang='grc' dir='ltr'><strong>ει</strong></span> <span class='ocrx_word' id='word_1_674' title='bbox 2217 5482 2543 5598; x_wconf 82' lang='lat' dir='ltr'><strong>Apostolum</strong></span> <span class='ocrx_word' id='word_1_675' title='bbox 2555 5568 2569 5592; x_wconf 89' lang='lat'><strong>,</strong></span> <span class='ocrx_word' id='word_1_676' title='bbox 2582 5539 2684 5580; x_wconf 90' lang='lat' dir='ltr'><strong>nec</strong></span> <span class='ocrx_word' id='word_1_677' title='bbox 2694 5523 2900 5591; x_wconf 88' lang='lat' dir='ltr'><strong>omnia,</strong></span> <span class='ocrx_word' id='word_1_678' title='bbox 2915 5520 3137 5578; x_wconf 83' lang='lat' dir='ltr'><strong>Christo</strong></span> <span class='ocrx_word' id='word_1_679' title='bbox 3153 5521 3206 5577; x_wconf 90' lang='lat' dir='ltr'><strong>in</strong></span> <span class='ocrx_word' id='word_1_680' title='bbox 3220 5538 3284 5580; x_wconf 83' lang='lat' dir='ltr'><strong>se</strong></span> <span class='ocrx_word' id='word_1_681' title='bbox 3300 5524 3585 5599; x_wconf 87' lang='lat' dir='ltr'><strong>loquente,</strong></span> <span class='ocrx_word' id='word_1_682' title='bbox 3604 5530 3694 5589; x_wconf 83' lang='lat' dir='ltr'><strong>di-</strong></span> 
     </span>
    </p>
   </div>
   <div class='ocr_carea' id='block_1_90' title="bbox 352 5602 1948 5684">
    <p class='ocr_par' dir='ltr' id='par_1_90' title="bbox 352 5602 1948 5684">
     <span class='ocr_line' id='line_1_90' title="bbox 352 5602 1948 5684; baseline 0.012 -27"><span class='ocrx_word' id='word_1_683' title='bbox 352 5602 543 5674; x_wconf 87' lang='lat' dir='ltr'><strong>eipere</strong></span> <span class='ocrx_word' id='word_1_684' title='bbox 555 5621 674 5675; x_wconf 83' lang='lat' dir='ltr'><strong>quae</strong></span> <span class='ocrx_word' id='word_1_685' title='bbox 686 5611 752 5663; x_wconf 90' lang='lat' dir='ltr'><strong>ad</strong></span> <span class='ocrx_word' id='word_1_686' title='bbox 776 5609 1141 5671; x_wconf 84' lang='lat' dir='ltr'><strong>Philemonem</strong></span> <span class='ocrx_word' id='word_1_687' title='bbox 1161 5616 1438 5684; x_wconf 81' lang='lat' dir='ltr'><strong>scribitur,</strong></span> <span class='ocrx_word' id='word_1_688' title='bbox 1462 5618 1630 5684; x_wconf 75' lang='lat' dir='ltr'><strong>nium,</strong></span> <span class='ocrx_word' id='word_1_689' title='bbox 1652 5632 1758 5673; x_wconf 75' lang='lat' dir='ltr'><strong>non</strong></span> <span class='ocrx_word' id='word_1_690' title='bbox 1802 5634 1948 5675; x_wconf 84' lang='lat' dir='ltr'><strong>sem-</strong></span> 
     </span>
    </p>
   </div>
   <div class='ocr_carea' id='block_1_91' title="bbox 2056 5613 3686 5690">
    <p class='ocr_par' dir='ltr' id='par_1_91' title="bbox 2056 5613 3686 5690">
     <span class='ocr_line' id='line_1_91' title="bbox 2056 5613 3686 5690; baseline 0.006 -17"><span class='ocrx_word' id='word_1_691' title='bbox 2056 5620 2205 5675; x_wconf 82' lang='lat' dir='ltr'><strong>xisse</strong></span> <span class='ocrx_word' id='word_1_692' title='bbox 2240 5620 2405 5690; x_wconf 87' lang='lat' dir='ltr'><strong>:quia</strong></span> <span class='ocrx_word' id='word_1_693' title='bbox 2430 5633 2529 5675; x_wconf 90' lang='lat' dir='ltr'><strong>nec</strong></span> <span class='ocrx_word' id='word_1_694' title='bbox 2557 5618 2796 5675; x_wconf 89' lang='lat' dir='ltr'><strong>humana</strong></span> <span class='ocrx_word' id='word_1_695' title='bbox 2830 5613 3174 5674; x_wconf 86' lang='lat' dir='ltr'><strong>imbecillitas</strong></span> <span class='ocrx_word' id='word_1_696' title='bbox 3219 5634 3383 5676; x_wconf 89' lang='lat' dir='ltr'><strong>unum</strong></span> <span class='ocrx_word' id='word_1_697' title='bbox 3428 5630 3686 5683; x_wconf 82' lang='lat' dir='ltr'><strong>tenorem</strong></span> 
     </span>
    </p>
   </div>
   <div class='ocr_carea' id='block_1_92' title="bbox 437 5742 3667 5838">
    <p class='ocr_par' dir='ltr' id='par_1_92' title="bbox 437 5742 3667 5838">
     <span class='ocr_line' id='line_1_92' title="bbox 437 5742 3667 5838; baseline 0.007 -38"><span class='ocrx_word' id='word_1_698' title='bbox 437 5749 462 5780; x_wconf 73' lang='grc' dir='ltr'>ι</span> <span class='ocrx_word' id='word_1_699' title='bbox 500 5742 656 5803; x_wconf 86' lang='lat' dir='ltr'><strong>llaud</strong></span> <span class='ocrx_word' id='word_1_700' title='bbox 676 5747 940 5822; x_wconf 78' lang='lat' dir='ltr'><strong>intelligo,</strong></span> <span class='ocrx_word' id='word_1_701' title='bbox 967 5753 1101 5825; x_wconf 87' lang='lat' dir='ltr'><strong>quid</strong></span> <span class='ocrx_word' id='word_1_702' title='bbox 1126 5754 1182 5811; x_wconf 88' lang='lat' dir='ltr'><strong>in</strong></span> <span class='ocrx_word' id='word_1_703' title='bbox 1211 5755 1727 5834; x_wconf 26' lang='lat' dir='ltr'><strong>mentemmVictorio</strong></span> <span class='ocrx_word' id='word_1_704' title='bbox 1748 5756 1959 5817; x_wconf 77' lang='lat' dir='ltr'><strong>venerit</strong></span> <span class='ocrx_word' id='word_1_705' title='bbox 2064 5758 2154 5816; x_wconf 89' lang='lat' dir='ltr'><strong>cui</strong></span> <span class='ocrx_word' id='word_1_706' title='bbox 2186 5756 2429 5818; x_wconf 86' lang='lat' dir='ltr'><strong>rationes</strong></span> <span class='ocrx_word' id='word_1_707' title='bbox 2458 5757 2583 5819; x_wconf 81' lang='lat' dir='ltr'><strong>istae</strong></span> <span class='ocrx_word' id='word_1_708' title='bbox 2610 5758 2955 5835; x_wconf 62' lang='lat' dir='ltr'><strong>facerevisan</strong></span> <span class='ocrx_word' id='word_1_709' title='bbox 2991 5769 3127 5823; x_wconf 85' lang='lat' dir='ltr'><strong>sunt</strong></span> <span class='ocrx_word' id='word_1_710' title='bbox 3149 5775 3257 5835; x_wconf 85' lang='lat' dir='ltr'><strong>pro</strong></span> <span class='ocrx_word' id='word_1_711' title='bbox 3285 5760 3420 5836; x_wconf 87' lang='lat' dir='ltr'><strong>illis,</strong></span> <span class='ocrx_word' id='word_1_712' title='bbox 3447 5764 3546 5838; x_wconf 83' lang='lat' dir='ltr'><strong>qui</strong></span> <span class='ocrx_word' id='word_1_713' title='bbox 3569 5769 3667 5827; x_wconf 78' lang='lat' dir='ltr'><strong>vel</strong></span> 
     </span>
    </p>
   </div>
  </div>
