3948 6334
221 305 303 365 60!
776 292 1429 356 COMMENTARIORUM
1470 290 1539 348 ΙΝ
1580 288 1799 348 EPIST.
1842 287 1936 348 AD
1975 287 2426 347 PHILEMONEM
2462 287 2854 349 PROLOGUS.

3370 296 3480 360 6οΞ

217 423 363 483 sancti
391 420 619 492 Spiritus
651 417 796 475 ferre
819 416 1080 488 potuisset
1113 432 1127 469 :
1154 429 1251 469 nec
1283 410 1443 482 hujus
1466 409 1770 478 corpusculi
1803 419 1854 479 Α
1886 421 1990 462 non
2019 406 2319 478 putaudas:
2352 416 2444 462 aut
2473 408 2519 463 si
2543 407 2661 464 istae
2692 407 3056 479 recipiuntur,
3109 409 3478 484 recipiendam

216 516 539 577 necessitates
572 514 692 588 [ΑΙ.
725 509 1056 582 necessitas]
1093 510 1194 566 sub
1224 507 1516 580 praesentia
1557 505 1774 560 Domini

213 627 402 682 semper
447 610 891 678 complerentur:
927 606 1071 660 velut
1120 604 1416 673 diSpouere
1463 600 1772 673 prandium,

214 705 366 761 cibum
396 717 610 773 capere,
638 700 874 768 esurire,
929 697 1191 762 saturari,
1247 696 1455 766 ingesta
1497 693 1774 764 digerere,

213 798 445 854 exhausta
470 794 782 865 complere;
816 800 977 847 taceo
1005 789 1073 846 de
1093 787 1330 855 cmteris,
1361 802 1478 858 qua:
1508 786 1777 856 exquisite

213 899 258 947 et
282 900 449 945 coacte
475 886 583 961 [ΑΙ.
616 884 828 959 coacta]
852 885 1158 954 replicant:
1194 892 1254 938 ut
1281 882 1559 937 aflirment
1605 879 1775 936 fuisse

210 984 398 1057 aliquod
429 991 642 1052 tempus
687 981 739 1037 in
768 995 878 1052 quo
906 979 1106 1035 Paulus
1135 978 1319 1033 dicere
1348 992 1452 1031 non
1494 975 1722 1030 auderet
1757 993 1770 1029 :

215 1077 336 1143 Vivo,
355 1077 466 1148 jam
496 1090 596 1128 non
624 1090 737 1146 ego,
783 1074 902 1126 vivit
951 1088 1069 1127 vero
1095 1071 1149 1125 in
1178 1085 1260 1123 me
1287 1067 1522 1124 Christus
1547 1067 1566 1139 (
1596 1066 1770 1121 Galat.

204 1185 255 1237 ιι,
280 1169 399 1236 20);
430 1175 485 1224 et
515 1167 648 1223 illud
685 1186 698 1222 :
725 1171 803 1221 An
825 1165 1227 1239 experimentum
1253 1163 1486 1234 qureritis
1530 1164 1643 1233 ejus
1687 1159 1774 1230 qui

202 1264 334 1318 inme
360 1261 588 1332 loquitur
615 1259 852 1314 Christus
875 1259 940 1330 (ll
970 1257 1089 1313 Cor.
1141 1272 1258 1324 xm,
1309 1255 1364 1326 5)
1390 1255 1414 1309 ?
1443 1253 1634 1323 Quale,
1687 1253 1773 1306 in-

201 1355 382 1427 quiunt,
411 1353 844 1424 experimentum
876 1348 1077 1408 Christi
1109 1359 1215 1415 est,
1248 1347 1436 1403 audire
1462 1364 1476 1400 :
1516 1345 1770 1400 Penulam

199 1464 331 1520 quam
358 1447 540 1516 reliqui
567 1444 777 1500 Troade
803 1444 943 1512 apud
971 1442 1226 1512 Carpum,
1258 1441 1461 1495 veniens
1481 1448 1646 1493 tecum
1691 1438 1774 1508 af-

201 1540 266 1612 fer
295 1538 355 1611 (ll
383 1539 516 1593 Tim.
549 1555 627 1605 tv,
653 1540 767 1606 15).
803 1537 872 1592 Et
897 1535 1029 1591 illud
1060 1537 1126 1590 ad
1171 1533 1431 1592 Galatas:
1460 1532 1673 1589 Utinam
1722 1540 1771 1586 et

198 1631 473 1686 excidantur
491 1631 580 1702 qui
602 1645 692 1684 vos
715 1627 1028 1683 conturbant
1050 1625 1196 1699 (Cal.
1230 1642 1286 1692 v,
1319 1625 1431 1697 12).
1481 1626 1547 1680 Et
1586 1626 1637 1679 in
1669 1623 1771 1680 hac

199 1724 298 1794 ipsa
323 1722 554 1793 Epistula
581 1739 594 1775 :
633 1721 811 1776 Simul
841 1731 1009 1774 autem
1039 1727 1087 1775 et
1116 1735 1358 1792 pralpara
1409 1719 1537 1772 mihi
1585 1717 1766 1789 hospi-

1883 515 2005 558 esse
2035 511 2091 558 et
2115 502 2181 557 ad
2210 501 2606 569 Philemonem,
2639 518 2703 558 ex
2738 502 3055 574 przrjudicio
3083 505 3345 562 similium
3392 524 3484 567 rc-

1879 604 2182 666 ceptarum.
2223 595 2390 651 Valde
2415 605 2599 652 autem
2628 610 2725 652 eos
2757 606 2815 653 et
2845 597 3170 670 simpliciter
3201 616 3411 670 errare,
3438 603 3486 659 si

1877 697 2070 757 putent
2117 687 2299 744 cibum
2349 704 2554 754 emere,
2604 689 2897 760 hospitium
2945 706 3280 762 praeparare,
3306 697 3480 752 vesti-

1877 792 2062 837 menta
2085 782 2435 854 conquirere,
2467 799 2590 840 esse
2610 794 2932 856 peccatum,
2967 795 3024 843 et
3057 802 3308 846 asserere
3337 788 3366 830 δ
3396 790 3481 847 fu-

1875 876 1993 948 gari
2023 876 2288 948 Spiritum
2318 889 2592 944 sanetum,
2623 880 2667 934 si
2694 881 3003 950 corpusculi
3059 882 3336 954 paulisper
3370 901 3470 941 ne-

1877 971 2225 1028 cessitatibus
2239 975 2565 1029 serviamus.
2585 973 2788 1043 Nolite,
2814 976 2988 1047 inquit
3008 977 3329 1048 Apostolus,
3358 997 3484 1036 con-

1876 1067 2088 1122 tristare
2119 1067 2376 1140 Spiritum
2400 1078 2655 1135 sanctum,
2692 1071 2746 1124 in
2784 1086 2884 1140 quo
2917 1071 3104 1143 signati
3136 1073 3258 1126 estis
3288 1073 3343 1127 in
3392 1073 3478 1130 die

1874 1162 2245 1232 redemptionis
2275 1161 2496 1234 (Epltes.
2514 1179 2590 1228 tv,
2614 1162 2727 1235 50).
2743 1163 2948 1230 Quibus
2969 1163 3223 1234 operibus
3237 1162 3479 1235 Spiritus

1874 1265 2099 1310 sanctus
2127 1256 2487 1312 contristetur
2541 1257 2811 1326 propheta
2842 1264 3253 1320 commemorat,
3289 1255 3478 1312 multis

1875 1348 1928 1402 in
1958 1347 2152 1404 ordine
2204 1349 2355 1404 vitiis
2404 1348 2752 1421 pcccatisque
2792 1350 3038 1422 digestis,
3071 1350 3139 1406 ad
3170 1360 3476 1407 extremum

1873 1441 2118 1498 inferens
2151 1461 2164 1497 :
2193 1442 2258 1498 In
2281 1445 2519 1498 omnibus
2541 1445 2658 1499 istis
2718 1445 3061 1500 contristabat
3108 1462 3208 1500 me.
3259 1444 3475 1516 Alioqui

1873 1535 2102 1590 calicem
2127 1552 2283 1608 aquae
2314 1537 2522 1608 frigidae
2577 1537 2877 1610 porrigere,
2935 1536 3101 1610 pedes
3130 1537 3339 1605 lavare,
3370 1539 3479 1593 im-

1873 1630 2080 1686 molare
2111 1631 2363 1698 vitulum,
2391 1632 2673 1702 prandium
2695 1643 3327 1706 praeparare,peccatum
3357 1636 3465 1692 sit:

1873 1737 1998 1778 cum
2045 1725 2285 1780 sciamus
2333 1741 2400 1781 ex
2447 1726 2531 1780 his
2584 1727 2748 1783 rebus
2776 1727 2830 1782 in
2867 1726 2958 1782 Dei
3013 1728 3279 1799 quosdam
3330 1729 3475 1788 [ilics

202 1817 326 1870 tium.
354 1815 462 1871 Hoc
480 1825 662 1872 autem
689 1831 798 1870 non
821 1814 995 1871 solum
1025 1813 1317 1884 apostolis,
1346 1811 1440 1867 sed
1483 1810 1764 1882 projihetis
1795 1817 1844 1879 Β
1871 1816 2159 1887 adoptari?
2189 1817 2307 1874 Non
2337 1827 2422 1874 est
2445 1817 2608 1891 hujus
2637 1821 2899 1892 temporis
2919 1819 2988 1876 ad
3014 1822 3198 1877 omnia
3237 1837 3472 1892 reSpon-

199 1927 385 1984 quoque
425 1911 681 1967 similiter
709 1910 977 1966 accidisse
1011 1926 1026 1966 :
1073 1908 1216 1964 unde
1248 1907 1447 1980 sacpius
1497 1908 1760 1976 scriptum

197 2003 378 2061 feratur
412 2023 427 2061 ;
467 2001 696 2060 Factum
743 2015 817 2059 est
871 2005 1078 2059 verbum
1149 2003 1359 2058 Domini
1405 2004 1472 2056 ad
1519 2000 1764 2056 Ezechiel

197 2097 386 2168 (Each.
411 2101 570 2174 nn).
588 2103 709 2157 sive
736 2099 801 2156 ad
829 2100 1310 2169 quemlibetalium
1335 2097 1757 2169 prophetarum:

197 2195 300 2265 quia
328 2202 444 2266 post
470 2196 746 2266 expletum
781 2195 1122 2259 vaticinium,
1153 2209 1368 2249 rursum
1399 2193 1452 2248 in
1472 2203 1643 2248 semet
1675 2208 1762 2248 re-

198 2295 410 2355 vertens,
439 2289 604 2344 homo
641 2289 949 2345 communis
1005 2287 1163 2344 ﬂeret
1193 2304 1224 2343 e
1255 2287 1517 2359 propheta
1543 2305 1557 2353 ;
1587 2294 1642 2343 et
1667 2302 1762 2342 ex-

194 2389 330 2448 cepto
353 2382 576 2438 Domino
599 2392 789 2439 nostro
814 2383 942 2440 Jesu
974 2381 1196 2438 Christo
1222 2384 1276 2437 in
1307 2383 1458 2438 nullo
1512 2393 1758 2438 sanctum

194 2473 421 2545 Spiritum
454 2477 822 2547 permansisse
848 2475 955 2549 [ΑΙ.
987 2474 1528 2549 remansisse].Quod
1547 2477 1759 2545 signum

193 2578 241 2625 et
263 2568 479 2626 Joannes
505 2569 749 2641 Baptista
773 2577 1076 2640 acceperat,
1103 2578 1161 2624 ut
1190 2584 1355 2640 super
1400 2585 1559 2640 quem
1590 2568 1757 2624 vidis-

191 2674 260 2720 set
285 2664 528 2737 Spiritum
562 2673 810 2722 sanctum
833 2665 1255 2722 descendentem
1281 2673 1335 2721 et
1360 2674 1670 2722 manentem
1703 2665 1757 2721 in

191 2769 268 2823 eo,
293 2758 454 2828 ipsum
484 2774 610 2815 esse
640 2758 1196 2831 cognosceretann.
1228 2758 1290 2831 ι).
1321 2758 1401 2813 Ex
1431 2775 1538 2830 quo
1570 2768 1759 2822 osten-

192 2851 260 2906 dit
282 2850 377 2926 [ΑΙ.
404 2853 728 2926 oatenditur]
760 2850 921 2927 743
947 2880 973 2895 -
995 2851 1159 2926 744
1196 2867 1360 2923 super
1392 2853 1592 2907 multos
1640 2853 1758 2922 qui-

192 2941 300 2998 dem
321 2943 645 3002 descendere
691 2945 952 3016 Spiritum
1002 2953 1282 3010 sanctum;
1329 2944 1422 3000 sed
1473 2943 1755 3016 proprium

191 3035 283 3091 hoc
306 3053 418 3094 esse
438 3039 742 3096 Salvatoris
772 3039 1005 3110 insigne,
1054 3041 1177 3111 quia
1209 3052 1524 3111 permaneat
1567 3040 1620 3096 itt
1665 3056 1751 3096 eo.

189 3127 275 3184 His
291 3141 339 3186 et
364 3133 574 3188 caeteris
603 3132 934 3198 istiusmodi,
965 3133 1155 3188 volunt
1185 3141 1280 3187 aut
1308 3133 1608 3203 Epistolam
1646 3149 1752 3188 non

1869 1909 2003 1967 dere
2028 1928 2040 1963 :
2074 1913 2198 1984 quia
2233 1928 2332 1968 nec
2357 1913 2563 1984 omnia,
2589 1931 2712 1986 quae
2740 1915 2817 1971 illi
2843 1931 3146 1988 proponere
3171 1917 3373 1983 solent,
3392 1917 3474 1972 in-

1869 2003 2115 2058 tulimus.
2145 2004 2301 2072 Quod
2314 2005 2483 2061 sinon
2501 2018 2696 2078 putant
2712 2023 2900 2064 eorum
2917 2024 3042 2068 esse
3056 2025 3219 2082 parva
3239 2025 3471 2082 quorum

1865 2107 1922 2153 et
1948 2114 2140 2170 magna
2168 2109 2316 2170 sunt,
2347 2101 2581 2158 alterum
2611 2102 2747 2159 mihi
2773 2101 3154 2171 Conditorem,
3173 2105 3338 2176 juxta
3363 2105 3472 2161 Va-

1866 2194 2152 2266 lentinum,
2182 2197 2513 2257 Marcionem
2537 2210 2588 2254 et
2606 2199 2857 2271 Apellen,
2883 2199 3146 2267 formica,
3172 2203 3465 2270 vermium,

1866 2291 2120 2358 culicum,
2149 2293 2484 2350 locustarum
2513 2311 2526 2349 :
2558 2295 2792 2351 alterum
2823 2297 2976 2364 cceli,
3022 2307 3203 2364 terrae,
3266 2298 3460 2366 maris,

1864 2392 1920 2438 ct
1949 2383 2270 2455 angelorum
2298 2385 2500 2442 debent
2530 2388 2904 2445 introducere.
2928 2391 3008 2444 An
3027 2389 3465 2460 potiusejusdem

1863 2479 2126 2550 p0lcntia3
2155 2488 2261 2548 est,
2313 2480 2593 2551 ingenium
2622 2481 2764 2552 quod
2791 2482 2847 2538 in
2873 2482 3174 2553 majoribus
3201 2498 3473 2540 exercue-

1864 2573 1964 2640 ris,
2007 2572 2170 2631 etiam
2225 2574 2279 2629 in
2325 2575 2628 2631 minoribus
2680 2590 2787 2632 non
2839 2575 3076 2648 negare?
3110 2576 3174 2630 Et
3200 2577 3464 2648 quoniam

1864 2667 2160 2724 Marcionis
2189 2667 2422 2725 fecimus
2453 2671 2816 2737 mentionem,
2845 2670 3136 2726 Pauliesse
3163 2670 3467 2741 Epistolam

1860 2763 1928 2816 ad
1946 2762 2318 2819 Philemonem
2337 2764 2528 2820 saltem
2552 2765 2825 2821 Marcione
2851 2777 2871 2804 ε
2888 2773 3116 2822 auctore
3139 2765 3462 2824 doceantur.

1862 2857 1964 2924 Qui
1989 2871 2111 2912 cum
2135 2867 2366 2913 caeteras
2389 2857 2661 2928 Epistolas
2690 2859 2935 2929 ejusdem
2966 2859 3051 2917 vel
3083 2875 3190 2916 non
3210 2876 3472 2930 suscepe-

1862 2951 1952 3016 rit,
1985 2951 2071 3006 vel
2109 2951 2354 3022 quaedam
2388 2953 2439 3007 in
2474 2953 2556 3008 his
2600 2955 2898 3009 mutaverit
2944 2965 3107 3027 atque
3138 2956 3461 3024 corroserit,

1870 3042 1925 3097 in
1956 3042 2102 3099 hanc
2131 3043 2304 3097 solam
2348 3059 2542 3098 manus
2594 3061 2701 3100 non
2732 3055 2820 3101 est
2851 3061 3021 3102 ausus
3066 3047 3282 3102 mittere
3310 3047 3468 3117 :quia

1861 3150 1958 3190 sua
1988 3135 2138 3190 illam
2173 3137 2417 3192 brevitas
2464 3137 2814 3194 defendebat.
2849 3139 2958 3195 Sed
3001 3141 3133 3196 mihi
3182 3140 3468 3208 videntur,

187 3235 294 3278 esse
319 3223 486 3294 Pauli,
519 3242 643 3297 qua:
669 3227 736 3281 ad
766 3226 1144 3282 Philemonem
1169 3227 1426 3281 scribitur
1451 3245 1463 3280 :
1487 3227 1756 3282 autetiam
1787 3221 1832 3286 C
1864 3227 1990 3283 dum
2016 3228 2307 3300 epistolam
2340 3229 2709 3301 simplicitatis
2763 3242 3020 3300 arguunt,
3053 3247 3207 3287 suam
3241 3233 3466 3301 imperi-

185 3315 224 3370 si
255 3315 387 3373 Pauli
414 3318 504 3388 sit,
543 3319 679 3375 nihil
709 3318 910 3375 habere
955 3321 1101 3390 quod
1132 3319 1404 3374 aediﬁcare
1426 3335 1524 3374 nos
1549 3319 1757 3390 possit;

184 3419 234 3466 et
262 3411 564 3484 aplerisque
595 3413 871 3470 veteribus
919 3411 1279 3484 repudiatam,
1319 3412 1445 3468 dum
1480 3428 1760 3470 commcn~

185 3504 330 3562 dandi
380 3515 583 3564 tantum
640 3509 913 3564 scribatur
962 3506 1166 3575 olticio,
1225 3522 1331 3563 non
1387 3506 1645 3564 docendi.
1689 3507 1760 3563 At

186 3604 468 3659 econtrario
492 3603 582 3676 qui
613 3618 893 3676 germanae
917 3603 1262 3658 auctoritatis
1285 3618 1402 3659 eam
1435 3619 1559 3658 esse
1571 3603 1758 3659 defen-

180 3692 318 3762 dunt,
340 3694 516 3751 dicunt
536 3711 834 3768 numquam
867 3697 921 3752 in
951 3704 1066 3751 toto
1095 3696 1229 3752 orbe
1254 3712 1282 3751 a
1305 3699 1519 3751 cunctis
1570 3697 1758 3753 Eccle-

182 3789 268 3844 siis
288 3788 440 3846 fuisse
462 3801 798 3863 susceptam,
830 3790 933 3846 nisi
961 3789 1118 3846 Pauli
1156 3790 1752 3859 apostolicrederetur:

181 3891 234 3936 et
259 3880 349 3937 hac
373 3882 486 3956 lege
523 3899 593 3939 ne
620 3883 917 3939 secundam
953 3883 1171 3954 quidem
1202 3883 1270 3938 ad
1301 3882 1671 3949 Timotheum,
1701 3892 1759 3940 et

177 3971 238 4028 ad
267 3973 469 4033 Galatas
486 3991 581 4033 eos
606 3976 810 4032 debere
845 3977 1150 4044 suscipere,
1182 3975 1250 4031 de
1273 3976 1468 4046 quibus
1498 3985 1552 4030 et
1582 3986 1608 4013 ἰ
1638 3977 1755 4044 ipse

177 4065 406 4125 humana:
428 4070 820 4126 imbecillitatis
851 4070 1100 4139 exempla
1125 4070 1416 4139 protulerit
1448 4089 1458 4124 ε
1492 4069 1755 4125 Penulam

176 4179 321 4234 quam
338 4165 510 4238 reliqui
535 4164 740 4219 Troade
759 4164 903 4234 apud
931 4162 1177 4234 Carpam,
1203 4165 1409 4218 veniens
1459 4174 1626 4219 tecum
1671 4165 1754 4236 af-

174 4256 280 4326 fer;
306 4265 358 4313 et
382 4275 394 4311 :
425 4255 637 4314 Utinam
659 4257 972 4326 excidantur
999 4259 1089 4329 qui
1122 4273 1212 4311 vos
1240 4257 1569 4313 conturbant.
1597 4257 1754 4314 Inve-

167 4350 266 4407 niri
317 4351 542 4422 plurima
570 4361 627 4408 et
655 4352 723 4407 ad
754 4351 1054 4420 Romanos,
1098 4363 1153 4409 et
1181 4352 1249 4408 ad
1297 4363 1524 4409 caeteras
1570 4353 1755 4410 Eccle-

163 4444 272 4500 sias
328 4446 663 4518 maximeque
702 4445 770 4502 ad
813 4445 1129 4502 Corinthios
1181 4447 1466 4504 remissius
1489 4457 1544 4504 et
1568 4449 1749 4520 quoti-

163 4536 326 4595 diano
353 4555 484 4612 pene
527 4554 789 4598 sermone
827 4541 1052 4609 dictata,
1093 4541 1148 4597 in
1202 4543 1403 4613 quibus
1451 4543 1749 4615 Apostolus

1867 3323 1995 3376 tiam
2029 3323 2286 3393 prodere,
2317 3340 2430 3380 non
2461 3325 2832 3398 intelligentes
2855 3328 2982 3398 quid
3013 3329 3064 3383 in
3087 3327 3317 3400 singulis
3342 3345 3466 3386 scr-

1865 3416 2122 3473 monibus
2155 3418 2373 3474 virtutis
2401 3433 2465 3474 ac
2495 3420 2780 3490 sapientiae
2826 3421 3012 3477 lateat.
3046 3421 3201 3491 Quae,
3255 3423 3465 3480 oranti-

1867 3509 1970 3565 bus
2001 3509 2175 3577 vobis,
2207 3520 2262 3566 et
2293 3512 2412 3581 ipso
2439 3512 2599 3568 nobis
2629 3521 2821 3568 sancto
2853 3513 3062 3584 Spiritu
3112 3524 3463 3587 suggerente,

1863 3618 1970 3670 quo
2002 3604 2208 3674 scripta
2242 3612 2390 3670 sunt,
2442 3606 2557 3660 suis
2589 3605 2727 3662 locis
2759 3607 3064 3678 explanare
3110 3608 3460 3666 conabimur.

1860 3694 1920 3752 Si
1947 3705 2131 3752 autent
2163 3697 2410 3754 brevitas
2438 3697 2676 3754 habetur
2727 3701 3090 3770 contemptui,
3149 3712 3468 3757 contemna-

1861 3797 1951 3843 tur
1976 3788 2202 3858 Abdias,
2236 3791 2434 3858 Naum,
2465 3791 2804 3862 SOphonias,
2826 3793 2991 3849 etalii
3015 3792 3304 3850 duodecim
3337 3809 3462 3864 pro-

1861 3881 2152 3951 phetarum
2188 3881 2204 3955 [
2231 3883 2319 3938 Al.
2356 3884 2633 3956 propheta:
2660 3883 2704 3958 ],
2736 3884 2896 3958 745
2927 3917 2952 3927 -
2983 3884 3145 3957 746
3177 3887 3230 3941 in
3261 3887 3464 3958 quibus

1862 3981 1966 4029 tam
1994 3977 2128 4030 mira
2163 3985 2219 4032 et
2250 3987 2355 4031 tam
2388 3978 2618 4049 grandia
2651 3991 2776 4033 sunt
2803 3994 2924 4047 quae
2972 3979 3244 4046 feruntur,
3278 3991 3334 4034 ut
3368 3994 3462 4036 nc-

1858 4068 1999 4124 scias
2032 4082 2216 4124 utrum
2257 4070 2587 4127 brevitatem
2632 4085 2945 4126 sermonum
2973 4071 3025 4125 in
3053 4072 3160 4127 illis
3189 4071 3452 4128 admirari

1858 4160 2084 4230 debeas,
2115 4177 2186 4218 an
2213 4163 2644 4233 magnitudinem
2670 4178 2952 4218 sensuum.
2984 4162 3142 4230 Quod
3175 4163 3220 4218 si
3252 4163 3462 4220 intelli-

1855 4257 2149 4328 gerenthi,
2181 4259 2275 4330 qui
2308 4258 2606 4330 Epistolam
2639 4258 2706 4313 ad
2730 4257 3107 4314 Philemonem
3142 4258 3463 4330 repudiarit,

1857 4367 2153 4423 numquam
2189 4352 2518 4407 brevitatem
2551 4351 3073 4422 despicerentzqute
3105 4366 3208 4422 pro
3233 4351 3464 4407 lacinio-

1853 4448 1934 4504 sis
1961 4447 2122 4518 Legis
2136 4447 2420 4514 oneribus,
2445 4446 2768 4519 evangelico
2791 4445 2993 4503 decore
3017 4446 3324 4518 conscripta
3353 4456 3461 4515 est,

1853 4541 1980 4598 dum
2023 4543 2328 4599 breviatum
2359 4549 2911 4611 consummatamque
2962 4555 3282 4597 sermonem
3329 4539 3460 4595 facit

162 4628 404 4702 loquatur
427 4651 444 4691 :
464 4633 680 4690 Ceteris
704 4643 877 4690 autem
894 4651 988 4708 ego
1001 4636 1139 4706 dico,
1165 4653 1268 4690 non
1292 4635 1562 4692 Dominus.
1596 4638 1743 4706 Quas
1769 4621 1823 4684 D
1848 4635 2114 4691 Dominus
2140 4651 2305 4708 super
2334 4645 2562 4692 terram.
2591 4635 2699 4692 Sed
2723 4636 2834 4706 jam
2867 4636 2984 4707 ipsa
3010 4634 3262 4709 Apostoli
3289 4634 3459 4690 verba

161 4732 208 4780 et
229 4724 375 4798 ipsas
396 4729 520 4800 quia
543 4727 749 4800 aliquid
777 4729 886 4786 tale
911 4729 1131 4798 habent,
1160 4741 1254 4787 aut
1286 4729 1439 4786 Pauli
1469 4732 1735 4807 epistolas

158 4913 268 4971 ient
289 4914 423 4989 hanc
441 4915 744 4984 Epistolam
759 4916 1001 4989 recipere
1025 4925 1085 4972 ut
1103 4916 1258 4974 Pauli
1274 4919 1595 4989 Epistolam,
1624 4937 1732 4978 non

155 5001 251 5054 pro
275 4988 385 5043 illis
413 4990 503 5059 qui
532 4987 874 5044 contrarium
907 4989 1250 5045 asserebant.
1299 4987 1436 5046 Illud
1460 5009 1594 5049 vero
1626 5009 1736 5050 non

155 5059 624 5133 ferendum,quod
647 5075 715 5116 ex
731 5061 830 5115 hac
848 5071 1230 5132 prmconcepta
1257 5065 1735 5133 opinionetextum

154 5129 210 5186 S.
241 5131 419 5188 Patris
538 5129 873 5206 contrarium
905 5147 1124 5206 sensum
1144 5129 1401 5200 'muta'rit,
1436 5137 1739 5206 legeritque

153 5216 220 5258 ex
246 5204 524 5279 corruptis
571 5202 881 5279 codicibus,
937 5204 1040 5272 Qui
1071 5207 1254 5259 volunt
1281 5207 1410 5260 inter
1445 5202 1737 5279 Epistolas,

151 5284 281 5341 etc.,
310 5271 642 5348 pro'nolunt.
673 5271 884 5348 Clamat
904 5271 993 5331 res
1024 5279 1428 5348 ipsa,totusque
1447 5271 1737 5337 contextus

147 5359 338 5422 eorum
370 5345 454 5402 hic
483 5345 718 5422 proponi
774 5345 1114 5422 argumenta,
1148 5351 1240 5419 qui
1272 5345 1410 5405 hanc
1439 5352 1736 5422 Epistolam

147 5418 497 5494 repudiarent
527 5435 540 5471 :
570 5417 736 5488 idque
765 5434 831 5473 eo
850 5417 1058 5475 certius
1083 5417 1355 5494 est,_qn_od
1370 5417 1558 5477 eadem
1581 5425 1740 5494 plane

148 5488 218 5544 et
250 5489 396 5574 apud
440 5488 921 5574 Cbrysostotnum,
955 5500 1011 5545 et
1062 5488 1736 5574 altlltl_—Th60pltylacltttn

149 5572 464 5637 causentur,
511 5562 712 5632 hiqui
745 5562 904 5633 hujus
945 5565 1369 5634 germanitatem
1421 5562 1741 5637 Scriptionis

148 5634 483 5704 impugnant.

215 5713 244 5744 ⁸
280 5705 630 5764 Martianzeus
654 5714 778 5778 post
806 5705 1119 5779 Erasmum,
1147 5720 1196 5766 et
1226 5709 1326 5783 ipsi
1365 5711 1611 5768 humanae
1638 5711 1736 5767 im-

1854 4730 2104 4804 ponenda
2135 4741 2284 4800 sunt,
2321 4746 2442 4804 qua:
2469 4731 2542 4787 ita
2567 4731 2857 4804 incipiunt.

1841 4921 2135 4994 becillitatis
2164 4923 2401 4994 exempla
2425 4923 2780 4992 protulerunt.

1913 4993 1940 5032 ι)
1982 4994 2157 5050 Penes
2210 4993 2616 5061 Martianazum,
2643 5011 2928 5050 assererea
2968 5010 3022 5049 se
3050 4993 3311 5064 refugari.
3341 4993 3456 5049 νο.

1842 5067 1994 5122 culas
2021 5084 2053 5120 a
2083 5083 2137 5139 se
2168 5066 2376 5122 Victor.
2430 5054 2710 5139 expungit.
2757 5068 2864 5124 Sed
2923 5054 3122 5136 ipsam'
3150 5054 3452 5139 Illabbanus

1845 5138 2286 5206 prmpositionem
2330 5140 2383 5192 in
2433 5137 2880 5212 verbo‘refugari
2939 5141 3177 5209 ignorat.
3230 5137 3453 5205 Perspi-

1844 5225 2004 5264 cuum
2031 5225 2233 5280 nempe
2263 5220 2367 5274 est,
2397 5226 2462 5266 ex
2488 5212 2725 5279 repetito
2747 5211 2938 5279 verbo,
2971 5224 3226 5277 asserere,
3277 5223 3449 5264 voces

1847 5281 1968 5335 illas
2001 5289 2208 5336 temere
2237 5281 2402 5338 fuisse
2433 5283 2690 5338 intrusas.

1919 5363 1940 5390 ο
1983 5351 2381 5418 'l‘ertullianus,
2405 5353 2498 5408 lib.
2522 5369 2555 5408 v
2584 5364 2771 5410 contra
2789 5353 3291 5422 Marcionem,cap.
3321 5353 3456 5406 ulti—

1843 5439 1933 5480 mo
1969 5440 1981 5478 :
2015 5422 2130 5479 Soli
2153 5425 2277 5498 huic
2303 5425 2552 5498 Epistola:
2581 5426 2798 5482 brevitas
2819 5443 2916 5481 sua
2962 5424 3256 5498 profuit,ut
3281 5423 3450 5494 falsa-

1842 5498 1948 5550 rias
1995 5512 2179 5550 manus
2225 5496 2512 5552 Marcionis
2562 5499 2823 5554 evaderet.
2877 5496 3061 5552 Et'ah
3089 5497 3225 5559 ipsis
3259 5503 3444 5550 tamen

1843 5567 2175 5642 Marcionitis
2208 5570 2348 5624 hanc
2379 5571 2552 5636 ipsam
2582 5572 2804 5642 penitus
2835 5567 3079 5642 vitiatam
3125 5566 3280 5642 dole‘t
3313 5566 3441 5638 Epi-

1845 5639 2078 5713 phanius
2099 5651 2295 5697 contra
2317 5641 2524 5698 Haeres.
2560 5638 2658 5698 lib.
2690 5658 2729 5712 ι,
2777 5656 2894 5714 cap.
2931 5641 3023 5709 41,
3054 5657 3186 5696 num
3240 5638 3272 5693 9
