3948 6334
477 254 586 316 607

1707 264 1767 323 S.
1811 259 2084 324 EUSEBII
2121 258 2507 324 HIERONYMI

3668 275 3760 337 608

475 373 757 435 aemulatio
796 384 919 434 erat
947 374 1092 434 inter
1118 377 1396 449 apostolos
1419 420 1435 447 ,
1485 378 1532 435 si
1569 379 1696 451 quid
1730 381 1869 438 forte
1914 378 2083 436 Paulo
2111 378 2165 439 A
2189 383 2562 438 sermocinari.
2592 383 2802 441 Gratias
2824 402 2923 459 ago
2948 385 3057 443 Deo
3080 404 3192 443 meo
3214 405 3413 463 sernper
3437 398 3485 459 ι,
3516 399 3564 447 et
3597 409 3765 452 memo-

474 467 751 535 dictante,
787 470 879 525 alii
923 471 1146 541 spiritus
1200 473 1586 543 suggessisset,
1621 475 1824 546 absque
1858 476 1966 529 ulla
1999 474 2088 529 tri-

481 564 629 621 stitia
652 564 886 621 addebat
917 566 1115 620 Paulus
1140 566 1193 621 in
1224 566 1421 624 litteris
1444 568 1863 639 quasjdictahat.
1882 569 2089 627 Secun-

479 659 609 716 dum
639 658 694 716 id
725 661 871 733 quod
895 661 1011 733 ipse
1039 660 1342 719 Corinthiis
1364 667 1644 737 praecepit,
1671 676 1729 722 ut
1756 668 1801 722 si
1831 667 1943 723 alio
1965 683 2091 739 pro-

479 754 765 826 phetante,
794 754 885 809 alii
917 753 1080 810 fuerit
1104 756 1433 828 revelatum,
1472 769 1650 815 taceat
1675 759 1769 816 ille
1800 761 1891 831 qui
1936 761 2090 831 prius

481 847 842 919 prophetabat
861 846 908 919 (ι
935 847 1058 904 Cor.
1094 847 1234 921 xiv).
1263 849 1341 906 ita
1373 852 1488 923 ipse
1517 868 1733 925 quoque
1756 864 2089 927 praeceptum

480 956 641 997 suum
673 955 841 1014 opere
870 943 1209 1013 complebat,
1256 953 1311 1001 et
1343 955 1569 1017 propter
1605 963 1775 1018 pauca
1824 965 1946 1021 qua:
1987 950 2093 1006 alio

480 1035 765 1092 addiderat
805 1031 1177 1118 suggerentq‘.
1197 1044 1260 1092 ut
1291 1055 1443 1094 suam
1471 1086 1485 1110 ,
1518 1040 1590 1096 ita
1622 1041 1850 1098 alterius
1875 1057 2095 1114 quoque

484 1128 769 1199 epistolam
817 1129 1230 1199 praescribebat.
1263 1129 1582 1202 Philemoni,
1634 1134 1832 1204 inquit,
1880 1134 2091 1193 dilecto.

481 1218 602 1276 Non
635 1219 871 1277 habetur
900 1221 952 1275 in
983 1219 1175 1278 Graeco
1205 1225 1540 1299 ἠγαπημένῳ,
1568 1225 1714 1297 quod
1758 1225 1980 1280 dilectus
2006 1225 2093 1280 di-

483 1315 646 1385 citur,
678 1314 775 1371 sed
802 1317 1077 1392 ἀγαπητῷ,
1108 1315 1162 1373 id
1193 1328 1300 1383 est,
1345 1317 1617 1391 diligibili.
1649 1319 2092 1391 Intergdilectum

483 1417 667 1466 autem
694 1421 750 1467 et
777 1410 1128 1482 diligibilem,
1153 1410 1258 1467 hoc
1286 1413 1541 1480 interest,
1564 1415 1707 1486 quod
1739 1414 1974 1470 dilectus
2002 1432 2098 1486 ap-

487 1500 679 1572 pellari
711 1513 896 1575 potest
934 1513 991 1560 et
1032 1503 1122 1560 ille
1153 1506 1241 1576 qui
1274 1505 1627 1563 dilectionem
1677 1524 1785 1564 nou
1834 1517 2095 1565 meretur.

490 1592 777 1667 Diligibilis
808 1610 944 1652 vero
976 1596 1022 1652 is
1056 1605 1262 1652 tantum
1286 1599 1377 1670 qui
1403 1600 1601 1655 merito
1630 1598 1899 1671 diligitur.
1935 1600 2100 1656 Deni-

486 1701 596 1760 que
648 1700 703 1746 et
752 1690 1001 1747 inimicos
1042 1702 1262 1748 nostros
1304 1693 1535 1765 diligere
1583 1694 1952 1766 praecipimur,
2005 1695 2099 1767 qui

2188 475 2320 529 riam
2360 477 2437 529 tui
2480 477 2698 547 faciens.
2742 477 2896 535 Hunc
2935 488 3118 536 autem
3165 497 3372 539 morem
3416 484 3682 541 scribendi
3717 487 3762 544 in

2190 569 2469 624 nonnullis
2512 571 2765 641 epistolis
2818 572 2939 644 ejus
2985 575 3233 632 invenire
3287 577 3540 647 poteritis
3588 596 3601 633 :
3639 583 3763 651 quod

2190 675 2311 716 cum
2345 663 2562 733 plures,
2603 674 2659 720 et
2696 665 2764 719 ad
2806 666 2987 737 plures
3026 669 3187 742 751
3235 670 3288 725 in
3329 670 3645 741 praefatione
3680 690 3766 741 po-

2192 767 2415 824 nantur,
2443 767 2632 828 postea
2657 774 2755 829 per
2782 769 2955 817 totum
2974 746 3172 832 corpus
3194 764 3477 835 Epistolas,
3499 783 3640 823 unus
3670 769 3769 825 dis-

2192 860 2390 921 putans
2436 853 2743 910 inducatur.
2786 855 2923 911 Illud
2970 857 3115 928 quod
3161 857 3229 913 ad
3274 857 3498 915 Galatas
3545 861 3772 919 scribens

2194 943 2488 1012 Apostolus
2518 946 2593 1000 ait
2634 964 2649 1002 :
2683 946 2735 1000 in
2768 946 2971 1004 Christi
3002 949 3109 1006 (ide
3138 950 3278 1006 nihil
3308 951 3540 1024 referre,
3580 956 3774 1025 gentilis

2193 1036 2267 1091 sit
2294 1036 2514 1106 aliquis,
2559 1052 2627 1092 an
2656 1037 2875 1095 Judteus
2912 1059 2923 1095 :
2964 1042 3073 1109 vir,
3110 1058 3178 1098 an
3211 1044 3445 1101 mulier:
3477 1061 3686 1115 servus,
3714 1063 3772 1105 an

2196 1129 2336 1185 liber
2363 1128 2567 1202 (Colat.
2599 1147 2677 1199 ιιι,
2702 1131 2798 1205 28)
2830 1151 2843 1187 :
2874 1134 3038 1191 etiam
3073 1134 3126 1190 in
3161 1135 3264 1192 hoc
3294 1137 3415 1194 loco
3447 1140 3775 1211 perspicuum

2198 1222 2280 1277 ﬁt.
2306 1223 2453 1279 inter
2471 1224 2609 1280 duos
2629 1227 2833 1297 quippe
2863 1227 3014 1284 viros
3033 1238 3084 1285 et
3114 1229 3475 1300 apostolicos,
3509 1233 3653 1289 inter
3670 1250 3780 1291 coo-

2198 1325 2507 1387 peratorcm
2558 1317 2731 1383 Pauli,
2784 1327 2840 1374 et
2885 1320 3317 1378 commilitonem
3371 1322 3511 1393 ejus,
3559 1325 3778 1382 medium

2197 1408 2426 1481 Apphite
2456 1425 2656 1467 nomen
2690 1412 2950 1469 inseritur
2980 1432 2992 1468 :
3028 1422 3087 1470 ut
3107 1414 3198 1470 tali
3231 1414 3344 1489 [ΑΙ.
3375 1416 3524 1491 talis]
3554 1433 3622 1473 ex
3652 1429 3780 1476 utro-

2197 1519 2303 1575 que
2344 1506 2517 1561 latere
2563 1505 2697 1562 iulta
2737 1508 2998 1564 comitatu
3026 1553 3041 1579 ,
3087 1526 3196 1565 non
3245 1508 3500 1567 videatur
3555 1513 3781 1571 ordinem

2198 1612 2363 1654 sexus
2399 1597 2623 1662 habere,
2674 1600 2771 1655 sed
2810 1600 3016 1656 meriti.
3060 1600 3216 1670 Quod
3252 1611 3431 1659 autem
3477 1605 3578 1673 ait,
3624 1604 3783 1662 Gratia

2198 1692 2340 1748 vobis
2380 1702 2431 1747 et
2468 1709 2574 1765 pax
2619 1710 2650 1747 a
2703 1692 2812 1749 Deo
2864 1692 3019 1750 Patre
3066 1706 3267 1765 nostro,
3314 1707 3365 1752 et
3406 1696 3636 1754 Domino
3672 1698 3782 1757 less

486 1792 615 1840 sunt
659 1784 828 1858 750
881 1784 1108 1857 dilecti,
1167 1787 1264 1843 sed
1308 1803 1413 1845 non
1470 1788 1783 1860 diligibiles.
1835 1790 2095 1846 Amamus
2124 1778 2175 1841 Β
2202 1781 2430 1851 Christo,
2463 1783 2643 1839 adhuc
2676 1801 2707 1839 a
2737 1785 2952 1841 duobus
2985 1786 3053 1842 ad
3092 1788 3278 1858 plures
3319 1789 3585 1846 scribitur
3612 1836 3627 1860 ,
3666 1795 3782 1849 etin

487 1878 691 1951 quippe
722 1880 868 1949 illos,
919 1896 1027 1936 non
1074 1882 1199 1953 quia
1244 1884 1418 1938 amari
1464 1894 1775 1951 merentur,
1826 1883 1921 1940 sed
1971 1886 2097 1956 quia

489 1971 811 2044 praecipitur
838 1988 935 2031 eos
964 1975 1091 2033 odio
1120 1993 1233 2033 non
1264 1977 1559 2035 habendus.
1621 1977 1756 2033 Illud
1786 1994 1918 2035 vero
1953 1980 2096 2052 quod

491 2065 548 2122 in
596 2067 1006 2140 quadragesimi
1055 2073 1237 2142 quarti
1284 2072 1487 2129 Psalmi
1533 2072 1690 2129 titulo
1738 2083 2096 2144 prrenotatur,

494 2176 590 2233 pro
619 2161 839 2230 dilecto,
875 2164 1074 2220 melius
1105 2163 1270 2221 habet
1321 2167 1373 2221 in
1405 2165 1621 2233 Grzeco,
1674 2183 1770 2238 pro
1806 2166 2049 2239 diligibili
2080 2185 2098 2223 :

491 2253 584 2325 qui
625 2253 782 2311 locus
813 2254 1257 2314 manifestissime
1295 2259 1364 2315 de
1395 2258 1613 2315 Christo
1638 2259 1982 2331 intelligitur.
2011 2260 2102 2316 Li-

492 2355 584 2404 cet
609 2349 757 2404 enim
782 2347 956 2406 Judaei
985 2367 1151 2408 iDlDlA
1182 2352 1427 2427 (Πιτντι),
1448 2352 1554 2409 hoc
1576 2362 1684 2419 est,
1718 2364 1951 2409 amatum
1980 2353 2097 2421 Dei,

492 2436 843 2497 Salomonem
870 2441 977 2498 dici
1006 2452 1217 2515 putent,
1248 2444 1393 2517 quod
1421 2446 1475 2500 ei
1498 2460 1527 2500 a
1555 2444 1669 2502 Deo
1692 2446 1763 2502 sit
1787 2446 1857 2503 ob
1883 2447 2101 2517 sapien-

496 2534 629 2591 tiam
662 2550 865 2593 nomen
898 2537 1211 2610 impositum
1246 2541 1313 2613 (Il
1341 2541 1474 2613 Reg.
1506 2543 1607 2613 xu)
1640 2561 1655 2599 :
1687 2552 1867 2600 tamen
1896 2555 2099 2598 amatus

496 2626 599 2685 Dei
624 2630 748 2702 quis
774 2632 949 2704 magis
975 2633 1084 2689 dici
1115 2642 1319 2706 potest,
1363 2635 1466 2690 nisi
1500 2636 1546 2692 is
1575 2636 1644 2691 de
1676 2652 1783 2707 quo
1821 2638 1874 2692 in
1919 2637 2099 2693 Evau~

494 2722 646 2794 gelio
677 2722 844 2782 Pater
874 2724 1149 2798 loquitur:
1192 2725 1294 2781 Hic
1323 2736 1397 2782 est
1446 2724 1620 2783 Filius
1666 2745 1810 2783 meus
1856 2729 2097 2797 dilectus,

499 2814 555 2869 in
580 2832 681 2886 quo
695 2816 962 2873 mihibene
981 2819 1302 2891 complacui,
1332 2820 1472 2874 hunc
1495 2824 1672 2876 audite
1694 2821 1861 2893 (Luc.
1888 2837 1964 2889 Ix,
1997 2821 2099 2895 56)

502 2906 753 2982 Denique
792 2919 847 2967 et
878 2911 931 2965 in
986 2910 1122 2966 Isaia
1178 2912 1252 2967 ita
1300 2913 1564 2983 scriptum
1609 2914 1771 2969 habet
1813 2931 1826 2968 :
1868 2913 2101 2968 Cantabo

496 3001 688 3057 dilecto
727 3003 989 3058 canticum
1030 3004 1302 3077 diligibilis
1351 3006 1516 3061 vinea:
1553 3022 1703 3062 mete.
1760 3006 1927 3061 Vinea
1966 3011 2102 3077 facta

500 3106 575 3153 est
605 3096 795 3153 dilecto
827 3097 984 3171 (Isai.
1012 3116 1069 3168 v,
1102 3100 1179 3170 1).
1216 3102 1283 3155 Et
1309 3100 1415 3157 hoc
1438 3101 1789 3158 circumcisio
1813 3102 1882 3158 de
1904 3104 2104 3173 populo

500 3191 729 3248 Judaico
758 3193 1137 3265 accipiendum
1169 3204 1384 3265 putans,
1418 3195 1643 3267 impegit
1672 3196 1726 3250 in
1761 3172 1996 3267 lapidem
2026 3196 2106 3252 oi—
2132 3172 2182 3238 C

2202 1878 2457 1934 omnibus
2487 1894 2632 1949 pene
2666 1878 2925 1948 Epistolis
2953 1878 2982 1918 δ
3010 1881 3227 1949 aequale
3254 1882 3586 1954 principium
3618 1894 3712 1953 est,
3734 1893 3786 1941 ut

2201 1972 2429 2042 gratiam
2457 1971 2538 2026 eis
2564 1977 2619 2026 et
2642 1985 2832 2041 pacem
2864 1986 2896 2027 a
2922 1970 3037 2028 Dco
3059 1973 3219 2029 Patre
3246 1984 3303 2030 et
3330 1974 3552 2030 Christo
3581 1975 3784 2033 Domino

2202 2064 2557 2136 imprecetur.
2592 2063 2672 2120 Ex
2703 2079 2813 2136 quo
2840 2065 3146 2121 ostenditur
3171 2082 3339 2123 unam
3368 2065 3495 2123 Filii
3516 2067 3787 2140 Patrisque

2201 2173 2324 2215 esse
2368 2166 2644 2223 naturam,
2677 2173 2799 2214 cum
2839 2157 2893 2214 id
2933 2168 3111 2230 potest
3152 2159 3323 2217 Filius
3354 2170 3620 2232 praestare
3658 2162 3786 2233 quod

2203 2252 2389 2317 Pater,
2420 2263 2475 2309 et
2500 2251 2703 2308 dicitur
2732 2252 2785 2308 id
2808 2252 2971 2309 Pater
2996 2262 3266 2324 praestare
3285 2255 3430 2325 quod
3459 2254 3651 2310 Filius.
3670 2254 3789 2312 Gra-

2202 2349 2277 2405 tia
2308 2356 2489 2404 autem
2517 2358 2625 2414 est,
2656 2362 2759 2419 qua
2785 2347 2938 2404 nullo
2960 2347 3163 2402 merito
3187 2362 3290 2403 nec
3313 2362 3480 2417 opere
3509 2347 3785 2406 salvamur.

2203 2443 2313 2499 Pax
2341 2484 2356 2509 ,
2387 2458 2491 2514 qua
2531 2441 2877 2497 reconciliati
2926 2441 3037 2496 Deo
3075 2456 3172 2511 per
3210 2440 3491 2498 Christum
3531 2458 3710 2497 sumus
3737 2452 3789 2499 ut

2203 2537 2275 2593 ibi
2326 2554 2340 2591 :
2390 2535 2734 2591 Ubsecramus
2786 2551 2881 2608 pro
2933 2532 3143 2592 Christo
3169 2578 3183 2605 ,
3235 2534 3650 2592 reconciliamini
3688 2533 3786 2592 Deo

2208 2632 2277 2706 (Ii
2306 2629 2427 2687 Cor.
2459 2648 2513 2697 v,
2544 2630 2661 2703 ρο).

2279 2725 2460 2797 (Vers.
2489 2723 2525 2778 4
2554 2722 2734 2797 seqq.)
2771 2720 2983 2779 Gratias
3021 2740 3122 2797 ago
3157 2723 3271 2779 Deo
3301 2740 3416 2779 meo
3444 2741 3665 2793 semper,
3693 2741 3789 2780 nte-

2203 2819 2423 2873 moriam
2453 2818 2528 2872 tui
2556 2818 2751 2889 faciens
2777 2817 2832 2871 in
2857 2818 3183 2873 orationibus
3208 2820 3354 2883 meis,
3388 2818 3606 2873 audiens
3632 2819 3788 2874 chari-

2205 2921 2358 2967 tatem
2390 2921 2552 2978 tuam,
2586 2920 2635 2965 et
2663 2909 2820 2982 ﬁdem
2846 2927 3004 2982 quam
3037 2910 3196 2966 habes
3225 2913 3280 2965 in
3310 2911 3537 2967 Domino
3576 2908 3720 2977 Iesu,
3747 2921 3787 2966 et

2204 3022 2380 3061 onmes
2408 3016 2613 3060 sanctos
2644 3007 2755 3078 ejus
2780 3021 2798 3059 :
2824 3013 2881 3058 ut
2909 3005 3311 3060 communicatio
3333 3004 3459 3075 ﬁdei
3481 3015 3584 3060 tua?
3600 3005 3791 3060 evidens

2207 3098 2299 3169 ﬁat
2328 3100 2382 3152 in
2423 3098 2687 3169 agnitione
2718 3097 2884 3151 omnis
2924 3097 3068 3165 boni,
3116 3096 3253 3163 quod
3294 3098 3349 3151 in
3394 3108 3417 3137 ε
3465 3097 3606 3153 vobis
3646 3106 3715 3152 (st
3745 3098 3792 3151 in

2210 3190 2437 3246 Christo.
2469 3190 2593 3244 Haec
2611 3189 2724 3260 jam
2752 3205 2857 3244 non
2889 3199 2951 3245 ut
2973 3189 3175 3245 Paulus
3196 3197 3255 3245 et
3268 3189 3606 3256 Timotheus,
3630 3190 3794 3246 Phile-

500 3283 791 3351 fensionis,
815 3294 871 3341 et
893 3294 1100 3357 petram
1121 3286 1364 3341 scandali
1392 3304 1404 3340 :
1430 3301 1537 3341 non
1562 3287 1869 3357 recogitans
1890 3289 2106 3345 vineam
2214 3284 2364 3342 moni
2390 3294 2446 3340 et
2471 3284 2718 3351 caeteris;
2749 3284 2851 3341 sed
2875 3292 2930 3339 ut
2951 3284 3103 3339 solus
3132 3283 3357 3352 Paulus,
3388 3286 3460 3341 ad
3482 3284 3653 3342 solum
3685 3282 3797 3340 Phi-

503 3391 627 3448 qure
650 3376 719 3433 de
749 3374 988 3451 Egypto
1015 3379 1279 3435 translata
1301 3389 1406 3451 est,
1433 3395 1557 3437 esse
1584 3381 1809 3439 domum
1840 3383 2027 3453 Israel,
2054 3394 2108 3441 et
2213 3378 2484 3433 lemonem
2516 3378 2756 3448 loquitur
2794 3395 2809 3432 :
2852 3375 3087 3445 Gratias,
3132 3377 3414 3449 inquiens,
3437 3394 3535 3452 ago
3564 3376 3671 3433 Deo
3695 3392 3795 3432 meo

504 3468 781 3527 Christum
811 3473 896 3528 hic
924 3472 1035 3529 dici
1059 3474 1145 3529 vel
1172 3473 1516 3547 diligibilem,
1549 3476 1636 3531 vel
1658 3476 1918 3532 dilectum
1946 3478 2107 3534 :dum
2211 3486 2410 3543 semper
2439 3469 2549 3542 [ΑΙ.
2583 3468 2736 3525 addit
2762 3467 2836 3541 et]
2865 3470 3164 3524 memoriam
3202 3469 3277 3524 tui
3308 3470 3509 3542 faciens
3536 3471 3587 3524 in
3616 3470 3797 3524 oratio-

502 3571 559 3620 et
590 3562 710 3635 ipse
737 3563 886 3635 diligi
929 3575 1175 3623 meretur
1201 3583 1231 3621 a
1258 3569 1461 3624 sanctis
1485 3609 1501 3634 ,
1537 3581 1592 3624 et
1624 3570 1797 3625 sancti
1829 3586 1953 3626 eum
1986 3571 2112 3626 dili-

503 3666 665 3730 gunt,
713 3657 1008 3715 oli‘erentes
1053 3659 1103 3716 ei
1149 3660 1324 3731 magis
1378 3660 1735 3731 charitatem,
1785 3678 1947 3735 quam
2003 3663 2109 3719 ulla

508 3750 618 3825 [AL
664 3749 800 3825 alia]
844 3751 1129 3810 charitatis
1169 3756 1397 3827 praemia
1444 3756 1807 3825 postulantes.
1858 3757 2112 3813 Scribunt

506 3841 678 3915 igitur
711 3843 915 3900 Paulus
943 3854 998 3901 et
1027 3844 1406 3912 ThimOtheus,
1439 3845 1747 3903 Philemoni
1784 3848 2111 3905 charissimo

507 3942 565 3991 et
612 3935 959 4006 cooperatori
1003 3937 1137 4007 :qui
1191 3936 1315 3993 ideo
1363 3936 1723 3995 charissimus
1770 3940 1946 3995 dictus
1987 3949 2107 4012 est,

505 4026 653 4099 quod
685 4028 738 4084 in
768 4028 963 4086 eodem
991 4027 1197 4086 Christi
1228 4045 1397 4102 opere
1418 4042 1701 4088 versetur.
1740 4032 1967 4103 Appbim
1999 4032 2107 4106 [ΑΙ.

508 4118 725 4196 Αρρίω]
752 4136 971 4194 quoque
1008 4124 1212 4192 sorori,
1255 4138 1362 4180 non
1404 4125 1627 4181 habenti
1664 4127 1717 4181 in
1747 4140 1807 4182 se
1838 4126 1987 4182 falsa:
2012 4127 2115 4182 ali-

510 4215 668 4288 quid,
700 4224 759 4273 et
800 4218 940 4273 lictae
965 4218 1384 4289 germanitatis:
1427 4227 1484 4274 et
1527 4218 1811 4290 Archippo
1838 4220 2112 4275 commili-

511 4308 654 4375 toni,
682 4324 847 4381 quem
874 4310 1119 4366 arbitror
1146 4326 1270 4366 cum
1295 4311 1466 4367 Paulo
1491 4319 1548 4367 et
1569 4311 1899 4368 Thimotheo
1923 4320 2113 4369 contra

2213 3565 2363 3620 nibus
2405 3566 2550 3621 meis.
2604 3563 2873 3634 Ambigua
2916 3579 3049 3621 vero
3096 3564 3327 3631 dictum,
3379 3574 3560 3621 utrum
3609 3563 3795 3636 gratias

2212 3670 2333 3731 agat
2374 3660 2486 3715 Deo
2522 3673 2621 3714 suo
2658 3673 2897 3730 semper,
2942 3673 3011 3714 an
3039 3658 3365 3715 memoriam
3397 3659 3517 3729 ejus
3555 3656 3709 3713 faciat
3747 3657 3795 3711 in

2213 3753 2565 3810 orationibus
2603 3752 2719 3808 suis
2759 3767 2998 3822 semper.
3045 3752 3114 3808 Et
3145 3758 3437 3822 utrumque
3468 3750 3683 3821 intelligi
3713 3762 3799 3818 po-

2218 3855 2342 3902 test.
2374 3845 2475 3914 Qui
2506 3842 2653 3900 enim
2683 3845 2929 3915 prmcipit
2958 3844 3079 3900 aliis
3104 3884 3120 3912 ,
3149 3853 3209 3899 ut
3236 3844 3288 3899 in
3321 3842 3582 3900 omnibus
3609 3840 3799 3913 gratias

2215 3949 2377 4009 agant
2402 3939 2536 4007 Deo,
2569 3936 2737 3993 nullis
2766 3937 3032 4008 angustiis
3063 3937 3260 4008 poterit
3286 3936 3655 4001 coarctari,ut
3682 3946 3795 4004 gra-

2218 4034 2322 4089 tias
2360 4047 2580 4100 semper
2628 4031 2740 4085 Deo
2793 4029 2914 4102 ipse
2960 4044 3075 4085 non
3129 4028 3457 4106 rel‘erat._Si
3504 4037 3676 4082 autem
3711 4039 3799 4095 pro

2217 4124 2445 4189 sanctis,
2468 4132 2525 4179 et
2550 4122 2869 4179 melioribus
2891 4122 3207 4193 quibusque
3227 4121 3435 4177 Paulus
3460 4135 3669 4190 semper
3691 4131 3799 4170 ora-

2217 4218 2311 4274 bat
2333 4224 2579 4285 (sanctus
2606 4224 2789 4271 autem
2819 4224 2877 4270 et
2901 4214 3188 4271 Philemon
3219 4224 3328 4282 est,
3375 4223 3577 4269 tantam
3609 4210 3801 4266 habens

2218 4311 2271 4367 in
2304 4325 2365 4366 se
2393 4308 2555 4364 [idem
2583 4318 2639 4364 et
2666 4308 3011 4376 cbaritateru,
3053 4316 3113 4362 ut
3149 4320 3258 4361 non
3296 4305 3477 4362 solum
3517 4302 3694 4359 auditu
3731 4298 3801 4364 ei,

513 4402 864 4461 adversarios
887 4420 987 4476 pro
1003 4404 1208 4462 Christi
1231 4407 1452 4463 nomine
1467 4406 1817 4463 dimicantem
1836 4409 2117 4465 exstitisse
2217 4403 2315 4460 sed
2344 4403 2507 4458 etiam
2533 4415 2702 4471 opere
2732 4399 3080 4471 nosceretur)
3112 4410 3166 4454 et
3189 4415 3291 4471 pro
3318 4398 3628 4455 Philemone
3662 4409 3799 4451 sem-

505 4495 799 4563 victorem,
822 4507 1181 4570 etpropterea
1203 4500 1796 4556 nunccommilitonem
1816 4500 1948 4567 dici,
1971 4502 2113 4573 quod
2218 4513 2317 4569 per
2344 4510 2534 4551 orasse
2562 4494 2810 4561 Paulum.
2840 4492 3104 4550 Orﬁdibile
3133 4502 3221 4549 εει
3251 4510 3266 4548 ε
3294 4507 3406 4564 quo
3436 4492 3642 4548 εείιῖεεῑ
3676 4488 3801 4544 “es

512 4592 569 4648 iu
594 4591 792 4649 eodem
821 4593 1122 4649 certamine
1147 4592 1405 4664 belloque
1441 4595 1808 4665 superaverit.
1842 4594 2115 4651 Scribitur
2140 4573 2198 4636 Ῑ)
2221 4604 2276 4649 et
2305 4592 2547 4647 charitas
2573 4603 2736 4659 quam
2787 4588 3024 4644 habebat
3066 4588 3119 4643 in
3158 4586 3401 4652 Christo,
3440 4597 3497 4644 et
3537 4586 3589 4641 in
3625 4595 3802 4640 omnes

512 4684 679 4742 etiam
716 4683 981 4741 Ecclesiae
1016 4700 1140 4756 qua:
1169 4686 1226 4741 in
1262 4684 1428 4742 domo
1456 4685 1576 4757 ejus
1616 4698 1724 4742 esu
1764 4685 1965 4742 Verum
2012 4688 2115 4743 hoc
2221 4685 2383 4759 752
2410 4693 2629 4740 sanctos
2655 4682 2778 4753 ejus
2800 4724 2814 4749 ,
2856 4695 2957 4751 per
2982 4680 3537 4737 communicationem
3566 4676 3713 4740 ﬁdei,
3750 4681 3801 4728 et

513 4779 853 4852 ambiguum,
882 4766 1079 4851 rutrum
1110 4779 1379 4837 Ecclesiae
1413 4796 1533 4852 qua:
1567 4781 1622 4836 in
1660 4781 1825 4837 domo
1856 4779 2115 4854 Archippi
2222 4780 2601 4850 operationem
2631 4775 2925 4849 agnitionis
2955 4775 3011 4832 in
3041 4775 3191 4832 omni
3226 4772 3398 4841 bono,
3427 4771 3623 4830 Christi
3649 4770 3801 4825 misc-

514 4872 592 4930 sit
623 4889 639 4930 :
665 4887 736 4928 an
759 4872 813 4930 ei
844 4886 967 4943 quae
998 4871 1054 4928 in
1078 4871 1244 4929 domo
1271 4872 1632 4929 Philemonis.
1666 4872 1775 4929 Sed
1805 4873 1937 4929 mihi
1970 4874 2119 4931 vide-
2223 4874 2456 4932 ricordia
2505 4881 2854 4937 servaretur;
2904 4880 2959 4927 et
2989 4870 3058 4927 de
3097 4870 3369 4927 charitate
3401 4868 3616 4942 quidem
3652 4878 3802 4936 quam

512 4976 603 5025 tur
631 4981 739 5024 non
765 4967 836 5024 ad
866 4965 1151 5038 Archippi,
1175 4967 1273 5024 sed
1299 4966 1370 5023 ad
1398 4967 1733 5025 Philemonis
1763 4968 2115 5026 referendum
2224 4968 2461 5024 habebat
2492 4967 2547 5022 in
2577 4966 2803 5021 Christo
2829 4964 2981 5029 Jesu,
3027 4974 3080 5021 e.’
3121 4966 3175 5019 in
3205 4978 3398 5020 omnes
3435 4972 3646 5019 sanctos
3671 4958 3802 5028 ejuS,

509 5076 637 5120 esse
667 5075 964 5134 personam
983 5101 999 5128 ,
1028 5061 1118 5117 cui
1144 5060 1261 5132 ipsa
1291 5075 1513 5132 quoque
1538 5060 1769 5131 epistola
1807 5060 2116 5131 deputatur.
2224 5077 2336 5118 non
2359 5059 2603 5116 dil'licilis
2654 5057 3037 5129 interpretatio
3067 5065 3150 5112 est
3177 5073 3191 5110 :
3219 5071 3324 5127 qua
3353 5064 3482 5126 post
3502 5055 3655 5110 Deum
3682 5047 3805 5103 dili-

509 5155 648 5212 Nam
679 5155 809 5212 licet
851 5154 1057 5211 Paulus
1084 5165 1141 5211 et
1162 5153 1523 5210 'l‘himotheus
1547 5154 1751 5224 pariter
1786 5153 2027 5212 scribant
2055 5154 2123 5211 ad
2225 5169 2355 5226 gere
2380 5151 2637 5223 jubemus
2659 5158 2716 5206 et
2739 5146 3230 5241 proximoslNunc
3259 5146 3365 5241 hoc
3387 5146 3659 5241 quaeritur.
3679 5153 3807 5241 quo-

510 5249 915 5316 Philemonem,
958 5247 1231 5320 Appiam,
1283 5246 1644 5318 Archippum,
1680 5256 1737 5303 et
1774 5247 2121 5306 Ecclesiam:
2226 5246 2390 5307 modo
2434 5244 2684 5301 eamdem
2730 5242 2893 5300 iidem
2943 5243 2996 5297 in
3033 5238 3256 5297 Christo
3286 5239 3421 5295 Jesu
3468 5238 3656 5294 habere
3691 5238 3808 5301 quis

517 5352 705 5401 tamen
742 5343 802 5399 in
849 5342 1204 5414 sequentibus
1248 5340 1585 5412 approbatur
1614 5340 1840 5396 Paulum
1888 5349 2127 5398 tantum-
2228 5341 2423 5413 possit,
2458 5347 2515 5395 et
2551 5336 2605 5392 in
2648 5344 2867 5391 sanctos
2893 5335 3042 5405 ejus;
3078 5336 3181 5391 ἀπὸ
3218 5340 3389 5390 κοινοῦ
3425 5331 3567 5389 enim
3608 5330 3809 5384 resonat

518 5439 682 5497 modo
712 5438 780 5495 ad
806 5437 1183 5496 Philemonem
1229 5436 1474 5495 scribere
1496 5481 1511 5508 ,
1555 5445 1611 5495 et
1651 5453 1816 5494 unum
1860 5452 1987 5495 cum
2019 5454 2128 5498 uno
2229 5435 2553 5494 charitatem
2582 5447 2745 5504 quam
2796 5429 2964 5486 habes
2989 5429 3044 5485 in
3069 5426 3542 5495 DominoJesu,et
3563 5425 3612 5480 in
3632 5432 3808 5478 omnes

592 5679 616 5707 α
642 5666 871 5743 Addunt
893 5668 1065 5743 nostri
1096 5682 1227 5725 mss.
1254 5682 1348 5739 pro
1376 5665 1542 5743 vobis,
1575 5679 1709 5743 quas
1736 5660 1995 5743 nesciunt
2022 5679 2119 5722 νο-
2221 5665 2327 5722 sim
2351 5660 2705 5743 castigantur.
2996 5729 3010 5742 .
3169 5728 3214 5743 Η
3297 5727 3343 5743 Ἦ
3411 5726 3424 5739 ,

512 5759 606 5800 ces
629 5720 1083 5809 (ἓῶᾙὲρὶιῖιῖὶὼ
1097 5720 1748 5809 ἶὲῖιιιὲξίιιιιιιείλεῖιὶηιιε
1778 5720 2081 5809 interpres;
2232 5720 2241 5722 ⁷
2301 5746 2322 5773 ε
2356 5720 2749 5809 ϐίειξτοῑειιειξε
2789 5743 2950 5800 mss.,
2990 5729 3044 5785 in
3094 5728 3263 5785 nobis.
3297 5726 3488 5787 Variat
3523 5733 3575 5782 et
3601 5720 3810 5779 στίβους

562 5816 590 5855 ιι
620 5812 825 5871 Vitiose
855 5805 1102 5869 Martian.
1134 5805 1328 5884 quate?
1363 5805 1504 5868 levia
1539 5809 1590 5866 id
1621 5823 1765 5881 genu
1786 5823 1812 5866 s
1848 5805 1958 5866 alia
1990 5823 2099 5883 pas

2227 5814 2431 5876 textus,
2461 5806 2588 5876 ὑμῖν
2613 5811 2669 5860 et
2695 5805 2839 5873 ἡμῖν.

3656 5922 3761 5947 νι-κδ
