3948 6334
181 345 257 405 609

788 338 1446 400 COMMENTARIORUM
1488 341 1552 399 IN
1594 342 1814 402 EPIST.
1857 344 1951 402 AD
1992 344 2442 407 PHILEMONEM
2483 350 2731 427 LIBER]

3310 358 3418 418 6-10

177 471 340 520 sanctos
371 454 478 526 ejus
510 471 524 509 :
575 462 627 510 et
665 463 690 493 ³
719 454 880 512 ﬁdem
904 497 920 525 ,
963 473 1124 528 quam
1168 459 1337 514 habes
1381 459 1434 513 in
1475 460 1706 516 Domino
1733 461 1783 521 A
1811 460 1968 530 cujus
1992 465 2242 535 corporis
2271 481 2464 524 omnes
2494 471 2739 526 membra
2770 486 2982 526 sumus.
3021 473 3125 541 Qui
3153 474 3303 539 dicit,
3337 476 3422 530 in-

173 555 286 615 Jesu.
313 562 358 608 ct
387 552 437 607 in
481 568 673 610 omnes
713 567 935 612 sanctos
975 557 1115 628 ejus.
1167 558 1248 614 Ad
1299 559 1703 627 expositionem

172 647 290 718 hujus
313 645 404 701 loci
429 645 496 702 de
527 645 720 702 Exodo
749 664 1030 708 sumamus
1060 655 1376 723 exemplum
1415 672 1428 708 :
1470 652 1704 709 Credidit

171 741 345 814 populus
363 737 467 795 Deo
493 749 542 795 et
582 740 755 814 Moysi
804 761 952 800 seruo
993 747 1106 816 ejus
1146 744 1343 819 (Exod.
1401 747 1536 819 xu).
1586 747 1702 804 Una

169 844 288 904 atque
327 832 500 889 eadem
531 835 832 894 credulitas
875 837 931 892 in
979 838 1204 912 Moysen
1254 840 1508 906 refertur,
1553 851 1606 898 et
1648 842 1702 897 in

167 927 329 982 Deum:
359 935 408 980 ut
438 927 673 997 populus
700 930 793 1000 qui
824 931 1092 988 credebat
1116 933 1170 987 in
1205 933 1516 1001 Dominum,
1549 951 1705 1004 aeque

165 1020 404 1078 credidisse
441 1021 658 1080 dicatur
705 1023 814 1097 [Αἰ.
859 1027 1153 1099 scribatur]
1194 1027 1249 1083 in
1300 1044 1539 1084 servum.
1592 1029 1704 1086 lloc

165 1128 301 1171 autem
328 1129 422 1170 non
449 1115 633 1172 solum
667 1118 718 1172 in
749 1118 960 1191 Moyse,
999 1120 1096 1175 sed
1131 1121 1183 1174 in
1214 1121 1466 1177 omnibus
1499 1121 1702 1178 sanctis

165 1211 253 1280 ejus
265 1217 360 1276 est;
382 1220 434 1263 ut
450 1211 783 1282 quicumque
805 1211 1041 1268 credidit
1065 1213 1197 1282 Deo,
1223 1215 1383 1270 aliter
1407 1214 1526 1284 ejus
1543 1214 1704 1271 ﬁdem

164 1305 355 1376 recipere
383 1319 486 1360 non
517 1315 707 1372 queat,
741 1305 844 1361 nisi
886 1305 1079 1362 credat
1108 1317 1162 1363 et
1205 1309 1262 1362 in
1306 1320 1528 1364 sanctos
1559 1308 1703 1380 ejus.

162 1397 249 1454 Non
273 1405 343 1453 est
363 1399 501 1454 enim
531 1398 588 1453 in
615 1399 786 1454 Deum
814 1399 1055 1470 perfecta
1077 1401 1300 1458 dilectio
1329 1412 1385 1458 et
1406 1403 1562 1471 ﬁdes,
1583 1419 1706 1474 quas

163 1490 202 1544 in
225 1491 464 1546 ministros
488 1491 607 1562 ejus
635 1493 764 1548 odio
794 1503 848 1549 et
883 1494 1206 1550 infidelitate
1240 1505 1514 1550 tenuatur.
1548 1495 1704 1563 Quod

160 1593 296 1638 autem
314 1583 453 1653 dico,
483 1586 595 1642 tale
623 1593 711 1641 est
740 1602 754 1640 :
793 1585 1022 1642 credidit
1051 1586 1160 1660 [ΑΙ.
1203 1589 1404 1662 credit]
1434 1589 1703 1660 quispiam

160 1680 200 1732 in
215 1677 518 1735 conditorem
548 1680 720 1736 Deum
753 1699 764 1733 :
793 1697 901 1736 non
934 1692 1116 1752 potest
1141 1684 1387 1750 credere,
1421 1685 1526 1739 nisi
1559 1684 1706 1754 prius

159 1770 435 1839 crediderit,
482 1772 550 1829 de
590 1774 799 1829 sanctis
845 1775 966 1844 ejus
1003 1793 1132 1832 vera
1183 1793 1306 1833 esse
1338 1794 1458 1849 quae
1500 1778 1704 1848 scripta

1808 554 1943 622 quit,
1958 557 2165 627 justum
2210 559 2486 626 iniustum,
2513 571 2560 615 et
2590 562 2851 628 iniustum
2869 567 3097 637 justum,
3143 566 3416 621 abomina-

1808 648 1926 702 bilis
1975 662 2183 722 uterque
2208 654 2357 723 apud
2390 654 2558 709 Deum
2587 665 2662 712 est
2696 656 2883 731 (Prov.
2915 674 3012 727 vn,
3046 659 3136 730 15)
3172 678 3185 714 :
3220 661 3417 716 simili-

1807 749 1890 795 ter
1920 742 2014 812 qui
2043 753 2291 800 sanctum
2320 747 2454 802 dicit
2491 763 2615 806 esse
2647 765 2755 806 non
2796 761 3069 821 sanetum,
3105 762 3163 809 et
3192 769 3418 812 rursum

1807 849 1914 888 non
1947 846 2198 891 sanctum
2221 879 2237 904 ,
2271 840 2470 895 asserit
2501 850 2748 898 sanetum
2775 884 2791 910 ,
2847 843 3236 901 abominabilis
3267 846 3416 918 apud

1808 926 1977 988 Deum
2005 939 2112 983 eSt.
2144 929 2351 985 Omnes
2371 932 2684 1001 credentes,
2711 936 3012 993 secundum
3059 937 3414 1011 Apostolum,

1805 1014 2008 1074 Christi
2033 1037 2230 1090 corpus
2255 1023 2570 1082 efﬁciuntur
2599 1025 2708 1100 [Αι.
2733 1028 3024 1104 efﬁcimur]
3051 1031 3072 1102 (
3093 1032 3114 1086 Ι
3135 1031 3256 1089 Cor.
3296 1049 3353 1088 vr
3374 1032 3419 1106 ).

1806 1107 1907 1176 Qui
1958 1111 2009 1165 iu
2065 1111 2264 1170 Christi
2314 1130 2554 1186 corpore
2608 1129 2760 1175 errat
2788 1129 2845 1176 et
2889 1121 3117 1190 labitur,
3160 1138 3422 1181 asserens

1808 1205 2110 1260 membrum
2151 1207 2270 1277 ejus
2301 1209 2385 1264 vel
2412 1218 2662 1289 sanctum
2705 1227 2849 1282 esse,
2878 1231 3002 1271 cum
3038 1231 3148 1272 non
3177 1217 3250 1273 sit
3280 1236 3293 1272 :
3323 1217 3417 1275 vel

1807 1312 1913 1351 non
1937 1310 2184 1354 sanctum
2207 1315 2351 1369 esse,
2383 1317 2506 1357 cum
2551 1317 2805 1362 sanctum
2848 1307 2939 1374 sit,
2970 1308 3093 1364 vide
3123 1310 3270 1380 quali
3299 1311 3414 1367 cri-

1806 1389 1953 1445 mine
1979 1391 2252 1447 obnoxius
2282 1393 2412 1448 ﬁat:
2445 1393 2558 1461 γω,
2585 1397 2661 1451 ait
2686 1397 2878 1468 Isaias,
2911 1401 2998 1469 qui
3037 1401 3216 1456 dicunt
3259 1402 3417 1459 dulce

1806 1499 2066 1550 amarum,
2098 1495 2145 1540 et
2168 1504 2408 1542 amarum
2437 1488 2591 1545 dulce
2613 1505 2633 1544 :
2661 1504 2907 1561 ponentes
2947 1497 3185 1552 tenebras
3207 1497 3374 1552 lucem
3396 1537 3416 1567 ,

1807 1587 1854 1630 et
1883 1577 2048 1631 lucem
2069 1582 2301 1636 tenebras
2324 1584 2344 1654 (
2365 1579 2498 1636 Isai.
2520 1599 2572 1649 ν,
2597 1583 2729 1656 ‘20).
2762 1585 2954 1656 Dulce,
2989 1596 3122 1658 puto
3144 1604 3267 1647 esse
3296 1606 3421 1648 san-

1806 1671 2123 1728 ctimoniam
2149 1691 2160 1728 :
2191 1691 2458 1745 amarum,
2495 1677 2638 1748 quod
2662 1680 3049 1738 sanctimoniae
3075 1687 3416 1744 contrarium

1808 1774 1923 1830 est;
1957 1782 2110 1836 a‘que
2139 1768 2231 1823 lux
2276 1771 2641 1828 sanctimonia
2668 1773 2897 1846 intelligi
2923 1785 3128 1846 potest,
3174 1781 3418 1838 tenebras

157 1873 249 1918 sunt
273 1881 286 1918 :
307 1863 467 1921 Adam
492 1882 520 1920 a
545 1867 663 1923 Deo
685 1870 1039 1938 plasmatum,
1073 1871 1239 1926 Evam
1261 1887 1328 1927 ex
1350 1883 1501 1928 costa
1529 1873 1697 1940 illius,

1815 1860 2096 1916 contrariae
2137 1863 2440 1919 sanctitati.
2493 1867 2628 1932 Quis
2669 1877 2832 1939 putas
2861 1886 2892 1926 e
2923 1871 3086 1928 nobis
3117 1872 3420 1944 probandis

156 1967 195 2011 et
230 1958 372 2014 latere
418 1958 761 2028 fabricatam,
797 1961 984 2018 Enoclt
1021 1965 1366 2030 translatum,
1406 1965 1519 2021 Noe
1571 1981 1703 2020 nau-

155 2050 267 2123 frago
292 2052 452 2109 solum
497 2055 635 2112 orbe
664 2065 948 2112 servatum
973 2076 984 2110 :
1016 2059 1160 2127 quod
1180 2061 1392 2129 primus
1423 2059 1700 2115 Abraham

151 2143 202 2199 de
223 2154 344 2202 terra
379 2162 498 2215 sua,
534 2158 590 2204 et
617 2151 946 2221 cognatione
969 2152 1156 2222 jussus
1187 2153 1363 2221 exire,
1411 2155 1701 2210 circumci-

153 2237 318 2294 sionem
362 2257 526 2313 quam
570 2242 626 2297 in
673 2244 885 2316 signum
932 2245 1130 2301 futurae
1178 2249 1346 2317 prolis
1391 2259 1700 2320 acceperat,

151 2335 338 2403 posteris
363 2335 661 2409 dereliquit
699 2356 713 2392 :
743 2338 889 2410 quod
916 2338 1067 2396 Isaac
1104 2340 1320 2398 oblatus
1359 2343 1576 2399 victima
1609 2345 1702 2411 sit,

152 2437 192 2482 et
212 2443 293 2498 pro
321 2429 408 2487 illo
433 2431 580 2488 aries
612 2434 926 2490 immolatus
951 2476 967 2503 ,
999 2446 1400 2509 coronatusque
1431 2441 1700 2509 sentibus,

151 2520 413 2589 passionem
479 2525 696 2581 Domini
752 2526 1080 2584 deformarit
1132 2548 1144 2583 :
1195 2531 1336 2601 quod
1388 2531 1604 2604 Moyses
1650 2541 1706 2588 et

150 2613 292 2671 Aaron
320 2617 502 2674 decem
543 2619 715 2690 plagis
759 2618 1054 2694 Egyptum
1083 2621 1383 2680 afﬂixerint
1412 2641 1425 2680 :
1453 2624 1598 2695 quod
1637 2624 1705 2682 ad

147 2718 298 2761 vocem
323 2709 446 2766 Jesu
485 2709 586 2764 ﬁlii
629 2710 783 2767 Nave
814 2727 1116 2785 precesque
1145 2716 1360 2771 steterit
1388 2717 1469 2772 sol
1513 2719 1567 2772 in
1598 2717 1707 2774 Ga-

147 2796 278 2866 baon,
299 2813 350 2856 et
374 2804 498 2858 luna
533 2804 586 2859 in
612 2805 757 2860 valle
785 2805 966 2862 Ailon.
1001 2807 1247 2880 Longum
1277 2821 1361 2867 est
1387 2810 1414 2850 ι’
1449 2814 1705 2869 universa

143 2889 354 2952 Iudicum
391 2906 546 2968 gesta
579 2914 911 2970 percurrere
947 2919 960 2956 :
995 2913 1051 2959 et
1080 2913 1250 2960 totam
1283 2907 1514 2964 Samsmt
1553 2909 1706 2965 fabu-

144 2984 244 3053 lam,
289 2989 350 3044 ad
388 2992 508 3047 veri
541 2993 676 3048 solis
719 2993 844 3061 (hoc
884 2997 1087 3068 quippe
1139 3015 1335 3056 nomen
1364 3001 1481 3070 ejus
1521 3004 1703 3074 sonat)

143 3078 322 3138 trahere
364 3094 797 3142 sacramentum.
839 3089 923 3145 Ad
966 3089 1172 3162 Regum
1207 3091 1315 3166 [AL
1368 3094 1705 3170 Regnorum]

143 3171 277 3230 libros
339 3180 552 3236 veniam
606 3182 824 3253 quando
876 3184 930 3239 in
975 3195 1221 3256 tempore
1270 3190 1488 3256 messis,
1539 3190 1703 3247 obse-

1810 1954 2234 2012 numismatihus
2263 1957 2493 2014 callidus
2539 1961 2820 2032 trapezita,
2853 1979 2962 2020 non
2991 1966 3200 2022 errabit
3222 1967 3277 2023 in
3307 1967 3420 2024 dis-

1807 2048 2052 2104 cretione
2081 2053 2444 2106 sanctorum?
2480 2052 2587 2120 Qui
2625 2069 2749 2111 cum
2783 2056 2834 2111 in
2869 2057 3036 2114 Deum
3082 2059 3167 2115 vel
3196 2060 3249 2116 in
3283 2074 3418 2116 san-

1807 2149 1925 2195 ctos
1984 2141 2102 2212 ejus
2153 2145 2418 2214 aequalem
2469 2145 2792 2205 charitatem
2841 2148 3112 2218 habuerit,
3144 2162 3201 2208 et
3227 2152 3417 2225 ﬁdem,

1810 2233 1982 2303 ipsius
2009 2234 2134 2292 ﬁdei
2162 2239 2714 2298 communicationem
2753 2243 2915 2300 debet
2937 2245 3150 2303 habere
3171 2263 3278 2304 non
3305 2247 3421 2306 dis-

1809 2345 1999 2399 parem
2040 2347 2051 2384 :
2095 2338 2156 2386 ut
2195 2331 2336 2387 sicut
2386 2334 2559 2390 credit
2602 2345 2659 2391 et
2703 2336 2906 2409 diligit,
2939 2339 3013 2394 ita
3063 2339 3414 2399 dilectionem

1806 2437 1958 2478 suam
2009 2433 2064 2480 et
2094 2424 2252 2481 ﬁdem
2285 2441 2451 2497 opere
2485 2439 2794 2487 consumat.
2825 2431 2985 2489 Unde
3021 2433 3101 2490 ait
3135 2451 3148 2489 :
3178 2433 3412 2495 Evidens

1808 2517 1897 2585 fiat
1929 2519 1986 2572 in
2034 2520 2301 2592 agnitione
2323 2524 2490 2578 onmis
2537 2525 2702 2592 boni;
2738 2526 2853 2582 sive
2895 2537 2951 2583 ut
2979 2527 3034 2586 in
3066 2529 3262 2588 Graeco
3294 2547 3414 2589 me-

1809 2610 1914 2665 lius
1959 2610 2226 2680 habetur,
2261 2616 2470 2685 efﬁcax;
2502 2616 2667 2690 75h.
2715 2620 2928 2695 ἐνηργής
2986 2621 3134 2677 enim
3194 2625 3423 2694 proprie

1811 2703 2094 2760 transferri
2125 2717 2328 2777 potest,
2360 2709 2556 2779 efﬁcax,
2592 2711 2707 2766 sive
2736 2713 3003 2780 operatria:
3034 2730 3053 2769 :
3081 2722 3141 2770 ut
3181 2732 3290 2772 non
3321 2731 3415 2773 so-

1809 2795 1917 2854 lum
1947 2797 2107 2853 ﬁdem
2136 2800 2316 2866 nobis,
2347 2811 2402 2856 et
2433 2800 2758 2859 charitatem
2790 2805 2846 2860 in
2883 2805 3079 2876 Deum,
3120 2817 3179 2865 et
3207 2808 3260 2864 in
3291 2823 3424 2866 san-

1809 2901 1928 2947 ctos
1953 2892 2071 2962 ejus
2098 2892 2354 2950 sufﬁcere
2374 2911 2533 2964 posse
2557 2897 2880 2965 credamus;
2911 2899 3007 2956 sed
3043 2901 3098 2958 id
3127 2901 3272 2973 quod
3292 2918 3416 2960 cre-

1810 2984 1989 3040 dimus
2034 2984 2142 3056 [Αι.
2174 2987 2460 3061 creditur],
2491 3005 2658 3061 opere
2701 2992 3062 3063 compleatur.
3096 2994 3286 3052 Potest
3313 3011 3414 3053 au-

1813 3088 1920 3133 tem
1962 3079 2248 3148 accidere,
2279 3091 2336 3136 ut
2365 3081 2486 3153 quis
2536 3082 2734 3140 habeat
2782 3085 2969 3153 ﬁdem,
3009 3098 3063 3144 et
3092 3103 3212 3144 eam
3251 3104 3424 3160 opere

1811 3185 2157 3230 consummet
2192 3193 2202 3230 :
2235 3191 2424 3231 verum
2476 3177 2803 3248 simpliciter
2845 3188 2902 3237 et
2948 3181 3128 3248 unde,
3166 3199 3276 3238 non
3321 3183 3426 3243 ha-

140 3279 290 3328 crante
311 3273 592 3344 Samuele,
624 3277 824 3348 pluvia:
851 3278 920 3334 de
945 3280 1110 3348 ccelo,
1142 3291 1197 3337 et
1227 3281 1452 3338 flumina
1477 3293 1705 3354 repente

1815 3266 1949 3324 heus
2002 3270 2340 3340 agnitionem
2387 3288 2490 3328 nec
2547 3274 2830 3330 scientiam
2887 3276 3038 3348 ejus,
3074 3276 3237 3348 juxta
3287 3277 3424 3335 illud

142 3376 390 3424 manarunt
425 3379 529 3425 :et
574 3371 744 3427 David
789 3385 985 3430 unctus
1017 3376 1070 3430 in
1103 3392 1287 3448 regem
1319 3387 1401 3434 est
1447 3397 1460 3437 :
1501 3390 1557 3435 et
1593 3380 1702 3436 Na-

141 3451 240 3511 thau
281 3459 436 3534 753
477 3470 535 3518 et
564 3461 681 3518 Gad
729 3465 1191 3536 praphetaverunt
1225 3468 1529 3541 mysteria;
1580 3488 1702 3528 cum

144 3546 266 3606 Elias
293 3555 452 3625 igneo
477 3566 671 3627 raptus
700 3568 789 3615 est
809 3575 997 3626 curru,
1027 3572 1083 3617 et
1110 3561 1342 3617 Elisaeus
1373 3563 1566 3633 Spiritu
1598 3566 1704 3620 du-

138 3639 240 3709 plici
281 3657 536 3704 mortuus
569 3660 846 3706 mortuum
879 3653 1186 3709 suscitavit.
1243 3653 1372 3711 Haec
1403 3664 1460 3711 et
1505 3663 1705 3710 caetera

139 3747 232 3802 qme
255 3736 315 3795 de
347 3742 558 3798 sanctis
585 3743 790 3815 scripta
822 3755 973 3814 sunt,
1009 3746 1110 3802 nisi
1141 3747 1264 3818 quis
1309 3748 1566 3804 universa
1589 3763 1709 3804 cre—

137 3822 318 3894 diderit,
371 3833 426 3888 in
479 3834 654 3889 Deum
687 3847 1004 3892 sanctorum
1031 3838 1259 3894 credere
1301 3854 1410 3894 non
1461 3840 1703 3895 valebit:

137 3924 419 3982 nccadduci
449 3929 521 3982 ad
556 3929 716 3984 ﬁdem
771 3931 974 3987 veteris
1003 3931 1362 3996 Testamenti,
1413 3933 1514 3988 nisi
1558 3949 1710 4004 quac-

135 4027 332 4087 cumque
353 4019 419 4076 de
442 4021 774 4091 patriarcliis
797 4032 854 4079 et
878 4023 1193 4095 prephetis,
1228 4033 1284 4081 et
1313 4026 1436 4081 aliis
1478 4025 1708 4097 insigni-

133 4104 215 4160 bus
240 4112 362 4166 viris
403 4123 596 4170 narrat
638 4114 893 4183 historia,
928 4128 948 4156 ο
975 4118 1389 4186 comprobarit:
1425 4126 1568 4175 utex
1607 4119 1711 4176 ﬁde

134 4196 288 4272 chis,
317 4205 383 4260 ad
437 4207 602 4262 ﬁdem
631 4207 816 4264 veniat
846 4209 1148 4280 Evangelii,
1203 4210 1488 4280 etjustitia
1529 4212 1622 4268 Dei
1659 4214 1709 4266 in

131 4308 184 4348 eo
211 4300 477 4357 reveletur
520 4318 589 4358 ex
643 4303 749 4359 ﬁde
783 4304 835 4358 in
892 4305 1078 4372 ﬁdem,
1121 4307 1261 4361 sicut
1289 4307 1551 4376 scriptum
1582 4317 1710 4363 est:

130 4385 288 4446 Justus
313 4403 486 4450 autem
508 4411 574 4450 ea:
601 4396 707 4466 ﬁde
737 4397 856 4450 vivit
886 4399 1071 4472 (Atiae.
1103 4397 1186 4472 ll).
1217 4399 1543 4470 Prmeipitur
1572 4411 1629 4457 et
1658 4401 1710 4455 in

128 4482 218 4539 alio
259 4486 378 4544 loco
412 4509 423 4544 :
456 4491 645 4545 Sancti
694 4500 871 4559 estote,
905 4494 1150 4561 quoniam
1201 4510 1294 4564 ego
1325 4503 1532 4548 sanctus
1576 4511 1710 4559 sum,

132 4579 239 4636 dicit
289 4584 551 4641 Dominus
604 4587 753 4643 Deus
795 4600 961 4644 uester
1006 4587 1195 4658 (Leuit.
1230 4587 1459 4660 x1x,2).
1509 4589 1711 4643 Eadem

1807 3365 2059 3434 Apostoli
2091 3385 2101 3418 :
2135 3365 2398 3438 Conﬁteor
2420 3368 2591 3423 zelum
2613 3368 2712 3424 Dei
2733 3370 2947 3438 habent,
2975 3373 3066 3427 sed
3098 3390 3201 3428 non
3227 3390 3418 3428 secun-

1808 3458 1933 3513 dum
1984 3460 2257 3515 scientiam
2310 3462 2490 3535 (Rom.
2550 3464 2728 3537 1,2).
2763 3465 2906 3522 Sunt
2960 3467 3128 3524 hodie
3174 3468 3428 3540 plerique

1809 3552 2165 3624 simplicium,
2221 3557 2312 3626 qui
2364 3557 2572 3612 faciunt
2601 3574 2769 3628 opera
2796 3559 3053 3630 justitiaz,
3085 3571 3140 3618 et
3188 3578 3296 3618 non
3326 3562 3426 3619 ha-

1808 3647 1942 3704 bent
1962 3664 2152 3705 eorum
2181 3665 2302 3720 qua:
2344 3649 2452 3720 ipsi
2475 3661 2775 3723 operantur
2797 3652 3109 3710 scientiam.
3145 3654 3304 3712 Unde
3327 3655 3426 3712 ad-

1811 3737 1994 3796 didit:
2032 3741 2101 3797 Ut
2155 3744 2554 3799 communicatio
2597 3745 2724 3814 ﬁdei
2775 3755 2876 3801 tua
2922 3746 3187 3818 operatria:
3227 3749 3324 3818 ﬁat
3368 3749 3425 3804 in

1811 3834 2078 3903 agnitione
2106 3837 2272 3890 omnis
2303 3836 2444 3894 boni.
2474 3836 2709 3905 Quantis
2735 3838 3006 3909 gradibus
3033 3836 3061 3877 ά
3097 3841 3426 3911 quantisque

1812 3926 2060 3992 saltibus,
2094 3928 2430 3998 apostolicus
2457 3929 2510 3984 iu
2536 3929 2730 3985 altiora
2757 3946 2943 3986 sermo
2976 3947 3037 3988 se
3063 3933 3286 3988 tendit?
3313 3932 3423 3990 lla-

1814 4021 1904 4075 bet
1931 4020 2200 4091 quispiam
2233 4021 2560 4076 charitatem
2583 4032 2638 4078 et
2659 4022 2821 4078 ﬁdem
2849 4023 2902 4079 in
2934 4023 3107 4080 Deum
3135 4033 3190 4080 et
3218 4026 3272 4081 in
3294 4039 3423 4081 san-

1815 4121 1934 4168 ctos
1959 4113 2076 4182 ejus
2110 4130 2124 4166 :
2153 4113 2250 4168 sed
2301 4113 2529 4169 forsitan
2558 4129 2669 4169 non
2723 4115 2924 4186 xequali
2974 4130 3093 4170 eam
3124 4115 3179 4172 in
3226 4131 3422 4176 omnes

1817 4208 1974 4264 lance
2002 4208 2397 4265 communicet.
2432 4208 2812 4265 Communicet
2833 4211 3064 4265 forsitan
3089 4211 3142 4266 in
3167 4220 3417 4281 cunctos,

1819 4301 1914 4357 sed
1947 4318 2114 4372 opere
2137 4317 2246 4357 non
2290 4303 2512 4372 expleat
2540 4319 2554 4356 :
2588 4311 2611 4338 ε
2640 4302 2921 4358 voluntate
2966 4303 3191 4371 impleat
3218 4305 3419 4377 aliquis

1819 4406 1872 4453 ct
1900 4413 2087 4467 opere,
2136 4397 2230 4453 sed
2280 4406 2562 4468 gestorum
2601 4413 2826 4454 suorum
2880 4399 3181 4468 perfectam
3212 4400 3421 4459 habere

1820 4505 1926 4546 non
1980 4499 2156 4561 potest
2201 4491 2498 4548 notionem.
2556 4490 2640 4547 Sit
2690 4491 2817 4546 talis
2842 4508 3063 4563 quoque
3087 4495 3179 4564 qui
3203 4504 3258 4551 et
3280 4510 3421 4568 opus

1823 4583 2017 4639 habeat
2041 4592 2096 4640 et
2116 4584 2404 4640 scientiam
2425 4625 2442 4651 ,
2475 4585 2572 4639 sed
2604 4599 2715 4640 non
2744 4586 2924 4640 omnis
2955 4585 3291 4658 agnitionem
3323 4589 3424 4643 ha-

129 4680 365 4736 sanctitas
391 4681 580 4738 servis
631 4682 867 4738 debetur
891 4692 944 4738 et
975 4681 1207 4738 Domino
1238 4701 1251 4739 :
1284 4693 1338 4738 et
1365 4683 1708 4739 sanctiﬁcans

1820 4675 1906 4730 bet
1938 4675 2062 4731 boni
2089 4693 2104 4741 ;
2141 4676 2314 4729 multa
2344 4677 2490 4731 enim
2513 4676 2684 4746 juste,
2714 4688 3020 4745 mansuete,
3061 4679 3419 4750 studioseque

128 4768 304 4844 ψιίρρε
332 4783 389 4830 et
439 4775 770 4830 sanetiﬁcati
811 4792 879 4831 ex
921 4791 1030 4831 uno
1059 4791 1270 4832 omnes.
1299 4775 1416 4831 Non
1464 4786 1715 4847 putemus

126 4859 279 4918 levem
312 4866 656 4923 Philemonis
710 4869 1173 4938 praedicationem,
1200 4869 1243 4923 si
1271 4869 1518 4925 eamdem
1552 4869 1712 4926 ﬁdem

127 4949 306 5012 haheat
353 4959 410 5013 in
463 4968 688 5015 sanctos
740 4975 901 5031 quam
945 4969 1002 5017 et
1042 4961 1098 5016 in
1149 4961 1343 5016 Deum.
1391 4962 1494 5029 Qui
1542 4962 1720 5017 credit

127 5045 276 5106 Deum
307 5063 568 5112 sanctum
599 5069 746 5120 esse,
780 5055 969 5126 utique
995 5071 1104 5111 non
1134 5066 1301 5111 errat.
1333 5055 1486 5124 Quod
1520 5056 1562 5109 si
1596 5057 1718 5126 quis

125 5139 383 5202 hominem
428 5149 528 5219 qui
557 5158 780 5204 sanctus
813 5164 922 5204 non
946 5157 1050 5216 est,
1085 5158 1336 5204 sanetum
1367 5163 1490 5204 esse
1539 5149 1720 5205 credi-

122 5236 268 5310 derit,
293 5252 349 5299 et
377 5242 482 5300 Dei
511 5258 635 5299 eum
656 5243 901 5314 junxerit
929 5243 1205 5312 societati,
1229 5242 1509 5298 Christum
1530 5245 1719 5314 violat,

183 5412 206 5441 ι
237 5402 571 5461 Suﬁ‘ecimus
600 5403 690 5460 hic
716 5404 781 5459 ad
826 5420 933 5460 ms.
985 5402 1365 5460 Cistereiensis
1404 5404 1720 5461 vetustioris

121 5476 499 5532 auctoritatem
547 5475 686 5548 duos
729 5491 925 5548 versus
972 5485 1398 5548 consequentes,
1450 5488 1499 5530 et
1536 5476 1716 5547 ﬁdem,

124 5561 270 5615 quam
294 5548 462 5602 habes
489 5549 549 5602 in
575 5547 800 5602 Domino
822 5545 971 5611 Iesu,
1005 5558 1052 5602 et
1080 5549 1133 5601 in
1162 5545 1336 5602 omnes
1363 5545 1570 5603 sanctos
1582 5551 1717 5620 ejus,

117 5620 276 5686 quiet
307 5620 613 5676 necessarii
646 5620 870 5689 quidem
902 5620 1208 5690 integritati
1237 5621 1524 5676 sententiae
1555 5629 1682 5674 sunt
1704 5663 1719 5686 ,

119 5699 168 5742 et
187 5692 510 5747 earumdem
533 5706 766 5746 recursu
795 5707 1012 5756 vocum,
1043 5691 1238 5762 quibus
1268 5702 1323 5747 et
1356 5691 1602 5758 proxime
1630 5706 1722 5745 su-

117 5763 292 5831 perior
324 5779 528 5819 sensus
560 5763 909 5830 terminatur,
949 5764 1296 5818 amanuensis
1334 5767 1519 5818 oeu'os
1542 5805 1557 5830 ,
1609 5774 1751 5828 tam,

117 5847 256 5900 saepe
282 5836 457 5908 obvio
483 5837 658 5908 lapsu,
693 5835 917 5903 putandi
953 5845 1084 5908 sunt
1112 5834 1388 5908 effugisse.
1426 5835 1722 5893 Rabbanus

117 5919 334 5983 quoque
363 5907 422 5966 in
461 5923 561 5968 suo
587 5906 722 5966 olim
752 5906 1054 5981 exemplari
1084 5907 1236 5980 legit.

1820 4779 2162 4840 perpetrans,
2191 4771 2365 4839 impar
2387 4778 2472 4824 est
2495 4771 2610 4825 suis
2635 4771 2689 4824 in
2711 4771 2894 4842 aliqua
2922 4781 3079 4841 parte
3105 4773 3420 4830 virtutibus.

1821 4863 1902 4918 An
1933 4879 2040 4918 non
2089 4863 2214 4918 talis
2244 4862 2530 4919 Philemon
2553 4863 2578 4916 ‘i
2607 4863 2788 4919 [labet
2811 4865 3015 4937 quippe
3047 4867 3423 4922 communica—

1825 4958 2024 5012 tionem
2069 4957 2389 5028 operatricis
2427 4956 2579 5024 ﬁdei,
2639 4969 2694 5013 et
2720 4957 3009 5015 cbaritatis
3057 4960 3110 5044 in
3142 4961 3423 5031 agnitione

1824 5053 2002 5108 omnis
2033 5051 2183 5106 boni.
2208 5052 2338 5118 Quae
2360 5067 2482 5105 cum
2513 5053 2566 5105 in
2599 5052 2868 5121 apostolis
2898 5053 2989 5122 sit,
3025 5068 3135 5108 non
3164 5069 3284 5107 eam
3317 5067 3420 5122 pu-

1826 5156 2004 5203 temus
2030 5146 2100 5202 ob
2126 5145 2178 5200 id
2230 5153 2436 5199 tantum
2459 5159 2581 5200 esse
2609 5143 2908 5214 perfectam
2940 5185 2956 5212 ,
3004 5146 3049 5200 si
3079 5146 3134 5200 in
3173 5145 3278 5200 illis
3307 5144 3380 5200 sit
3405 5162 3421 5201 :

1826 5240 1923 5298 sed
1945 5240 2000 5296 in
2021 5235 2131 5296 eot
2166 5246 2334 5294 totam
2365 5251 2516 5305 esse,
2548 5236 2674 5308 quia
2703 5233 2909 5294 Christi
2936 5246 3043 5306 est,
3077 5246 3135 5293 ut
3158 5236 3424 5310 quidquid

1897 5402 1928 5444 ι)
1959 5403 2067 5460 Pro
2096 5404 2368 5470 uniuersa,
2401 5417 2562 5470 quam
2586 5416 2777 5457 vocem
2804 5403 3108 5458 rectissime
3154 5419 3288 5460 mss.
3321 5418 3426 5462 no-

1824 5475 1923 5534 stri
1953 5476 2314 5534 substituunt.
2346 5484 2507 5530 antea
2536 5473 2833 5545 legebatur,
2867 5476 3089 5531 diversa.

1900 5561 1922 5587 ε
1955 5545 2472 5615 Δριιάἠνὶ(ειοι·ἰιιηι,
2517 5561 2636 5599 vera
2661 5546 3032 5614 comprobarit.

1897 5617 1924 5656 ά
1946 5617 2342 5674 Cistercienses
2371 5633 2508 5674 mss.
2531 5621 2838 5690 quantisque
2864 5621 3225 5691 progressibus
3259 5621 3313 5677 in
3342 5619 3426 5676 al-

1828 5693 1961 5746 tiora
1996 5708 2188 5759 sermo,
2222 5701 2328 5747 etc.

1902 5773 1926 5834 ἦ
1954 5763 2069 5818 Duo
2093 5779 2222 5819 mss.
2252 5760 2570 5815 voluntatem
2599 5762 2809 5833 impleat
2837 5762 3051 5834 aliquis,
3083 5774 3191 5824 etc.

1906 5832 1927 5875 ί
1952 5834 2099 5894 Idem
2127 5850 2284 5905 mss.,
2309 5833 2363 5889 in
2393 5850 2452 5891 eo
2472 5841 2633 5889 tutam
2661 5832 2793 5904 esse,
2823 5832 2934 5893 etc.
