3948 6334
207 232 287 294 613
826 225 1485 287 COMMENTARIORUM
1525 225 1592 285 IN
1637 225 1858 287 EPIST.
1900 228 1993 286 AD
2034 227 2487 291 PHILEMONEM
2524 227 2755 293 LIBER.
3336 232 3444 299 δη

205 370 350 417 etnon
383 351 676 410 voluntate.
724 351 882 420 Quod
914 351 960 406 si
991 351 1114 407 talis
1147 351 1342 407 fuisset
1371 350 1624 418 effectus,
1659 335 1833 420 qui'A
1859 337 1970 416 ter,
2013 364 2068 410 et
2102 369 2208 410 non
2242 363 2357 410 toto
2385 353 2494 428 [Αι.
2524 353 2718 429 totum]
2769 354 2876 412 tlxo
2908 353 3125 428 gradu:
3163 365 3225 414 ut
3263 358 3309 414 si
3341 374 3453 417 non

207 459 363 512 bonum
401 464 504 505 non
543 449 824 504 voluntate
849 488 864 514 ,
916 446 1014 502 sed
1063 447 1390 502 necessitate
1439 446 1748 516 perficeret,
1857 447 2126 517 posuisset
2156 448 2413 518 forsitan,
2443 449 2699 504 omnibus
2732 448 2911 504 servis
2940 448 3253 520 fugiendum
3281 461 3456 520 esset,

205 564 288 606 non
315 553 442 602 esset
471 544 584 600 Deo
614 541 844 598 similis:
869 542 958 612 qui
985 542 1106 597 ideo
1137 543 1313 596 bonus
1335 551 1440 608 est,
1469 541 1594 611 quia
1617 545 1748 605 vuit,
1855 551 1914 596 ut
1940 541 2228 612 apostolici
2255 541 2466 598 ﬁerent.
2501 542 2663 610 Quod
2690 551 2894 610 autem,
2927 542 2996 597 ad
3024 541 3230 615 horam,
3249 544 3454 617 junxit,

205 661 289 700 non
325 641 433 714 quia
460 640 698 710 cogitur.
743 639 821 692 Ex
849 653 958 709 quo
988 636 1337 692 manifestum
1361 645 1466 701 est,
1510 651 1628 691 rem
1659 649 1754 690 eos
1857 634 2044 689 horam
2075 647 2176 706 pro
2205 645 2454 705 tempore
2494 634 2780 690 debemus:
2801 637 3076 707 accipere:
3125 637 3203 693 Ad
3233 649 3459 710 compa-

204 743 315 796 inter
336 750 388 792 se
418 735 696 805 postulare
725 733 1083 790 contrariam.
1134 731 1268 788 Nam
1302 747 1369 788 ex
1395 746 1463 787 eo
1488 730 1635 803 quod
1666 730 1756 784 di-
1856 728 2121 782 rationem
2145 727 2291 782 enim
2308 728 2640 783 aeternitatis
2661 769 2678 796 ,
2717 743 2886 784 omne
2901 736 3120 800 tempus
3153 729 3322 786 breve
3351 741 3459 788 est.

203 842 322 896 eum,
349 827 531 884 Debuit
560 827 728 883 homo
763 827 878 883 Deo
899 825 1098 882 similis
1127 826 1267 893 fieri,
1299 824 1429 880 illud
1451 831 1670 894 petunt,
1696 831 1755 880 ut
1861 819 2206 876 (It-retentum
2227 818 2382 874 illum
2410 819 2686 890 reciperes.
2718 818 3178 878 Nullas'atternus
3201 821 3462 880 dominus

202 925 323 982 liberi
346 921 492 978 ﬁeret
523 920 772 988 arbitrii,
803 920 950 975 sicut
977 919 1120 975 Deus
1151 917 1269 989 ipse
1299 926 1403 973 est.
1452 918 1536 972 Ex
1565 932 1630 972 eo
1659 930 1757 972 au—
1857 913 2001 970 servi
2032 913 2152 968 sui:
2202 921 2445 984 potestas
2483 913 2690 984 quippe
2719 912 2838 985 ejus
2862 947 2882 980 ,ι
2901 937 2906 940 ·
2925 913 3304 984 et-utriusque
3325 930 3466 971 con-

204 1029 286 1074 tem
325 1013 457 1086 quod
505 1012 754 1069 inferunt
784 1010 896 1085 (At.
930 1009 1208 1082 infertur],
1247 1009 1370 1064 talis
1393 1009 1579 1065 debuit
1611 1009 1753 1076 fieri,
1857 1007 2016 1073 ditio,
2043 1015 2220 1062 morte
2251 1006 2460 1063 ﬁnitur.
2493 1006 2931 1072 Onesimusve'ro
2952 1008 3046 1078 qui
3077 1021 3144 1062 ex
3168 1008 3277 1064 fide
3295 1008 3460 1065 Chri-

202 1110 270 1182 qui
296 1107 475 1162 malum
510 1105 766 1176 recipere
793 1119 905 1160 non
947 1112 1166 1174 posset;
1209 1101 1337 1157 dum
1371 1102 1755 1157 necessitatem
1857 1102 1926 1157 sti
1965 1100 2143 1157 factus
2179 1109 2418 1158 aeternus
2461 1111 2544 1156 est
2567 1142 2581 1168 ,
2615 1108 2829 1157 aeterno
2860 1101 3201 1169 Philemoni,
3243 1104 3371 1176 quia
3403 1106 3460 1160 in

199 1203 237 1256 ei
261 1201 371 1255 boni
399 1199 723 1269 important,
747 1194 884 1252 illud
905 1195 1119 1259 volunt,
1144 1201 1206 1248 ut
1234 1192 1396 1248 homo
1423 1193 1534 1248 Deo
1561 1189 1758 1247 similis
1855 1194 2136 1252 Christum
2179 1207 2236 1252 et
2275 1195 2394 1266 ipse
2419 1195 2735 1252 crediderat
2757 1220 2790 1265 ,-
2823 1198 3026 1268 spiritu
3047 1197 3324 1256 libertatis
3355 1215 3458 1256 ac-

199 1309 286 1353 tion
306 1295 468 1350 fieret.
519 1292 704 1347 Potuit
734 1292 917 1361 itaque
945 1299 1002 1347 et
1024 1289 1307 1361 apostolus
1321 1288 1520 1344 Paulus
1552 1287 1760 1358 absque

197 1388 439 1444 Vulutttate
487 1384 826 1440 Philemonis
850 1423 868 1451 ,
918 1383 1244 1438 Onesimum
1285 1381 1392 1436 sibi
1421 1382 1474 1436 in
1509 1381 1762 1436 ministe-

198 1483 308 1537 rium
335 1479 593 1536 retinere.
639 1476 750 1534 Sed
780 1477 825 1532 si
851 1477 955 1532 hoc
982 1477 1104 1531 sine
1120 1477 1402 1530 voluntate
1424 1474 1760 1530 Philemonis

195 1578 407 1631 iecisset:
439 1574 648 1629 bonum
671 1570 893 1641 quidem
919 1581 1061 1636 erat,
1085 1569 1185 1625 sed
1217 1584 1326 1624 non
1357 1568 1755 1624 voluntarium.

195 1667 320 1736 Quod
362 1676 547 1722 autem
590 1682 700 1720 non
727 1673 852 1720 erat
879 1663 1270 1725 voluntarium.
1302 1663 1410 1717 alio
1439 1677 1641 1734 genere
1666 1677 1761 1717 ar-

1858 1297 2058 1360 cepto,
2102 1289 2216 1357 jam
2259 1303 2367 1344 non
2415 1303 2642 1355 servus,
2681 1289 2777 1344 sed
2821 1290 3202 1361 frater'cmpit
3242 1306 3365 1347 esse
3390 1291 3464 1350 de

1859 1396 2052 1447 servo,
2097 1381 2264 1437 frater
2293 1382 2652 1438 charissimus
2672 1422 2689 1449 ,
2722 1381 2893 1438 frater
2929 1393 3212 1442 azternus:
3245 1395 3462 1443 aeterno

1858 1485 1914 1530 et
1946 1475 2048 1546 ipsi
2085 1474 2351 1544 Apostolo
2389 1475 2720 1546 dominoque
2761 1491 2893 1544 suo,
2924 1477 3011 1532 cui
3040 1477 3358 1535 Onesimum
3394 1491 3460 1536 ut

1861 1567 2045 1623 carnis
2071 1576 2198 1624 ante
2225 1567 2472 1624 conditio
2497 1586 2511 1622 :
2540 1569 2613 1624 ita
2637 1576 2827 1639 postea
2853 1569 3084 1640 spiritus
3104 1573 3344 1642 copulat.
3391 1571 3466 1629 Et

1863 1671 1991 1716 tunc
2013 1659 2237 1731 quidem
2270 1661 2491 1732 quando
2518 1672 2639 1718 erat
2668 1662 2717 1717 ei
2746 1661 3029 1733 subjectus
3059 1663 3112 1726 in
3139 1678 3326 1730 carne,
3353 1679 3463 1722 non

192 1762 418 1832 gnebatur
448 1774 561 1813 non
587 1772 712 1814 esse
737 1757 963 1813 bonum.
1005 1755 1150 1811 Nihil
1173 1758 1378 1826 quippe
1418 1755 1621 1811 bonum
1649 1754 1756 1810 dici
1782 1754 1832 1814 B
1860 1764 1978 1812 erat
2025 1755 2075 1810 ei
2111 1755 2338 1824 junctus
2387 1754 2441 1810 in
2497 1755 2759 1820 Domino;
2814 1771 2960 1812 nunc
3008 1765 3192 1812 autem
3231 1755 3284 1812 ei
3321 1767 3377 1812 et
3406 1758 3464 1814 in

193 1863 372 1929 potest,
417 1852 526 1908 nisi
573 1852 723 1924 quod
772 1851 1081 1908 ultroneum
1111 1858 1217 1906 est.
1260 1851 1338 1905 Ex
1367 1865 1477 1920 quo
1509 1848 1761 1919 Apostoli
1803 1853 1810 1874 ‘

189 1947 558 2006 consideranda
585 1945 877 2017 prudentia
910 1956 1032 2000 est:
1081 1948 1174 2013 qui
1219 1943 1426 2000 idcirco
1471 1941 1758 2013 fugitivum

191 2058 382 2099 servom
403 2040 637 2097 remittit
663 2039 728 2094 ad
758 2038 1065 2104 dominum,
1091 2049 1150 2092 ut
1176 2037 1351 2108 prosit
1372 2037 1593 2092 domino
1624 2050 1762 2092 suo:

187 2137 261 2208 qui
286 2135 543 2208 prodesse
597 2149 710 2190 non
743 2143 993 2204 poterat,
1021 2131 1069 2186 si
1096 2131 1320 2186 domino
1350 2139 1634 2187 teneretur
1656 2131 1762 2185 ah-

187 2240 336 2285 sente.
371 2227 640 2297 Superior
686 2241 820 2297 ergo
865 2225 1100 2295 quiestio
1148 2224 1222 2279 ita
1266 2224 1532 2279 solvitur:
1579 2224 1764 2279 Potuit

189 2323 304 2377 Deus
335 2321 611 2376 hominem
662 2320 784 2374 sine
814 2317 1096 2374 voluntate
1140 2317 1262 2386 ejus
1308 2317 1491 2373 facere
1532 2317 1758 2372 bonum.

186 2415 332 2470 Porro
351 2416 396 2469 si
428 2413 536 2469 hoc
567 2411 813 2476 fecisset,
844 2427 950 2466 non
979 2421 1100 2466 erat
1126 2410 1328 2465 bonum
1361 2410 1760 2476 voluntarium,

183 2505 264 2563 sed
303 2507 670 2563 necessitatis.
734 2503 900 2572 Quod.
937 2511 1120 2559 autem
1169 2505 1505 2560 necessitate
1555 2503 1760 2557 bonum

183 2609 272 2666 est,
305 2615 409 2656 non
440 2609 526 2656 est
552 2599 783 2668 bonum,
813 2605 870 2652 et
897 2596 1222 2669 aliogenere
1254 2596 1458 2651 malum
1491 2595 1759 2666 arguitur.

180 2691 330 2760 Igitur
378 2694 610 2765 proprio
659 2693 888 2750 arbitrio
933 2708 1036 2749 nos
1081 2691 1432 2760 relinquens,
1465 2691 1638 2760 magis
1693 2690 1763 2748 ad

181 2801 314 2842 suam
334 2787 636 2858 imaginem
670 2796 730 2842 et
757 2787 1175 2843 similitudinem
1209 2786 1362 2842 fecit.
1395 2784 1646 2842 Similem
1669 2800 1769 2841 au-

181 2887 275 2936 tem
295 2880 407 2936 Deo
433 2896 563 2936 esse
594 2881 846 2935 absolute
874 2879 1078 2936 bonum
1108 2889 1213 2934 est.

237 2975 415 3045 (Vera.
443 2973 690 3046 15,16.)
723 2972 973 3030 Forsitan
1003 2975 1140 3028 enim
1171 2973 1288 3028 ideo
1323 2971 1559 3028 discessit
1584 2971 1652 3026 ad
1673 2971 1768 3026 Ito-

1859 1862 2028 1903 carne
2043 1847 2266 1917 junctus
2293 1856 2412 1915 est,
2464 1857 2518 1903 et
2547 1847 2604 1902 in
2637 1846 2890 1903 Domino.
2941 1847 3025 1904 Ex
3058 1863 3172 1920 quo
3206 1848 3469 1919 intelligi-

1860 1943 2232 2010 musjservum
2262 1940 2354 2011 qui
2394 1937 2701 1996 crediderit
2727 1937 2948 1997 Christo
2967 1983 2982 2005 ,
3009 1940 3218 2012 duplici
3238 1939 3468 1996 domino

1859 2052 1960 2092 suo
1990 2036 2110 2107 lege
2140 2035 2443 2106 constringi
2469 2076 2483 2100 ,
2528 2042 2591 2090 ut
2613 2035 2665 2091 ei
2694 2045 2752 2091 et
2774 2036 2960 2104 carnis
2986 2034 3328 2092 necessitate
3338 2034 3473 2107 junJ

1857 2141 2018 2202 gatur
2044 2129 2114 2186 ad
2141 2139 2392 2201 tempus,
2427 2140 2483 2185 et
2509 2130 2566 2186 in
2595 2141 2862 2186 mternum
2893 2130 3092 2202 spiritu
3114 2131 3426 2200 copuletur.

1932 2223 2120 2298 (Vere.
2157 2221 2276 2293 17.)
2306 2222 2369 2279 Si
2391 2240 2516 2296 ergo
2541 2223 2696 2279 habes
2728 2240 2809 2278 me
2837 2224 3054 2291 socium,
3088 2225 3290 2295 suscipe
3314 2224 3469 2280 illam

1859 2319 1994 2372 sicut
2025 2333 2125 2372 me.
2157 2315 2185 2358 δ
2217 2316 2505 2372 Philemon
2536 2318 2765 2374 Paulum
2793 2321 3007 2375 socium
3035 2318 3247 2376 habere
3274 2320 3476 2392 cupie-

1862 2413 1955 2468 bat
1979 2455 1995 2480 ,
2029 2423 2083 2467 et
2130 2412 2182 2466 in
2232 2411 2511 2468 Christum
2543 2413 2774 2470 credens
2800 2454 2817 2481 ,
2851 2414 2992 2472 tales
3023 2414 3470 2486 utique'volebat

1864 2503 2068 2567 habere
2103 2503 2402 2576 profectus,
2424 2516 2484 2562 ut
2512 2507 2906 2563 Paulosimilis
2937 2507 3108 2575 ﬁeret,
3141 2517 3200 2566 et
3219 2510 3268 2565 ei
3298 2510 3468 2583 759

1864 2602 2301 2656 communicaret
2323 2599 2377 2656 in
2402 2601 2657 2657 vinculis.
2690 2601 3119 2659 Consideremus
3143 2618 3278 2675 ergo
3299 2619 3476 2674 quan-

1868 2703 1981 2748 tum
2013 2693 2102 2750 hic
2134 2694 2386 2750 laudetur
2407 2694 2735 2764 Onesimus,
2761 2705 3022 2768 quantum
3055 2697 3361 2767 profecisse
3379 2697 3472 2754 di-

1865 2794 2065 2842 catur:
2101 2801 2225 2842 cum
2275 2787 2348 2841 ita
2395 2787 2743 2858 recipiendus
2791 2788 2946 2844 situt
2969 2789 3261 2860 Apostolus
3289 2801 3346 2846 et
3386 2790 3473 2849 sic

1867 2881 1984 2950 ejus
2033 2880 2298 2936 dominus
2346 2890 2405 2937 ut
2439 2881 2594 2938 Pauli
2647 2882 2847 2939 debeat
2875 2882 3198 2940 desiderare
3229 2898 3468 2941 consor-

1869 2971 2024 3027 tium.
2061 2973 2309 3028 Breviter
2334 2973 2480 3044 quod
2498 2974 2635 3029 dicit
2661 2976 2768 3032 tale
2799 2986 2926 3032 est:
2960 2976 3021 3032 Si
3052 2991 3141 3034 me
3161 2975 3242 3033 vis
3264 2975 3474 3035 habere

177 3084 276 3122 ram
303 3078 424 3137 ate,
455 3080 513 3123 ut
536 3079 790 3123 retentum
818 3068 968 3122 illum
993 3067 1272 3138 reciperes.
1322 3063 1446 3120 Jan:
1488 3083 1590 3120 non
1632 3067 1768 3120 sicut
1871 3078 2208 3134 consortem,
2239 3065 2442 3122 habeto
2470 3077 2525 3122 et
2549 3067 2894 3135 Onesimum,
2927 3083 3094 3140 quem
3116 3083 3218 3139 ego
3241 3083 3475 3125 consor-

176 3176 384 3229 semtm,
410 3161 511 3216 sed
547 3162 667 3232 plus
693 3176 864 3226 servo,
893 3159 1107 3229 fratrem
1131 3157 1514 3227 charissimam,
1547 3157 1768 3212 maxime
1797 3141 1843 3204 C
1875 3168 2005 3230 rem,
2038 3169 2094 3216 et
2117 3159 2287 3216 ﬁlium
2318 3176 2527 3227 meum,
2556 3170 2618 3216 ει
2638 3161 2851 3217 me"
2887 3164 3008 3218 mea
3044 3162 3220 3219 habeo
3245 3179 3259 3217 ε
3304 3177 3474 3234 quem

177 3253 291 3309 milii
309 3266 558 3325 :quanto
586 3252 756 3325 magis
784 3260 958 3308 autent
988 3251 1113 3318 tibi,
1148 3260 1195 3305 et
1220 3251 1274 3305 in
1303 3265 1479 3316 carne,
1513 3257 1560 3304 et
1585 3249 1640 3302 in
1663 3248 1769 3304 Do-

175 3349 320 3402 mitio.
384 3347 818 3419 Nonnumquam
865 3347 1069 3402 malum
1120 3346 1340 3402 occasio
1382 3347 1443 3401 fit
1472 3345 1764 3411 bonorum,

176 3447 225 3498 et
250 3441 543 3499 hominum
585 3457 755 3514 prava
795 3442 1023 3497 consilia
1067 3441 1211 3496 Deus
1248 3441 1412 3496 vertit
1443 3441 1508 3496 ad
1537 3449 1766 3495 rectum.

175 3534 312 3600 Quod
339 3535 472 3590 dico
499 3532 849 3590 manifestius
871 3533 1120 3604 exemplo
1153 3532 1272 3588 ﬁet.
1311 3531 1512 3602 Ioseph
1544 3531 1765 3599 fratres,

172 3629 248 3683 sui
273 3628 441 3702 758
490 3627 602 3683 zeli
651 3627 887 3682 stimulis
928 3625 1179 3691 incitati,
1233 3623 1524 3680 lsmaelitis
1576 3625 1772 3693 viginti

172 3732 196 3760 ι
219 3723 399 3780 aureis
419 3721 826 3780 «vendiderunt
855 3718 1013 3794 (Cen.
1050 3721 1283 3791 xxxvii).
1332 3719 1446 3775 Hoc
1472 3719 1687 3775 initium
1718 3730 1776 3776 et

172 3817 334 3886 patri,
371 3825 433 3872 et
475 3815 782 3884 fratribus,
829 3823 887 3870 et
913 3813 1062 3870 omni
1096 3811 1335 3884 Egypto
1365 3812 1634 3868 bonorum
1657 3828 1776 3868 om-

173 3911 307 3965 nium
336 3909 470 3966 fuit.
503 3909 761 3982 Denique
804 3909 922 3980 ipse
951 3918 1140 3978 postea
1163 3907 1229 3962 ad
1262 3908 1496 3962 fratres:
1537 3906 1664 3973 Vos,
1695 3908 1778 3963 in-

171 4004 577 4081 quit,cogitastis
598 4006 663 4059 de
680 4004 942 4059 memala:
963 4012 1010 4058 et
1036 4002 1180 4058 Deus
1199 4005 1438 4078 cogitavit
1463 4005 1525 4058 de
1547 4021 1624 4058 me
1643 4003 1778 4058 bona

170 4094 314 4164 (Gen.
352 4113 495 4167 ην,
533 4099 618 4168 8).
661 4095 855 4154 Simile
884 4094 1014 4166 quid
1041 4095 1170 4150 etin
1198 4093 1458 4151 Onesimo
1489 4109 1779 4165 possumus

170 4189 508 4260 intelligere,
549 4189 698 4261 quod
737 4190 877 4245 mala
919 4187 1185 4258 principia
1224 4189 1542 4244 occasiones
1574 4186 1780 4242 fuerint

167 4285 244 4339 rei
265 4285 455 4340 bonae.
491 4284 726 4340 Sienim
751 4283 1035 4338 dominum
1066 4298 1176 4337 non
1204 4282 1451 4354 fugisset,
1480 4297 1779 4352 numquam

170 4378 407 4433 venisset
437 4378 683 4433 Romam
709 4375 806 4433 ubi
833 4385 952 4431 erat
977 4374 1180 4431 Paulus
1211 4375 1429 4431 vinctus
1457 4375 1506 4446 in
1532 4389 1777 4430 carcere.

167 4468 489 4527 SiPaulutIt
527 4471 583 4525 in
632 4467 868 4524 vinculis
908 4482 1015 4523 non
1045 4466 1314 4532 vidisset,
1345 4482 1452 4523 non
1481 4466 1782 4538 rccrpisset

1869 3254 1916 3308 si
1946 3268 2054 3308 non
2083 3253 2399 3324 susceperis
2423 3293 2438 3320 ,
2487 3268 2589 3310 nec
2613 3253 2817 3310 habere
2843 3253 3084 3311 volueris
3103 3291 3120 3325 ,
3159 3264 3216 3318 et
3242 3253 3360 3326 ipse
3390 3255 3477 3312 in-‘

1871 3347 2076 3416 telligis
2105 3345 2253 3417 quod
2284 3361 2371 3402 me
2397 3345 2603 3404 habere
2625 3361 2736 3403 non
2769 3348 2969 3418 possis.

1943 3437 2140 3509 (Vers.
2160 3438 2276 3510 18.)
2313 3438 2376 3495 Si
2397 3449 2572 3495 autem
2593 3440 2794 3512 aliquid
2821 3440 2996 3496 nocuit
3029 3441 3143 3510 tibi,
3184 3451 3275 3498 aut
3301 3443 3475 3512 debet,

1874 3534 1969 3588 hoc
2013 3532 2140 3588 mihi
2176 3533 2395 3606 impura.
2437 3534 2684 3591 lmitator
2714 3535 2928 3591 Domini
2954 3537 3073 3607 sui,
3112 3548 3168 3594 et
3193 3535 3478 3596 Christum

1874 3627 1926 3682 in
1971 3642 2033 3683 se
2076 3628 2395 3699 loquentem
2426 3628 2666 3697 habens,
2699 3645 2764 3687 ea
2806 3631 2960 3702 juxta
2983 3633 3129 3690 vires
3160 3649 3290 3690 suas
3311 3633 3486 3692 debet

1874 3722 2056 3779 facere
2097 3740 2218 3793 quae
2267 3722 2547 3780 Christus.
2611 3723 2670 3780 Si
2693 3724 2840 3781 enim
2874 3726 2967 3784 ille
2997 3727 3350 3783 infirmitates
3378 3743 3484 3784 no—

1876 3825 2020 3871 stras
2045 3816 2315 3886 portavit,
2365 3824 2422 3872 et
2448 3818 2642 3888 plagas
2674 3829 2892 3874 nostras
2913 3819 3119 3888 doluit,
3153 3818 3300 3890 juste
3324 3820 3484 3891 Apo-

1877 3908 2052 3963 stolus
2081 3923 2179 3978 pro
2205 3907 2470 3964 Onesimo
2497 3925 2560 3966 se
2589 3912 2851 3980 opponit,
2892 3920 2948 3967 et
2975 3912 3213 3982 spondet
3237 3927 3364 3984 quae
3384 3914 3484 3971 ille

1878 3998 2133 4055 debebat.
2178 3996 2250 4055 Ut
2276 4008 2460 4055 autem
2491 4017 2658 4071 supra
2681 4001 2946 4070 diximus,
2989 4010 3166 4058 tctum
3199 4004 3336 4060 illud
3365 4005 3486 4077 eet,

1879 4093 2024 4164 quod
2047 4093 2284 4148 ablatum
2315 4093 2483 4162 furto,
2514 4103 2574 4151 et
2594 4110 2689 4165 per
2718 4095 2988 4150 luxuriam
3018 4098 3292 4167 perditum
3313 4138 3328 4164 ,
3368 4115 3483 4156 non

1880 4195 2094 4258 poterat
2120 4187 2336 4244 absolvi
2367 4207 2383 4244 :
2416 4189 2562 4260 quod
2594 4189 2883 4246 Philemon
2911 4191 3106 4261 grandi
3135 4194 3317 4263 pretio
3347 4206 3487 4266 pen-6

1881 4279 2040 4334 sahat
2072 4278 2180 4352 [Αι.
2213 4281 2628 4354 compensabat]
2656 4281 2784 4338 dum
2809 4297 2910 4354 pro
2929 4298 3091 4341 servo
3121 4284 3387 4358 fugitivo,
3427 4297 3488 4346 et

1885 4373 2111 4445 pecunia
2147 4374 2378 4444 perdita,
2412 4383 2469 4431 et
2493 4374 2720 4432 fratrem
2743 4375 3151 4448 charissimam,
3182 4379 3480 4438 etfratrem

1883 4469 2157 4538 reciperet
2183 4477 2479 4537 aeternum,
2508 4481 2562 4526 et
2586 4486 2682 4542 per
2701 4487 2827 4528 cum
2849 4471 2954 4530 sibi
2986 4473 3310 4545 Apostolum
3337 4475 3487 4534 face-

168 4563 321 4620 tidem
373 4565 437 4620 in
479 4563 786 4620 Christum.
827 4562 888 4618 Si
909 4561 1117 4618 Christi
1145 4578 1252 4617 non
1281 4561 1565 4618 habuisset
1592 4562 1775 4627 fidem,
1809 4543 1858 4604 υ
1885 4573 1968 4620 ret
1995 4563 2325 4620 debitorem.

166 4672 472 4729 unquam
535 4657 690 4713 Pauli
737 4656 969 4712 eﬂectus
1015 4655 1190 4724 illius,
1241 4657 1294 4710 in
1341 4671 1478 4726 Opus
1506 4655 1784 4726 Evangelii

166 4753 513 4807 mitteretur.
571 4749 652 4805 Ex
700 4765 808 4821 quo
839 4748 1100 4821 paulatim
1128 4791 1142 4815 ,
1191 4757 1246 4804 et
1279 4765 1372 4820 per
1393 4748 1599 4819 gradus
1627 4765 1783 4817 suos,

164 4843 576 4920 reciprocante
605 4841 876 4916 sententia
896 4883 910 4909 ,
964 4841 1088 4897 ideo
1114 4841 1365 4897 minister
1390 4841 1676 4912 Evangelii
1702 4852 1787 4900 est

164 4934 336 4994 factus
369 4934 724 5002 Onesimus,
750 4936 876 5006 quia
905 4935 1040 5008 fugit
1068 4951 1097 4991 a
1127 4935 1372 4994 domino.
1431 4937 1665 4994 Pulchre
1689 4955 1789 4995 au-

162 5041 275 5084 tem
306 5029 568 5096 addens,
618 5028 863 5098 forsitan,
911 5029 1239 5084 sententiam
1273 5029 1617 5099 temperavit.
1684 5032 1791 5087 0c-

161 5123 300 5176 rulta
358 5133 511 5178 sunt
559 5119 764 5192 quippe
809 5119 1015 5191 judicia
1059 5121 1176 5191 Dei,
1227 5131 1282 5177 et
1319 5127 1670 5179 temerarium
1703 5132 1791 5182 est

159 5221 310 5287 quasi
342 5219 420 5273 de
453 5227 624 5272 certo
649 5216 1009 5285 pronuntiare
1036 5215 1180 5287 quod
1213 5215 1436 5272 dubium
1466 5228 1571 5273 est.
1605 5217 1792 5273 Forsi-s

162 5319 274 5378 tan,
300 5312 547 5382 inquit,
579 5310 698 5365 ideo
718 5309 996 5366 discessit:
1037 5320 1228 5378 caute,
1256 5311 1478 5379 timide,
1508 5312 1793 5384 trepidan-

230 5504 257 5532 η
301 5493 475 5560 Legit
511 5493 615 5547 hoc
652 5492 772 5547 loco
803 5492 1102 5548 secundum
1133 5493 1461 5562 interpretes
1489 5493 1656 5558 LXX,
1698 5497 1790 5566 qui

157 5567 480 5642 prpoiginti
513 5567 796 5642 argenteis,
824 5573 1325 5642 posueruntaurcos
1348 5567 1795 5642 vigintiLDcrquo

154 5633 385 5710 videare.
424 5633 621 5710 insilui
687 5633 1081 5710 llicrottyntutn
1126 5636 1178 5690 in
1223 5653 1342 5710 cap.
1378 5633 1502 5692 XXVI
1531 5633 1795 5695 Matthini.

153 5703 348 5774 Mair.
372 5703 753 5778 -—'1‘{olatuni
789 5703 923 5764 vero
946 5709 1165 5776 ipsitnet
1194 5709 1253 5778 S.
1281 5703 1504 5764 Ductori
1547 5713 1802 5778 superius

153 5727 348 5774 ομιτ.
372 5737 460 5751 -·
485 5727 753 5776 aetatum
789 5727 923 5764 vero
946 5727 1165 5776 llellﬂCl
1194 5727 1253 5778 D_-
1283 5727 1504 5764 UOCltll'l
1547 5727 1607 5763 Stl
1654 5728 1802 5768 crtus

153 5785 228 5864 ip"
265 5781 686 5866 commentor.
731 5777 790 5840 in
837 5777 1056 5852 Matth”
1086 5794 1207 5854 cap.
1246 5795 1404 5854 sui,
1436 5780 1583 5858 quod
1607 5727 1806 5861 θυεερή

1955 4655 2138 4730 (Vers.
2175 4655 2290 4727 19.)
2314 4656 2428 4730 Ego
2449 4655 2652 4715 Paulus
2673 4659 2858 4734 scripsi
2885 4677 3041 4716 manu
3061 4677 3194 4718 mea.
3230 4661 3342 4736 Ego
3363 4662 3490 4718 red-

1885 4749 2009 4803 dant
2030 4790 2046 4814 ,
2075 4757 2257 4804 utnon
2287 4749 2457 4804 dicam
2483 4751 2609 4816 tibi,
2643 4752 2766 4824 quia
2793 4763 2844 4808 et
2869 4753 3043 4826 ipsum
3075 4764 3124 4809 te
3151 4754 3278 4810 mihi
3309 4755 3486 4813 debes.

1887 4843 2041 4912 Quod
2072 4843 2205 4898 dicit
2235 4843 2342 4898 tale
2367 4852 2454 4898 est
2489 4860 2504 4899 :
2551 4844 2708 4912 Quod
2755 4845 3053 4903 Onesimus
3099 4847 3248 4904 furto
3282 4849 3494 4918 rapuit,

1889 4951 1992 5007 ego
2015 4952 2100 4992 me
2121 4935 2369 5006 spondeo
2384 4934 2728 4992 redditurum
2758 4954 2772 4992 :
2802 4938 2960 5008 cujus
2989 4939 3328 5009 sponsionis,
3358 4939 3494 5010 Epi-

1896 5029 2034 5086 stola
2078 5031 2195 5084 haec
2239 5037 2294 5085 et
2328 5043 2524 5084 manus
2569 5031 2726 5085 testis
2771 5039 2858 5088 est
2899 5031 3117 5101 propria
3145 5047 3346 5103 squam
3380 5046 3498 5092 non

1895 5122 2062 5179 solito
2093 5138 2245 5178 more
2274 5121 2518 5192 dictavi,
2549 5121 2646 5178 sed
2670 5137 2791 5179 mea
2820 5137 2987 5178 manu
3019 5124 3135 5194 ipse
3161 5124 3496 5196 conscripsi.

1897 5216 2072 5280 Crede
2091 5217 2254 5288 igitur
2283 5216 2415 5272 mihi
2445 5231 2546 5288 pro
2587 5217 2848 5282 Onesimo
2886 5216 3190 5287 pollicenti.
3233 5217 3349 5272 Hoc
3389 5232 3498 5274 au-

1901 5321 2010 5369 tem
2035 5311 2156 5367 dico
2203 5311 2360 5383 quasi
2393 5310 2463 5367 ad
2499 5320 2824 5368 extraneum
2847 5309 3104 5382 loquens.
3144 5307 3418 5367 Caeterum
3448 5308 3500 5367 si

1901 5511 2024 5558 non,
2072 5502 2127 5547 ut
2172 5489 2326 5545 multi
2366 5498 2581 5563 putant,
2624 5492 2799 5563 juxta,
2831 5485 2974 5563 LXX
3011 5487 3316 5563 interpretes
3353 5490 3503 5563 (qui-

1906 5569 2135 5638 buscum
2182 5561 2373 5638 tamen
2394 5564 2483 5619 hic
2510 5561 2659 5638 facit)
2697 5562 2882 5638 viginti
2907 5561 3081 5638 aureis
3120 5561 3498 5638 venditus—est;

1907 5637 1998 5712 δρᾷ
2018 5641 2175 5712 juxta
2205 5633 2526 5712 Hebraicant
2540 5629 2800 5712 veritatem
2826 5629 3332 5712 vigintigargentéis:

1979 5702 2035 5751 δ’
2054 5709 2263 5777 Vitiosa
2283 5723 2449 5782 penes
2477 5702 3284 5778 Martianaeum(Philemonem.
