3948 6334
481 328 590 390 61ἲὶ

1753 330 1811 389 S.
1855 325 2128 388 EUSEBII
2166 324 2550 384 HIERONYMI

3653 332 3739 389 6l6

482 445 550 502 ad
582 445 672 516 ius
719 459 901 501 meum
953 443 1207 513 redeam,
1244 458 1471 517 propter
1495 461 1814 504 sermonem
1852 444 2078 513 Christi,
2113 442 2165 503 A
2193 441 2311 515 (Ps.
2338 458 2526 505 cxvur,
2554 440 2721 511 l08)‘:
2756 439 2990 513 plusque
3020 440 3230 498 faciens
3263 456 3424 515 quam
3453 457 3739 517 prmeeptum

483 553 644 608 quem
681 537 776 594 tibi
808 537 1178 607 evangelizavi
1201 579 1216 604 ,
1261 549 1317 594 et
1354 538 1698 595 Christianus
1736 537 1967 594 eﬂectus
1999 550 2082 602 es,

480 632 721 700 tcipsum
749 631 882 686 mihi
915 630 1104 687 debes.
1131 630 1287 700 Quod
1318 633 1362 687 si
1390 641 1445 688 tu
1471 647 1624 689 meus
1651 648 1736 699 es,
1765 640 1818 687 et
1846 638 1937 685 tua
1965 643 2085 684 om-

479 723 568 780 nia
597 739 719 780 mea
741 731 868 779 sunt
893 724 1217 780 :Onesimus
1242 741 1477 797 quoque,
1512 726 1604 798 qui
1633 735 1762 781 tuus
1791 732 1898 791 est,
1931 735 2084 778 meus

479 829 584 874 est.
641 819 895 875 Poteram
928 820 1090 890 igitur
1131 834 1198 876 eo
1242 819 1324 874 uti
1366 831 1426 875 ut
1457 835 1614 887 meo;
1659 819 1760 875 sed
1809 813 2084 873 voluntati

478 920 588 967 tute
615 912 888 983 relinquo,
918 922 980 968 ut
1001 913 1315 971 mercedem
1345 913 1550 972 habeas
1577 913 1937 987 ignoscendo.

550 1002 737 1075 (Vers.
764 1003 883 1076 20.)
910 1003 1021 1071 Ita,
1050 1009 1235 1077 frater,
1292 1022 1386 1077 ego
1432 1017 1480 1060 te
1521 1007 1675 1076 fruar
1727 1005 1785 1058 in
1834 1002 2079 1059 Domino.

478 1100 884 1170 PrOprieIatcm
936 1099 1186 1157 Grzecam
1224 1100 1454 1157 Latinus
1486 1115 1674 1157 sermo
1704 1109 1730 1137 ι
1759 1114 1870 1154 non
1907 1097 2084 1169 expli-

474 1200 586 1250 cat.
613 1192 767 1260 Quod
794 1191 941 1249 enim
972 1192 1076 1259 ait,
1118 1195 1221 1261 ναὶ,
1253 1192 1431 1270 ἀδελφέ
1457 1211 1470 1248 :
1511 1197 1592 1250 ναὶ
1620 1191 1892 1264 quoddam
1927 1190 2080 1261 quasi

476 1286 802 1342 adverbium
838 1287 1178 1342 blandientis
1203 1299 1311 1344 est.
1355 1289 1465 1343 Nos
1497 1298 1680 1343 autem
1709 1288 2079 1356 interpretum

479 1389 582 1446 tes,
615 1381 709 1449 ita,
743 1383 930 1453 frater,
966 1381 1218 1451 aquatius
1248 1389 1304 1438 et
1329 1380 1554 1436 dilutius
1585 1380 1772 1436 nescio
1809 1379 1936 1449 quid
1967 1393 2082 1434 ma-

477 1473 561 1546 gis
592 1474 741 1529 aliud
771 1490 934 1545 quam
972 1475 1024 1528 id
1054 1475 1197 1546 quod
1222 1483 1308 1531 est
1337 1476 1620 1544 scriptum,
1657 1489 1934 1531 sonamus.
1964 1472 2080 1530 Sic-

474 1577 532 1624 ut
573 1567 717 1623 enim
744 1584 883 1624 ANNA
927 1568 1084 1640 (fuit)
1129 1567 1266 1624 illud
1305 1569 1664 1634 llebraicum,
1707 1584 1804 1637 pro
1824 1584 1932 1638 quo
1969 1566 2081 1622 frc-

472 1667 708 1730 queuter
735 1660 901 1732 760
930 1661 1284 1732 Septuaginta
1317 1662 1651 1732 interpretos
1681 1659 1720 1716 ὦ
1747 1661 1810 1722 δὴ
1842 1671 2080 1716 transtu-

473 1753 681 1819 lerunt,
712 1753 766 1809 in
790 1754 973 1826 lingua
997 1770 1093 1810 sua
1117 1755 1388 1826 signiﬁcat
1417 1756 1764 1826 deprecantis
1786 1756 2075 1812 affectum:

2190 545 2302 601 est,
2335 538 2514 591 vincat
2555 550 2653 591 eos
2682 537 2772 604 qui
2806 537 3186 591 tantummodo
3221 538 3483 608 imperata
3514 539 3740 610 fecerunt,

2188 638 2244 685 ει
2268 628 2530 698 jubentur
2561 628 2745 684 dicere
2773 646 2785 683 :
2836 629 2986 685 Servi
3034 630 3245 686 inutiles
3291 647 3499 692 sumus,
3527 635 3650 703 quod
3671 637 3745 690 de-

2189 722 2393 777 buimus
2425 725 2624 792 facere,
2654 723 2812 795 761
2839 723 3222 795 fecimus(l.uc.
3255 740 3387 789 xvn,
3412 722 3522 794 10).
3551 725 3744 797 Virgini-

2187 823 2269 870 tas
2295 831 2512 886 quoque
2528 825 2818 886 propterea
2837 818 3036 886 majori
3061 818 3287 888 praemio
3316 828 3626 876 coronatur:
3645 824 3747 894 quia

2186 918 2520 980 praeceptum
2553 909 2772 966 Domini
2805 927 2914 968 non
2947 911 3151 981 habet,
3184 922 3239 970 et
3266 914 3406 970 ultra
3435 913 3673 987 imperata
3698 932 3749 976 se

2186 1003 2382 1059 tendit.

2260 1096 2440 1169 (Vcrs.
2465 1097 2583 1169 22.)
2608 1097 2782 1155 Simul
2798 1107 2973 1153 autem
2996 1109 3046 1154 et
3069 1114 3309 1172 prtepara
3327 1098 3457 1154 mihi
3482 1099 3744 1172 hospitium.

2182 1186 2302 1244 Non
2332 1201 2463 1258 puto
2497 1199 2606 1246 tam
2636 1191 2864 1248 divitem
2921 1190 3095 1248 fuisse
3123 1192 3474 1260 Aposmlum,
3524 1203 3575 1248 et
3613 1195 3753 1252 tantis

2182 1282 2413 1338 sarcinis
2444 1294 2796 1356 occupatum,
2822 1293 2884 1341 ut
2902 1295 2925 1324 ο
2959 1295 3273 1356 praeparato
3302 1295 3492 1358 egeret
3520 1287 3752 1356 hospitio,

2182 1387 2240 1434 et
2262 1395 2368 1434 non
2394 1395 2499 1435 una
2522 1391 2816 1438 contentus
2833 1383 3050 1449 cellula,
3077 1383 3273 1440 breves
3292 1383 3539 1456 corporis
3557 1385 3632 1441 sui
3650 1400 3756 1457 spa-

2181 1472 2261 1526 tio
2289 1473 2455 1536 (edes,
2487 1475 2857 1545 amplissimas
2886 1475 3234 1532 existimaret
3260 1492 3274 1532 :
3307 1477 3401 1533 sed
3425 1485 3486 1531 ut
3513 1476 3629 1532 dum
3649 1493 3752 1532 eum

2181 1577 2464 1638 exspectat
2495 1569 2602 1641 [AL
2659 1569 2893 1643 spectat]
2926 1569 3210 1627 Philemon
3241 1570 3308 1626 ad
3359 1586 3420 1626 se
3448 1585 3567 1626 esse
3593 1579 3758 1625 ventu-

2181 1677 2325 1728 rum,
2361 1664 2535 1734 magis
2585 1663 2746 1720 faciat
2776 1665 2922 1736 quod
2965 1673 3190 1736 rogatus
3215 1673 3318 1720 est.
3366 1664 3426 1721 Si
3475 1674 3646 1720 autem
3673 1663 3759 1720 hoc

2181 1769 2289 1810 non
2319 1755 2744 1827 dispensatorie,
2778 1759 2874 1813 sed
2907 1773 3037 1814 vere
3063 1758 3187 1829 quis
3229 1757 3509 1813 existimat
3549 1756 3760 1828 impera-

477 1849 621 1905 unde
669 1864 1080 1921 nonnumquam
1125 1850 1495 1920 Symmachus
1536 1867 1638 1921 pro
1670 1867 1842 1918 suun,
1875 1849 2074 1924 δέομαι,
2107 1844 2156 1906 Β
2185 1857 2321 1912 ιιιηι,
2352 1860 2411 1903 ιιι
2461 1849 2565 1905 sibi
2618 1848 2914 1918 hospitium
2964 1858 3266 1922 praeparet,
3319 1849 3570 1921 apostolo
3614 1847 3761 1919 magis

480 1941 585 1997 hoc
615 1949 701 1998 est
727 1983 742 2008 ,
782 1942 1016 2010 obsecro,
1068 1942 1387 1998 transtulit:
1424 1943 1495 1999 ita
1525 1953 1580 1999 et
1609 1958 1711 1999 nos
1741 1942 1989 1999 eamdem
2023 1945 2074 1998 in

473 2034 663 2092 Grmca
710 2035 893 2105 lingua
940 2033 1050 2090 vim
1085 2035 1348 2107 patimur,
1397 2052 1562 2104 quam
1597 2036 1774 2092 Graeci
1803 2037 2079 2092 sustinent

473 2126 527 2181 in
556 2127 810 2183 Hebraea.
844 2127 1000 2196 Quod
1029 2139 1210 2183 autem
1230 2130 1303 2184 ait
1328 2146 1342 2184 :
1371 2126 1484 2201 Ego
1507 2138 1556 2183 te
1573 2133 1726 2197 fruar
1745 2129 1798 2183 in
1824 2126 2073 2196 Domino,

471 2219 623 2276 aliud
669 2221 846 2276 multo
896 2221 1216 2292 intelligitur
1259 2237 1420 2294 quam
1471 2230 1714 2292 putatur.
1777 2222 2076 2291 Apostolus

469 2333 581 2373 non
611 2317 808 2373 fruitur
838 2317 942 2372 nisi
971 2332 1038 2374 eo
1068 2318 1160 2387 qui
1188 2317 1389 2374 multas
1416 2318 1469 2373 in
1493 2333 1554 2374 se
1585 2317 1746 2373 habet
1771 2318 2069 2374 concinen-

470 2418 660 2481 tesque
711 2409 942 2465 virtutes
967 2451 982 2477 ,
1031 2419 1087 2464 et
1119 2419 1294 2466 tomm
1337 2411 1484 2481 quod
1515 2410 1545 2448 δ
1576 2409 1831 2466 Christus
1873 2409 2073 2466 dicitur

469 2519 568 2574 pro
605 2502 877 2560 varietate
925 2518 1211 2559 causarum
1251 2519 1266 2558 ε
1299 2503 1627 2574 sapientiam
1654 2503 1941 2572 videlicet,
1987 2502 2073 2573 ju-

461 2597 665 2651 stitiam
691 2635 708 2664 ,
762 2595 1180 2664 continentiam,
1218 2596 1724 2662 mansuetudinem,
1756 2605 2073 2666 temperan-

460 2689 616 2756 tiam,
666 2690 977 2746 castitatem
1011 2707 1024 2744 :
1083 2691 1185 2744 bas
1218 2689 1561 2760 imprecetur
1597 2688 1911 2745 Philemoni
1947 2707 1958 2742 :
2009 2699 2072 2745 ut

461 2801 585 2842 cum
621 2784 708 2840 his
742 2785 1138 2853 abundaverit,
1172 2784 1290 2854 ipse
1321 2799 1390 2840 eo
1419 2785 1713 2855 perfruens
1753 2783 2066 2854 impleatur.

462 2881 533 2937 Et
564 2896 634 2937 ne
663 2891 822 2951 putes
847 2880 1000 2935 illam
1026 2879 1350 2935 fruitionem
1375 2879 1507 2947 dici,
1533 2895 1637 2950 qua
1670 2893 1771 2934 nos
1797 2892 1944 2949 saepe
1971 2893 2069 2934 no-

461 2975 562 3030 stri
588 2973 730 3029 inter
754 2988 855 3028 nos
889 2973 1185 3043 praesentia
1213 2972 1578 3040 delectamur,
1617 2971 1847 3037 addidit,
1878 2972 1931 3025 in
1959 2969 2071 3026 Do-

461 3065 603 3119 mino
627 3079 647 3118 :
679 3072 739 3120 ut
761 3079 827 3120 ex
857 3078 926 3121 eo
953 3063 1101 3136 quod
1133 3063 1347 3119 Domini
1385 3078 1584 3119 nomen
1615 3062 1934 3133 adjunctum
1961 3072 2065 3129 est,

460 3159 895 3230 intelligeretur,
939 3168 994 3215 et
1023 3159 1131 3216 alia
1163 3173 1288 3216 esse
1327 3157 1550 3227 fruitio,
1579 3173 1686 3231 qua
1712 3159 1833 3231 quis
1858 3158 2067 3230 absque

465 3255 700 3310 Domino
731 3253 1065 3325 perfruatur.

535 3347 714 3417 Reﬁce
753 3349 948 3404 viscera
992 3364 1107 3402 mea
1136 3349 1188 3404 in
1213 3347 1441 3404 Christo.
1490 3349 1647 3406 Sicut
1677 3349 1793 3419 ipse
1822 3348 1928 3404 frui
1951 3349 2068 3405 vult

463 3440 791 3498 Philemone
828 3441 883 3496 in
929 3441 1202 3497 Domino:
1238 3442 1313 3498 ita
1347 3443 1560 3498 viscera
1592 3457 1691 3496 sua
1721 3440 2064 3508 Onesimum,

467 3549 632 3606 quem
681 3543 736 3591 et
784 3534 1042 3606 superius
1079 3535 1273 3591 eodem
1318 3533 1541 3590 nomine
1565 3532 2064 3604 appellavit,refici

458 3629 580 3686 vult
612 3644 710 3702 per
740 3629 1119 3686 Philemonem
1150 3673 1164 3696 ,
1218 3637 1274 3685 et
1315 3629 1571 3700 ambigue
1606 3626 1812 3683 dictum
1841 3645 1853 3680 :
1882 3634 2063 3681 utrum

457 3723 673 3780 viscera
706 3723 861 3779 Pauli
905 3723 959 3779 in
998 3722 1225 3779 Christo
1258 3723 1553 3780 Onesimus
1594 3722 1707 3778 sit:
1759 3738 1830 3777 an
1852 3721 2062 3777 viscera

457 3815 614 3872 Pauli
659 3815 954 3872 Onesimus
1002 3831 1103 3886 per
1150 3815 1532 3873 Philemonem
1579 3815 1635 3870 in
1673 3813 1896 3870 Christo
1933 3813 2064 3869 refi-

459 3908 652 3966 cienda
707 3908 845 3965 sint.
886 3909 944 3966 Si
989 3909 1245 3979 superius
1288 3909 1537 3979 accipere
1585 3907 1862 3976 volueris,
1913 3917 2064 3962 recte

458 4001 618 4060 Pauli
648 4002 704 4058 in
746 4000 970 4058 Christo
999 4002 1213 4058 viscera
1249 4003 1507 4059 dicentur
1547 4000 1869 4066 Onesimus,
1901 4016 2063 4072 quem

466 4095 521 4151 in
548 4095 788 4151 vinculis
813 4095 1039 4152 Christo
1062 4095 1273 4166 genuit.
1334 4096 1390 4153 Si
1419 4096 1734 4167 posterius:
1765 4095 1820 4150 in
1846 4094 2064 4151 Christo

460 4187 797 4243 reficiendos
828 4198 913 4244 est
945 4188 1237 4246 Onesimus
1269 4205 1300 4244 a
1328 4188 1669 4254 Philemone,
1701 4187 1830 4244 dum
1861 4187 1978 4257 ejus
2008 4187 2063 4243 in

461 4279 685 4338 Christo
718 4284 1068 4340 sermonibus
1097 4285 1366 4340 eruditur.

529 4373 715 4446 (Vers.
741 4376 863 4447 21.)
894 4375 1176 4446 Conﬁdens
1204 4378 1268 4431 de
1294 4376 1585 4432 obedientia
1607 4387 1698 4432 tua
1719 4377 1903 4450 scripsi
1928 4376 2064 4431 tibi:

463 4470 630 4524 sciens
656 4470 904 4541 quoniam
933 4487 1089 4543 super
1116 4472 1170 4525 id
1197 4471 1334 4542 quod
1364 4473 1482 4528 dico
1515 4473 1693 4541 facies.
1731 4472 1833 4540 Qui
1859 4487 2064 4542 prmsu-

465 4561 568 4616 mit
614 4561 683 4618 de
721 4577 788 4618 eo
818 4577 981 4633 quem
1041 4575 1330 4634 rogaturus
1376 4575 1481 4630 est,
1513 4565 1631 4634 ipsa
1660 4564 2062 4636 quodammodo

2184 1958 2342 2014 quam
2373 1943 2544 1999 Paulo
2583 1943 2883 2014 hostiitium
2921 1945 3343 2016 praeparandum
3376 1955 3486 2001 est.
3519 1943 3765 2000 Venturos

2183 2035 2252 2090 ad
2296 2051 2493 2092 novam
2533 2038 2811 2094 civitatem
2838 2079 2855 2106 ,
2891 2038 3287 2109 praedicaturus
3313 2037 3643 2094 Crucifixum
3666 2080 3680 2106 ,
3719 2045 3764 2093 et

2180 2127 2422 2185 inaudita
2464 2129 2724 2202 dogmata
2751 2131 3061 2202 delaturus,
3097 2131 3314 2188 sciebat
3341 2131 3410 2186 ad
3440 2145 3504 2187 se
3532 2129 3768 2201 plurimos

2182 2237 2584 2290 concursuros;
2617 2232 2675 2280 et
2704 2239 2938 2281 necesse
2965 2233 3086 2281 erat
3117 2225 3375 2294 primum,
3406 2231 3471 2278 ut
3499 2222 3678 2279 domus
3717 2221 3767 2276 in

2178 2318 2386 2374 celebri
2421 2327 2574 2375 esset
2599 2319 2748 2376 urbis
2790 2319 2937 2385 loco,
2981 2319 3049 2375 ad
3077 2333 3240 2390 quam
3278 2318 3442 2374 facile
3470 2316 3770 2374 convenire-

2179 2421 2288 2467 tur.
2324 2411 2554 2482 Deinde,
2606 2422 2666 2468 ut
2695 2413 2764 2468 ab
2809 2413 2958 2468 omni
3015 2412 3436 2484 importunitate
3486 2414 3768 2466 vacuazut

2174 2505 2380 2575 ampla,
2406 2521 2529 2576 quae
2551 2505 2820 2576 plurimos
2842 2513 3065 2577 caperet
3095 2503 3438 2560 audientium
3470 2519 3488 2560 :
3516 2517 3585 2558 ne
3605 2502 3771 2572 proxi-

2173 2614 2261 2654 ma
2304 2601 2742 2670 spectaculorum
2775 2601 2910 2656 locis
2942 2617 2958 2656 :
2987 2615 3056 2656 ne
3086 2599 3230 2671 turpi
3257 2599 3466 2654 vicinia
3496 2594 3771 2653 detestabi-

2172 2691 2238 2746 lis
2271 2709 2284 2747 :
2314 2701 2595 2763 postremo
2625 2704 2684 2748 ut
2715 2693 2766 2748 in
2801 2695 2964 2764 plano
2994 2692 3180 2763 potius
3219 2701 3371 2748 esset
3408 2690 3514 2745 sita
3538 2703 3695 2760 quam
3721 2687 3770 2742 in

2173 2785 2485 2841 caenaculo.
2522 2785 2695 2853 Quam
2719 2786 2787 2841 ob
2814 2802 3034 2842 causam
3058 2801 3180 2842 eum
3211 2785 3471 2840 existimo
3502 2783 3655 2840 etiam
3675 2779 3771 2835 Ro-

2174 2893 2280 2932 mae
2309 2881 2362 2933 ln
2411 2878 2684 2934 conducto
2733 2879 3008 2934 mansisse
3040 2877 3319 2934 biennium
3361 2875 3476 2950 [ΑΙ.
3521 2869 3768 2945 biennio].

2175 2970 2288 3027 Nec
2318 2987 2507 3041 parva,
2533 2983 2590 3027 ut
2612 2987 2758 3036 reor,
2786 2981 2904 3028 erat
2927 2972 3161 3041 mansio,
3189 2972 3255 3028 ad
3280 2986 3445 3044 quam
3473 2969 3768 3027 Judteorum

2179 3065 2354 3121 turbae
2385 3065 2628 3136 quotidie
2657 3065 3031 3121 confluebant.

2251 3160 2418 3230 Spero
2446 3161 2583 3215 enim
2611 3176 2702 3226 per
2732 3161 2994 3215 orationes
3019 3169 3212 3215 vestras
3263 3158 3455 3214 donari
3499 3173 3581 3212 me
3619 3153 3766 3210 vobis.
3807 3149 3810 3154 ’

2097 3249 2144 3314 C
2176 3250 2374 3308 Filium
2408 3253 2578 3322 Patri,
2615 3253 2764 3310 Deus
2802 3263 3027 3324 rogatus
3057 3251 3325 3324 indulget,
3356 3260 3414 3307 et
3445 3251 3615 3307 frater
3637 3259 3771 3316 saepe

2169 3348 2353 3402 fratris
2380 3348 2630 3403 oratione
2651 3355 2923 3403 servatur.
2951 3346 3250 3418 Apostolus
3274 3353 3462 3401 autem
3490 3344 3656 3400 totius
3677 3341 3771 3396 Ec-

2169 3440 2353 3496 clesia:
2385 3441 2644 3512 precibus
2676 3439 3020 3505 conceditur,
3062 3440 3133 3495 ob
3163 3454 3355 3496 eorum
3385 3437 3484 3508 qui
3521 3451 3644 3493 eum
3683 3446 3772 3487 au-

2169 3533 2341 3589 dituri
2371 3541 2500 3589 sunt
2533 3533 2846 3589 utilitatem.
2881 3534 2946 3588 Et
2997 3533 3100 3588 hoc
3144 3531 3372 3595 donum,
3424 3546 3540 3585 non
3574 3538 3678 3583 tam
3723 3525 3773 3580 in

2169 3644 2292 3685 eum
2325 3629 2528 3685 dicitur
2559 3644 2684 3686 esse
2718 3629 2809 3701 qui
2837 3627 3086 3684 defertur
3117 3626 3224 3700 [Αι.
3269 3623 3552 3698 differtur]
3583 3638 3612 3676 a
3641 3635 3774 3676 mar.

2169 3721 2310 3793 tyrio
2331 3721 2398 3776 ad
2429 3722 2753 3794 martyrium
2777 3729 3141 3792 praeparatus,
3161 3733 3320 3789 quam
3345 3719 3401 3773 in
3431 3732 3532 3774 eos
3555 3716 3624 3771 ad
3647 3726 3776 3786 quos

2167 3814 2473 3885 Apostolus
2495 3816 2751 3871 mittitur.
2775 3813 2928 3883 Quod
2953 3824 3134 3870 autem
3163 3813 3363 3870 crebro
3383 3811 3654 3869 Paulusin
3671 3823 3775 3863 car-

2168 3922 2294 3963 cere
2322 3907 2513 3976 fuerit,
2547 3917 2604 3964 et
2629 3907 2700 3963 de
2731 3907 2967 3962 vinculis
2997 3906 3264 3962 liberatus
3293 3906 3389 3970 sit,
3441 3905 3565 3975 ipse
3594 3902 3648 3957 in
3676 3899 3776 3955 alio

2167 4005 2289 4060 loco
2316 4003 2447 4060 dicit
2477 4020 2490 4057 :
2523 4001 2593 4058 In
2638 4005 2934 4060 carceribus
2965 4009 3258 4076 frequenter
3289 4000 3362 4073 (ll
3413 3999 3540 4056 Cor.
3577 3997 3682 4070 ιι),
3713 3995 3775 4051 de

2169 4098 2365 4169 quibus
2393 4111 2803 4169 nonnumquam
2851 4095 3066 4150 Domini
3106 4093 3342 4162 auxilio,
3395 4093 3602 4148 crebro
3649 4088 3777 4159 ipsis

2170 4191 2622 4262 persecutoribus
2667 4190 2802 4245 nihil
2832 4189 3055 4260 dignum
3090 4189 3145 4244 in
3175 4204 3241 4242 eo
3267 4197 3452 4243 morte
3484 4185 3774 4242 invenien-

2170 4285 2314 4339 tibus
2359 4283 2764 4338 dimitlebatur.
2831 4281 3074 4347 Necdum
3131 4281 3277 4336 enim
3332 4294 3505 4350 super
3563 4277 3780 4333 nomine

2167 4377 2483 4444 Christiano
2528 4375 3005 4430 senatusconsulta
3054 4381 3514 4444 praecesserant:
3549 4368 3776 4426 necdum

2169 4469 2538 4524 Christianum
2567 4468 2886 4540 sanguinem
2936 4467 3172 4523 Neronis
3199 4465 3417 4537 gladius
3467 4464 3776 4520 dedicant.

2168 4563 2273 4619 Sed
2310 4578 2406 4633 pro
2441 4563 2683 4618 novitate
2715 4560 3161 4632 praedicationis,
3195 4559 3315 4614 sive
3340 4573 3370 4612 a
3399 4557 3617 4614 Judmis
3649 4554 3781 4610 invi-

463 4653 895 4723 prtesumptione
946 4656 1267 4725 prtejudicat
1285 4697 1298 4722 ,
1331 4671 1399 4711 ne
1427 4655 1476 4710 ei
1510 4671 1708 4726 negare
1731 4656 1897 4711 liceat
1918 4657 2061 4725 quod
2089 4647 2145 4709 D
2168 4657 2451 4725 dentibus,
2477 4657 2592 4714 sive
2619 4657 2689 4712 ab
2715 4657 2801 4712 his
2828 4657 2920 4729 qui
2951 4673 3046 4712 sua
3077 4655 3339 4711 videbant
3367 4655 3519 4711 idola
3548 4649 3778 4716 destrui,

457 4756 708 4814 rogatur.
753 4747 925 4801 Porro
957 4748 1000 4802 si
1025 4748 1128 4802 scit
1158 4747 1252 4804 ille
1275 4749 1366 4820 qui
1397 4749 1633 4818 postulat
1654 4749 1940 4820 plusquam
1969 4765 2062 4806 ro-

460 4839 634 4910 gavit,
667 4847 917 4912 rogatum
949 4854 1073 4896 esse
1102 4840 1341 4897 futurum
1371 4860 1384 4897 :
1420 4843 1546 4900 ideo
1576 4843 1786 4899 minora
1817 4845 1972 4914 petit,
2006 4853 2065 4901 ut

457 4932 656 4988 habeat
676 4942 896 5004 rogatus
918 4935 1310 5004 voluntariam,
1336 4946 1389 4992 et
1417 4937 1681 5008 majorem
1713 4938 2062 5008 praestatione

457 5026 798 5084 mercedem.
868 5029 924 5085 Si
976 5038 1158 5085 autem
1209 5029 1495 5088 Philemon
1542 5031 1661 5088 haec
1706 5032 1772 5087 ad
1820 5033 2060 5089 hominis

453 5131 785 5193 prteceptum
819 5121 949 5177 facit
988 5141 1001 5178 :
1034 5133 1242 5195 quanto
1288 5126 1462 5196 magis
1499 5126 1660 5182 faciet
1698 5127 1768 5182 ob
1803 5127 2057 5183 dilectio-

453 5230 584 5270 nem
631 5215 768 5271 Dei?
816 5215 975 5273 Uude
1023 5218 1223 5274 merito
1268 5216 1523 5290 Apostoli
1573 5235 1709 5276 voce
1739 5221 2055 5280 Jandatur:

454 5307 600 5378 quod
646 5309 908 5364 mandata
947 5309 1066 5380 ejus
1107 5326 1276 5382 opere
1317 5321 1648 5382 praevertet,
1692 5323 1747 5368 et
1777 5315 1948 5384 possit
1977 5314 2060 5370 di-

449 5413 612 5456 cere:
643 5397 960 5456 Voluntaria
979 5403 1084 5459 oris
1109 5403 1212 5459 mei
1251 5405 1607 5475 complaceant
1649 5406 1742 5460 tibi
1792 5449 1807 5474 ,
1832 5406 2057 5462 Domine

521 5592 549 5620 ι
587 5585 834 5656 Negandi
893 5586 1257 5657 particulam,
1309 5600 1472 5657 quam
1523 5594 1731 5644 temere
1783 5589 2036 5656 Martian,

448 5660 825 5742 prmtermisit,
860 5661 1034 5716 nostri
1064 5674 1198 5717 mss.
1231 5669 1555 5731 veteresque
1579 5660 1708 5716 editi
1739 5659 1860 5715 libri
1890 5661 2045 5718 sufﬁ-

445 5742 778 5876 cnitmibflaluit
807 5801 950 5858 idem
979 5803 1256 5872 Martium,
1291 5805 1428 5876 quod
1460 5803 1658 5861 Christi
1685 5805 1897 5862 dicitur.

531 5885 552 5918 τ
583 5874 726 5935 Olim
775 5884 916 5947 erat,
946 5885 1001 5932 ut
1031 5878 1094 5935 de
1121 5874 1470 5953 preparaudo
1498 5885 1671 5952 ageret
1720 5877 1969 5953 hospitio,
2000 5888 2050 5938 et

2163 4753 2234 4809 ad
2284 4752 2525 4808 furorem
2561 4752 2782 4823 p0pulis
2829 4752 3143 4812 concitatis.
3178 4750 3330 4806 missi
3362 4749 3416 4804 in
3469 4759 3777 4809 carcerem,

2166 4861 2384 4902 rursum
2417 4845 2624 4913 impetu
2667 4853 2723 4900 et
2764 4843 2946 4901 furore
2981 4842 3256 4914 deposito,
3300 4842 3464 4915 762
3505 4839 3784 4896 laxaban-

2166 4948 2274 4994 tur.
2304 4939 2374 4992 Et
2402 4938 2507 4992 hoc
2528 4937 2603 4992 ita
2640 4951 2764 4992 esse
2813 4947 2873 4992 ut
2917 4936 3170 5003 dicimus,
3218 4936 3620 5006 Apostolorum
3652 4933 3783 4988 Acta

2163 5039 2457 5097 testantur,
2482 5031 2537 5084 in
2568 5030 2767 5100 quibus
2797 5041 2853 5083 et
2876 5028 3030 5084 Felix
3051 5027 3297 5098 loquitur
3323 5027 3394 5081 ad
3421 5023 3738 5095 Agrippam
3766 5037 3783 5077 :

2162 5123 2412 5196 potuisse
2441 5121 2645 5178 dimitti
2678 5121 2932 5188 Paulum,
2964 5122 3009 5177 si
3067 5135 3176 5175 non
3208 5117 3559 5191 appellasset
3588 5117 3781 5170 Caesa—

2162 5233 2280 5272 rem
2316 5218 2454 5287 (Act.
2490 5219 2639 5287 xxv).
2694 5216 2762 5271 Et
2805 5216 2930 5285 quia
2984 5213 3190 5269 nullam
3243 5213 3527 5268 invenerit
3557 5224 3786 5265 causam

2162 5320 2370 5385 prazter
2399 5313 2730 5383 quaestiones
2756 5309 3019 5380 quasdam
3047 5309 3118 5363 de
3144 5307 3410 5379 religione
3431 5305 3700 5376 prapria,
3731 5308 3788 5357 et

2162 5408 2232 5465 de
2261 5407 2495 5480 quodam
2527 5406 2682 5473 Jesu,
2734 5420 2895 5477 quem
2945 5403 3146 5460 Paulus
3174 5403 3364 5460 vivere
3407 5398 3784 5474 pradicabat.

2152 5606 2255 5646 non
2278 5607 2383 5645 una
2407 5599 2687 5645 contentus
2721 5588 2932 5654 cellula,
2961 5588 3106 5645 breve
3133 5590 3369 5658 corporis
3402 5588 3486 5644 sui
3511 5586 3784 5659 spatium,

2152 5663 2287 5716 ωάρδ
2338 5661 2685 5728 amplissimas
2716 5661 3053 5716 existimaret.
3106 5661 3431 5729 lmpressam
3465 5660 3785 5715 lecrionem

2153 5733 2745 5804 restituitjampridem
2792 5731 3113 5804 Victorius.
3148 5733 3499 5802 explicatque
3557 5733 3668 5797 ita,
3729 5739 3789 5786 ut

2157 5806 2320 5861 etiam
2352 5803 2702 5861 brevissimas
2735 5803 3240 5875 ctangustissimas
3268 5806 3438 5868 cedes,
3475 5805 3788 5875 exiStimac

2157 5887 2243 5937 rct
2266 5878 2562 5952 Apostolus
2589 5874 2955 5950 amplissimas
2983 5877 3069 5936 sui
3094 5878 3342 5951 corporis
3365 5874 3587 5951 spatio.
