3948 6334
213 303 294 368 817
839 295 1488 361 COMMENTARIORUM
1531 303 1596 360 IN
1641 293 1859 360 El'lST.
1904 299 1994 360 AD
2039 299 2494 364 [‘lllLEMOREll
2534 293 2762 365 LIBER.
3338 315 3446 376 618

206 419 265 482 Ex
297 431 388 492 quo
411 412 914 488 animadvertimus,
946 429 1002 477 et
1029 435 1060 476 a
1107 424 1324 478 caeteris
1363 421 1639 492 judicibus
1666 423 1741 476 si-
1772 426 1824 486 Α
1849 422 1940 492 qui
1968 433 2086 477 sunt
2115 424 2312 480 nobiles
2337 425 2392 479 in
2423 427 2697 498 apostolis,
2729 427 2816 499 qui
2841 431 2888 482 et
2913 431 3033 484 ante
3058 447 3136 485 me
3161 425 3372 504 fuerunt
3396 437 3452 490 in

203 517 372 573 utiliter
403 530 493 569 eos
520 513 767 584 potuisse
810 513 1028 584 dimitti,
1079 513 1130 569 id
1177 526 1373 585 agente
1404 515 1653 581 Domino,
1689 523 1746 570 ut
1849 514 2054 570 Chriszo
2081 514 2209 573 Iesu
2243 517 2421 589 (Rom.
2455 535 2566 586 xw,
2600 521 2676 592 7).
2710 521 2838 578 llaec
2878 523 2946 579 de
2975 524 3246 595 Epapltta.
3276 528 3452 584 Crete-

205 623 295 668 ιοιο
318 611 435 666 orbe
461 625 596 665 nova
631 610 949 680 praedicatio
969 610 1444 668 disseminaretur.
1848 624 1966 663 rum
2008 624 2399 680 cooperatores
2431 613 2711 684 Evangelii
2741 625 2796 673 ct
2823 616 3165 674 vinculorum
3197 636 3448 690 suorum,

253 703 636 775 (Vt-rt.25,24.)
661 704 872 760 Salutat
895 703 1229 778 teEpaphras
1253 708 1580 777 concaptitnts
1602 723 1743 764 meus
1849 717 1970 760 cum
2010 704 2077 758 ad
2120 705 2492 764 Philemonem
2544 711 2829 781 epistolam
2883 717 3166 784 scriberet,
3210 719 3451 779 Marcum

200 795 838 860 inChrisloJeqularcus,
865 799 1218 862 Aristarchus,
1241 799 1451 862 Demas,
1479 801 1746 855 anasco-
1850 797 2028 866 ponit,
2051 813 2216 868 quem
2256 812 2388 872 puto
2420 803 2700 874 Evangelii
2733 808 3099 878 cotiditorem,
3131 822 3185 868 οι
3212 813 3455 871 Arist”.

201 891 583 962 operotoresmei.
608 889 666 946 ld
689 891 834 960 quod
867 892 918 944 in
949 891 1215 962 principio
1236 891 1576 958 dicebamus,
1608 907 1745 961 quo-
1849 887 2010 944 cltum
2053 891 2208 961 cujus
2239 907 2403 963 supra
2437 893 2673 952 iecimus
2707 903 3065 968 mentionem,
3098 915 3154 960 et
3203 905 3450 972 Demam.

200 981 379 1037 ttiantad
393 979 999 1050 ColosscnscsEpistola
1015 981 1272 1053 collemin
1293 993 1744 1054 tempore,etper
1847 979 1916 1036 de
1945 997 2055 1052 quo
2087 983 2138 1036 in
2171 984 2281 1038 alio
2315 987 2435 1041 loco
2474 989 2722 1057 queritur
2755 1007 2771 1046 :
2800 990 2996 1048 Demus
3041 1012 3121 1049 me
3149 997 3451 1070 dereliquit.

200 1073 404 1130 eumdem
457 1081 606 1126 esset
646 1071 853 1141 scripta
884 1071 1128 1141 bajulum
1167 1073 1490 1138 litterarum,
1539 1088 1646 1140 quo
1675 1073 1741 1127 ad
1848 1074 2071 1144 diligens
2099 1094 2328 1145 pra'sens
2364 1081 2638 1144 sa'culum,
2671 1094 2718 1138 et
2750 1085 2876 1141 abiit
2910 1086 3352 1150 Thessalonicam.
3384 1093 3453 1151 Et

197 1165 516 1221 philemonem
549 1179 770 1234 quoque
798 1165 1059 1236 scriptum
1087 1175 1193 1230 est,
1231 1167 1395 1222 etiam
1431 1182 1620 1223 eorum
1651 1167 1741 1238 qui
1849 1165 2050 1223 Lucam
2079 1171 2377 1239 medicum,
2409 1174 2503 1244 qui
2547 1175 2894 1248 Evangelium
2925 1191 2980 1236 et
3018 1183 3189 1240 Actus
3216 1185 3449 1257 Aposto-

193 1260 440 1315 salutantes
467 1257 802 1312 inducuntur
821 1257 1036 1313 nomina
1050 1257 1274 1314 docent.
1295 1259 1430 1314 Nam
1461 1267 1518 1314 ct
1547 1260 1598 1314 in
1623 1261 1741 1329 ipsa
1846 1259 2022 1315 lorum
2056 1261 2316 1319 Ecclesiis
2342 1263 2753 1338 derelinquens,
2785 1275 3059 1341 quomodo
3089 1275 3342 1348 Apostoli
3385 1280 3454 1337 do

194 1356 249 1408 ita
295 1351 533 1407 scribitur
578 1369 591 1404 :
641 1350 853 1406 Salutat
897 1368 990 1405 vos
1031 1349 1368 1407 Aristarchus
1415 1355 1744 1422 conraptivus
1848 1354 2218 1422 piscatoribus
2250 1358 2502 1428 piscium,
2535 1363 2831 1430 piscatores
2867 1365 3148 1427 hominum
3175 1371 3302 1428 [acti
3325 1384 3457 1431 sunt

193 1460 322 1510 meus,
350 1455 390 1498 et
417 1440 648 1502 Marcus.
679 1443 1020 1497 consobrinus
1041 1440 1322 1509 Bornalnc,
1361 1452 1408 1498 et
1443 1441 1740 1516 Epaphras,
1848 1446 2067 1518 (Matth.
2102 1449 2177 1522 tv)
2215 1468 2228 1506 :
2261 1452 2333 1507 ita
2367 1454 2436 1508 de
2465 1457 2680 1512 medico
2725 1474 3040 1531 corporum,
3073 1465 3127 1518 in
3180 1467 3453 1523 medicum

189 1535 258 1604 qui
294 1550 348 1588 es
392 1533 525 1587 vobis
567 1548 749 1588 servus
777 1529 971 1588 Christi
1002 1532 1222 1606 (Coloss.
1276 1550 1349 1601 tv,
1401 1535 1492 1602 10,
1525 1535 1612 1606 12)
1640 1553 1654 1602 ;
1687 1545 1746 1593 et
1847 1551 1932 1595 est
1963 1557 2152 1598 versus
2176 1545 2505 1612 animarum,
2530 1549 2600 1605 de
2622 1566 2730 1621 quo
2771 1529 2839 1607 eti
2880 1555 2932 1608 in
2962 1555 3074 1609 alio
3100 1557 3220 1612 loco
3255 1575 3269 1614 :
3302 1557 3451 1628 Misi,

196 1624 324 1694 paulo
355 1622 616 1679 inferius:
651 1623 863 1679 Salutat
911 1639 998 1678 vos
1037 1623 1211 1680 Lucos
1239 1627 1469 1681 medicus
1497 1629 1740 1684 charissi-
1848 1630 2044 1705 inquit,
2077 1652 2194 1691 cum
2220 1636 2316 1692 illo
2361 1641 2600 1709 fratrem,
2632 1649 2788 1718 cujus
2818 1646 2938 1701 laus
2968 1659 3042 1702 est
3084 1649 3137 1703 in
3169 1622 3455 1724 Evangelia

198 1733 307 1774 ntus.
333 1728 374 1770 et
397 1715 612 1782 Demos;
643 1726 688 1770 et
718 1716 872 1771 dicite
896 1717 1159 1788 Archippo
1191 1733 1210 1773 :
1241 1717 1373 1774 Vide
1403 1721 1742 1776 ministerium
1852 1745 1942 1797 ριν
1966 1745 2141 1785 omnes
2172 1730 2435 1786 Ecclesias
2465 1732 2534 1806 (ll
2593 1715 2715 1791 Cor.
2772 1754 2890 1806 vm,
2942 1740 3033 1811 i8)
3066 1759 3079 1795 :
3110 1742 3264 1813 cujus
3315 1715 3456 1801 liber

193 1807 301 1874 quod
318 1809 547 1879 occepisti
572 1810 628 1863 in
658 1805 905 1878 Domino,
934 1822 988 1863 ut
1016 1808 1151 1865 illud
1179 1812 1393 1884 impleas
1427 1810 1619 1884 (Μήτι,
1651 1814 1734 1877 14,
1765 1827 1816 1891 Β
1845 1821 2296 1895 quotiescumque
2326 1805 2525 1897 legitur
2571 1827 2626 1883 itt
2659 1828 2950 1905 Ecclesiis,
2981 1805 3150 1891 toties
3175 1805 3300 1908 ejus
3338 1851 3456 1894 me-

192 1900 387 1969 t'l);ct:
430 1900 690 1957 Mentores
738 1909 896 1956 estote
937 1901 1257 1957 vinculorum
1287 1920 1520 1959 meorum
1547 1903 1744 1977 (Ibid.,
1848 1914 2029 1971 dicina
2059 1933 2165 1973 non
2191 1929 2395 1974 cessat.

191 1991 358 2060 18).δί
384 2005 560 2047 autem
606 2007 676 2048 ex
728 2007 795 2048 eo
825 1991 1023 2064 aliquis
1053 2009 1160 2050 non
1191 2005 1342 2065 putat
1379 1997 1586 2066 pariter
1611 1997 1749 2052 scri-
1922 2007 2106 2078 (Vers.
2157 2008 2277 2082 25.)
2303 2009 2494 2068 Gratia
2520 2012 2735 2072 Domini
2765 2020 2930 2074 nostri
2953 2021 3082 2076 Jesu
3111 2022 3308 2080 Christi
3333 2044 3454 2084 cum

191 2092 304 2153 plus,
329 2083 461 2154 quod
491 2083 558 2139 ad
588 2083 944 2140 Colossenses
992 2100 1159 2154 pauca
1197 2086 1308 2142 sint
1354 2088 1577 2143 nomina
1624 2104 1747 2159 qua:
1847 2100 2038 2169 spiritu
2064 2112 2255 2157 vestro.
2289 2105 2442 2160 Sicut
2471 2122 2499 2159 a
2532 2109 2764 2165 meliore
2797 2119 2949 2181 parte
2979 2113 3220 2174 hominis
3250 2121 3452 2191 capite,

189 2178 259 2232 hic
283 2195 375 2232 nou
408 2179 649 2234 ferantur
675 2179 916 2250 ascripta
938 2196 953 2233 :
978 2178 1116 2234 sciat
1145 2195 1252 2234 non
1282 2195 1472 2236 omnes
1492 2183 1746 2238 omnibus
1847 2203 2172 2248 numeratur
2203 2197 2434 2265 populus
2481 2198 2644 2254 Israel
2670 2243 2682 2264 ,
2732 2202 2950 2260 dicente
3000 2205 3308 2279 Scriptura,
3371 2227 3462 2269 se.

187 2282 263 2327 aut
287 2272 482 2328 amicos
518 2287 668 2339 esse,
697 2281 794 2327 aut
839 2281 1022 2340 notos,
1057 2284 1110 2327 et
1150 2273 1297 2329 aliud
1329 2289 1448 2330 esse
1479 2275 1746 2344 privatam
1847 2284 2081 2339 cundum
2112 2287 2293 2358 capita
2325 2287 2489 2362 764
2511 2306 2701 2347 eorum
2729 2293 2921 2366 (Nam.
2947 2314 2987 2365 ι,
3015 2301 3074 2372 2)
3108 2272 3230 2359 :vita
3253 2306 3308 2360 in
3341 2316 3458 2362 toto

188 2364 238 2417 ad
282 2381 435 2419 unum
483 2365 786 2430 hominem,
819 2363 966 2419 aliud
999 2365 1275 2436 publicam
1317 2367 1384 2422 ad
1437 2366 1746 2424 universam
1847 2377 2066 2446 quidem
2101 2379 2345 2446 homine,
2380 2394 2432 2436 et
2463 2383 2520 2438 in
2558 2387 2706 2440 omni
2734 2398 2889 2457 parte
2911 2402 3246 2461 sanctorum,
3276 2400 3454 2468 gratia

188 2457 776 2525 Ecclesiamepistulam
823 2457 964 2512 ﬁeri.
1011 2456 1220 2512 Salutat
1250 2467 1319 2525 te,
1368 2459 1563 2530 inquit,
1598 2458 1744 2532 Epa-
1848 2480 1933 2525 est
1990 2470 2206 2527 Dmiini
2256 2472 2385 2530 Jesu
2435 2471 2660 2532 Christi.
2696 2456 2804 2535 Sed
2835 2497 2864 2536 a
2914 2484 3105 2554 majori
3156 2456 3450 2546 etin'eliori

184 2546 312 2618 phras
339 2549 661 2620 concaptivtts
682 2564 822 2602 meus
845 2548 896 2602 in
927 2546 1134 2602 Christo
1163 2548 1313 2604 Jesu.
1343 2550 1476 2617 Quis
1503 2549 1578 2604 sit
1601 2551 1744 2622 Epa-
1848 2573 2024 2634 parte,
2051 2565 2104 2620 id
2129 2576 2234 2634 est,
2269 2569 2490 2637 spiritu,
2541 2585 2637 2638 per
2661 2546 3043 2642 synecdoche}.
3081 2579 3149 2634 de
3197 2589 3312 2635 ιοιο
3351 2581 3451 2638 ιιο.

185 2639 320 2707 phnis
342 2643 698 2712 concaptivus
723 2639 902 2708 Pauli,
931 2641 1093 2696 talem
1116 2640 1357 2697 fabulam
1382 2643 1700 2714 accepimus
1728 2661 1743 2699 ε
1850 2660 1996 2713 mine
2024 2659 2223 2714 dicitur
2255 2676 2270 2720 ;
2305 2660 2491 2716 Gratia
2515 2661 2730 2719 Domini
2777 2669 2940 2722 nostri
2959 2669 3087 2726 Iesu
3111 2670 3308 2729 Christi
3333 2693 3454 2732 cunt

183 2731 322 2784 Αίιιηι
353 2740 609 2800 Paremes
644 2732 874 2802 ³Ρ⁰δ¹⁰¹ί
910 2731 1058 2786 Pan"
1101 2731 1171 2786 de
1219 2731 1472 2803 Gyscalis
1525 2734 1748 2803 τεείοηθ
1847 2752 2036 2822 spiritu
2067 2767 2254 2808 vestro.
2285 2752 2422 2810 Cum
2453 2767 2634 2812 autem
2694 2759 2748 2813 in
2797 2761 2993 2831 Spiritu
3043 2768 3216 2835 gratia
3265 2767 3454 2838 fuerit,

186 2821 329 2880 fuisse
351 2825 589 2892 Judtcac;
623 2835 678 2882 et
705 2842 826 2896 €08,
851 2841 972 2881 cum
1006 2834 1116 2881 tota
1160 2827 1464 2896 provincia.
1500 2826 1745 2884 Romana
1849 2855 2018 2901 ιοτωη
2043 2847 2171 2903 facit
2203 2849 2481 2906 hominem
2525 2853 2866 2922 spiritualem
2902 2873 2918 2912 ε
2952 2867 3011 2914 ιιι
3041 2869 3096 2914 ει
3125 2875 3255 2916 caro
3291 2863 3452 2934 spiri-

185 2929 469 2974 vastaretur
496 2935 685 2986 manu,
717 2931 773 2976 el
799 2919 1249 2991 dispergerentur
1296 2921 1350 2976 ίη
1396 2921 1586 2977 Orbem
1633 2920 1742 2995 ῘΑῙ·
1849 2941 1928 2996 tui
1950 2940 2178 3008 serviat,
2213 2951 2268 2998 et
2296 2945 2477 2998 anima
2505 2961 2612 3000 non
2640 2947 2895 3004 vincatur
2919 2965 2947 3003 a
2973 2968 3138 3010 carne
3159 2964 3212 3010 et
3235 2958 3454 3014 redacta

181 3009 311 3082 orbe]
333 3009 528 3077 Judtei,
547 3012 603 3066 in
629 3010 898 3067 Tharsutn
927 3016 1123 3068 urbem
1147 3012 1356 3068 Cilicia:
1382 3012 1546 3070 fuisse
1569 3023 1740 3070 trans-

1889 3034 2010 3089 intul
2036 3035 2088 3090 in
2113 3036 2474 3092 substantiam
2498 3039 2862 3110 spiritualem,
2892 3043 3170 3102 adhaereat
3192 3047 3448 3118 Domino;

181 3102 298 3160 latos
328 3123 340 3160 :
376 3116 671 3179 parentum
714 3106 1084 3163 conditionem
1112 3107 1578 3164 adolescentulum
1610 3110 1750 3165 Pau-
1850 3127 1977 3194 quia
1999 3126 2090 3197 qui
2119 3128 2364 3184 adimeret
2395 3131 2645 3197 Domino,
2689 3150 2826 3188 unus
2855 3137 3079 3204 Spiritus
3119 3148 3203 3195 est
3235 3139 3297 3210 (ll
3326 3140 3446 3198 Cor.

181 3199 270 3254 luto
296 3214 564 3258 secutum.
597 3203 669 3257 Et
713 3200 793 3258 sic
839 3217 1000 3272 posse
1049 3213 1195 3258 stare
1248 3202 1384 3257 illud
1413 3206 1558 3273 quod
1587 3205 1657 3259 de
1687 3219 1740 3259 se

1892 3218 1942 3291 ι).
1981 3219 2379 3288 Interpretatur
2406 3233 2588 3280 autem
2621 3229 2918 3283 secundum
2952 3229 3170 3288 Judmos
3202 3232 3308 3306 [ΑΙ.
3346 3235 3451 3293 Ho-

180 3294 277 3362 ipse
301 3305 530 3352 testatur
563 3312 580 3352 :
613 3295 824 3351 Ilebrtei
851 3307 993 3366 sunt,
1026 3308 1072 3352 et
1098 3313 1228 3371 ego:
1250 3295 1508 3352 Israelita:
1529 3307 1672 3362 sunt,
1695 3307 1739 3352 et

1890 3313 2050 3385 unus]
2107 3312 2334 3384 Paulus,
2389 3317 2735 3372 admirabilis.
2794 3319 3119 3392 Timotheus,
3170 3294 3448 3397 beneﬁcus.

177 3403 288 3461 ego:
313 3408 482 3446 semen
510 3391 740 3446 Abrahw
762 3402 904 3460 sunt,
933 3400 983 3448 ει
1009 3408 1104 3466 €90
1152 3391 1222 3459 (Π
1245 3391 1366 3448 δον·
1395 3407 1470 3461 ιι,
1512 3389 1627 3464 ἳῖλ
1674 3391 1744 3448 Et
1845 3403 2142 3476 Philemon,
2174 3410 2303 3466 mire
2352 3410 2600 3476 donatus,
2653 3413 2769 3470 sive
2801 3432 2857 3470 os
2885 3418 3058 3486 panis,
3089 3389 3159 3474 ab
3185 3389 3309 3487 ore,
3341 3437 3449 3479 non

177 3498 362 3540 tursunt
392 3484 566 3542 alibi:
597 3485 850 3541 Ηεὺνωω
894 3502 959 3542 ex
987 3484 1220 3541 Ηεῦτωίε
1266 3484 1495 3588 (phil-51L
1524 3501 1606 3552 ιη,
1638 3487 1695 3558 5)
1728 3504 1740 3542 ε
1845 3500 1912 3554 ab
1943 3516 2089 3557 osse.
2124 3503 2351 3574 Apphia,
2377 3507 2667 3574 continens,
2711 3515 2805 3564 aut
2843 3484 3079 3566 libertas.
3123 3484 3445 3588 Archippus,

180 3583 431 3633 ctratera
469 3593 592 3648 qua:
639 3577 787 3632 illum
817 3577 1062 3633 Judzeum
1095 3581 1265 3649 magis
1310 3577 1554 3635 indicant
1580 3594 1742 3683 quam
1846 3593 2117 3664 ιοςμθίιιιάο
2163 3598 2353 3669 operis.
2403 3597 2714 3672 Onesimus,
2755 3606 3094 3675 respondens.
3148 3577 3448 3683 Epaphras,

176 3666 535 3726 Tliarsenscm.
557 3671 712 3740 Quod
739 3672 782 3725 si
809 3671 885 3726 ita
909 3682 1013 3738 cst,
1041 3685 1328 3742 possumus
1357 3686 1411 3728 et
1433 3672 1741 3744 Epaphram
1845 3684 2091 3758 frugifer,
2133 3666 2408 3759 etividens,
2439 3691 2554 3746 sive
2579 3709 2923 3752 sttccrescens.
2956 3666 3446 3767 Marcusjsublimis

177 3759 256 3817 illo
277 3772 516 3834 tempore
545 3773 765 3832 captum
795 3763 1087 3835 suspicari,
1117 3780 1224 3834 quo
1253 3775 1445 3834 captus
1483 3775 1566 3822 est
1605 3766 1744 3822 Pau-
1846 3779 2112 3834 mandato.
2147 3781 2498 3849 Aristarchus,
2530 3801 2674 3840 mons
2709 3789 2880 3858 aperis
2906 3792 3196 3860 amplioris.
3233 3792 3441 3866 Demos,

175 3853 245 3908 lus
273 3873 286 3909 :
313 3868 365 3911 et
387 3871 511 3912 cum
545 3855 863 3926 parentibus
893 3858 1006 3910 suis
1047 3857 1102 3912 in
1146 3857 1390 3913 COIOSsis
1425 3858 1557 3914 urbe
1599 3857 1743 3914 Λεία)
1844 3870 2020 3926 silens.
2053 3871 2244 3942 Lucas,
2278 3875 2390 3945 ipse
2433 3893 2764 3950 consurgens.
2808 3881 2941 3949 Quae
2971 3884 3014 3937 si
3044 3885 3262 3940 nomina
3289 3887 3440 3956 juxta

173 3947 501 4013 collocatum,
520 3947 721 4005 Christi
748 3958 934 4020 postea
955 3951 1199 4019 recipere
1216 3965 1550 4007 sermonem.
1583 3952 1743 4024 763
1843 3960 2353 4032 interpretationem
2379 3981 2532 4022 suam
2562 3969 2848 4027 volueritis
2874 3973 3199 4046 intelligere,
3231 3993 3337 4033 non
3361 3991 3443 4036 est

172 4033 308 4103 Unde
333 4041 400 4096 ad
430 4041 814 4107 Colossenscs,
851 4051 908 4096 ut
936 4057 1102 4112 supra
1150 4042 1408 4112 diximus,
1438 4044 1697 4099 scribitur
1727 4061 1740 4098 :
1845 4054 2069 4112 ditﬁcile
2092 4057 2476 4114 admirabilem
2507 4073 2671 4130 atque
2712 4062 3016 4122 beneﬁcum
3046 4033 3336 4142 "prméipue
3372 4033 3446 4128 ζα

173 4128 361 4187 Salutat
398 4150 486 4189 vos
519 4131 796 4204 Epaphras
825 4135 913 4203 qui
940 4143 1013 4188 est
1042 4149 1108 4188 ex
1133 4134 1295 4199 vobis,
1327 4152 1500 4189 servus
1529 4135 1732 4206 Christi,

1893 4163 1968 4202 tm
2002 4149 2280 4218 scribere,
2333 4152 2421 4206 cui
2454 4152 2709 4209 universa
2741 4171 3002 4214 concessa
3042 4161 3151 4216 sint
3183 4160 3210 4202 1³
3243 4165 3368 4220 vitia
3396 4176 3452 4224 et

169 4238 346 4293 semper
373 4223 636 4279 sollicitus
665 4241 758 4297 pro
785 4225 925 4278 vobis
963 4226 1015 4277 in
1063 4226 1383 4280 orationibus
1413 4225 1638 4299 (Coloss.
1667 4243 1743 4295 tv,
1844 4257 1907 4299 os
1928 4241 2046 4313 ejus
2078 4254 2261 4314 pateat
2287 4245 2355 4300 ad
2386 4247 2669 4304 cmlesiem
2701 4265 2918 4322 panem,
2949 4253 3156 4312 Deinde
3182 4258 3248 4314 ad
3273 4261 3452 4317 comi-

173 4313 271 4384 li).
310 4315 424 4373 Hoc
474 4317 523 4373 si
553 4331 616 4373 se
647 4318 721 4370 ita
775 4315 995 4382 habent,
1028 4323 1084 4370 et
1112 4317 1459 4371 Aristarchus
1485 4320 1578 4386 qui
1609 4334 1732 4374 con-

1885 4313 2092 4406 antem,
2117 4349 2173 4394 et
2191 4337 2440 4405 liberam,
2470 4353 2524 4396 et
2548 4342 2615 4397 ad
2643 4343 3040 4415 lungitudincm
3065 4354 3248 4421 operis
3267 4369 3282 4409 :
3301 4357 3444 4425 quod

167 4411 392 4479 captivus
421 4412 544 4482 ejus
599 4412 652 4466 in
684 4420 709 4448 ει
746 4411 937 4466 eadem
966 4409 1209 4481 Epistula
1239 4412 1458 4477 dicitur,
1492 4412 1560 4467 ad
1592 4428 1726 4468 eam

1889 4445 2144 4500 umquam
2176 4447 2206 4487 a
2237 4442 2428 4489 sancto
2456 4434 2644 4492 labore
2674 4438 2920 4495 desistat.
2973 4443 3229 4502 Scribere
3258 4458 3439 4505 autem

166 4497 275 4556 dem
304 4503 717 4575 intelligentiam
738 4504 1041 4560 deducetur
1065 4521 1078 4557 :
1100 4505 1203 4559 nisi
1229 4507 1371 4560 forte
1402 4505 1742 4562 reconditum
1848 4539 1948 4592 pro
1971 4538 2038 4579 eo
2066 4525 2157 4596 qui
2207 4527 2538 4596 resiiondeat
2567 4530 2881 4587 testimonio
2911 4550 3034 4602 suo,
3089 4554 3187 4593 nec
3239 4554 3345 4594 non
3392 4543 3443 4596 ei

169 4593 372 4665 αίίιιιιίιι.
405 4607 460 4652 ει
505 4608 803 4661 sacrauit",
857 4607 912 4650 υῑ
960 4595 1178 4666 ψυὶἀίιιη
1230 4607 1440 4668 Dum".
1492 4598 1543 4653 ῖη
1574 4598 1742 4654 “Who
1768 4613 1823 4676 D
1847 4614 1955 4687 [ΑΙ.
1981 4593 2150 4689 eum],
2176 4618 2263 4672 cui
2291 4593 2598 4688 specialiter
2624 4621 2866 4691 Epistula
2890 4625 3195 4697 dedicatur,
3223 4631 3448 4688 salutari

167 4686 482 4754 captivitatis
513 4689 824 4744 ostenditur
847 4687 956 4760 [ΑΙ.
989 4688 1272 4762 ostendit].
1302 4691 1443 4761 quod
1478 4693 1620 4762 εθριί
1653 4707 1749 4792 P8:
1849 4686 1917 4759 ab
1943 4686 2188 4763 uber-tite
2209 4686 2516 4765 crescente.
2550 4712 2616 4766 Et
2643 4686 2766 4766 eum
2792 4712 2904 4786 [ΑΙ.
2937 4716 3027 4792 eo]
3058 4719 3149 4789 qui
3177 4686 3349 4777 iactus
3378 4727 3449 4779 sit

167 4775 204 4829 ri
227 4792 282 4832 er
308 4792 362 4836 et
392 4782 582 4850 VinCli,
618 4779 671 4836 ill
712 4781 907 4835 Vallem
939 4779 1078 4835 hanc
1111 4781 1332 4837 adduc“
1362 4779 1471 4854 [Αίο
1506 4782 1750 4855 ἀθάνατ’]
1852 4816 1950 4869 per
1973 4801 2221 4856 mandata
2247 4802 2558 4874 sublimior,
2585 4805 2789 4878 illoque
2809 4809 2899 4879 qui
2929 4775 3028 4880 pe;
3055 4814 3259 4884 majora
3281 4832 3445 4888 opera

166 4871 258 4924 Sitti
285 4872 673 4943 lacrytnarum.
705 4871 860 4940 Quod
892 4874 937 4928 Si
971 4883 1230 4928 neutrum
1264 4878 1542 4945 recipitur,
1577 4892 1641 4931 ex
1682 4891 1748 4931 eo
1851 4889 1904 4946 in
1929 4903 2168 4948 montem
2195 4910 2364 4965 usque
2394 4899 2752 4966 suem-ever“,
2785 4901 2855 4957 ab
2887 4916 2954 4958 eo
2983 4919 3200 4975 quoque
3229 4910 3318 4978 qui
3349 4925 3446 4979 ρο-

164 4960 290 5027 quod
317 4962 406 5018 hic
433 4962 682 5018 additum
706 4973 792 5020 est
816 4964 870 5018 in
899 4963 1107 5020 Christo
1136 4963 1288 5035 Jesu,
1338 4982 1628 5038 possumus
1658 4984 1721 5023 su

1887 4986 1960 5040 uit
1991 4986 2294 5043 custodiam
2325 4989 2408 5043 ori
2437 5003 2560 5057 suo,
2614 5000 2670 5046 et
2719 4994 2919 5050 usuum
2973 5000 3238 5054 munitum
3289 5001 3446 5058 labiis

165 5053 344 5121 spicari
366 5057 560 5112 eadem
587 5073 712 5113 eum
745 5056 933 5112 Roma:
962 5074 1063 5128 pro
1092 5058 1308 5116 Christo
1335 5062 1549 5116 vincula
1579 5063 1718 5117 susti

1885 5077 1966 5130 uis
1997 5091 2013 5131 :
2041 5079 2131 5148 qui
2181 5077 2391 5134 idcirco
2421 5053 2649 5136 forsitan
2681 5081 2853 5151 siluit,
2885 5085 3009 5157 quia
3058 5088 3125 5144 ad
3174 5091 3444 5149 modicum

164 5146 331 5205 nuisse
358 5166 482 5221 quae
520 5151 749 5206 Paulum
785 5168 799 5201 ε
829 5162 884 5208 et
915 5164 973 5208 ut
1007 5155 1248 5210 vinctum
1280 5155 1510 5226 Christi,
1548 5158 1621 5212 ita
1651 5174 1743 5213 ca-
1844 5146 2166 5238 Apostolum
2197 5169 2585 5242 dereliquerat.
2615 5172 2683 5228 Et
2717 5174 2787 5228 ad
2818 5146 3127 5235 ext-remum
3167 5181 3236 5236 ab
3265 5198 3332 5237 eo
3358 5188 3449 5255 qui

163 5241 350 5309 parum
373 5259 596 5317 quoque
622 5245 739 5317 ejus
765 5247 1005 5317 potuisse
1028 5247 1156 5304 dici.
1190 5252 1572 5321 Autcerteita,
1595 5253 1741 5324 quod
1848 5276 1944 5332 per
1971 5276 2034 5318 se
2063 5262 2179 5330 ipse
2209 5241 2554 5336 consurgens
2610 5268 2860 5338 quotidie
2897 5282 3183 5342 augeatur,
3233 5241 3455 5346 proces-

160 5337 342 5393 nubilis
371 5349 428 5393 et
457 5341 577 5410 ipse
606 5342 677 5396 sit
703 5339 756 5396 in
789 5341 1076 5411 apostolis,
1111 5351 1168 5398 ut
1186 5343 1533 5401 Andronicus
1560 5359 1613 5402 ct
1643 5349 1743 5404 Ju-
1848 5367 2051 5426 susque
2085 5357 2282 5413 habeat
2313 5373 2327 5411 :
2358 5359 2485 5414 dum
2509 5337 2639 5430 ejus
2663 5337 3138 5432 Evangelio—orbis
3167 5337 3452 5439 impletur,

160 5426 241 5494 lia,
267 5430 336 5486 de
361 5433 562 5503 quibus
601 5432 668 5488 ad
716 5433 996 5492 Romanos
1041 5439 1336 5493 scribitur:
1369 5441 1609 5495 Salutate
1638 5443 1745 5497 An-
1848 5456 1904 5502 et
1934 5448 2098 5504 toties
2121 5450 2344 5518 crescit,
2375 5426 2592 5522 quoties
2617 5426 2844 5510 auditus
2860 5463 2918 5513 et
2935 5455 3110 5514 lectus
3138 5460 3396 5521 aediﬁcat.

159 5519 446 5595 drcnicunt,
495 5536 541 5581 et
591 5525 793 5581 Juliatn
837 5539 1108 5600 cognatos,
1154 5540 1205 5586 et
1233 5534 1557 5603 concaptit-os
1584 5553 1741 5607 meos,

231 5728 439 5831 “ullane
465 5747 681 5812 quoque
705 5733 887 5831 locum
911 5734 1219 5818 Origeniani
1242 5736 1509 5831 dogmatis
1531 5751 1750 5831 accusat
1935 5743 1963 5786 δ
1994 5747 2114 5808 Duo
2157 5749 2510 5811 Cistcrciens.
2539 5768 2674 5814 mss.
2709 5771 2949 5814 concessa
2976 5757 3079 5816 sint
3103 5759 3308 5831 uincere
3336 5764 3463 5830 tilia

167 5797 418 5876 [\uliuus,
440 5797 608 5877 queui
631 5806 829 5860 videsis
854 5797 1246 5867 lttveciivat'tttn
1273 5797 1371 5869 lii).
1398 5825 1440 5885 t,
1475 5827 1531 5872 tt.
1558 5812 1648 5871 40.

555 5898 835 5962 Psrnoc.
884 5897 1065 5963 XXV
1070 5899 1119 5965 Ι.

2979 5924 3063 5995 20
