3948 6334
1275 201 1624 264 ΔΡΡΕΝΟΙΧ
1660 202 1754 259 AD
1788 201 2029 260 TOMUM
2065 206 2071 258 l

2176 199 2426 260 .’TIMUM
2462 200 2522 259 S.
2565 193 2970 257 illERONYMI.
3667 186 3758 247 ϐω

492 327 3745 409 ﬂ

1515 546 2769 737 APPENDIX

1683 824 1792 886 AD
1835 822 2129 888 TOMUM
2172 823 2588 887 SEPTIMUM

484 1007 1345 1162 OPEBUM
1426 1005 1574 1153 S.
1673 1004 2465 1153 EUSEBII
2541 995 3758 1165 HIERONYMI,

1902 1249 2360 1304 COMPLECTENS

517 1392 1461 1489 COMMENTARIOS
1520 1393 1641 1477 IN
1701 1391 1756 1476 J
1762 1390 1912 1474 OB
1967 1390 2118 1473 ET
2174 1383 2936 1472 BREVIARIUM
2989 1384 3102 1468 IN
3167 1382 3719 1468 PSALMOS.

692 1700 1999 1855 COMMENTARII
2090 1699 2279 1831 IN
2373 1696 3064 1828 LIBRUM
3148 1694 3537 1824 JOB.
3632 1628 3637 1635 ’

467 1945 880 2001 Commentarios
904 1944 958 1999 in
986 1941 1111 2008 Job,
1141 1955 1272 2013 quos
1302 1937 1468 1991 editor
1507 1933 1824 1990 Veronensis
1861 1930 2245 1987 commentariis
2275 1930 2326 1983 in
2362 1930 2584 1998 majores
2612 1927 2905 1999 prophetas,
2940 1926 3064 1980 tomi
3088 1924 3255 1997 quinti
3284 1923 3569 1998 ampliandi
3596 1939 3761 1991 causa,

531 2038 893 2110 subjunxerat,
922 2050 1039 2107 nos,
1069 2051 1133 2090 ne
1159 2042 1326 2088 tomus
1353 2039 1527 2086 noster
1545 2028 1747 2101 justam
1770 2042 2062 2081 mensuram
2090 2024 2376 2093 excederet,
2404 2023 2524 2094 huc,
2556 2022 2789 2078 ordinent
2812 2019 3070 2077 Biblicum
3095 2018 3306 2075 aliunde
3331 2019 3512 2091 secuti,
3541 2025 3757 2074 transtu-

1892 2186 2331 2251 PROLOGUS.

535 2131 718 2188 limus.

540 2482 776 2554 Job,qui
796 2481 1388 2553 dolens,vel‘maynus
1404 2479 1819 2549 interpretatur,
1847 2473 2072 2543 ﬁguram
2100 2479 2155 2541 Α
2178 2471 2453 2526 culatores
2481 2469 2620 2540 ejus.
2657 2468 2882 2541 Eliphaz
2934 2466 3079 2523 enim
3108 2466 3163 2522 in
3211 2465 3494 2533 Latinoﬂ
3544 2462 3641 2521 Dei
3679 2463 3767 2554 mei

466 2572 674 2630 Christi
714 2576 973 2645 portavit.
1017 2573 1193 2629 Amici
1222 2587 1353 2628 vero
1381 2569 1504 2640 ejus
1536 2570 1761 2640 ﬁguram
1789 2564 2076 2621 bwretico-

468 2681 588 2722 rum
647 2675 862 2735 tenent,
914 2665 1039 2737 qui,
1092 2664 1193 2720 sub
1234 2662 1460 2718 nomine
1508 2660 1741 2728 Christi,
1795 2659 2076 2715 Christum

465 2755 849 2827 blasphetnant
881 2766 938 2811 et
987 2758 1334 2826 impugnant;
1366 2753 1524 2809 Heliu
1566 2768 1717 2820 vero,
1753 2760 1809 2806 et
1851 2750 2069 2804 Baalatu

464 2844 598 2923 [ΑΙ.
667 2847 949 2922 Baldad],
1009 2859 1195 2920 typum
1239 2845 1540 2917 praeferunt
1592 2846 2076 2916 philosophorum,

463 2939 591 3011 quia
615 2940 772 3012 foris,
803 2940 857 2995 id
910 2949 1028 3008 est,
1091 2949 1243 2993 extra
1293 2938 1452 2993 [idem
1506 2938 1701 3008 positi,
1748 2935 2080 2990 insidiantur

463 3030 734 3089 Ecclesiae
760 3032 880 3089 Dei.
915 3031 1008 3087 Isti
1036 3033 1180 3087 enim
1232 3030 1473 3101 pretiosa
1502 3028 1722 3084 nomina
1749 3028 1849 3084 sibi
1900 3027 2069 3098 impo-

465 3135 624 3195 nunt,
657 3126 814 3198 quasi
842 3126 949 3196 ipsi
978 3125 1089 3180 sint
1115 3140 1306 3180 aurum
1356 3123 1475 3192 Dei,
1508 3123 1597 3179 vel
1641 3121 1902 3193 praecipui
1944 3135 2067 3191 Spe~

2182 2579 2371 2617 aurum
2393 2572 2574 2619 sonat.
2603 2560 2827 2626 Baldad,
2853 2559 3170 2630 prazcipuus,
3195 2568 3393 2613 vetusta
3409 2558 3504 2631 [AI
3527 2553 3766 2627 vetustas]

2180 2665 2395 2710 secreta.
2452 2654 2688 2725 Sopltar,
2744 2651 3063 2722 speculator,
3118 2650 3205 2705 vel
3231 2649 3471 2704 buccina.
3523 2647 3588 2703 lli
3631 2649 3767 2704 enim

2180 2749 2306 2805 elati
2340 2764 2439 2818 pro
2463 2763 2528 2802 eo
2554 2746 2699 2817 quod
2731 2761 2828 2815 per
2854 2754 3063 2799 natura:
3094 2744 3320 2809 bonum,
3360 2743 3538 2814 aliqua
3567 2742 3768 2812 sapien-

2185 2851 2265 2897 ter
2311 2839 2714 2910 praedicabant,
2766 2836 2911 2907 apud
2952 2852 3012 2893 se
3052 2834 3369 2906 jactitantes
3398 2834 3765 2899 severitatem,

2184 2950 2309 2989 cum
2334 2941 2633 2989 assertores
2663 2933 2772 2985 sint
2799 2930 3070 2985 mendacii
3098 2947 3112 2984 :
3137 2931 3261 2999 quia
3293 2931 3362 2984 de
3398 2928 3641 2993 Christo,
3671 2943 3767 2982 nou

2189 3038 2250 3083 ut
2275 3025 2544 3082 divinitati
2567 3024 2707 3096 ejus,
2736 3024 2831 3080 sed
2863 3030 2920 3079 ut
2946 3023 3184 3094 ipsorum
3210 3023 3477 3096 impietati
3500 3029 3765 3096 competit,

2183 3120 2264 3174 sic
2293 3119 2607 3189 loquuntur.

538 3287 567 3321 ⁸
599 3278 745 3351 Lege
771 3279 1020 3349 omnino,
1066 3294 1311 3350 magnus,
1359 3286 1429 3342 et
1458 3276 1568 3334 vid.
1624 3276 1719 3334 lib.
1772 3275 2063 3333 Nominum
2174 3272 2411 3351 Baldad,
2443 3283 2669 3351 uetustas
2690 3274 2824 3351 sola.
2856 3272 3069 3351 Sophar
3116 3274 3340 3351 specula:
3385 3272 3667 3351 dissipatio,
3696 3270 3767 3326 vel

461 3351 573 3462 ea];
597 3348 668 3484 it?
674 3352 880 3479 20331.1
905 3422 1078 3478 lexico
1097 3420 1282 3489 Nom.,
1326 3416 1571 3494 Eliphaz,
1594 3418 1696 3475 Dei
1721 3427 2063 3491 contemptus.

2175 3347 2553 3418 speculatorem
2578 3346 2866 3416 dissipans,
2900 3344 3005 3401 sire
3053 3344 3432 3418 speculatorem
3452 3344 3647 3400 uidebo.

481 3549 3740 3580 ______________________________________________._____

1155 3677 1774 3766 INCIPIUNT
1832 3678 2379 3764 EDISSERI
2438 3679 3065 3766 CAPITULA.

551 4054 649 4110 Vir
675 4065 785 4112 erat
814 4054 871 4110 in
900 4063 1042 4110 terra
1070 4052 1211 4120 Ilus,
1243 4054 1450 4108 nomine
1471 4051 1591 4108 Job.
1616 4052 1685 4108 Et
1710 4062 1821 4108 erat
1867 4052 1947 4107 vir
1987 4052 2077 4106 ille

469 4146 691 4215 simplex
718 4156 767 4201 et
793 4155 961 4201 rectus
990 4162 1050 4200 ac
1078 4147 1259 4200 timens
1283 4144 1444 4199 Deum
1469 4186 1485 4213 ,
1509 4157 1554 4198 et
1583 4145 1826 4199 recedens
1850 4161 1883 4197 a
1913 4145 2071 4197 malo.

475 4237 707 4308 Natique
723 4248 842 4292 sunt
863 4239 911 4292 ei
939 4248 1135 4308 septem
1161 4238 1341 4306 ﬁlii,et
1364 4247 1466 4291 tres
1484 4237 1628 4305 ﬁliae.
1665 4236 1731 4289 Et
1760 4236 1860 4305 fuit
1882 4251 2075 4305 posses-

469 4332 548 4386 sio
587 4333 702 4401 ejus
721 4340 911 4401 septem
933 4329 1106 4385 millia
1129 4330 1321 4397 ovium,
1343 4339 1393 4385 et
1410 4331 1510 4384 tria
1526 4330 1693 4383 millia
1723 4330 2036 4383 camelorum
2053 4343 2071 4380 :

470 4423 755 4494 quingenta
807 4437 1005 4492 quoque
1049 4421 1179 4494 iuga
1237 4420 1429 4489 boum,
1472 4430 1520 4474 et
1571 4422 1867 4489 quingentte
1911 4419 2074 4472 asina:

474 4530 536 4569 ac
558 4513 762 4585 familia
804 4514 975 4567 multa
1003 4514 1177 4567 nimis.
1208 4510 1444 4583 Eratque
1469 4514 1546 4566 uir
1567 4510 1657 4565 ille
1684 4528 1898 4582 magnus
1941 4508 2078 4565 inter"

476 4622 652 4662 omnes
686 4604 1001 4661 Orientales.
1034 4605 1100 4659 Et
1125 4606 1268 4659 ibant
1293 4606 1392 4675 ﬁlii
1425 4608 1555 4675 eius,
1587 4616 1634 4658 et
1667 4606 1928 4675 faciebant
1953 4620 2075 4657 con-

472 4699 608 4754 vivia
628 4715 719 4770 per
738 4700 938 4766 domos,
970 4699 1320 4770 unusquisque
1348 4699 1402 4752 in
1433 4699 1517 4752 die
1572 4714 1683 4753 suo.
1718 4696 1787 4752 Et
1812 4699 2071 4752 mittentes

471 4790 724 4846 vocabant
753 4800 857 4844 tres
878 4806 1085 4844 sorores
1135 4808 1279 4857 snas,
1308 4801 1363 4844 ut
1388 4791 1710 4845 comederent
1747 4800 1794 4845 et
1847 4791 2074 4845 biberent

472 4901 591 4941 cum
613 4885 704 4939 eis.
754 4882 984 4953 Cumque
1009 4884 1062 4937 in
1092 4883 1262 4937 orbem
1311 4886 1613 4939 transissent
1664 4885 1777 4939 dies
1827 4884 2069 4951 convivii,

471 4977 704 5033 mittebat
721 4975 790 5030 ad
803 4992 889 5031 eos
906 4975 1029 5039 Job,
1054 4987 1101 5029 et
1118 4977 1477 5045 sanctiﬁcabat
1495 4978 1532 5031 il
1539 4977 1613 5032 los
1630 4996 1645 5032 :
1661 4994 2072 5047 consurgensque

473 5066 741 5135 diluculo,
772 5076 883 5124 etc.
918 5067 1032 5123 Huz
1062 5068 1237 5123 etBuz
1277 5070 1370 5123 lilii
1409 5069 1627 5124 fuerunt
1648 5070 1862 5125 Nacltor
1891 5070 2071 5125 fratris

472 5160 730 5229 Abrahae,
750 5161 846 5217 lilii
861 5159 1087 5217 Melcbm
1100 5163 1309 5216 sororis
1330 5162 1499 5228 Sara»,
1519 5162 1588 5216 de
1608 5162 1761 5232 cujus
1780 5164 1948 5232 stirpe
1969 5160 2071 5216 Job

469 5254 776 5311 descendit.
794 5253 911 5309 Non
933 5255 1072 5310 sicut
1092 5253 1313 5324 quidam
1329 5254 1467 5309 falso
1502 5256 1865 5324 suspicantur,
1895 5254 1961 5308 dc
1979 5269 2071 5322 ge-

2095 3959 2146 4021 B
2174 3965 2259 4011 tur
2290 3956 2642 4013 eonsiltatrix.
2685 3956 2794 4014 Sed
2834 3968 2890 4013 et
2931 3957 3205 4025 Elt-bana,
3261 3959 3353 4029 qui
3400 3959 3761 4031 interpretatur

2180 4051 2435 4121 possessio
2457 4050 2574 4116 Dei,
2601 4060 2754 4121 pater
2784 4052 3110 4107 sanctissimi
3152 4051 3427 4110 Samuelis
3471 4054 3756 4126 Pr0phclm,

2179 4143 2263 4197 vir
2286 4158 2426 4197 unus
2466 4144 2807 4212 appellatur:
2843 4160 2949 4199 non
2980 4146 3124 4201 enim
3160 4163 3257 4213 per
3299 4147 3515 4204 diversa
3560 4146 3755 4202 mobilis

2177 4242 2339 4304 atque
2366 4234 2635 4289 instabilis
2693 4234 2988 4301 ferebatur,
3027 4237 3121 4291 sed
3154 4237 3340 4293 lirtnus
3384 4250 3542 4309 atque
3584 4239 3756 4294 incon-

2176 4340 2372 4379 cussus
2399 4327 2724 4395 persistens,
2752 4328 2837 4381 vir
2857 4342 2997 4381 unus
3026 4337 3172 4382 erat:
3204 4338 3258 4384 et
3291 4331 3496 4386 idcirco
3523 4332 3571 4385 iu
3591 4336 3755 4384 urente

2177 4418 2438 4488 Epltraim
2481 4421 2756 4492 fructifera
2796 4422 3131 4479 morabatur.
3171 4422 3229 4478 In
3277 4425 3386 4479 alta
3415 4426 3612 4481 scilicet
3636 4440 3755 4480 tono

2179 4513 2535 4579 templatione
2573 4514 2858 4579 virtutum,
2899 4525 3016 4569 uta
3059 4516 3219 4571 nullis
3278 4518 3670 4587 subjacentibus
3701 4527 3753 4572 et

2175 4605 2708 4661 circumlatrantibus
2722 4608 2979 4661 vitiorum
3001 4609 3408 4676 agitationibus,
3440 4613 3623 4667 mentis
3648 4611 3752 4679 vjus

2175 4698 2845 4769 sublimitasdejicerctur,
2866 4702 2952 4756 vel
2968 4704 3148 4756 unitas
3165 4703 3519 4759 scinderetur.
3542 4702 3750 4759 Proiznle

2175 4789 2263 4844 hic
2289 4792 2371 4844 vir
2399 4805 2627 4860 magnus
2656 4801 2822 4863 atque
2846 4793 3099 4864 egregius
3121 4793 3245 4864 Job,
3276 4795 3329 4850 in
3351 4804 3496 4851 terra
3539 4796 3640 4851 Huz
3660 4793 3747 4847 lut-

2177 4881 2383 4937 bitasse
2437 4885 2791 4953 perhibetur,
2820 4901 2941 4956 qua:
2992 4886 3323 4942 consiliatria:
3368 4889 3743 4959 interpretatur.

2172 4974 2293 5030 Non
2317 4976 2461 5030 enim
2488 4984 2631 5031 terra
2661 4979 2841 5032 carnis
2886 4977 3026 5046 ejus,
3080 4981 3319 5032 animum
3353 4980 3518 5049 ipsius
3544 4994 3743 5050 supera-

2172 5066 2285 5137 bat,
2315 5066 2744 5137 sedimpernntis
2790 5070 2959 5124 animi
3004 5070 3235 5125 Consilio
3276 5080 3467 5127 cuncta
3496 5072 3742 5127 faciebat:

2173 5160 2318 5216 unde
2349 5170 2406 5215 et
2431 5160 2546 5231 ipse
2583 5163 2655 5216 ait
2693 5180 2706 5216 :
2739 5160 2927 5235 Pepigi
2959 5166 3126 5235 foedus
3171 5181 3289 5218 cum
3333 5166 3498 5220 oculis
3536 5166 3666 5229 meis,
3689 5170 3741 5215 ut

2172 5270 2275 5308 non
2306 5256 2581 5325 cogitarem
2606 5256 2810 5326 quidem
2832 5257 2897 5311 de
2929 5260 3146 5331 virgine.
3178 5259 3293 5314 lloc
3323 5274 3455 5330 ergo
3484 5259 3740 5314 consilium

471 5360 738 5401 ncrceum
753 5343 923 5401 fuisse
950 5345 1096 5401 Esau
1115 5345 1297 5418 (Hier.
1319 5346 1495 5413 Quest.
1532 5348 1586 5401 in
1600 5346 1778 5416 Gem).
1796 5346 1928 5403 Nam
1962 5349 2070 5401 Eli-
2093 5368 2140 5430 ρ
2173 5357 2226 5401 et
2260 5359 2472 5416 pactum
2496 5349 2769 5419 quondam
2794 5351 2896 5405 sibi
2921 5353 3151 5406 invicem
3178 5351 3441 5419 inierunt,
3469 5352 3619 5407 homo
3641 5351 3740 5419 ejus

466 5436 605 5507 pltat
642 5436 887 5493 Irascitur
920 5437 990 5492 de
1023 5437 1137 5493 Ada
1153 5452 1323 5493 uxore
1339 5439 1568 5504 Esut,et
1588 5440 1833 5509 regnavit
1857 5439 2066 5494 in'l'be-

467 5529 773 5595 man,unde
785 5528 1310 5584 etiameemanites
1329 5530 1508 5585 dictus
1530 5540 1633 5585 est.
1654 5530 2062 5597 Tlteman,ldu-

2171 5440 2400 5495 interior
2430 5453 2482 5497 et
2507 5444 2783 5498 exterior:
2813 5453 2874 5498 ut
2901 5453 3069 5512 terra,
3095 5447 3146 5499 id
3176 5456 3281 5517 est,
3334 5461 3464 5501 caro
3483 5444 3741 5517 ejus,obe-

2168 5532 2369 5588 diemlo
2411 5534 2567 5589 ﬁeret
2589 5536 2927 5590 consiliatrix
2983 5537 3223 5607 spiritui,
3254 5551 3324 5592 ne
3355 5537 3408 5591 in
3431 5552 3490 5593 ea
3512 5537 3735 5592 domina-

465 5635 627 5688 mtca,
652 5619 1459 5691 SeirDaroma,Zebora,regio
1483 5621 1580 5675 luit
1601 5620 1765 5676 Esau.
1790 5621 2063 5677 Habitavit
2167 5640 2317 5681 retur
2343 5627 2622 5696 iniquitas.
2654 5629 2721 5682 Et
2752 5631 2879 5699 quin
2906 5630 3012 5697 vir,
3056 5630 3210 5699 juxta
3247 5629 3487 5685 ditinum
3519 5631 3735 5684 testimo-

461 5724 645 5775 uutem
671 5713 776 5770 Job
798 5716 883 5771 vir
902 5730 1126 5789 magnus
1150 5719 1203 5771 in
1232 5726 1376 5771 terra
1408 5716 1543 5785 Huz,
1578 5730 1698 5787 qum
1730 5715 2059 5786 interpreta-

2166 5718 2337 5785 nium,
2368 5717 2598 5792 simplex
2628 5731 2767 5789 erat,
2800 5720 3050 5777 habitans
3107 5722 3160 5777 iu
3192 5721 3391 5777 domo:
3420 5732 3637 5796 quatuor
3658 5717 3733 5789 ιιιι
