  <div class='ocr_page' id='page_1' title='image "/cluster/home/n/w/nwhite01/storage/ocr_20150623/26/hvd.32044015471402/317.png"; bbox 0 0 3948 6334; ppageno 0'>
   <div class='ocr_carea' id='block_1_1' title="bbox 460 239 568 312">
    <p class='ocr_par' dir='ltr' id='par_1_1' title="bbox 460 239 568 312">
     <span class='ocr_line' id='line_1_1' title="bbox 460 239 568 312; baseline 0 -1"><span class='ocrx_word' id='word_1_1' title='bbox 460 239 568 312; x_wconf 64' lang='lat' dir='ltr'><strong><em>tes</em></strong></span> 
     </span>
    </p>
   </div>
   <div class='ocr_carea' id='block_1_2' title="bbox 1245 234 2959 311">
    <p class='ocr_par' dir='ltr' id='par_1_2' title="bbox 1245 234 2959 311">
     <span class='ocr_line' id='line_1_2' title="bbox 1245 234 2959 311; baseline -0.001 -1"><span class='ocrx_word' id='word_1_2' title='bbox 1245 250 1592 311; x_wconf 80' lang='lat' dir='ltr'><strong><em>APPENDIX</em></strong></span> <span class='ocrx_word' id='word_1_3' title='bbox 1640 252 1729 308; x_wconf 79' lang='lat' dir='ltr'><strong><em>AD</em></strong></span> <span class='ocrx_word' id='word_1_4' title='bbox 1768 241 2012 310; x_wconf 74' lang='lat' dir='ltr'><strong>TOMUM</strong></span> <span class='ocrx_word' id='word_1_5' title='bbox 2055 234 2416 310; x_wconf 73' lang='lat' dir='ltr'><strong><em>SEPTIMUM</em></strong></span> <span class='ocrx_word' id='word_1_6' title='bbox 2453 249 2513 308; x_wconf 89' lang='lat' dir='ltr'><strong><em>s.</em></strong></span> <span class='ocrx_word' id='word_1_7' title='bbox 2555 243 2959 311; x_wconf 74' lang='lat' dir='ltr'><strong><em>HIERONYML</em></strong></span> 
     </span>
    </p>
   </div>
   <div class='ocr_carea' id='block_1_3' title="bbox 3649 248 3749 313">
    <p class='ocr_par' dir='ltr' id='par_1_3' title="bbox 3649 248 3749 313">
     <span class='ocr_line' id='line_1_3' title="bbox 3649 248 3749 313; baseline 0.01 -1"><span class='ocrx_word' id='word_1_8' title='bbox 3649 248 3749 313; x_wconf 61' lang='lat' dir='ltr'><strong><em>62d</em></strong></span> 
     </span>
    </p>
   </div>
   <div class='ocr_carea' id='block_1_4' title="bbox 526 365 3747 461">
    <p class='ocr_par' dir='ltr' id='par_1_4' title="bbox 526 365 3747 461">
     <span class='ocr_line' id='line_1_4' title="bbox 526 365 3747 461; baseline 0.002 -38"><span class='ocrx_word' id='word_1_9' title='bbox 526 367 675 423; x_wconf 86' lang='lat' dir='ltr'><strong><em>Tunc</em></strong></span> <span class='ocrx_word' id='word_1_10' title='bbox 701 368 928 425; x_wconf 78' lang='lat' dir='ltr'><strong><em>surrexit</em></strong></span> <span class='ocrx_word' id='word_1_11' title='bbox 951 365 1074 432; x_wconf 92' lang='lat' dir='ltr'><strong><em>Job,</em></strong></span> <span class='ocrx_word' id='word_1_12' title='bbox 1101 376 1148 424; x_wconf 91' lang='lat' dir='ltr'><strong><em>et</em></strong></span> <span class='ocrx_word' id='word_1_13' title='bbox 1170 369 1321 424; x_wconf 99' lang='lat' dir='ltr'><strong><em>scidit</em></strong></span> <span class='ocrx_word' id='word_1_14' title='bbox 1347 369 1647 424; x_wconf 74' lang='lat' dir='ltr'><strong><em>vestimenta</em></strong></span> <span class='ocrx_word' id='word_1_15' title='bbox 1686 383 1803 434; x_wconf 88' lang='lat' dir='ltr'><strong><em>sua,</em></strong></span> <span class='ocrx_word' id='word_1_16' title='bbox 1833 376 2052 461; x_wconf 71' lang='lat' dir='ltr'><strong><em>ettonso</em></strong></span> <span class='ocrx_word' id='word_1_17' title='bbox 2079 366 2134 430; x_wconf 78' lang='grc' dir='ltr'><strong>Α</strong></span> <span class='ocrx_word' id='word_1_18' title='bbox 2159 398 2248 443; x_wconf 72' lang='grc' dir='ltr'><strong><em>ιω.</em></strong></span> <span class='ocrx_word' id='word_1_19' title='bbox 2268 386 2410 457; x_wconf 58' lang='lat' dir='ltr'><strong><em>ejus,</em></strong></span> <span class='ocrx_word' id='word_1_20' title='bbox 2442 387 2817 461; x_wconf 52' lang='lat' dir='ltr'><strong><em>impugnanda</em></strong></span> <span class='ocrx_word' id='word_1_21' title='bbox 2839 389 3144 446; x_wconf 67' lang='grc' dir='ltr'><strong><em>εροιεςεηηι</em></strong></span> <span class='ocrx_word' id='word_1_22' title='bbox 3173 403 3353 447; x_wconf 54' lang='lat' dir='ltr'><strong><em>suam</em></strong></span> <span class='ocrx_word' id='word_1_23' title='bbox 3382 388 3540 458; x_wconf 72' lang='lat' dir='ltr'><strong>Quod</strong></span> <span class='ocrx_word' id='word_1_24' title='bbox 3572 401 3747 449; x_wconf 65' lang='lat' dir='ltr'><strong><em>amem</em></strong></span> 
     </span>
    </p>
   </div>
   <div class='ocr_carea' id='block_1_5' title="bbox 454 456 2054 533">
    <p class='ocr_par' dir='ltr' id='par_1_5' title="bbox 454 456 2054 533">
     <span class='ocr_line' id='line_1_5' title="bbox 454 456 2054 533; baseline 0 -19"><span class='ocrx_word' id='word_1_25' title='bbox 454 461 642 533; x_wconf 89' lang='lat' dir='ltr'><strong><em>capite,</em></strong></span> <span class='ocrx_word' id='word_1_26' title='bbox 677 477 921 517; x_wconf 77' lang='lat' dir='ltr'><strong><em>corruens</em></strong></span> <span class='ocrx_word' id='word_1_27' title='bbox 960 463 1015 516; x_wconf 89' lang='lat' dir='ltr'><strong><em>in</em></strong></span> <span class='ocrx_word' id='word_1_28' title='bbox 1043 472 1254 530; x_wconf 86' lang='lat' dir='ltr'><strong><em>terram,</em></strong></span> <span class='ocrx_word' id='word_1_29' title='bbox 1287 461 1524 516; x_wconf 86' lang='lat' dir='ltr'><strong><em>adoravit</em></strong></span> <span class='ocrx_word' id='word_1_30' title='bbox 1549 470 1598 515; x_wconf 90' lang='lat' dir='ltr'><strong><em>et</em></strong></span> <span class='ocrx_word' id='word_1_31' title='bbox 1626 459 1760 514; x_wconf 74' lang='lat' dir='ltr'><strong><em>dixit</em></strong></span> <span class='ocrx_word' id='word_1_32' title='bbox 1798 474 1816 512; x_wconf 92' lang='lat'><strong><em>:</em></strong></span> <span class='ocrx_word' id='word_1_33' title='bbox 1859 456 2054 514; x_wconf 86' lang='lat' dir='ltr'><strong><em>Nudus</em></strong></span> 
     </span>
    </p>
   </div>
   <div class='ocr_carea' id='block_1_6' title="bbox 451 555 2053 627">
    <p class='ocr_par' dir='ltr' id='par_1_6' title="bbox 451 555 2053 627">
     <span class='ocr_line' id='line_1_6' title="bbox 451 555 2053 627; baseline -0.001 -18"><span class='ocrx_word' id='word_1_34' title='bbox 451 573 688 627; x_wconf 84' lang='lat' dir='ltr'><strong><em>egressus</em></strong></span> <span class='ocrx_word' id='word_1_35' title='bbox 707 574 820 611; x_wconf 90' lang='lat' dir='ltr'><strong><em>sum</em></strong></span> <span class='ocrx_word' id='word_1_36' title='bbox 849 558 914 612; x_wconf 91' lang='lat' dir='ltr'><strong><em>de</em></strong></span> <span class='ocrx_word' id='word_1_37' title='bbox 934 567 1080 612; x_wconf 89' lang='lat' dir='ltr'><strong><em>utero</em></strong></span> <span class='ocrx_word' id='word_1_38' title='bbox 1105 556 1286 611; x_wconf 89' lang='lat' dir='ltr'><strong><em>matris</em></strong></span> <span class='ocrx_word' id='word_1_39' title='bbox 1323 571 1468 623; x_wconf 70' lang='lat' dir='ltr'><strong><em>meae,</em></strong></span> <span class='ocrx_word' id='word_1_40' title='bbox 1509 563 1557 609; x_wconf 86' lang='lat' dir='ltr'><strong><em>et</em></strong></span> <span class='ocrx_word' id='word_1_41' title='bbox 1613 555 1782 609; x_wconf 90' lang='lat' dir='ltr'><strong><em>nudus</em></strong></span> <span class='ocrx_word' id='word_1_42' title='bbox 1824 563 2053 608; x_wconf 85' lang='lat' dir='ltr'><strong><em>revertar</em></strong></span> 
     </span>
    </p>
   </div>
   <div class='ocr_carea' id='block_1_7' title="bbox 449 649 2051 721">
    <p class='ocr_par' dir='ltr' id='par_1_7' title="bbox 449 649 2051 721">
     <span class='ocr_line' id='line_1_7' title="bbox 449 649 2051 721; baseline 0 -15"><span class='ocrx_word' id='word_1_43' title='bbox 449 652 603 708; x_wconf 85' lang='lat' dir='ltr'><strong><em>illuc.</em></strong></span> <span class='ocrx_word' id='word_1_44' title='bbox 625 652 883 709; x_wconf 87' lang='lat' dir='ltr'><strong><em>Dominus</em></strong></span> <span class='ocrx_word' id='word_1_45' title='bbox 909 656 1072 721; x_wconf 88' lang='lat' dir='ltr'><strong><em>dedit,</em></strong></span> <span class='ocrx_word' id='word_1_46' title='bbox 1108 653 1367 709; x_wconf 79' lang='lat' dir='ltr'><strong><em>Dominus</em></strong></span> <span class='ocrx_word' id='word_1_47' title='bbox 1397 653 1612 708; x_wconf 74' lang='lat' dir='ltr'><strong><em>abstulit</em></strong></span> <span class='ocrx_word' id='word_1_48' title='bbox 1637 654 1801 708; x_wconf 88' lang='lat' dir='ltr'><strong><em>:sicut</em></strong></span> <span class='ocrx_word' id='word_1_49' title='bbox 1825 649 2051 706; x_wconf 89' lang='lat' dir='ltr'><strong><em>Domino</em></strong></span> 
     </span>
    </p>
   </div>
   <div class='ocr_carea' id='block_1_8' title="bbox 449 746 2047 820">
    <p class='ocr_par' dir='ltr' id='par_1_8' title="bbox 449 746 2047 820">
     <span class='ocr_line' id='line_1_8' title="bbox 449 746 2047 820; baseline 0.001 -20"><span class='ocrx_word' id='word_1_50' title='bbox 449 748 667 818; x_wconf 78' lang='lat' dir='ltr'><strong><em>placuit,</em></strong></span> <span class='ocrx_word' id='word_1_51' title='bbox 701 749 775 803; x_wconf 87' lang='lat' dir='ltr'><strong><em>ita</em></strong></span> <span class='ocrx_word' id='word_1_52' title='bbox 803 749 999 820; x_wconf 84' lang='lat' dir='ltr'><strong><em>factum</em></strong></span> <span class='ocrx_word' id='word_1_53' title='bbox 1028 757 1100 804; x_wconf 85' lang='lat' dir='ltr'><strong><em>est</em></strong></span> <span class='ocrx_word' id='word_1_54' title='bbox 1130 765 1150 804; x_wconf 81' lang='lat'><strong><em>.°</em></strong></span> <span class='ocrx_word' id='word_1_55' title='bbox 1175 750 1242 803; x_wconf 88' lang='lat' dir='ltr'><strong><em>sit</em></strong></span> <span class='ocrx_word' id='word_1_56' title='bbox 1263 765 1446 804; x_wconf 89' lang='lat' dir='ltr'><strong><em>nomen</em></strong></span> <span class='ocrx_word' id='word_1_57' title='bbox 1472 747 1681 803; x_wconf 86' lang='lat' dir='ltr'><strong><em>Domini</em></strong></span> <span class='ocrx_word' id='word_1_58' title='bbox 1708 746 2047 802; x_wconf 84' lang='lat' dir='ltr'><strong><em>benedictum.</em></strong></span> 
     </span>
    </p>
   </div>
   <div class='ocr_carea' id='block_1_9' title="bbox 445 839 2048 913">
    <p class='ocr_par' dir='ltr' id='par_1_9' title="bbox 445 839 2048 913">
     <span class='ocr_line' id='line_1_9' title="bbox 445 839 2048 913; baseline 0.001 -18"><span class='ocrx_word' id='word_1_59' title='bbox 445 839 701 896; x_wconf 83' lang='lat' dir='ltr'><strong><em>Surrexit</em></strong></span> <span class='ocrx_word' id='word_1_60' title='bbox 725 840 794 896; x_wconf 89' lang='lat' dir='ltr'><strong><em>ad</em></strong></span> <span class='ocrx_word' id='word_1_61' title='bbox 829 842 1179 898; x_wconf 77' lang='lat' dir='ltr'><strong><em>tolerantiam</em></strong></span> <span class='ocrx_word' id='word_1_62' title='bbox 1210 841 1514 913; x_wconf 78' lang='lat' dir='ltr'><strong><em>patientiae.</em></strong></span> <span class='ocrx_word' id='word_1_63' title='bbox 1556 839 1696 897; x_wconf 87' lang='lat' dir='ltr'><strong><em>Nam</em></strong></span> <span class='ocrx_word' id='word_1_64' title='bbox 1727 849 1784 898; x_wconf 88' lang='lat' dir='ltr'><strong><em>et</em></strong></span> <span class='ocrx_word' id='word_1_65' title='bbox 1813 839 1949 906; x_wconf 87' lang='lat' dir='ltr'><strong><em>Job,</em></strong></span> <span class='ocrx_word' id='word_1_66' title='bbox 1993 839 2048 896; x_wconf 90' lang='lat' dir='ltr'><strong><em>id</em></strong></span> 
     </span>
    </p>
   </div>
   <div class='ocr_carea' id='block_1_10' title="bbox 445 931 2044 1004">
    <p class='ocr_par' dir='ltr' id='par_1_10' title="bbox 445 931 2044 1004">
     <span class='ocr_line' id='line_1_10' title="bbox 445 931 2044 1004; baseline 0.001 -19"><span class='ocrx_word' id='word_1_67' title='bbox 445 941 533 986; x_wconf 70' lang='lat' dir='ltr'><strong><em>est</em></strong></span> <span class='ocrx_word' id='word_1_68' title='bbox 561 932 821 988; x_wconf 85' lang='lat' dir='ltr'><strong><em>Christus</em></strong></span> <span class='ocrx_word' id='word_1_69' title='bbox 843 975 860 1000; x_wconf 94' lang='lat'><strong><em>,</em></strong></span> <span class='ocrx_word' id='word_1_70' title='bbox 892 933 960 988; x_wconf 88' lang='lat' dir='ltr'><strong><em>ad</em></strong></span> <span class='ocrx_word' id='word_1_71' title='bbox 993 949 1184 1004; x_wconf 89' lang='lat' dir='ltr'><strong><em>pacem</em></strong></span> <span class='ocrx_word' id='word_1_72' title='bbox 1214 933 1448 990; x_wconf 80' lang='lat' dir='ltr'><strong><em>dandam</em></strong></span> <span class='ocrx_word' id='word_1_73' title='bbox 1483 931 1746 989; x_wconf 68' lang='lat' dir='ltr'><strong><em>Ecclesiae</em></strong></span> <span class='ocrx_word' id='word_1_74' title='bbox 1775 931 2044 999; x_wconf 82' lang='lat' dir='ltr'><strong><em>surrexit,</em></strong></span> 
     </span>
    </p>
   </div>
   <div class='ocr_carea' id='block_1_11' title="bbox 446 1023 2045 1098">
    <p class='ocr_par' dir='ltr' id='par_1_11' title="bbox 446 1023 2045 1098">
     <span class='ocr_line' id='line_1_11' title="bbox 446 1023 2045 1098; baseline -0.001 -21"><span class='ocrx_word' id='word_1_75' title='bbox 446 1033 505 1078; x_wconf 90' lang='lat' dir='ltr'><strong><em>ut</em></strong></span> <span class='ocrx_word' id='word_1_76' title='bbox 534 1033 745 1095; x_wconf 84' lang='lat' dir='ltr'><strong><em>gestum</em></strong></span> <span class='ocrx_word' id='word_1_77' title='bbox 775 1025 1049 1098; x_wconf 89' lang='lat' dir='ltr'><strong><em>signiﬁcet</em></strong></span> <span class='ocrx_word' id='word_1_78' title='bbox 1080 1025 1361 1082; x_wconf 59' lang='lat' dir='ltr'><strong><em>vindicta.</em></strong></span> <span class='ocrx_word' id='word_1_79' title='bbox 1396 1024 1742 1082; x_wconf 79' lang='lat' dir='ltr'><strong><em>Vestimenta</em></strong></span> <span class='ocrx_word' id='word_1_80' title='bbox 1771 1038 1906 1079; x_wconf 91' lang='lat' dir='ltr'><strong><em>vero</em></strong></span> <span class='ocrx_word' id='word_1_81' title='bbox 1932 1023 2045 1077; x_wconf 88' lang='lat' dir='ltr'><strong><em>sci-</em></strong></span> 
     </span>
    </p>
   </div>
   <div class='ocr_carea' id='block_1_12' title="bbox 441 1115 2045 1189">
    <p class='ocr_par' dir='ltr' id='par_1_12' title="bbox 441 1115 2045 1189">
     <span class='ocr_line' id='line_1_12' title="bbox 441 1115 2045 1189; baseline -0.001 -17"><span class='ocrx_word' id='word_1_82' title='bbox 441 1115 523 1172; x_wconf 88' lang='lat' dir='ltr'><strong><em>dit</em></strong></span> <span class='ocrx_word' id='word_1_83' title='bbox 551 1133 564 1170; x_wconf 90' lang='lat'>:</span> <span class='ocrx_word' id='word_1_84' title='bbox 597 1116 790 1173; x_wconf 88' lang='lat' dir='ltr'><strong><em>ﬁdeles</em></strong></span> <span class='ocrx_word' id='word_1_85' title='bbox 817 1117 890 1172; x_wconf 87' lang='lat' dir='ltr'><strong><em>ab</em></strong></span> <span class='ocrx_word' id='word_1_86' title='bbox 917 1117 1236 1174; x_wconf 88' lang='lat' dir='ltr'><strong><em>inﬁdelibus</em></strong></span> <span class='ocrx_word' id='word_1_87' title='bbox 1256 1119 1556 1189; x_wconf 90' lang='lat' dir='ltr'><strong><em>separavit.</em></strong></span> <span class='ocrx_word' id='word_1_88' title='bbox 1582 1115 1823 1172; x_wconf 87' lang='lat' dir='ltr'><strong><em>Procidit</em></strong></span> <span class='ocrx_word' id='word_1_89' title='bbox 1851 1115 1908 1175; x_wconf 92' lang='lat' dir='ltr'><strong><em>in</em></strong></span> <span class='ocrx_word' id='word_1_90' title='bbox 1937 1125 2045 1170; x_wconf 81' lang='lat' dir='ltr'><strong><em>ter—</em></strong></span> 
     </span>
    </p>
   </div>
   <div class='ocr_carea' id='block_1_13' title="bbox 442 1208 2043 1281">
    <p class='ocr_par' dir='ltr' id='par_1_13' title="bbox 442 1208 2043 1281">
     <span class='ocr_line' id='line_1_13' title="bbox 442 1208 2043 1281; baseline 0.001 -18"><span class='ocrx_word' id='word_1_91' title='bbox 442 1223 586 1277; x_wconf 88' lang='lat' dir='ltr'><strong><em>ram,</em></strong></span> <span class='ocrx_word' id='word_1_92' title='bbox 618 1223 743 1264; x_wconf 90' lang='lat' dir='ltr'><strong><em>cum</em></strong></span> <span class='ocrx_word' id='word_1_93' title='bbox 772 1225 834 1265; x_wconf 90' lang='lat' dir='ltr'><strong><em>se</em></strong></span> <span class='ocrx_word' id='word_1_94' title='bbox 857 1209 928 1266; x_wconf 91' lang='lat' dir='ltr'><strong><em>de</em></strong></span> <span class='ocrx_word' id='word_1_95' title='bbox 956 1209 1131 1266; x_wconf 73' lang='lat' dir='ltr'><strong><em>forma</em></strong></span> <span class='ocrx_word' id='word_1_96' title='bbox 1157 1210 1254 1266; x_wconf 90' lang='lat' dir='ltr'><strong><em>Dei</em></strong></span> <span class='ocrx_word' id='word_1_97' title='bbox 1295 1224 1471 1281; x_wconf 88' lang='lat' dir='ltr'><strong><em>usque</em></strong></span> <span class='ocrx_word' id='word_1_98' title='bbox 1507 1209 1573 1265; x_wconf 88' lang='lat' dir='ltr'><strong><em>ad</em></strong></span> <span class='ocrx_word' id='word_1_99' title='bbox 1617 1208 1846 1264; x_wconf 73' lang='lat' dir='ltr'><strong><em>formam</em></strong></span> <span class='ocrx_word' id='word_1_100' title='bbox 1895 1208 2043 1264; x_wconf 90' lang='lat' dir='ltr'><strong><em>servi</em></strong></span> 
     </span>
    </p>
   </div>
   <div class='ocr_carea' id='block_1_14' title="bbox 438 1302 2038 1376">
    <p class='ocr_par' dir='ltr' id='par_1_14' title="bbox 438 1302 2038 1376">
     <span class='ocr_line' id='line_1_14' title="bbox 438 1302 2038 1376; baseline -0.002 -18"><span class='ocrx_word' id='word_1_101' title='bbox 438 1304 764 1359; x_wconf 75' lang='lat' dir='ltr'><strong><em>exinanivit.</em></strong></span> <span class='ocrx_word' id='word_1_102' title='bbox 797 1303 986 1360; x_wconf 86' lang='lat' dir='ltr'><strong><em>Nudus</em></strong></span> <span class='ocrx_word' id='word_1_103' title='bbox 1013 1319 1272 1376; x_wconf 89' lang='lat' dir='ltr'><strong><em>egressus</em></strong></span> <span class='ocrx_word' id='word_1_104' title='bbox 1301 1314 1383 1359; x_wconf 74' lang='grc' dir='ltr'><strong><em>εει</em></strong></span> <span class='ocrx_word' id='word_1_105' title='bbox 1409 1303 1478 1359; x_wconf 90' lang='lat' dir='ltr'><strong><em>de</em></strong></span> <span class='ocrx_word' id='word_1_106' title='bbox 1510 1312 1668 1359; x_wconf 86' lang='lat' dir='ltr'><strong><em>utero</em></strong></span> <span class='ocrx_word' id='word_1_107' title='bbox 1693 1302 1883 1358; x_wconf 83' lang='lat' dir='ltr'><strong><em>matris</em></strong></span> <span class='ocrx_word' id='word_1_108' title='bbox 1904 1316 2038 1369; x_wconf 75' lang='lat' dir='ltr'><strong><em>sum,</em></strong></span> 
     </span>
    </p>
   </div>
   <div class='ocr_carea' id='block_1_15' title="bbox 434 1395 2039 1468">
    <p class='ocr_par' dir='ltr' id='par_1_15' title="bbox 434 1395 2039 1468">
     <span class='ocr_line' id='line_1_15' title="bbox 434 1395 2039 1468; baseline -0.001 -16"><span class='ocrx_word' id='word_1_109' title='bbox 434 1397 586 1452; x_wconf 88' lang='lat' dir='ltr'><strong><em>nulla</em></strong></span> <span class='ocrx_word' id='word_1_110' title='bbox 613 1396 878 1454; x_wconf 83' lang='lat' dir='ltr'><strong><em>videlicet</em></strong></span> <span class='ocrx_word' id='word_1_111' title='bbox 897 1398 1066 1454; x_wconf 87' lang='lat' dir='ltr'><strong><em>sorde</em></strong></span> <span class='ocrx_word' id='word_1_112' title='bbox 1090 1399 1298 1468; x_wconf 90' lang='lat' dir='ltr'><strong><em>peccati</em></strong></span> <span class='ocrx_word' id='word_1_113' title='bbox 1329 1396 1614 1468; x_wconf 78' lang='lat' dir='ltr'><strong><em>originalis</em></strong></span> <span class='ocrx_word' id='word_1_114' title='bbox 1643 1409 1922 1466; x_wconf 86' lang='lat' dir='ltr'><strong><em>aspersus.</em></strong></span> <span class='ocrx_word' id='word_1_115' title='bbox 1959 1395 2039 1451; x_wconf 81' lang='lat' dir='ltr'><strong>Ex</strong></span> 
     </span>
    </p>
   </div>
   <div class='ocr_carea' id='block_1_16' title="bbox 438 1488 2039 1561">
    <p class='ocr_par' dir='ltr' id='par_1_16' title="bbox 438 1488 2039 1561">
     <span class='ocr_line' id='line_1_16' title="bbox 438 1488 2039 1561; baseline -0.001 -16"><span class='ocrx_word' id='word_1_116' title='bbox 438 1505 676 1561; x_wconf 84' lang='lat' dir='ltr'><strong><em>persona</em></strong></span> <span class='ocrx_word' id='word_1_117' title='bbox 704 1490 946 1546; x_wconf 87' lang='lat' dir='ltr'><strong><em>hominis</em></strong></span> <span class='ocrx_word' id='word_1_118' title='bbox 965 1491 1043 1547; x_wconf 87' lang='lat' dir='ltr'><strong><em>ait</em></strong></span> <span class='ocrx_word' id='word_1_119' title='bbox 1069 1507 1083 1545; x_wconf 88' lang='lat'><strong>:</strong></span> <span class='ocrx_word' id='word_1_120' title='bbox 1108 1488 1366 1545; x_wconf 81' lang='lat' dir='ltr'><strong><em>Dominus</em></strong></span> <span class='ocrx_word' id='word_1_121' title='bbox 1384 1489 1551 1560; x_wconf 87' lang='lat' dir='ltr'><strong><em>dedit,</em></strong></span> <span class='ocrx_word' id='word_1_122' title='bbox 1572 1501 1617 1544; x_wconf 93' lang='lat' dir='ltr'><strong><em>et</em></strong></span> <span class='ocrx_word' id='word_1_123' title='bbox 1642 1489 1898 1545; x_wconf 77' lang='lat' dir='ltr'><strong><em>Dominus</em></strong></span> <span class='ocrx_word' id='word_1_124' title='bbox 1923 1489 2039 1544; x_wconf 89' lang='lat' dir='ltr'><strong><em>abs-</em></strong></span> 
     </span>
    </p>
   </div>
   <div class='ocr_carea' id='block_1_17' title="bbox 437 1581 2034 1651">
    <p class='ocr_par' dir='ltr' id='par_1_17' title="bbox 437 1581 2034 1651">
     <span class='ocr_line' id='line_1_17' title="bbox 437 1581 2034 1651; baseline 0 -14"><span class='ocrx_word' id='word_1_125' title='bbox 437 1585 583 1640; x_wconf 83' lang='lat' dir='ltr'><strong><em>tulit.</em></strong></span> <span class='ocrx_word' id='word_1_126' title='bbox 615 1585 770 1641; x_wconf 86' lang='lat' dir='ltr'><strong><em>Dedit</em></strong></span> <span class='ocrx_word' id='word_1_127' title='bbox 799 1584 962 1641; x_wconf 90' lang='lat' dir='ltr'><strong><em>Pater</em></strong></span> <span class='ocrx_word' id='word_1_128' title='bbox 989 1585 1162 1641; x_wconf 89' lang='lat' dir='ltr'><strong><em>bonos</em></strong></span> <span class='ocrx_word' id='word_1_129' title='bbox 1187 1584 1244 1642; x_wconf 88' lang='lat' dir='ltr'><strong><em>in</em></strong></span> <span class='ocrx_word' id='word_1_130' title='bbox 1285 1583 1688 1651; x_wconf 75' lang='lat' dir='ltr'><strong><em>bznreditatem,</em></strong></span> <span class='ocrx_word' id='word_1_131' title='bbox 1719 1591 1776 1640; x_wconf 84' lang='lat' dir='ltr'><strong><em>et</em></strong></span> <span class='ocrx_word' id='word_1_132' title='bbox 1799 1581 1974 1638; x_wconf 90' lang='lat' dir='ltr'><strong><em>malos</em></strong></span> <span class='ocrx_word' id='word_1_133' title='bbox 2002 1597 2034 1637; x_wconf 91' lang='lat' dir='ltr'><strong><em>a</em></strong></span> 
     </span>
    </p>
   </div>
   <div class='ocr_carea' id='block_1_18' title="bbox 435 1675 1136 1748">
    <p class='ocr_par' dir='ltr' id='par_1_18' title="bbox 435 1675 1136 1748">
     <span class='ocr_line' id='line_1_18' title="bbox 435 1675 1136 1748; baseline -0.003 -15"><span class='ocrx_word' id='word_1_134' title='bbox 435 1690 607 1748; x_wconf 80' lang='lat' dir='ltr'><strong><em>regno</em></strong></span> <span class='ocrx_word' id='word_1_135' title='bbox 627 1675 752 1733; x_wconf 86' lang='lat' dir='ltr'><strong><em>Filii</em></strong></span> <span class='ocrx_word' id='word_1_136' title='bbox 773 1677 860 1732; x_wconf 89' lang='lat' dir='ltr'><strong><em>sui</em></strong></span> <span class='ocrx_word' id='word_1_137' title='bbox 887 1676 1136 1734; x_wconf 87' lang='lat' dir='ltr'><strong><em>seclusit.</em></strong></span> 
     </span>
    </p>
   </div>
   <div class='ocr_carea' id='block_1_19' title="bbox 507 1765 2112 1843">
    <p class='ocr_par' dir='ltr' id='par_1_19' title="bbox 507 1765 2112 1843">
     <span class='ocr_line' id='line_1_19' title="bbox 507 1765 2112 1843; baseline 0.003 -18"><span class='ocrx_word' id='word_1_138' title='bbox 507 1769 578 1826; x_wconf 90' lang='lat' dir='ltr'><strong><em>In</em></strong></span> <span class='ocrx_word' id='word_1_139' title='bbox 607 1771 847 1826; x_wconf 90' lang='lat' dir='ltr'><strong><em>omnibus</em></strong></span> <span class='ocrx_word' id='word_1_140' title='bbox 870 1768 952 1826; x_wconf 86' lang='lat' dir='ltr'><strong><em>his</em></strong></span> <span class='ocrx_word' id='word_1_141' title='bbox 982 1785 1085 1826; x_wconf 90' lang='lat' dir='ltr'><strong><em>non</em></strong></span> <span class='ocrx_word' id='word_1_142' title='bbox 1115 1771 1342 1843; x_wconf 85' lang='lat' dir='ltr'><strong><em>peccavit</em></strong></span> <span class='ocrx_word' id='word_1_143' title='bbox 1379 1770 1483 1828; x_wconf 90' lang='lat' dir='ltr'><strong><em>Job</em></strong></span> <span class='ocrx_word' id='word_1_144' title='bbox 1513 1771 1666 1828; x_wconf 87' lang='lat' dir='ltr'><strong><em>labiis</em></strong></span> <span class='ocrx_word' id='word_1_145' title='bbox 1694 1773 1835 1840; x_wconf 89' lang='lat' dir='ltr'><strong><em>suis,</em></strong></span> <span class='ocrx_word' id='word_1_146' title='bbox 1871 1786 2034 1843; x_wconf 85' lang='lat' dir='ltr'><strong><em>neque</em></strong></span> <span class='ocrx_word' id='word_1_147' title='bbox 2060 1765 2112 1830; x_wconf 84' lang='grc' dir='ltr'><strong>Β</strong></span> 
     </span>
    </p>
   </div>
   <div class='ocr_carea' id='block_1_20' title="bbox 435 1863 2035 1936">
    <p class='ocr_par' dir='ltr' id='par_1_20' title="bbox 435 1863 2035 1936">
     <span class='ocr_line' id='line_1_20' title="bbox 435 1863 2035 1936; baseline 0.001 -18"><span class='ocrx_word' id='word_1_148' title='bbox 435 1864 657 1919; x_wconf 90' lang='lat' dir='ltr'><strong><em>stultum</em></strong></span> <span class='ocrx_word' id='word_1_149' title='bbox 681 1863 809 1936; x_wconf 87' lang='lat' dir='ltr'><strong><em>quid</em></strong></span> <span class='ocrx_word' id='word_1_150' title='bbox 837 1872 1023 1920; x_wconf 86' lang='lat' dir='ltr'><strong><em>contra</em></strong></span> <span class='ocrx_word' id='word_1_151' title='bbox 1052 1863 1222 1919; x_wconf 89' lang='lat' dir='ltr'><strong><em>Deum</em></strong></span> <span class='ocrx_word' id='word_1_152' title='bbox 1255 1865 1462 1920; x_wconf 89' lang='lat' dir='ltr'><strong><em>locutus</em></strong></span> <span class='ocrx_word' id='word_1_153' title='bbox 1491 1874 1589 1921; x_wconf 88' lang='lat' dir='ltr'><strong><em>est.</em></strong></span> <span class='ocrx_word' id='word_1_154' title='bbox 1622 1864 1738 1921; x_wconf 89' lang='lat' dir='ltr'><strong><em>lloe</em></strong></span> <span class='ocrx_word' id='word_1_155' title='bbox 1766 1865 1878 1920; x_wconf 87' lang='lat' dir='ltr'><strong><em>ait:</em></strong></span> <span class='ocrx_word' id='word_1_156' title='bbox 1909 1864 2035 1936; x_wconf 87' lang='lat' dir='ltr'><strong><em>quia</em></strong></span> 
     </span>
    </p>
   </div>
   <div class='ocr_carea' id='block_1_21' title="bbox 434 1955 2035 2031">
    <p class='ocr_par' dir='ltr' id='par_1_21' title="bbox 434 1955 2035 2031">
     <span class='ocr_line' id='line_1_21' title="bbox 434 1955 2035 2031; baseline 0.001 -19"><span class='ocrx_word' id='word_1_157' title='bbox 434 1956 605 2013; x_wconf 90' lang='lat' dir='ltr'><strong><em>stulte</em></strong></span> <span class='ocrx_word' id='word_1_158' title='bbox 630 1955 779 2028; x_wconf 88' lang='lat' dir='ltr'><strong><em>loqui</em></strong></span> <span class='ocrx_word' id='word_1_159' title='bbox 806 1972 915 2013; x_wconf 92' lang='lat' dir='ltr'><strong><em>non</em></strong></span> <span class='ocrx_word' id='word_1_160' title='bbox 947 1957 1124 2028; x_wconf 90' lang='lat' dir='ltr'><strong><em>potuit</em></strong></span> <span class='ocrx_word' id='word_1_161' title='bbox 1153 1959 1421 2029; x_wconf 82' lang='lat' dir='ltr'><strong><em>sapientia</em></strong></span> <span class='ocrx_word' id='word_1_162' title='bbox 1451 1957 1632 2014; x_wconf 84' lang='lat' dir='ltr'><strong><em>Patris</em></strong></span> <span class='ocrx_word' id='word_1_163' title='bbox 1657 1975 1670 2016; x_wconf 93' lang='lat'><strong>:</strong></span> <span class='ocrx_word' id='word_1_164' title='bbox 1701 1973 1878 2031; x_wconf 89' lang='lat' dir='ltr'><strong><em>neque</em></strong></span> <span class='ocrx_word' id='word_1_165' title='bbox 1903 1973 2035 2031; x_wconf 89' lang='lat' dir='ltr'><strong><em>pec-</em></strong></span> 
     </span>
    </p>
   </div>
   <div class='ocr_carea' id='block_1_22' title="bbox 432 2049 1620 2124">
    <p class='ocr_par' dir='ltr' id='par_1_22' title="bbox 432 2049 1620 2124">
     <span class='ocr_line' id='line_1_22' title="bbox 432 2049 1620 2124; baseline -0.001 -16"><span class='ocrx_word' id='word_1_166' title='bbox 432 2060 614 2108; x_wconf 84' lang='lat' dir='ltr'><strong><em>catum</em></strong></span> <span class='ocrx_word' id='word_1_167' title='bbox 639 2049 980 2109; x_wconf 88' lang='lat' dir='ltr'><strong><em>committere</em></strong></span> <span class='ocrx_word' id='word_1_168' title='bbox 1007 2051 1388 2108; x_wconf 90' lang='lat' dir='ltr'><strong><em>immaculatus</em></strong></span> <span class='ocrx_word' id='word_1_169' title='bbox 1408 2052 1620 2124; x_wconf 86' lang='lat' dir='ltr'><strong><em>Agnus.</em></strong></span> 
     </span>
    </p>
   </div>
   <div class='ocr_carea' id='block_1_23' title="bbox 1045 2182 1388 2242">
    <p class='ocr_par' dir='ltr' id='par_1_23' title="bbox 1045 2182 1388 2242">
     <span class='ocr_line' id='line_1_23' title="bbox 1045 2182 1388 2242; baseline 0 -2"><span class='ocrx_word' id='word_1_170' title='bbox 1045 2182 1277 2242; x_wconf 86' lang='lat' dir='ltr'><strong>CAPUT</strong></span> <span class='ocrx_word' id='word_1_171' title='bbox 1316 2183 1388 2241; x_wconf 88' lang='lat' dir='ltr'><strong><em>ll.</em></strong></span> 
     </span>
    </p>
   </div>
   <div class='ocr_carea' id='block_1_24' title="bbox 505 2296 2031 2371">
    <p class='ocr_par' dir='ltr' id='par_1_24' title="bbox 505 2296 2031 2371">
     <span class='ocr_line' id='line_1_24' title="bbox 505 2296 2031 2371; baseline 0.001 -17"><span class='ocrx_word' id='word_1_172' title='bbox 505 2296 733 2356; x_wconf 83' lang='lat' dir='ltr'><strong><em>Factum</em></strong></span> <span class='ocrx_word' id='word_1_173' title='bbox 788 2308 862 2355; x_wconf 89' lang='lat' dir='ltr'><strong><em>est</em></strong></span> <span class='ocrx_word' id='word_1_174' title='bbox 911 2307 1082 2354; x_wconf 90' lang='lat' dir='ltr'><strong><em>autem</em></strong></span> <span class='ocrx_word' id='word_1_175' title='bbox 1128 2314 1249 2353; x_wconf 90' lang='lat' dir='ltr'><strong><em>cum</em></strong></span> <span class='ocrx_word' id='word_1_176' title='bbox 1283 2298 1516 2370; x_wconf 88' lang='lat' dir='ltr'><strong><em>quadam</em></strong></span> <span class='ocrx_word' id='word_1_177' title='bbox 1540 2298 1626 2353; x_wconf 90' lang='lat' dir='ltr'><strong><em>die</em></strong></span> <span class='ocrx_word' id='word_1_178' title='bbox 1645 2299 1900 2356; x_wconf 82' lang='lat' dir='ltr'><strong><em>venissent</em></strong></span> <span class='ocrx_word' id='word_1_179' title='bbox 1928 2298 2031 2371; x_wconf 80' lang='lat' dir='ltr'><strong><em>ﬁlii</em></strong></span> 
     </span>
    </p>
   </div>
   <div class='ocr_carea' id='block_1_25' title="bbox 429 2391 2029 2467">
    <p class='ocr_par' dir='ltr' id='par_1_25' title="bbox 429 2391 2029 2467">
     <span class='ocr_line' id='line_1_25' title="bbox 429 2391 2029 2467; baseline -0.002 -16"><span class='ocrx_word' id='word_1_180' title='bbox 429 2396 552 2467; x_wconf 86' lang='lat' dir='ltr'><strong><em>Dei,</em></strong></span> <span class='ocrx_word' id='word_1_181' title='bbox 581 2406 630 2451; x_wconf 91' lang='lat' dir='ltr'><strong><em>et</em></strong></span> <span class='ocrx_word' id='word_1_182' title='bbox 654 2403 855 2451; x_wconf 87' lang='lat' dir='ltr'><strong><em>starent</em></strong></span> <span class='ocrx_word' id='word_1_183' title='bbox 883 2410 1060 2450; x_wconf 89' lang='lat' dir='ltr'><strong><em>coram</em></strong></span> <span class='ocrx_word' id='word_1_184' title='bbox 1083 2391 1309 2448; x_wconf 91' lang='lat' dir='ltr'><strong><em>Domino</em></strong></span> <span class='ocrx_word' id='word_1_185' title='bbox 1333 2409 1352 2447; x_wconf 88' lang='lat'><strong><em>:</em></strong></span> <span class='ocrx_word' id='word_1_186' title='bbox 1382 2395 1603 2450; x_wconf 83' lang='lat' dir='ltr'><strong><em>venisset</em></strong></span> <span class='ocrx_word' id='word_1_187' title='bbox 1626 2409 1829 2466; x_wconf 88' lang='lat' dir='ltr'><strong><em>quoque</em></strong></span> <span class='ocrx_word' id='word_1_188' title='bbox 1859 2393 2029 2450; x_wconf 88' lang='lat' dir='ltr'><strong><em>Satan</em></strong></span> 
     </span>
    </p>
   </div>
   <div class='ocr_carea' id='block_1_26' title="bbox 423 2485 2028 2560">
    <p class='ocr_par' dir='ltr' id='par_1_26' title="bbox 423 2485 2028 2560">
     <span class='ocr_line' id='line_1_26' title="bbox 423 2485 2028 2560; baseline 0 -18"><span class='ocrx_word' id='word_1_189' title='bbox 423 2490 557 2544; x_wconf 87' lang='lat' dir='ltr'><strong><em>inter</em></strong></span> <span class='ocrx_word' id='word_1_190' title='bbox 586 2505 695 2555; x_wconf 90' lang='lat' dir='ltr'><strong><em>eos,</em></strong></span> <span class='ocrx_word' id='word_1_191' title='bbox 727 2499 777 2544; x_wconf 92' lang='lat' dir='ltr'><strong><em>et</em></strong></span> <span class='ocrx_word' id='word_1_192' title='bbox 807 2495 965 2544; x_wconf 87' lang='lat' dir='ltr'><strong><em>staret</em></strong></span> <span class='ocrx_word' id='word_1_193' title='bbox 994 2487 1049 2543; x_wconf 85' lang='lat' dir='ltr'><strong><em>in</em></strong></span> <span class='ocrx_word' id='word_1_194' title='bbox 1081 2495 1360 2558; x_wconf 86' lang='lat' dir='ltr'><strong><em>conspectu</em></strong></span> <span class='ocrx_word' id='word_1_195' title='bbox 1380 2491 1517 2560; x_wconf 85' lang='lat' dir='ltr'><strong><em>ejus,</em></strong></span> <span class='ocrx_word' id='word_1_196' title='bbox 1543 2498 1600 2543; x_wconf 88' lang='lat' dir='ltr'><strong><em>ut</em></strong></span> <span class='ocrx_word' id='word_1_197' title='bbox 1629 2487 1820 2543; x_wconf 86' lang='lat' dir='ltr'><strong><em>diceret</em></strong></span> <span class='ocrx_word' id='word_1_198' title='bbox 1844 2485 2028 2543; x_wconf 90' lang='lat' dir='ltr'><strong><em>Domi-</em></strong></span> 
     </span>
    </p>
   </div>
   <div class='ocr_carea' id='block_1_27' title="bbox 429 2578 2027 2650">
    <p class='ocr_par' dir='ltr' id='par_1_27' title="bbox 429 2578 2027 2650">
     <span class='ocr_line' id='line_1_27' title="bbox 429 2578 2027 2650; baseline 0.001 -16"><span class='ocrx_word' id='word_1_199' title='bbox 429 2597 525 2635; x_wconf 93' lang='lat' dir='ltr'><strong><em>nus</em></strong></span> <span class='ocrx_word' id='word_1_200' title='bbox 555 2581 622 2634; x_wconf 91' lang='lat' dir='ltr'><strong><em>ad</em></strong></span> <span class='ocrx_word' id='word_1_201' title='bbox 648 2579 817 2635; x_wconf 90' lang='lat' dir='ltr'><strong><em>Satan</em></strong></span> <span class='ocrx_word' id='word_1_202' title='bbox 841 2597 860 2635; x_wconf 92' lang='lat'><strong><em>:</em></strong></span> <span class='ocrx_word' id='word_1_203' title='bbox 891 2578 1043 2635; x_wconf 86' lang='lat' dir='ltr'><strong><em>Unde</em></strong></span> <span class='ocrx_word' id='word_1_204' title='bbox 1075 2580 1255 2635; x_wconf 87' lang='lat' dir='ltr'><strong><em>venis?</em></strong></span> <span class='ocrx_word' id='word_1_205' title='bbox 1283 2578 1386 2645; x_wconf 83' lang='lat' dir='ltr'><strong><em>Qui</em></strong></span> <span class='ocrx_word' id='word_1_206' title='bbox 1413 2579 1730 2650; x_wconf 86' lang='lat' dir='ltr'><strong><em>respondens</em></strong></span> <span class='ocrx_word' id='word_1_207' title='bbox 1764 2581 1838 2635; x_wconf 89' lang='lat' dir='ltr'><strong><em>ait</em></strong></span> <span class='ocrx_word' id='word_1_208' title='bbox 1858 2597 1878 2636; x_wconf 90' lang='lat'><strong><em>:</em></strong></span> <span class='ocrx_word' id='word_1_209' title='bbox 1904 2578 2027 2636; x_wconf 83' lang='lat' dir='ltr'><strong><em>Cir-</em></strong></span> 
     </span>
    </p>
   </div>
   <div class='ocr_carea' id='block_1_28' title="bbox 423 2671 2026 2745">
    <p class='ocr_par' dir='ltr' id='par_1_28' title="bbox 423 2671 2026 2745">
     <span class='ocr_line' id='line_1_28' title="bbox 423 2671 2026 2745; baseline 0 -17"><span class='ocrx_word' id='word_1_210' title='bbox 423 2675 611 2728; x_wconf 90' lang='lat' dir='ltr'><strong><em>cumivi</em></strong></span> <span class='ocrx_word' id='word_1_211' title='bbox 629 2682 840 2743; x_wconf 90' lang='lat' dir='ltr'><strong><em>terram,</em></strong></span> <span class='ocrx_word' id='word_1_212' title='bbox 871 2683 919 2728; x_wconf 90' lang='lat' dir='ltr'><strong><em>et</em></strong></span> <span class='ocrx_word' id='word_1_213' title='bbox 945 2673 1301 2745; x_wconf 87' lang='lat' dir='ltr'><strong><em>perambulavi</em></strong></span> <span class='ocrx_word' id='word_1_214' title='bbox 1323 2689 1458 2728; x_wconf 91' lang='lat' dir='ltr'><strong><em>eam.</em></strong></span> <span class='ocrx_word' id='word_1_215' title='bbox 1485 2671 1554 2726; x_wconf 87' lang='lat' dir='ltr'><strong><em>Et</em></strong></span> <span class='ocrx_word' id='word_1_216' title='bbox 1585 2675 1660 2728; x_wconf 88' lang='lat' dir='ltr'><strong><em>ait</em></strong></span> <span class='ocrx_word' id='word_1_217' title='bbox 1681 2672 1936 2728; x_wconf 89' lang='lat' dir='ltr'><strong><em>Dominus</em></strong></span> <span class='ocrx_word' id='word_1_218' title='bbox 1956 2673 2026 2728; x_wconf 87' lang='lat' dir='ltr'><strong><em>ad</em></strong></span> 
     </span>
    </p>
   </div>
   <div class='ocr_carea' id='block_1_29' title="bbox 424 2767 2025 2840">
    <p class='ocr_par' dir='ltr' id='par_1_29' title="bbox 424 2767 2025 2840">
     <span class='ocr_line' id='line_1_29' title="bbox 424 2767 2025 2840; baseline 0.001 -16"><span class='ocrx_word' id='word_1_219' title='bbox 424 2768 594 2824; x_wconf 88' lang='lat' dir='ltr'><strong><em>Satan</em></strong></span> <span class='ocrx_word' id='word_1_220' title='bbox 625 2785 644 2824; x_wconf 91' lang='lat'><strong><em>:</em></strong></span> <span class='ocrx_word' id='word_1_221' title='bbox 692 2768 968 2840; x_wconf 84' lang='lat' dir='ltr'><strong><em>Numquid</em></strong></span> <span class='ocrx_word' id='word_1_222' title='bbox 1013 2767 1355 2822; x_wconf 86' lang='lat' dir='ltr'><strong><em>considerasti</em></strong></span> <span class='ocrx_word' id='word_1_223' title='bbox 1392 2784 1596 2822; x_wconf 84' lang='lat' dir='ltr'><strong><em>servum</em></strong></span> <span class='ocrx_word' id='word_1_224' title='bbox 1642 2784 1811 2822; x_wconf 90' lang='lat' dir='ltr'><strong><em>meum</em></strong></span> <span class='ocrx_word' id='word_1_225' title='bbox 1857 2768 1960 2824; x_wconf 91' lang='lat' dir='ltr'><strong><em>Job</em></strong></span> <span class='ocrx_word' id='word_1_226' title='bbox 2003 2785 2025 2826; x_wconf 89' lang='lat'><strong><em>:</em></strong></span> 
     </span>
    </p>
   </div>
   <div class='ocr_carea' id='block_1_30' title="bbox 417 2859 2021 2932">
    <p class='ocr_par' dir='ltr' id='par_1_30' title="bbox 417 2859 2021 2932">
     <span class='ocr_line' id='line_1_30' title="bbox 417 2859 2021 2932; baseline 0.003 -20"><span class='ocrx_word' id='word_1_227' title='bbox 417 2861 559 2930; x_wconf 86' lang='lat' dir='ltr'><strong><em>quod</em></strong></span> <span class='ocrx_word' id='word_1_228' title='bbox 588 2875 694 2913; x_wconf 89' lang='lat' dir='ltr'><strong><em>non</em></strong></span> <span class='ocrx_word' id='word_1_229' title='bbox 714 2859 780 2913; x_wconf 89' lang='lat' dir='ltr'><strong><em>sit</em></strong></span> <span class='ocrx_word' id='word_1_230' title='bbox 802 2860 846 2914; x_wconf 90' lang='lat' dir='ltr'><strong><em>ei</em></strong></span> <span class='ocrx_word' id='word_1_231' title='bbox 874 2859 1062 2914; x_wconf 89' lang='lat' dir='ltr'><strong><em>similis</em></strong></span> <span class='ocrx_word' id='word_1_232' title='bbox 1092 2859 1148 2913; x_wconf 89' lang='lat' dir='ltr'><strong><em>in</em></strong></span> <span class='ocrx_word' id='word_1_233' title='bbox 1185 2869 1323 2915; x_wconf 90' lang='lat' dir='ltr'><strong><em>terra</em></strong></span> <span class='ocrx_word' id='word_1_234' title='bbox 1347 2876 1365 2914; x_wconf 92' lang='lat'><strong><em>:</em></strong></span> <span class='ocrx_word' id='word_1_235' title='bbox 1394 2861 1472 2914; x_wconf 85' lang='lat' dir='ltr'><strong><em>vir</em></strong></span> <span class='ocrx_word' id='word_1_236' title='bbox 1491 2861 1716 2932; x_wconf 70' lang='lat' dir='ltr'><strong><em>simplex</em></strong></span> <span class='ocrx_word' id='word_1_237' title='bbox 1745 2868 1792 2916; x_wconf 91' lang='lat' dir='ltr'><strong><em>et</em></strong></span> <span class='ocrx_word' id='word_1_238' title='bbox 1826 2869 2021 2929; x_wconf 88' lang='lat' dir='ltr'><strong><em>rectus,</em></strong></span> 
     </span>
    </p>
   </div>
   <div class='ocr_carea' id='block_1_31' title="bbox 419 2951 2022 3020">
    <p class='ocr_par' dir='ltr' id='par_1_31' title="bbox 419 2951 2022 3020">
     <span class='ocr_line' id='line_1_31' title="bbox 419 2951 2022 3020; baseline 0.001 -14"><span class='ocrx_word' id='word_1_239' title='bbox 419 2969 481 3007; x_wconf 90' lang='lat' dir='ltr'><strong><em>ac</em></strong></span> <span class='ocrx_word' id='word_1_240' title='bbox 510 2953 693 3007; x_wconf 89' lang='lat' dir='ltr'><strong><em>timens</em></strong></span> <span class='ocrx_word' id='word_1_241' title='bbox 717 2952 902 3020; x_wconf 91' lang='lat' dir='ltr'><strong><em>Deum,</em></strong></span> <span class='ocrx_word' id='word_1_242' title='bbox 935 2960 983 3006; x_wconf 90' lang='lat' dir='ltr'><strong><em>et</em></strong></span> <span class='ocrx_word' id='word_1_243' title='bbox 1009 2952 1252 3007; x_wconf 86' lang='lat' dir='ltr'><strong><em>recedens</em></strong></span> <span class='ocrx_word' id='word_1_244' title='bbox 1282 2969 1314 3006; x_wconf 90' lang='lat' dir='ltr'><strong><em>a</em></strong></span> <span class='ocrx_word' id='word_1_245' title='bbox 1337 2951 1500 3019; x_wconf 88' lang='lat' dir='ltr'><strong><em>malo,</em></strong></span> <span class='ocrx_word' id='word_1_246' title='bbox 1525 2961 1573 3007; x_wconf 92' lang='lat' dir='ltr'><strong><em>et</em></strong></span> <span class='ocrx_word' id='word_1_247' title='bbox 1603 2951 1777 3008; x_wconf 81' lang='lat' dir='ltr'><strong><em>adhuc</em></strong></span> <span class='ocrx_word' id='word_1_248' title='bbox 1792 2956 2022 3009; x_wconf 89' lang='lat' dir='ltr'><strong><em>retinens</em></strong></span> 
     </span>
    </p>
   </div>
   <div class='ocr_carea' id='block_1_32' title="bbox 417 3040 2017 3110">
    <p class='ocr_par' dir='ltr' id='par_1_32' title="bbox 417 3040 2017 3110">
     <span class='ocr_line' id='line_1_32' title="bbox 417 3040 2017 3110; baseline 0.001 -14"><span class='ocrx_word' id='word_1_249' title='bbox 417 3042 807 3097; x_wconf 85' lang='lat' dir='ltr'><strong><em>innocentiam?</em></strong></span> <span class='ocrx_word' id='word_1_250' title='bbox 829 3040 912 3095; x_wconf 87' lang='lat' dir='ltr'><strong><em>Tu</em></strong></span> <span class='ocrx_word' id='word_1_251' title='bbox 937 3050 1112 3094; x_wconf 80' lang='lat' dir='ltr'><strong><em>autem</em></strong></span> <span class='ocrx_word' id='word_1_252' title='bbox 1144 3042 1466 3095; x_wconf 88' lang='lat' dir='ltr'><strong><em>commovisti</em></strong></span> <span class='ocrx_word' id='word_1_253' title='bbox 1497 3058 1576 3096; x_wconf 92' lang='lat' dir='ltr'><strong><em>me</em></strong></span> <span class='ocrx_word' id='word_1_254' title='bbox 1599 3043 1847 3097; x_wconf 81' lang='lat' dir='ltr'><strong><em>adversus</em></strong></span> <span class='ocrx_word' id='word_1_255' title='bbox 1877 3060 2017 3110; x_wconf 87' lang='lat' dir='ltr'><strong><em>eum,</em></strong></span> 
     </span>
    </p>
   </div>
   <div class='ocr_carea' id='block_1_33' title="bbox 413 3131 2771 3236">
    <p class='ocr_par' dir='ltr' id='par_1_33' title="bbox 413 3131 2771 3236">
     <span class='ocr_line' id='line_1_33' title="bbox 413 3131 2771 3236; baseline 0.004 -49"><span class='ocrx_word' id='word_1_256' title='bbox 413 3145 472 3188; x_wconf 87' lang='lat' dir='ltr'><strong><em>ut</em></strong></span> <span class='ocrx_word' id='word_1_257' title='bbox 492 3135 784 3206; x_wconf 78' lang='lat' dir='ltr'><strong><em>afﬂigerem</em></strong></span> <span class='ocrx_word' id='word_1_258' title='bbox 813 3148 929 3187; x_wconf 89' lang='lat' dir='ltr'><strong><em>eum</em></strong></span> <span class='ocrx_word' id='word_1_259' title='bbox 967 3132 1182 3203; x_wconf 80' lang='lat' dir='ltr'><strong><em>frustra.</em></strong></span> <span class='ocrx_word' id='word_1_260' title='bbox 1214 3131 1310 3186; x_wconf 86' lang='lat' dir='ltr'><strong><em>Cui</em></strong></span> <span class='ocrx_word' id='word_1_261' title='bbox 1350 3135 1666 3204; x_wconf 84' lang='lat' dir='ltr'><strong><em>respondens</em></strong></span> <span class='ocrx_word' id='word_1_262' title='bbox 1692 3134 1860 3189; x_wconf 88' lang='lat' dir='ltr'><strong><em>Satan</em></strong></span> <span class='ocrx_word' id='word_1_263' title='bbox 1889 3136 1964 3189; x_wconf 89' lang='lat' dir='ltr'><strong><em>ait</em></strong></span> <span class='ocrx_word' id='word_1_264' title='bbox 1994 3153 2013 3195; x_wconf 87' lang='lat'><strong><em>:</em></strong></span> <span class='ocrx_word' id='word_1_265' title='bbox 2039 3147 2086 3212; x_wconf 71' lang='grc' dir='ltr'>ο</span> <span class='ocrx_word' id='word_1_266' title='bbox 2119 3166 2469 3236; x_wconf 66' lang='lat' dir='ltr'><strong><em>dcunqucme</em></strong></span> <span class='ocrx_word' id='word_1_267' title='bbox 2493 3131 2771 3222; x_wconf 49' lang='grc' dir='ltr'><strong><em>θοιξιηχί,</em></strong></span> 
     </span>
    </p>
   </div>
   <div class='ocr_carea' id='block_1_34' title="bbox 416 3226 2013 3300">
    <p class='ocr_par' dir='ltr' id='par_1_34' title="bbox 416 3226 2013 3300">
     <span class='ocr_line' id='line_1_34' title="bbox 416 3226 2013 3300; baseline 0.001 -18"><span class='ocrx_word' id='word_1_268' title='bbox 416 3226 620 3282; x_wconf 83' lang='lat' dir='ltr'><strong><em>Pellem</em></strong></span> <span class='ocrx_word' id='word_1_269' title='bbox 647 3243 743 3298; x_wconf 91' lang='lat' dir='ltr'><strong><em>pro</em></strong></span> <span class='ocrx_word' id='word_1_270' title='bbox 764 3227 921 3300; x_wconf 88' lang='lat' dir='ltr'><strong><em>pelle,</em></strong></span> <span class='ocrx_word' id='word_1_271' title='bbox 953 3237 1003 3282; x_wconf 90' lang='lat' dir='ltr'><strong><em>et</em></strong></span> <span class='ocrx_word' id='word_1_272' title='bbox 1029 3235 1215 3281; x_wconf 89' lang='lat' dir='ltr'><strong><em>cuncta</em></strong></span> <span class='ocrx_word' id='word_1_273' title='bbox 1241 3243 1358 3298; x_wconf 70' lang='lat' dir='ltr'><strong><em>qua:</em></strong></span> <span class='ocrx_word' id='word_1_274' title='bbox 1385 3227 1535 3281; x_wconf 81' lang='lat' dir='ltr'><strong><em>habet</em></strong></span> <span class='ocrx_word' id='word_1_275' title='bbox 1562 3227 1718 3282; x_wconf 84' lang='lat' dir='ltr'><strong><em>homo</em></strong></span> <span class='ocrx_word' id='word_1_276' title='bbox 1746 3230 1888 3283; x_wconf 87' lang='lat' dir='ltr'><strong><em>dabit</em></strong></span> <span class='ocrx_word' id='word_1_277' title='bbox 1916 3247 2013 3300; x_wconf 90' lang='lat' dir='ltr'><strong><em>pro</em></strong></span> 
     </span>
    </p>
   </div>
   <div class='ocr_carea' id='block_1_35' title="bbox 413 3321 2012 3394">
    <p class='ocr_par' dir='ltr' id='par_1_35' title="bbox 413 3321 2012 3394">
     <span class='ocr_line' id='line_1_35' title="bbox 413 3321 2012 3394; baseline 0.001 -18"><span class='ocrx_word' id='word_1_278' title='bbox 413 3323 591 3376; x_wconf 88' lang='lat' dir='ltr'><strong><em>anima</em></strong></span> <span class='ocrx_word' id='word_1_279' title='bbox 629 3339 728 3377; x_wconf 91' lang='lat' dir='ltr'><strong><em>sua</em></strong></span> <span class='ocrx_word' id='word_1_280' title='bbox 768 3338 787 3377; x_wconf 89' lang='lat'><strong><em>:</em></strong></span> <span class='ocrx_word' id='word_1_281' title='bbox 813 3321 1047 3390; x_wconf 87' lang='lat' dir='ltr'><strong><em>alioquin</em></strong></span> <span class='ocrx_word' id='word_1_282' title='bbox 1076 3322 1218 3375; x_wconf 88' lang='lat' dir='ltr'><strong><em>mitte</em></strong></span> <span class='ocrx_word' id='word_1_283' title='bbox 1245 3337 1458 3374; x_wconf 90' lang='lat' dir='ltr'><strong><em>manum</em></strong></span> <span class='ocrx_word' id='word_1_284' title='bbox 1489 3333 1653 3388; x_wconf 88' lang='lat' dir='ltr'><strong><em>tuam,</em></strong></span> <span class='ocrx_word' id='word_1_285' title='bbox 1695 3332 1743 3376; x_wconf 89' lang='lat' dir='ltr'><strong><em>et</em></strong></span> <span class='ocrx_word' id='word_1_286' title='bbox 1775 3332 1928 3394; x_wconf 84' lang='lat' dir='ltr'><strong><em>tange</em></strong></span> <span class='ocrx_word' id='word_1_287' title='bbox 1953 3339 2012 3377; x_wconf 89' lang='lat' dir='ltr'><strong><em>os</em></strong></span> 
     </span>
    </p>
   </div>
   <div class='ocr_carea' id='block_1_36' title="bbox 415 3413 2010 3486">
    <p class='ocr_par' dir='ltr' id='par_1_36' title="bbox 415 3413 2010 3486">
     <span class='ocr_line' id='line_1_36' title="bbox 415 3413 2010 3486; baseline 0.004 -20"><span class='ocrx_word' id='word_1_288' title='bbox 415 3417 530 3486; x_wconf 79' lang='lat' dir='ltr'><strong><em>ejus</em></strong></span> <span class='ocrx_word' id='word_1_289' title='bbox 555 3427 602 3469; x_wconf 90' lang='lat' dir='ltr'><strong><em>et</em></strong></span> <span class='ocrx_word' id='word_1_290' title='bbox 629 3430 861 3480; x_wconf 88' lang='lat' dir='ltr'><strong><em>carnem,</em></strong></span> <span class='ocrx_word' id='word_1_291' title='bbox 883 3423 931 3468; x_wconf 91' lang='lat' dir='ltr'><strong><em>et</em></strong></span> <span class='ocrx_word' id='word_1_292' title='bbox 953 3423 1073 3468; x_wconf 89' lang='lat' dir='ltr'><strong><em>tunc</em></strong></span> <span class='ocrx_word' id='word_1_293' title='bbox 1090 3413 1282 3470; x_wconf 78' lang='lat' dir='ltr'><strong><em>videbis</em></strong></span> <span class='ocrx_word' id='word_1_294' title='bbox 1298 3417 1435 3483; x_wconf 84' lang='lat' dir='ltr'><strong><em>quod</em></strong></span> <span class='ocrx_word' id='word_1_295' title='bbox 1454 3415 1508 3469; x_wconf 91' lang='lat' dir='ltr'><strong><em>in</em></strong></span> <span class='ocrx_word' id='word_1_296' title='bbox 1534 3418 1723 3486; x_wconf 81' lang='lat' dir='ltr'><strong><em>[aciem</em></strong></span> <span class='ocrx_word' id='word_1_297' title='bbox 1744 3416 2010 3472; x_wconf 88' lang='lat' dir='ltr'><strong><em>benedicat</em></strong></span> 
     </span>
    </p>
   </div>
   <div class='ocr_carea' id='block_1_37' title="bbox 412 3505 2009 3580">
    <p class='ocr_par' dir='ltr' id='par_1_37' title="bbox 412 3505 2009 3580">
     <span class='ocr_line' id='line_1_37' title="bbox 412 3505 2009 3580; baseline 0.003 -20"><span class='ocrx_word' id='word_1_298' title='bbox 412 3508 525 3562; x_wconf 88' lang='lat' dir='ltr'><strong><em>tibi.</em></strong></span> <span class='ocrx_word' id='word_1_299' title='bbox 552 3507 698 3563; x_wconf 71' lang='lat' dir='ltr'><strong><em>Dixit</em></strong></span> <span class='ocrx_word' id='word_1_300' title='bbox 725 3525 844 3580; x_wconf 88' lang='lat' dir='ltr'><strong><em>ergo</em></strong></span> <span class='ocrx_word' id='word_1_301' title='bbox 866 3505 1124 3562; x_wconf 89' lang='lat' dir='ltr'><strong><em>Dominus</em></strong></span> <span class='ocrx_word' id='word_1_302' title='bbox 1150 3509 1218 3562; x_wconf 90' lang='lat' dir='ltr'><strong><em>ad</em></strong></span> <span class='ocrx_word' id='word_1_303' title='bbox 1247 3511 1412 3563; x_wconf 76' lang='lat' dir='ltr'><strong><em>Satan</em></strong></span> <span class='ocrx_word' id='word_1_304' title='bbox 1438 3525 1458 3563; x_wconf 91' lang='lat'><strong><em>:</em></strong></span> <span class='ocrx_word' id='word_1_305' title='bbox 1485 3509 1624 3565; x_wconf 79' lang='lat' dir='ltr'><strong><em>Ecce</em></strong></span> <span class='ocrx_word' id='word_1_306' title='bbox 1654 3511 1708 3565; x_wconf 89' lang='lat' dir='ltr'><strong><em>in</em></strong></span> <span class='ocrx_word' id='word_1_307' title='bbox 1735 3527 1895 3566; x_wconf 90' lang='lat' dir='ltr'><strong><em>manu</em></strong></span> <span class='ocrx_word' id='word_1_308' title='bbox 1916 3521 2009 3566; x_wconf 88' lang='lat' dir='ltr'><strong><em>tua</em></strong></span> 
     </span>
    </p>
   </div>
   <div class='ocr_carea' id='block_1_38' title="bbox 406 3598 2008 3674">
    <p class='ocr_par' dir='ltr' id='par_1_38' title="bbox 406 3598 2008 3674">
     <span class='ocr_line' id='line_1_38' title="bbox 406 3598 2008 3674; baseline 0.002 -21"><span class='ocrx_word' id='word_1_309' title='bbox 406 3615 482 3654; x_wconf 77' lang='grc' dir='ltr'><strong><em>εει</em></strong></span> <span class='ocrx_word' id='word_1_310' title='bbox 509 3616 527 3654; x_wconf 90' lang='lat'><strong><em>:</em></strong></span> <span class='ocrx_word' id='word_1_311' title='bbox 555 3610 906 3655; x_wconf 82' lang='lat' dir='ltr'><strong><em>verumtamen</em></strong></span> <span class='ocrx_word' id='word_1_312' title='bbox 958 3601 1188 3654; x_wconf 83' lang='lat' dir='ltr'><strong><em>animant</em></strong></span> <span class='ocrx_word' id='word_1_313' title='bbox 1240 3598 1386 3656; x_wconf 89' lang='lat' dir='ltr'><strong><em>illius</em></strong></span> <span class='ocrx_word' id='word_1_314' title='bbox 1429 3618 1598 3656; x_wconf 88' lang='lat' dir='ltr'><strong><em>serva.</em></strong></span> <span class='ocrx_word' id='word_1_315' title='bbox 1648 3601 1903 3674; x_wconf 82' lang='lat' dir='ltr'><strong><em>Egressus</em></strong></span> <span class='ocrx_word' id='word_1_316' title='bbox 1933 3613 2008 3658; x_wconf 90' lang='lat' dir='ltr'><strong><em>est</em></strong></span> 
     </span>
    </p>
   </div>
   <div class='ocr_carea' id='block_1_39' title="bbox 409 3690 2006 3765">
    <p class='ocr_par' dir='ltr' id='par_1_39' title="bbox 409 3690 2006 3765">
     <span class='ocr_line' id='line_1_39' title="bbox 409 3690 2006 3765; baseline 0.004 -20"><span class='ocrx_word' id='word_1_317' title='bbox 409 3693 571 3762; x_wconf 86' lang='lat' dir='ltr'><strong><em>igitur</em></strong></span> <span class='ocrx_word' id='word_1_318' title='bbox 597 3691 763 3748; x_wconf 89' lang='lat' dir='ltr'><strong><em>Satan</em></strong></span> <span class='ocrx_word' id='word_1_319' title='bbox 789 3710 821 3746; x_wconf 90' lang='lat' dir='ltr'><strong><em>a</em></strong></span> <span class='ocrx_word' id='word_1_320' title='bbox 851 3693 986 3764; x_wconf 81' lang='lat' dir='ltr'><strong><em>[acie</em></strong></span> <span class='ocrx_word' id='word_1_321' title='bbox 1015 3690 1231 3747; x_wconf 89' lang='lat' dir='ltr'><strong><em>Domini</em></strong></span> <span class='ocrx_word' id='word_1_322' title='bbox 1264 3709 1282 3753; x_wconf 90' lang='lat'><strong><em>:</em></strong></span> <span class='ocrx_word' id='word_1_323' title='bbox 1315 3703 1363 3748; x_wconf 91' lang='lat' dir='ltr'><strong><em>et</em></strong></span> <span class='ocrx_word' id='word_1_324' title='bbox 1397 3696 1650 3765; x_wconf 87' lang='lat' dir='ltr'><strong><em>percussit</em></strong></span> <span class='ocrx_word' id='word_1_325' title='bbox 1695 3693 1796 3750; x_wconf 90' lang='lat' dir='ltr'><strong><em>Job</em></strong></span> <span class='ocrx_word' id='word_1_326' title='bbox 1836 3695 2006 3750; x_wconf 86' lang='lat' dir='ltr'><strong><em>ulcere</em></strong></span> 
     </span>
    </p>
   </div>
   <div class='ocr_carea' id='block_1_40' title="bbox 407 3786 2007 3861">
    <p class='ocr_par' dir='ltr' id='par_1_40' title="bbox 407 3786 2007 3861">
     <span class='ocr_line' id='line_1_40' title="bbox 407 3786 2007 3861; baseline 0.003 -21"><span class='ocrx_word' id='word_1_327' title='bbox 407 3786 630 3854; x_wconf 84' lang='lat' dir='ltr'><strong><em>pessimo</em></strong></span> <span class='ocrx_word' id='word_1_328' title='bbox 659 3804 691 3840; x_wconf 92' lang='lat' dir='ltr'><strong><em>a</em></strong></span> <span class='ocrx_word' id='word_1_329' title='bbox 719 3789 900 3856; x_wconf 85' lang='lat' dir='ltr'><strong><em>planta</em></strong></span> <span class='ocrx_word' id='word_1_330' title='bbox 947 3787 1095 3858; x_wconf 83' lang='lat' dir='ltr'><strong><em>pedis</em></strong></span> <span class='ocrx_word' id='word_1_331' title='bbox 1129 3803 1289 3858; x_wconf 88' lang='lat' dir='ltr'><strong><em>usque</em></strong></span> <span class='ocrx_word' id='word_1_332' title='bbox 1319 3789 1388 3842; x_wconf 90' lang='lat' dir='ltr'><strong><em>ad</em></strong></span> <span class='ocrx_word' id='word_1_333' title='bbox 1419 3789 1662 3843; x_wconf 84' lang='lat' dir='ltr'><strong><em>verticem</em></strong></span> <span class='ocrx_word' id='word_1_334' title='bbox 1711 3792 1825 3861; x_wconf 85' lang='lat' dir='ltr'><strong><em>ejus</em></strong></span> <span class='ocrx_word' id='word_1_335' title='bbox 1859 3806 1878 3847; x_wconf 90' lang='lat'><strong><em>:</em></strong></span> <span class='ocrx_word' id='word_1_336' title='bbox 1916 3791 2007 3861; x_wconf 84' lang='lat' dir='ltr'><strong><em>qui</em></strong></span> 
     </span>
    </p>
   </div>
   <div class='ocr_carea' id='block_1_41' title="bbox 404 3879 2006 3952">
    <p class='ocr_par' dir='ltr' id='par_1_41' title="bbox 404 3879 2006 3952">
     <span class='ocr_line' id='line_1_41' title="bbox 404 3879 2006 3952; baseline 0.004 -22"><span class='ocrx_word' id='word_1_337' title='bbox 404 3887 534 3933; x_wconf 85' lang='lat' dir='ltr'><strong><em>testa</em></strong></span> <span class='ocrx_word' id='word_1_338' title='bbox 578 3879 777 3933; x_wconf 89' lang='lat' dir='ltr'><strong><em>saniem</em></strong></span> <span class='ocrx_word' id='word_1_339' title='bbox 821 3880 1055 3944; x_wconf 86' lang='lat' dir='ltr'><strong><em>radebat,</em></strong></span> <span class='ocrx_word' id='word_1_340' title='bbox 1109 3880 1296 3934; x_wconf 89' lang='lat' dir='ltr'><strong><em>sedens</em></strong></span> <span class='ocrx_word' id='word_1_341' title='bbox 1353 3885 1407 3935; x_wconf 84' lang='lat' dir='ltr'><strong><em>in</em></strong></span> <span class='ocrx_word' id='word_1_342' title='bbox 1461 3883 1807 3952; x_wconf 80' lang='lat' dir='ltr'><strong><em>sterquilinio.</em></strong></span> <span class='ocrx_word' id='word_1_343' title='bbox 1859 3881 2006 3938; x_wconf 79' lang='lat' dir='ltr'><strong><em>Dixit</em></strong></span> 
     </span>
    </p>
   </div>
   <div class='ocr_carea' id='block_1_42' title="bbox 402 3969 2006 4046">
    <p class='ocr_par' dir='ltr' id='par_1_42' title="bbox 402 3969 2006 4046">
     <span class='ocr_line' id='line_1_42' title="bbox 402 3969 2006 4046; baseline 0.004 -23"><span class='ocrx_word' id='word_1_344' title='bbox 402 3979 577 4024; x_wconf 88' lang='lat' dir='ltr'><strong><em>autem</em></strong></span> <span class='ocrx_word' id='word_1_345' title='bbox 596 3969 677 4024; x_wconf 91' lang='lat' dir='ltr'><strong><em>illi</em></strong></span> <span class='ocrx_word' id='word_1_346' title='bbox 695 3987 830 4024; x_wconf 75' lang='lat' dir='ltr'><strong><em>uxor</em></strong></span> <span class='ocrx_word' id='word_1_347' title='bbox 853 3988 950 4024; x_wconf 89' lang='lat' dir='ltr'><strong><em>sua</em></strong></span> <span class='ocrx_word' id='word_1_348' title='bbox 976 3988 994 4027; x_wconf 88' lang='lat'><strong><em>:</em></strong></span> <span class='ocrx_word' id='word_1_349' title='bbox 1015 3969 1202 4026; x_wconf 83' lang='lat' dir='ltr'><strong><em>Adhuc</em></strong></span> <span class='ocrx_word' id='word_1_350' title='bbox 1223 3984 1278 4026; x_wconf 90' lang='lat' dir='ltr'><strong><em>tu</em></strong></span> <span class='ocrx_word' id='word_1_351' title='bbox 1296 3988 1571 4038; x_wconf 88' lang='lat' dir='ltr'><strong><em>permanes</em></strong></span> <span class='ocrx_word' id='word_1_352' title='bbox 1595 3973 1647 4027; x_wconf 87' lang='lat' dir='ltr'><strong><em>in</em></strong></span> <span class='ocrx_word' id='word_1_353' title='bbox 1668 3973 2006 4046; x_wconf 86' lang='lat' dir='ltr'><strong><em>simplicitate</em></strong></span> 
     </span>
    </p>
   </div>
   <div class='ocr_carea' id='block_1_43' title="bbox 405 4061 2003 4135">
    <p class='ocr_par' dir='ltr' id='par_1_43' title="bbox 405 4061 2003 4135">
     <span class='ocr_line' id='line_1_43' title="bbox 405 4061 2003 4135; baseline 0.006 -21"><span class='ocrx_word' id='word_1_354' title='bbox 405 4065 529 4118; x_wconf 84' lang='lat' dir='ltr'><strong><em>tua?</em></strong></span> <span class='ocrx_word' id='word_1_355' title='bbox 556 4064 766 4118; x_wconf 86' lang='lat' dir='ltr'><strong><em>benedic</em></strong></span> <span class='ocrx_word' id='word_1_356' title='bbox 794 4061 928 4129; x_wconf 87' lang='lat' dir='ltr'><strong><em>Deo,</em></strong></span> <span class='ocrx_word' id='word_1_357' title='bbox 960 4074 1008 4119; x_wconf 90' lang='lat' dir='ltr'><strong><em>et</em></strong></span> <span class='ocrx_word' id='word_1_358' title='bbox 1033 4081 1251 4120; x_wconf 89' lang='lat' dir='ltr'><strong><em>morere.</em></strong></span> <span class='ocrx_word' id='word_1_359' title='bbox 1290 4066 1394 4134; x_wconf 82' lang='lat' dir='ltr'><strong><em>Qui</em></strong></span> <span class='ocrx_word' id='word_1_360' title='bbox 1434 4069 1506 4121; x_wconf 88' lang='lat' dir='ltr'><strong><em>ait</em></strong></span> <span class='ocrx_word' id='word_1_361' title='bbox 1537 4067 1605 4122; x_wconf 88' lang='lat' dir='ltr'><strong><em>ad</em></strong></span> <span class='ocrx_word' id='word_1_362' title='bbox 1631 4066 1779 4122; x_wconf 84' lang='lat' dir='ltr'><strong><em>illaut</em></strong></span> <span class='ocrx_word' id='word_1_363' title='bbox 1801 4085 1819 4122; x_wconf 89' lang='lat'><strong><em>:</em></strong></span> <span class='ocrx_word' id='word_1_364' title='bbox 1841 4068 2003 4135; x_wconf 86' lang='lat' dir='ltr'><strong><em>Quasi</em></strong></span> 
     </span>
    </p>
   </div>
   <div class='ocr_carea' id='block_1_44' title="bbox 401 4159 2002 4237">
    <p class='ocr_par' dir='ltr' id='par_1_44' title="bbox 401 4159 2002 4237">
     <span class='ocr_line' id='line_1_44' title="bbox 401 4159 2002 4237; baseline 0.008 -29"><span class='ocrx_word' id='word_1_365' title='bbox 401 4173 506 4211; x_wconf 86' lang='lat' dir='ltr'><strong><em>una</em></strong></span> <span class='ocrx_word' id='word_1_366' title='bbox 535 4159 599 4212; x_wconf 90' lang='lat' dir='ltr'><strong><em>de</em></strong></span> <span class='ocrx_word' id='word_1_367' title='bbox 625 4160 798 4214; x_wconf 88' lang='lat' dir='ltr'><strong><em>stultis</em></strong></span> <span class='ocrx_word' id='word_1_368' title='bbox 823 4159 1122 4215; x_wconf 88' lang='lat' dir='ltr'><strong><em>mulieribus</em></strong></span> <span class='ocrx_word' id='word_1_369' title='bbox 1144 4159 1316 4215; x_wconf 87' lang='lat' dir='ltr'><strong><em>locuta</em></strong></span> <span class='ocrx_word' id='word_1_370' title='bbox 1337 4179 1414 4218; x_wconf 82' lang='lat' dir='ltr'><strong><em>es.</em></strong></span> <span class='ocrx_word' id='word_1_371' title='bbox 1447 4162 1509 4218; x_wconf 90' lang='lat' dir='ltr'><strong><em>Si</em></strong></span> <span class='ocrx_word' id='word_1_372' title='bbox 1531 4166 1664 4218; x_wconf 88' lang='lat' dir='ltr'><strong><em>bona</em></strong></span> <span class='ocrx_word' id='word_1_373' title='bbox 1683 4168 2002 4237; x_wconf 82' lang='lat' dir='ltr'><strong><em>suscepimus</em></strong></span> 
     </span>
    </p>
   </div>
   <div class='ocr_carea' id='block_1_45' title="bbox 403 4252 2001 4326">
    <p class='ocr_par' dir='ltr' id='par_1_45' title="bbox 403 4252 2001 4326">
     <span class='ocr_line' id='line_1_45' title="bbox 403 4252 2001 4326; baseline 0.008 -22"><span class='ocrx_word' id='word_1_374' title='bbox 403 4253 468 4305; x_wconf 89' lang='lat' dir='ltr'><strong><em>de</em></strong></span> <span class='ocrx_word' id='word_1_375' title='bbox 509 4268 668 4306; x_wconf 89' lang='lat' dir='ltr'><strong><em>manu</em></strong></span> <span class='ocrx_word' id='word_1_376' title='bbox 715 4252 950 4321; x_wconf 82' lang='lat' dir='ltr'><strong><em>Domini,</em></strong></span> <span class='ocrx_word' id='word_1_377' title='bbox 996 4255 1134 4309; x_wconf 87' lang='lat' dir='ltr'><strong><em>mala</em></strong></span> <span class='ocrx_word' id='word_1_378' title='bbox 1180 4272 1340 4326; x_wconf 86' lang='lat' dir='ltr'><strong><em>quare</em></strong></span> <span class='ocrx_word' id='word_1_379' title='bbox 1377 4274 1481 4311; x_wconf 89' lang='lat' dir='ltr'><strong><em>non</em></strong></span> <span class='ocrx_word' id='word_1_380' title='bbox 1510 4261 1860 4316; x_wconf 90' lang='lat' dir='ltr'><strong><em>sustineamus</em></strong></span> <span class='ocrx_word' id='word_1_381' title='bbox 1883 4263 1908 4316; x_wconf 70' lang='lat'><strong><em>.9</em></strong></span> <span class='ocrx_word' id='word_1_382' title='bbox 1931 4259 2001 4316; x_wconf 87' lang='lat' dir='ltr'><strong><em>In</em></strong></span> 
     </span>
    </p>
   </div>
   <div class='ocr_carea' id='block_1_46' title="bbox 401 4343 2001 4424">
    <p class='ocr_par' dir='ltr' id='par_1_46' title="bbox 401 4343 2001 4424">
     <span class='ocr_line' id='line_1_46' title="bbox 401 4343 2001 4424; baseline 0.009 -30"><span class='ocrx_word' id='word_1_383' title='bbox 401 4343 635 4398; x_wconf 88' lang='lat' dir='ltr'><strong><em>omnibus</em></strong></span> <span class='ocrx_word' id='word_1_384' title='bbox 679 4344 760 4399; x_wconf 80' lang='lat' dir='ltr'><strong><em>his</em></strong></span> <span class='ocrx_word' id='word_1_385' title='bbox 791 4362 892 4399; x_wconf 90' lang='lat' dir='ltr'><strong><em>non</em></strong></span> <span class='ocrx_word' id='word_1_386' title='bbox 937 4347 1163 4417; x_wconf 85' lang='lat' dir='ltr'><strong><em>peccavit</em></strong></span> <span class='ocrx_word' id='word_1_387' title='bbox 1191 4346 1293 4402; x_wconf 89' lang='lat' dir='ltr'><strong><em>Job</em></strong></span> <span class='ocrx_word' id='word_1_388' title='bbox 1323 4348 1475 4403; x_wconf 87' lang='lat' dir='ltr'><strong><em>labiis</em></strong></span> <span class='ocrx_word' id='word_1_389' title='bbox 1515 4352 1646 4406; x_wconf 89' lang='lat' dir='ltr'><strong><em>suis.</em></strong></span> <span class='ocrx_word' id='word_1_390' title='bbox 1683 4350 1860 4424; x_wconf 84' lang='lat' dir='ltr'><strong><em>Igitur</em></strong></span> <span class='ocrx_word' id='word_1_391' title='bbox 1904 4371 2001 4409; x_wconf 89' lang='lat' dir='ltr'><strong><em>au-</em></strong></span> 
     </span>
    </p>
   </div>
   <div class='ocr_carea' id='block_1_47' title="bbox 399 4438 1994 4518">
    <p class='ocr_par' dir='ltr' id='par_1_47' title="bbox 399 4438 1994 4518">
     <span class='ocr_line' id='line_1_47' title="bbox 399 4438 1994 4518; baseline 0.008 -27"><span class='ocrx_word' id='word_1_392' title='bbox 399 4438 594 4493; x_wconf 88' lang='lat' dir='ltr'><strong><em>dientes</em></strong></span> <span class='ocrx_word' id='word_1_393' title='bbox 617 4450 720 4494; x_wconf 92' lang='lat' dir='ltr'><strong><em>tres</em></strong></span> <span class='ocrx_word' id='word_1_394' title='bbox 746 4441 900 4494; x_wconf 89' lang='lat' dir='ltr'><strong><em>amici</em></strong></span> <span class='ocrx_word' id='word_1_395' title='bbox 919 4441 1021 4496; x_wconf 89' lang='lat' dir='ltr'><strong><em>Job</em></strong></span> <span class='ocrx_word' id='word_1_396' title='bbox 1052 4459 1202 4497; x_wconf 88' lang='lat' dir='ltr'><strong><em>omne</em></strong></span> <span class='ocrx_word' id='word_1_397' title='bbox 1223 4444 1418 4497; x_wconf 88' lang='lat' dir='ltr'><strong><em>malum</em></strong></span> <span class='ocrx_word' id='word_1_398' title='bbox 1440 4447 1579 4515; x_wconf 87' lang='lat' dir='ltr'><strong><em>quod</em></strong></span> <span class='ocrx_word' id='word_1_399' title='bbox 1609 4447 1881 4503; x_wconf 80' lang='lat' dir='ltr'><strong><em>accidisset</em></strong></span> <span class='ocrx_word' id='word_1_400' title='bbox 1903 4451 1953 4503; x_wconf 90' lang='lat' dir='ltr'><strong><em>ei</em></strong></span> <span class='ocrx_word' id='word_1_401' title='bbox 1980 4492 1994 4518; x_wconf 94' lang='lat'><strong><em>,</em></strong></span> 
     </span>
    </p>
   </div>
   <div class='ocr_carea' id='block_1_48' title="bbox 395 4532 2074 4611">
    <p class='ocr_par' dir='ltr' id='par_1_48' title="bbox 395 4532 2074 4611">
     <span class='ocr_line' id='line_1_48' title="bbox 395 4532 2074 4611; baseline 0.009 -28"><span class='ocrx_word' id='word_1_402' title='bbox 395 4544 638 4587; x_wconf 79' lang='lat' dir='ltr'><strong><em>venerunt</em></strong></span> <span class='ocrx_word' id='word_1_403' title='bbox 680 4535 876 4605; x_wconf 82' lang='lat' dir='ltr'><strong><em>singuli</em></strong></span> <span class='ocrx_word' id='word_1_404' title='bbox 916 4535 979 4589; x_wconf 90' lang='lat' dir='ltr'><strong><em>de</em></strong></span> <span class='ocrx_word' id='word_1_405' title='bbox 1013 4537 1125 4591; x_wconf 92' lang='lat' dir='ltr'><strong><em>loco</em></strong></span> <span class='ocrx_word' id='word_1_406' title='bbox 1155 4553 1273 4605; x_wconf 89' lang='lat' dir='ltr'><strong><em>suo,</em></strong></span> <span class='ocrx_word' id='word_1_407' title='bbox 1299 4537 1521 4611; x_wconf 80' lang='lat' dir='ltr'><strong><em>Eliphaz</em></strong></span> <span class='ocrx_word' id='word_1_408' title='bbox 1560 4539 1913 4610; x_wconf 80' lang='lat' dir='ltr'><strong><em>Tltemanites,</em></strong></span> <span class='ocrx_word' id='word_1_409' title='bbox 1943 4553 1992 4598; x_wconf 90' lang='lat' dir='ltr'><strong><em>et</em></strong></span> <span class='ocrx_word' id='word_1_410' title='bbox 2017 4532 2074 4598; x_wconf 75' lang='grc' dir='ltr'><strong><em>Ι)</em></strong></span> 
     </span>
    </p>
   </div>
   <div class='ocr_carea' id='block_1_49' title="bbox 395 4622 1990 4699">
    <p class='ocr_par' dir='ltr' id='par_1_49' title="bbox 395 4622 1990 4699">
     <span class='ocr_line' id='line_1_49' title="bbox 395 4622 1990 4699; baseline 0.008 -23"><span class='ocrx_word' id='word_1_411' title='bbox 395 4622 604 4679; x_wconf 88' lang='lat' dir='ltr'><strong><em>Baldad</em></strong></span> <span class='ocrx_word' id='word_1_412' title='bbox 644 4625 838 4691; x_wconf 87' lang='lat' dir='ltr'><strong><em>Suites,</em></strong></span> <span class='ocrx_word' id='word_1_413' title='bbox 881 4635 927 4680; x_wconf 86' lang='lat' dir='ltr'><strong><em>et</em></strong></span> <span class='ocrx_word' id='word_1_414' title='bbox 962 4627 1170 4699; x_wconf 74' lang='lat' dir='ltr'><strong><em>Sep/lar</em></strong></span> <span class='ocrx_word' id='word_1_415' title='bbox 1215 4629 1599 4686; x_wconf 85' lang='lat' dir='ltr'><strong><em>Naamatltites.</em></strong></span> <span class='ocrx_word' id='word_1_416' title='bbox 1637 4631 1990 4689; x_wconf 77' lang='lat' dir='ltr'><strong><em>Condixerant</em></strong></span> 
     </span>
    </p>
   </div>
   <div class='ocr_carea' id='block_1_50' title="bbox 398 4721 1990 4797">
    <p class='ocr_par' dir='ltr' id='par_1_50' title="bbox 398 4721 1990 4797">
     <span class='ocr_line' id='line_1_50' title="bbox 398 4721 1990 4797; baseline 0.008 -25"><span class='ocrx_word' id='word_1_417' title='bbox 398 4721 534 4773; x_wconf 89' lang='lat' dir='ltr'><strong><em>enim</em></strong></span> <span class='ocrx_word' id='word_1_418' title='bbox 567 4731 621 4772; x_wconf 89' lang='lat' dir='ltr'><strong><em>ut</em></strong></span> <span class='ocrx_word' id='word_1_419' title='bbox 643 4722 837 4793; x_wconf 84' lang='lat' dir='ltr'><strong><em>pariter</em></strong></span> <span class='ocrx_word' id='word_1_420' title='bbox 859 4723 1113 4778; x_wconf 89' lang='lat' dir='ltr'><strong><em>venientes</em></strong></span> <span class='ocrx_word' id='word_1_421' title='bbox 1135 4726 1400 4780; x_wconf 84' lang='lat' dir='ltr'><strong><em>visitarent</em></strong></span> <span class='ocrx_word' id='word_1_422' title='bbox 1429 4744 1566 4797; x_wconf 86' lang='lat' dir='ltr'><strong><em>eum,</em></strong></span> <span class='ocrx_word' id='word_1_423' title='bbox 1590 4737 1638 4783; x_wconf 93' lang='lat' dir='ltr'><strong><em>et</em></strong></span> <span class='ocrx_word' id='word_1_424' title='bbox 1658 4727 1990 4784; x_wconf 84' lang='lat' dir='ltr'><strong><em>consolaren-</em></strong></span> 
     </span>
    </p>
   </div>
   <div class='ocr_carea' id='block_1_51' title="bbox 393 4811 1990 4894">
    <p class='ocr_par' dir='ltr' id='par_1_51' title="bbox 393 4811 1990 4894">
     <span class='ocr_line' id='line_1_51' title="bbox 393 4811 1990 4894; baseline 0.008 -29"><span class='ocrx_word' id='word_1_425' title='bbox 393 4823 498 4866; x_wconf 88' lang='lat' dir='ltr'><strong><em>tur.</em></strong></span> <span class='ocrx_word' id='word_1_426' title='bbox 533 4811 761 4885; x_wconf 85' lang='lat' dir='ltr'><strong><em>Cumque</em></strong></span> <span class='ocrx_word' id='word_1_427' title='bbox 791 4815 1070 4870; x_wconf 89' lang='lat' dir='ltr'><strong><em>elevassent</em></strong></span> <span class='ocrx_word' id='word_1_428' title='bbox 1093 4820 1274 4887; x_wconf 86' lang='lat' dir='ltr'><strong><em>procul</em></strong></span> <span class='ocrx_word' id='word_1_429' title='bbox 1303 4819 1481 4875; x_wconf 87' lang='lat' dir='ltr'><strong><em>oculos</em></strong></span> <span class='ocrx_word' id='word_1_430' title='bbox 1503 4838 1646 4889; x_wconf 89' lang='lat' dir='ltr'><strong><em>suos,</em></strong></span> <span class='ocrx_word' id='word_1_431' title='bbox 1668 4838 1772 4876; x_wconf 90' lang='lat' dir='ltr'><strong><em>non</em></strong></span> <span class='ocrx_word' id='word_1_432' title='bbox 1797 4837 1990 4894; x_wconf 84' lang='lat' dir='ltr'><strong><em>cogno-</em></strong></span> 
     </span>
    </p>
   </div>
   <div class='ocr_carea' id='block_1_52' title="bbox 394 4906 1988 4982">
    <p class='ocr_par' dir='ltr' id='par_1_52' title="bbox 394 4906 1988 4982">
     <span class='ocr_line' id='line_1_52' title="bbox 394 4906 1988 4982; baseline 0.009 -24"><span class='ocrx_word' id='word_1_433' title='bbox 394 4915 576 4960; x_wconf 83' lang='lat' dir='ltr'><strong><em>verunt</em></strong></span> <span class='ocrx_word' id='word_1_434' title='bbox 604 4922 738 4960; x_wconf 90' lang='lat' dir='ltr'><strong><em>eum.</em></strong></span> <span class='ocrx_word' id='word_1_435' title='bbox 769 4906 889 4962; x_wconf 86' lang='lat' dir='ltr'><strong><em>Non</em></strong></span> <span class='ocrx_word' id='word_1_436' title='bbox 915 4908 1058 4978; x_wconf 86' lang='lat' dir='ltr'><strong><em>quod</em></strong></span> <span class='ocrx_word' id='word_1_437' title='bbox 1093 4910 1236 4965; x_wconf 88' lang='lat' dir='ltr'><strong><em>Deus</em></strong></span> <span class='ocrx_word' id='word_1_438' title='bbox 1268 4911 1518 4982; x_wconf 76' lang='lat' dir='ltr'><strong><em>ignoret;</em></strong></span> <span class='ocrx_word' id='word_1_439' title='bbox 1544 4913 1640 4970; x_wconf 90' lang='lat' dir='ltr'><strong><em>sed</em></strong></span> <span class='ocrx_word' id='word_1_440' title='bbox 1674 4924 1730 4970; x_wconf 92' lang='lat' dir='ltr'><strong><em>ut</em></strong></span> <span class='ocrx_word' id='word_1_441' title='bbox 1760 4931 1860 4970; x_wconf 86' lang='lat' dir='ltr'><strong><em>uos</em></strong></span> <span class='ocrx_word' id='word_1_442' title='bbox 1891 4917 1988 4972; x_wconf 84' lang='lat' dir='ltr'><strong><em>do-</em></strong></span> 
     </span>
    </p>
   </div>
   <div class='ocr_carea' id='block_1_53' title="bbox 388 5002 1980 5084">
    <p class='ocr_par' dir='ltr' id='par_1_53' title="bbox 388 5002 1980 5084">
     <span class='ocr_line' id='line_1_53' title="bbox 388 5002 1980 5084; baseline 0.01 -30"><span class='ocrx_word' id='word_1_443' title='bbox 388 5010 511 5056; x_wconf 86' lang='lat' dir='ltr'><strong><em>ceat</em></strong></span> <span class='ocrx_word' id='word_1_444' title='bbox 547 5002 678 5072; x_wconf 88' lang='lat' dir='ltr'><strong><em>quid</em></strong></span> <span class='ocrx_word' id='word_1_445' title='bbox 717 5004 1058 5074; x_wconf 88' lang='lat' dir='ltr'><strong><em>responderit</em></strong></span> <span class='ocrx_word' id='word_1_446' title='bbox 1097 5005 1287 5076; x_wconf 87' lang='lat' dir='ltr'><strong><em>Satan,</em></strong></span> <span class='ocrx_word' id='word_1_447' title='bbox 1327 5007 1423 5082; x_wconf 88' lang='lat' dir='ltr'><strong><em>qui</em></strong></span> <span class='ocrx_word' id='word_1_448' title='bbox 1459 5009 1854 5084; x_wconf 88' lang='lat' dir='ltr'><strong><em>interpretatur</em></strong></span> <span class='ocrx_word' id='word_1_449' title='bbox 1881 5015 1980 5070; x_wconf 84' lang='lat' dir='ltr'><strong><em>ad-</em></strong></span> 
     </span>
    </p>
   </div>
   <div class='ocr_carea' id='block_1_54' title="bbox 386 5107 663 5149">
    <p class='ocr_par' dir='ltr' id='par_1_54' title="bbox 386 5107 663 5149">
     <span class='ocr_line' id='line_1_54' title="bbox 386 5107 663 5149; baseline 0.014 -4"><span class='ocrx_word' id='word_1_450' title='bbox 386 5107 663 5149; x_wconf 74' lang='lat' dir='ltr'><strong><em>versamus.</em></strong></span> 
     </span>
    </p>
   </div>
   <div class='ocr_carea' id='block_1_55' title="bbox 459 5184 1979 5272">
    <p class='ocr_par' dir='ltr' id='par_1_55' title="bbox 459 5184 1979 5272">
     <span class='ocr_line' id='line_1_55' title="bbox 459 5184 1979 5272; baseline 0.016 -35"><span class='ocrx_word' id='word_1_451' title='bbox 459 5184 529 5238; x_wconf 90' lang='lat' dir='ltr'><strong><em>Et</em></strong></span> <span class='ocrx_word' id='word_1_452' title='bbox 583 5187 934 5244; x_wconf 77' lang='lat' dir='ltr'><strong><em>exclamantes</em></strong></span> <span class='ocrx_word' id='word_1_453' title='bbox 987 5190 1320 5263; x_wconf 86' lang='lat' dir='ltr'><strong><em>ploraveruut</em></strong></span> <span class='ocrx_word' id='word_1_454' title='bbox 1365 5211 1384 5250; x_wconf 89' lang='lat'><strong><em>:</em></strong></span> <span class='ocrx_word' id='word_1_455' title='bbox 1439 5199 1712 5272; x_wconf 88' lang='lat' dir='ltr'><strong><em>scissisque</em></strong></span> <span class='ocrx_word' id='word_1_456' title='bbox 1757 5206 1979 5262; x_wconf 79' lang='lat' dir='ltr'><strong><em>restibus</em></strong></span> 
     </span>
    </p>
   </div>
   <div class='ocr_carea' id='block_1_56' title="bbox 385 5283 1976 5360">
    <p class='ocr_par' dir='ltr' id='par_1_56' title="bbox 385 5283 1976 5360">
     <span class='ocr_line' id='line_1_56' title="bbox 385 5283 1976 5360; baseline 0.014 -28"><span class='ocrx_word' id='word_1_457' title='bbox 385 5291 686 5350; x_wconf 89' lang='lat' dir='ltr'><strong><em>sparserunt</em></strong></span> <span class='ocrx_word' id='word_1_458' title='bbox 723 5283 984 5353; x_wconf 89' lang='lat' dir='ltr'><strong><em>pulverem</em></strong></span> <span class='ocrx_word' id='word_1_459' title='bbox 1024 5302 1182 5358; x_wconf 90' lang='lat' dir='ltr'><strong><em>super</em></strong></span> <span class='ocrx_word' id='word_1_460' title='bbox 1208 5299 1364 5360; x_wconf 88' lang='lat' dir='ltr'><strong><em>caput</em></strong></span> <span class='ocrx_word' id='word_1_461' title='bbox 1395 5308 1546 5347; x_wconf 89' lang='lat' dir='ltr'><strong><em>suunt</em></strong></span> <span class='ocrx_word' id='word_1_462' title='bbox 1576 5295 1629 5348; x_wconf 92' lang='lat' dir='ltr'><strong><em>in</em></strong></span> <span class='ocrx_word' id='word_1_463' title='bbox 1662 5298 1864 5352; x_wconf 71' lang='lat' dir='ltr'><strong><em>caelum.</em></strong></span> <span class='ocrx_word' id='word_1_464' title='bbox 1908 5299 1976 5355; x_wconf 86' lang='lat' dir='ltr'><strong><em>Et</em></strong></span> 
     </span>
    </p>
   </div>
   <div class='ocr_carea' id='block_1_57' title="bbox 382 5372 1974 5458">
    <p class='ocr_par' dir='ltr' id='par_1_57' title="bbox 382 5372 1974 5458">
     <span class='ocr_line' id='line_1_57' title="bbox 382 5372 1974 5458; baseline 0.014 -34"><span class='ocrx_word' id='word_1_465' title='bbox 382 5372 624 5426; x_wconf 89' lang='lat' dir='ltr'><strong><em>sederunt</em></strong></span> <span class='ocrx_word' id='word_1_466' title='bbox 654 5389 769 5427; x_wconf 89' lang='lat' dir='ltr'><strong><em>cum</em></strong></span> <span class='ocrx_word' id='word_1_467' title='bbox 790 5391 849 5428; x_wconf 91' lang='lat' dir='ltr'><strong><em>eo</em></strong></span> <span class='ocrx_word' id='word_1_468' title='bbox 880 5377 934 5429; x_wconf 91' lang='lat' dir='ltr'><strong><em>in</em></strong></span> <span class='ocrx_word' id='word_1_469' title='bbox 958 5385 1092 5431; x_wconf 88' lang='lat' dir='ltr'><strong><em>terra</em></strong></span> <span class='ocrx_word' id='word_1_470' title='bbox 1120 5391 1314 5448; x_wconf 88' lang='lat' dir='ltr'><strong><em>septem</em></strong></span> <span class='ocrx_word' id='word_1_471' title='bbox 1345 5383 1547 5452; x_wconf 88' lang='lat' dir='ltr'><strong><em>diebus,</em></strong></span> <span class='ocrx_word' id='word_1_472' title='bbox 1569 5396 1619 5441; x_wconf 91' lang='lat' dir='ltr'><strong><em>et</em></strong></span> <span class='ocrx_word' id='word_1_473' title='bbox 1661 5400 1852 5458; x_wconf 81' lang='lat' dir='ltr'><strong><em>septem</em></strong></span> <span class='ocrx_word' id='word_1_474' title='bbox 1881 5409 1974 5446; x_wconf 90' lang='lat' dir='ltr'><strong><em>no-</em></strong></span> 
     </span>
    </p>
   </div>
   <div class='ocr_carea' id='block_1_58' title="bbox 382 5464 1978 5540">
    <p class='ocr_par' dir='ltr' id='par_1_58' title="bbox 382 5464 1978 5540">
     <span class='ocr_line' id='line_1_58' title="bbox 382 5464 1978 5540; baseline 0.016 -25"><span class='ocrx_word' id='word_1_475' title='bbox 382 5464 570 5534; x_wconf 87' lang='lat' dir='ltr'><strong><em>ctibus,</em></strong></span> <span class='ocrx_word' id='word_1_476' title='bbox 606 5474 655 5520; x_wconf 90' lang='lat' dir='ltr'><strong><em>et</em></strong></span> <span class='ocrx_word' id='word_1_477' title='bbox 679 5482 831 5522; x_wconf 91' lang='lat' dir='ltr'><strong><em>nemo</em></strong></span> <span class='ocrx_word' id='word_1_478' title='bbox 859 5467 1164 5540; x_wconf 87' lang='lat' dir='ltr'><strong><em>loquebatur</em></strong></span> <span class='ocrx_word' id='word_1_479' title='bbox 1192 5475 1238 5527; x_wconf 86' lang='lat' dir='ltr'><strong><em>ei</em></strong></span> <span class='ocrx_word' id='word_1_480' title='bbox 1275 5476 1502 5530; x_wconf 87' lang='lat' dir='ltr'><strong><em>verbum.</em></strong></span> <span class='ocrx_word' id='word_1_481' title='bbox 1546 5476 1805 5536; x_wconf 81' lang='lat' dir='ltr'><strong><em>Videbam</em></strong></span> <span class='ocrx_word' id='word_1_482' title='bbox 1841 5484 1978 5540; x_wconf 89' lang='lat' dir='ltr'><strong><em>enim</em></strong></span> 
     </span>
    </p>
   </div>
   <div class='ocr_carea' id='block_1_59' title="bbox 381 5558 1977 5634">
    <p class='ocr_par' dir='ltr' id='par_1_59' title="bbox 381 5558 1977 5634">
     <span class='ocr_line' id='line_1_59' title="bbox 381 5558 1977 5634; baseline 0.013 -22"><span class='ocrx_word' id='word_1_483' title='bbox 381 5558 615 5614; x_wconf 89' lang='lat' dir='ltr'><strong><em>dolorem</em></strong></span> <span class='ocrx_word' id='word_1_484' title='bbox 657 5577 765 5616; x_wconf 87' lang='lat' dir='ltr'><strong><em>esse</em></strong></span> <span class='ocrx_word' id='word_1_485' title='bbox 816 5561 1178 5622; x_wconf 76' lang='lat' dir='ltr'><strong><em>vehementem.</em></strong></span> <span class='ocrx_word' id='word_1_486' title='bbox 1210 5567 1345 5624; x_wconf 89' lang='lat' dir='ltr'><strong><em>Nam</em></strong></span> <span class='ocrx_word' id='word_1_487' title='bbox 1393 5580 1449 5625; x_wconf 91' lang='lat' dir='ltr'><strong><em>et</em></strong></span> <span class='ocrx_word' id='word_1_488' title='bbox 1497 5585 1688 5629; x_wconf 88' lang='lat' dir='ltr'><strong><em>omnes</em></strong></span> <span class='ocrx_word' id='word_1_489' title='bbox 1734 5573 1977 5634; x_wconf 66' lang='lat' dir='ltr'><strong><em>haeretici</em></strong></span> 
     </span>
    </p>
   </div>
   <div class='ocr_carea' id='block_1_60' title="bbox 377 5650 1973 5738">
    <p class='ocr_par' dir='ltr' id='par_1_60' title="bbox 377 5650 1973 5738">
     <span class='ocr_line' id='line_1_60' title="bbox 377 5650 1973 5738; baseline 0.01 -28"><span class='ocrx_word' id='word_1_490' title='bbox 377 5650 578 5710; x_wconf 82' lang='lat' dir='ltr'><strong><em>Christi</em></strong></span> <span class='ocrx_word' id='word_1_491' title='bbox 611 5655 815 5710; x_wconf 82' lang='lat' dir='ltr'><strong><em>amicos</em></strong></span> <span class='ocrx_word' id='word_1_492' title='bbox 848 5673 906 5712; x_wconf 86' lang='lat' dir='ltr'><strong><em>sc</em></strong></span> <span class='ocrx_word' id='word_1_493' title='bbox 928 5674 1052 5714; x_wconf 88' lang='lat' dir='ltr'><strong><em>esse</em></strong></span> <span class='ocrx_word' id='word_1_494' title='bbox 1077 5661 1292 5728; x_wconf 72' lang='lat' dir='ltr'><strong><em>dicunt;</em></strong></span> <span class='ocrx_word' id='word_1_495' title='bbox 1324 5662 1479 5733; x_wconf 87' lang='lat' dir='ltr'><strong><em>cujus</em></strong></span> <span class='ocrx_word' id='word_1_496' title='bbox 1506 5680 1566 5720; x_wconf 89' lang='lat' dir='ltr'><strong><em>se</em></strong></span> <span class='ocrx_word' id='word_1_497' title='bbox 1597 5671 1856 5738; x_wconf 84' lang='lat' dir='ltr'><strong><em>sanguine</em></strong></span> <span class='ocrx_word' id='word_1_498' title='bbox 1882 5686 1973 5726; x_wconf 85' lang='lat' dir='ltr'><strong><em>re-</em></strong></span> 
     </span>
    </p>
   </div>
   <div class='ocr_carea' id='block_1_61' title="bbox 376 5745 1968 5829">
    <p class='ocr_par' dir='ltr' id='par_1_61' title="bbox 376 5745 1968 5829">
     <span class='ocr_line' id='line_1_61' title="bbox 376 5745 1968 5829; baseline 0.013 -25"><span class='ocrx_word' id='word_1_499' title='bbox 376 5745 630 5825; x_wconf 85' lang='lat' dir='ltr'><strong><em>demptos</em></strong></span> <span class='ocrx_word' id='word_1_500' title='bbox 654 5747 977 5824; x_wconf 76' lang='lat' dir='ltr'><strong><em>gIOtiautur.</em></strong></span> <span class='ocrx_word' id='word_1_501' title='bbox 1008 5753 1074 5814; x_wconf 85' lang='lat' dir='ltr'><strong><em>Et</em></strong></span> <span class='ocrx_word' id='word_1_502' title='bbox 1102 5758 1448 5829; x_wconf 81' lang='lat' dir='ltr'><strong><em>posunotlutn</em></strong></span> <span class='ocrx_word' id='word_1_503' title='bbox 1481 5757 1691 5818; x_wconf 85' lang='lat' dir='ltr'><strong><em>inimici</em></strong></span> <span class='ocrx_word' id='word_1_504' title='bbox 1723 5759 1968 5824; x_wconf 83' lang='lat' dir='ltr'><strong><em>elﬁciuu-</em></strong></span> 
     </span>
    </p>
   </div>
   <div class='ocr_carea' id='block_1_62' title="bbox 1963 5945 2059 5955">
    <p class='ocr_par' dir='ltr' id='par_1_62' title="bbox 1963 5945 2059 5955">
     <span class='ocr_line' id='line_1_62' title="bbox 1963 5945 2059 5955; baseline 0.031 -3"><span class='ocrx_word' id='word_1_505' title='bbox 1963 5945 2059 5955; x_wconf 57' lang='grc' dir='ltr'><strong><em>ου’--</em></strong></span> 
     </span>
    </p>
   </div>
   <div class='ocr_carea' id='block_1_63' title="bbox 2157 479 3747 554">
    <p class='ocr_par' dir='ltr' id='par_1_63' title="bbox 2157 479 3747 554">
     <span class='ocr_line' id='line_1_63' title="bbox 2157 479 3747 554; baseline 0.004 -18"><span class='ocrx_word' id='word_1_506' title='bbox 2157 479 2404 537; x_wconf 83' lang='lat' dir='ltr'><strong><em>videntes</em></strong></span> <span class='ocrx_word' id='word_1_507' title='bbox 2434 482 2647 553; x_wconf 87' lang='lat' dir='ltr'><strong><em>plagam</em></strong></span> <span class='ocrx_word' id='word_1_508' title='bbox 2689 483 2833 554; x_wconf 88' lang='lat' dir='ltr'><strong><em>ejus,</em></strong></span> <span class='ocrx_word' id='word_1_509' title='bbox 2869 483 3153 540; x_wconf 85' lang='lat' dir='ltr'><strong><em>sciderunt</em></strong></span> <span class='ocrx_word' id='word_1_510' title='bbox 3185 487 3532 551; x_wconf 86' lang='lat' dir='ltr'><strong><em>vestimenta,</em></strong></span> <span class='ocrx_word' id='word_1_511' title='bbox 3562 497 3618 542; x_wconf 88' lang='lat' dir='ltr'><strong><em>et</em></strong></span> <span class='ocrx_word' id='word_1_512' title='bbox 3649 488 3747 542; x_wconf 85' lang='lat' dir='ltr'><strong><em>tui-</em></strong></span> 
     </span>
    </p>
   </div>
   <div class='ocr_carea' id='block_1_64' title="bbox 2153 578 3752 650">
    <p class='ocr_par' dir='ltr' id='par_1_64' title="bbox 2153 578 3752 650">
     <span class='ocr_line' id='line_1_64' title="bbox 2153 578 3752 650; baseline 0.004 -19"><span class='ocrx_word' id='word_1_513' title='bbox 2153 585 2346 632; x_wconf 90' lang='lat' dir='ltr'><strong><em>serunt</em></strong></span> <span class='ocrx_word' id='word_1_514' title='bbox 2379 578 2658 648; x_wconf 85' lang='lat' dir='ltr'><strong><em>pulverem</em></strong></span> <span class='ocrx_word' id='word_1_515' title='bbox 2689 592 2854 650; x_wconf 88' lang='lat' dir='ltr'><strong><em>super</em></strong></span> <span class='ocrx_word' id='word_1_516' title='bbox 2883 587 3046 648; x_wconf 85' lang='lat' dir='ltr'><strong><em>caput</em></strong></span> <span class='ocrx_word' id='word_1_517' title='bbox 3077 594 3238 634; x_wconf 89' lang='lat' dir='ltr'><strong><em>suum</em></strong></span> <span class='ocrx_word' id='word_1_518' title='bbox 3267 597 3282 635; x_wconf 90' lang='lat'><strong>:</strong></span> <span class='ocrx_word' id='word_1_519' title='bbox 3311 580 3435 636; x_wconf 90' lang='lat' dir='ltr'><strong><em>illos</em></strong></span> <span class='ocrx_word' id='word_1_520' title='bbox 3465 579 3752 638; x_wconf 60' lang='lat' dir='ltr'><strong><em>haereticos</em></strong></span> 
     </span>
    </p>
   </div>
   <div class='ocr_carea' id='block_1_65' title="bbox 2152 667 3750 742">
    <p class='ocr_par' dir='ltr' id='par_1_65' title="bbox 2152 667 3750 742">
     <span class='ocr_line' id='line_1_65' title="bbox 2152 667 3750 742; baseline 0.004 -20"><span class='ocrx_word' id='word_1_521' title='bbox 2152 667 2450 738; x_wconf 84' lang='lat' dir='ltr'><strong><em>signiﬁcat,</em></strong></span> <span class='ocrx_word' id='word_1_522' title='bbox 2491 670 2588 740; x_wconf 91' lang='lat' dir='ltr'><strong><em>qui</em></strong></span> <span class='ocrx_word' id='word_1_523' title='bbox 2641 668 2925 726; x_wconf 86' lang='lat' dir='ltr'><strong><em>Christum</em></strong></span> <span class='ocrx_word' id='word_1_524' title='bbox 2981 671 3036 727; x_wconf 92' lang='lat' dir='ltr'><strong><em>in</em></strong></span> <span class='ocrx_word' id='word_1_525' title='bbox 3094 671 3270 742; x_wconf 79' lang='lat' dir='ltr'><strong><em>gloria</em></strong></span> <span class='ocrx_word' id='word_1_526' title='bbox 3321 673 3532 728; x_wconf 65' lang='lat' dir='ltr'><strong><em>caelesti</em></strong></span> <span class='ocrx_word' id='word_1_527' title='bbox 3587 673 3750 729; x_wconf 89' lang='lat' dir='ltr'><strong><em>Deum</em></strong></span> 
     </span>
    </p>
   </div>
   <div class='ocr_carea' id='block_1_66' title="bbox 2151 762 3749 836">
    <p class='ocr_par' dir='ltr' id='par_1_66' title="bbox 2151 762 3749 836">
     <span class='ocr_line' id='line_1_66' title="bbox 2151 762 3749 836; baseline 0.005 -20"><span class='ocrx_word' id='word_1_528' title='bbox 2151 762 2428 818; x_wconf 91' lang='lat' dir='ltr'><strong><em>credunt:</em></strong></span> <span class='ocrx_word' id='word_1_529' title='bbox 2453 763 2893 820; x_wconf 87' lang='lat' dir='ltr'><strong><em>incarnationem</em></strong></span> <span class='ocrx_word' id='word_1_530' title='bbox 2916 774 2974 821; x_wconf 92' lang='lat' dir='ltr'><strong><em>et</em></strong></span> <span class='ocrx_word' id='word_1_531' title='bbox 3004 765 3312 836; x_wconf 81' lang='lat' dir='ltr'><strong><em>passionem</em></strong></span> <span class='ocrx_word' id='word_1_532' title='bbox 3339 781 3448 822; x_wconf 90' lang='lat' dir='ltr'><strong><em>non</em></strong></span> <span class='ocrx_word' id='word_1_533' title='bbox 3478 767 3710 823; x_wconf 87' lang='lat' dir='ltr'><strong><em>credunt</em></strong></span> <span class='ocrx_word' id='word_1_534' title='bbox 3735 786 3749 824; x_wconf 92' lang='lat'><strong>:</strong></span> 
     </span>
    </p>
   </div>
   <div class='ocr_carea' id='block_1_67' title="bbox 2151 854 3752 928">
    <p class='ocr_par' dir='ltr' id='par_1_67' title="bbox 2151 854 3752 928">
     <span class='ocr_line' id='line_1_67' title="bbox 2151 854 3752 928; baseline 0.003 -19"><span class='ocrx_word' id='word_1_535' title='bbox 2151 854 2249 910; x_wconf 89' lang='lat' dir='ltr'><strong><em>sed</em></strong></span> <span class='ocrx_word' id='word_1_536' title='bbox 2278 856 2594 926; x_wconf 85' lang='lat' dir='ltr'><strong><em>opprobriis</em></strong></span> <span class='ocrx_word' id='word_1_537' title='bbox 2621 867 2676 912; x_wconf 89' lang='lat' dir='ltr'><strong><em>et</em></strong></span> <span class='ocrx_word' id='word_1_538' title='bbox 2719 857 3108 913; x_wconf 89' lang='lat' dir='ltr'><strong><em>humiliatione</em></strong></span> <span class='ocrx_word' id='word_1_539' title='bbox 3136 859 3258 928; x_wconf 85' lang='lat' dir='ltr'><strong><em>ejus</em></strong></span> <span class='ocrx_word' id='word_1_540' title='bbox 3290 857 3511 927; x_wconf 85' lang='lat' dir='ltr'><strong><em>oﬁ&#39;ettsi,</em></strong></span> <span class='ocrx_word' id='word_1_541' title='bbox 3541 859 3596 916; x_wconf 90' lang='lat' dir='ltr'><strong><em>in</em></strong></span> <span class='ocrx_word' id='word_1_542' title='bbox 3647 860 3752 916; x_wconf 80' lang='lat' dir='ltr'><strong><em>bla-</em></strong></span> 
     </span>
    </p>
   </div>
   <div class='ocr_carea' id='block_1_68' title="bbox 2149 947 3752 1024">
    <p class='ocr_par' dir='ltr' id='par_1_68' title="bbox 2149 947 3752 1024">
     <span class='ocr_line' id='line_1_68' title="bbox 2149 947 3752 1024; baseline 0.004 -24"><span class='ocrx_word' id='word_1_543' title='bbox 2149 947 2456 1016; x_wconf 87' lang='lat' dir='ltr'><strong><em>sphemiam</em></strong></span> <span class='ocrx_word' id='word_1_544' title='bbox 2507 959 2905 1019; x_wconf 86' lang='lat' dir='ltr'><strong><em>erumpentes,</em></strong></span> <span class='ocrx_word' id='word_1_545' title='bbox 2949 948 3112 1004; x_wconf 85' lang='lat' dir='ltr'><strong><em>ﬁdem</em></strong></span> <span class='ocrx_word' id='word_1_546' title='bbox 3170 949 3450 1018; x_wconf 87' lang='lat' dir='ltr'><strong><em>scindunt,</em></strong></span> <span class='ocrx_word' id='word_1_547' title='bbox 3505 963 3676 1024; x_wconf 87' lang='lat' dir='ltr'><strong><em>atque</em></strong></span> <span class='ocrx_word' id='word_1_548' title='bbox 3724 968 3752 1007; x_wconf 87' lang='lat' dir='ltr'><strong><em>a</em></strong></span> 
     </span>
    </p>
   </div>
   <div class='ocr_carea' id='block_1_69' title="bbox 2146 1041 3754 1114">
    <p class='ocr_par' dir='ltr' id='par_1_69' title="bbox 2146 1041 3754 1114">
     <span class='ocr_line' id='line_1_69' title="bbox 2146 1041 3754 1114; baseline 0.002 -18"><span class='ocrx_word' id='word_1_549' title='bbox 2146 1041 2398 1112; x_wconf 88' lang='lat' dir='ltr'><strong><em>corporis</em></strong></span> <span class='ocrx_word' id='word_1_550' title='bbox 2437 1043 2644 1098; x_wconf 89' lang='lat' dir='ltr'><strong><em>unitate</em></strong></span> <span class='ocrx_word' id='word_1_551' title='bbox 2685 1042 2996 1100; x_wconf 89' lang='lat' dir='ltr'><strong><em>discedunt.</em></strong></span> <span class='ocrx_word' id='word_1_552' title='bbox 3043 1042 3114 1099; x_wconf 89' lang='lat' dir='ltr'><strong><em>Et</em></strong></span> <span class='ocrx_word' id='word_1_553' title='bbox 3155 1043 3437 1114; x_wconf 89' lang='lat' dir='ltr'><strong><em>pulverem</em></strong></span> <span class='ocrx_word' id='word_1_554' title='bbox 3473 1043 3754 1100; x_wconf 81' lang='lat' dir='ltr'><strong><em>mittentes</em></strong></span> 
     </span>
    </p>
   </div>
   <div class='ocr_carea' id='block_1_70' title="bbox 2146 1139 3749 1210">
    <p class='ocr_par' dir='ltr' id='par_1_70' title="bbox 2146 1139 3749 1210">
     <span class='ocr_line' id='line_1_70' title="bbox 2146 1139 3749 1210; baseline -0.001 -16"><span class='ocrx_word' id='word_1_555' title='bbox 2146 1152 2313 1210; x_wconf 90' lang='lat' dir='ltr'><strong><em>super</em></strong></span> <span class='ocrx_word' id='word_1_556' title='bbox 2356 1139 2536 1209; x_wconf 89' lang='lat' dir='ltr'><strong><em>capita</em></strong></span> <span class='ocrx_word' id='word_1_557' title='bbox 2585 1154 2721 1205; x_wconf 89' lang='lat' dir='ltr'><strong><em>sua,</em></strong></span> <span class='ocrx_word' id='word_1_558' title='bbox 2772 1148 2992 1195; x_wconf 91' lang='lat' dir='ltr'><strong><em>terreno</em></strong></span> <span class='ocrx_word' id='word_1_559' title='bbox 3019 1150 3072 1194; x_wconf 89' lang='lat' dir='ltr'><strong><em>et</em></strong></span> <span class='ocrx_word' id='word_1_560' title='bbox 3103 1149 3320 1194; x_wconf 89' lang='lat' dir='ltr'><strong><em>mortuo</em></strong></span> <span class='ocrx_word' id='word_1_561' title='bbox 3349 1154 3516 1196; x_wconf 87' lang='lat' dir='ltr'><strong><em>sensu</em></strong></span> <span class='ocrx_word' id='word_1_562' title='bbox 3537 1180 3554 1205; x_wconf 93' lang='lat'><strong><em>,</em></strong></span> <span class='ocrx_word' id='word_1_563' title='bbox 3587 1140 3749 1196; x_wconf 79' lang='lat' dir='ltr'><strong><em>corda</em></strong></span> 
     </span>
    </p>
   </div>
   <div class='ocr_carea' id='block_1_71' title="bbox 2145 1231 3748 1304">
    <p class='ocr_par' dir='ltr' id='par_1_71' title="bbox 2145 1231 3748 1304">
     <span class='ocr_line' id='line_1_71' title="bbox 2145 1231 3748 1304; baseline 0.001 -17"><span class='ocrx_word' id='word_1_564' title='bbox 2145 1245 2244 1287; x_wconf 90' lang='lat' dir='ltr'><strong><em>sua</em></strong></span> <span class='ocrx_word' id='word_1_565' title='bbox 2274 1232 2537 1303; x_wconf 90' lang='lat' dir='ltr'><strong><em>operiunt</em></strong></span> <span class='ocrx_word' id='word_1_566' title='bbox 2569 1241 2734 1304; x_wconf 90' lang='lat' dir='ltr'><strong><em>atque</em></strong></span> <span class='ocrx_word' id='word_1_567' title='bbox 2763 1231 3026 1288; x_wconf 89' lang='lat' dir='ltr'><strong><em>obruunt.</em></strong></span> <span class='ocrx_word' id='word_1_568' title='bbox 3077 1231 3236 1288; x_wconf 90' lang='lat' dir='ltr'><strong><em>Omni</em></strong></span> <span class='ocrx_word' id='word_1_569' title='bbox 3284 1234 3449 1288; x_wconf 88' lang='lat' dir='ltr'><strong><em>etiam</em></strong></span> <span class='ocrx_word' id='word_1_570' title='bbox 3503 1242 3748 1304; x_wconf 84' lang='lat' dir='ltr'><strong><em>tempore</em></strong></span> 
     </span>
    </p>
   </div>
   <div class='ocr_carea' id='block_1_72' title="bbox 2144 1328 3753 1400">
    <p class='ocr_par' dir='ltr' id='par_1_72' title="bbox 2144 1328 3753 1400">
     <span class='ocr_line' id='line_1_72' title="bbox 2144 1328 3753 1400; baseline 0.002 -17"><span class='ocrx_word' id='word_1_571' title='bbox 2144 1328 2271 1383; x_wconf 72' lang='lat' dir='ltr'><strong><em>vita:</em></strong></span> <span class='ocrx_word' id='word_1_572' title='bbox 2308 1343 2446 1396; x_wconf 69' lang='lat' dir='ltr'><strong><em>sum,</em></strong></span> <span class='ocrx_word' id='word_1_573' title='bbox 2475 1343 2599 1400; x_wconf 63' lang='lat' dir='ltr'><strong><em>quae</em></strong></span> <span class='ocrx_word' id='word_1_574' title='bbox 2648 1328 2702 1384; x_wconf 90' lang='lat' dir='ltr'><strong><em>in</em></strong></span> <span class='ocrx_word' id='word_1_575' title='bbox 2743 1339 2955 1400; x_wconf 85' lang='lat' dir='ltr'><strong><em>septem</em></strong></span> <span class='ocrx_word' id='word_1_576' title='bbox 2982 1328 3177 1386; x_wconf 87' lang='lat' dir='ltr'><strong><em>diebus</em></strong></span> <span class='ocrx_word' id='word_1_577' title='bbox 3227 1345 3291 1385; x_wconf 87' lang='lat' dir='ltr'><strong><em>ac</em></strong></span> <span class='ocrx_word' id='word_1_578' title='bbox 3321 1329 3580 1387; x_wconf 89' lang='lat' dir='ltr'><strong><em>noctibus</em></strong></span> <span class='ocrx_word' id='word_1_579' title='bbox 3617 1347 3753 1387; x_wconf 84' lang='lat' dir='ltr'><strong><em>con-</em></strong></span> 
     </span>
    </p>
   </div>
   <div class='ocr_carea' id='block_1_73' title="bbox 2144 1419 3747 1492">
    <p class='ocr_par' dir='ltr' id='par_1_73' title="bbox 2144 1419 3747 1492">
     <span class='ocr_line' id='line_1_73' title="bbox 2144 1419 3747 1492; baseline 0.003 -18"><span class='ocrx_word' id='word_1_580' title='bbox 2144 1419 2404 1486; x_wconf 88' lang='lat' dir='ltr'><strong><em>tinetur;</em></strong></span> <span class='ocrx_word' id='word_1_581' title='bbox 2453 1419 2738 1491; x_wconf 88' lang='lat' dir='ltr'><strong><em>indignum</em></strong></span> <span class='ocrx_word' id='word_1_582' title='bbox 2794 1435 2858 1477; x_wconf 89' lang='lat' dir='ltr'><strong><em>os</em></strong></span> <span class='ocrx_word' id='word_1_583' title='bbox 2901 1437 3062 1478; x_wconf 89' lang='lat' dir='ltr'><strong><em>suum</em></strong></span> <span class='ocrx_word' id='word_1_584' title='bbox 3125 1424 3478 1479; x_wconf 76' lang='lat' dir='ltr'><strong><em>confessione</em></strong></span> <span class='ocrx_word' id='word_1_585' title='bbox 3515 1423 3704 1479; x_wconf 76' lang='lat' dir='ltr'><strong><em>divina</em></strong></span> <span class='ocrx_word' id='word_1_586' title='bbox 3733 1467 3747 1492; x_wconf 90' lang='lat'><strong><em>,</em></strong></span> 
     </span>
    </p>
   </div>
   <div class='ocr_carea' id='block_1_74' title="bbox 2141 1514 3746 1588">
    <p class='ocr_par' dir='ltr' id='par_1_74' title="bbox 2141 1514 3746 1588">
     <span class='ocr_line' id='line_1_74' title="bbox 2141 1514 3746 1588; baseline 0.003 -18"><span class='ocrx_word' id='word_1_587' title='bbox 2141 1523 2290 1570; x_wconf 89' lang='lat' dir='ltr'><strong><em>muta</em></strong></span> <span class='ocrx_word' id='word_1_588' title='bbox 2321 1514 2660 1572; x_wconf 89' lang='lat' dir='ltr'><strong><em>inﬁdelitatis</em></strong></span> <span class='ocrx_word' id='word_1_589' title='bbox 2697 1514 3050 1587; x_wconf 87' lang='lat' dir='ltr'><strong><em>improbitate</em></strong></span> <span class='ocrx_word' id='word_1_590' title='bbox 3104 1516 3512 1588; x_wconf 90' lang='lat' dir='ltr'><strong><em>condemnant,</em></strong></span> <span class='ocrx_word' id='word_1_591' title='bbox 3538 1526 3594 1574; x_wconf 88' lang='lat' dir='ltr'><strong><em>et</em></strong></span> <span class='ocrx_word' id='word_1_592' title='bbox 3649 1518 3746 1575; x_wconf 84' lang='lat' dir='ltr'><strong><em>ob-</em></strong></span> 
     </span>
    </p>
   </div>
   <div class='ocr_carea' id='block_1_75' title="bbox 2137 1607 3104 1682">
    <p class='ocr_par' dir='ltr' id='par_1_75' title="bbox 2137 1607 3104 1682">
     <span class='ocr_line' id='line_1_75' title="bbox 2137 1607 3104 1682; baseline 0.002 -18"><span class='ocrx_word' id='word_1_593' title='bbox 2137 1615 2384 1666; x_wconf 87' lang='lat' dir='ltr'><strong><em>struetur</em></strong></span> <span class='ocrx_word' id='word_1_594' title='bbox 2424 1623 2488 1666; x_wconf 89' lang='lat' dir='ltr'><strong><em>os</em></strong></span> <span class='ocrx_word' id='word_1_595' title='bbox 2512 1607 2852 1681; x_wconf 89' lang='lat' dir='ltr'><strong><em>loquentium</em></strong></span> <span class='ocrx_word' id='word_1_596' title='bbox 2893 1607 3104 1682; x_wconf 88' lang='lat' dir='ltr'><strong><em>iniqua.</em></strong></span> 
     </span>
    </p>
   </div>
   <div class='ocr_carea' id='block_1_76' title="bbox 2764 1791 3125 1852">
    <p class='ocr_par' dir='ltr' id='par_1_76' title="bbox 2764 1791 3125 1852">
     <span class='ocr_line' id='line_1_76' title="bbox 2764 1791 3125 1852; baseline 0.003 -1"><span class='ocrx_word' id='word_1_597' title='bbox 2764 1791 2996 1852; x_wconf 83' lang='lat' dir='ltr'><strong><em>CAPUT</em></strong></span> <span class='ocrx_word' id='word_1_598' title='bbox 3034 1791 3125 1852; x_wconf 83' lang='lat' dir='ltr'><strong><em>Ill.</em></strong></span> 
     </span>
    </p>
   </div>
   <div class='ocr_carea' id='block_1_77' title="bbox 2211 1950 3747 2028">
    <p class='ocr_par' dir='ltr' id='par_1_77' title="bbox 2211 1950 3747 2028">
     <span class='ocr_line' id='line_1_77' title="bbox 2211 1950 3747 2028; baseline 0.004 -22"><span class='ocrx_word' id='word_1_599' title='bbox 2211 1950 2342 2008; x_wconf 88' lang='lat' dir='ltr'><strong><em>Post</em></strong></span> <span class='ocrx_word' id='word_1_600' title='bbox 2364 1953 2474 2010; x_wconf 65' lang='lat' dir='ltr'><strong><em>haec</em></strong></span> <span class='ocrx_word' id='word_1_601' title='bbox 2496 1954 2702 2026; x_wconf 90' lang='lat' dir='ltr'><strong><em>aperuit</em></strong></span> <span class='ocrx_word' id='word_1_602' title='bbox 2727 1952 2828 2010; x_wconf 88' lang='lat' dir='ltr'><strong><em>Job</em></strong></span> <span class='ocrx_word' id='word_1_603' title='bbox 2844 1971 2904 2012; x_wconf 93' lang='lat' dir='ltr'><strong><em>os</em></strong></span> <span class='ocrx_word' id='word_1_604' title='bbox 2929 1972 3108 2024; x_wconf 87' lang='lat' dir='ltr'><strong><em>suum,</em></strong></span> <span class='ocrx_word' id='word_1_605' title='bbox 3133 1965 3180 2013; x_wconf 94' lang='lat' dir='ltr'><strong><em>et</em></strong></span> <span class='ocrx_word' id='word_1_606' title='bbox 3202 1957 3474 2014; x_wconf 74' lang='lat' dir='ltr'><strong><em>maledixit</em></strong></span> <span class='ocrx_word' id='word_1_607' title='bbox 3499 1956 3608 2013; x_wconf 87' lang='lat' dir='ltr'><strong><em>diei</em></strong></span> <span class='ocrx_word' id='word_1_608' title='bbox 3627 1975 3747 2028; x_wconf 88' lang='lat' dir='ltr'><strong><em>suo,</em></strong></span> 
     </span>
    </p>
   </div>
   <div class='ocr_carea' id='block_1_78' title="bbox 2135 2042 3751 2121">
    <p class='ocr_par' dir='ltr' id='par_1_78' title="bbox 2135 2042 3751 2121">
     <span class='ocr_line' id='line_1_78' title="bbox 2135 2042 3751 2121; baseline 0.005 -23"><span class='ocrx_word' id='word_1_609' title='bbox 2135 2054 2182 2098; x_wconf 90' lang='lat' dir='ltr'><strong><em>et</em></strong></span> <span class='ocrx_word' id='word_1_610' title='bbox 2212 2042 2419 2100; x_wconf 88' lang='lat' dir='ltr'><strong><em>locutus</em></strong></span> <span class='ocrx_word' id='word_1_611' title='bbox 2457 2054 2532 2100; x_wconf 89' lang='lat' dir='ltr'><strong><em>est</em></strong></span> <span class='ocrx_word' id='word_1_612' title='bbox 2564 2061 2584 2101; x_wconf 91' lang='lat'><strong><em>:</em></strong></span> <span class='ocrx_word' id='word_1_613' title='bbox 2615 2045 2809 2102; x_wconf 89' lang='lat' dir='ltr'><strong><em>Pereat</em></strong></span> <span class='ocrx_word' id='word_1_614' title='bbox 2850 2045 2962 2103; x_wconf 87' lang='lat' dir='ltr'><strong><em>dies</em></strong></span> <span class='ocrx_word' id='word_1_615' title='bbox 2989 2047 3048 2103; x_wconf 91' lang='lat' dir='ltr'><strong><em>in</em></strong></span> <span class='ocrx_word' id='word_1_616' title='bbox 3075 2064 3180 2121; x_wconf 88' lang='lat' dir='ltr'><strong><em>qua</em></strong></span> <span class='ocrx_word' id='word_1_617' title='bbox 3204 2060 3364 2104; x_wconf 88' lang='lat' dir='ltr'><strong><em>natus</em></strong></span> <span class='ocrx_word' id='word_1_618' title='bbox 3390 2065 3529 2117; x_wconf 89' lang='lat' dir='ltr'><strong><em>sum,</em></strong></span> <span class='ocrx_word' id='word_1_619' title='bbox 3563 2058 3615 2104; x_wconf 85' lang='lat' dir='ltr'><strong><em>et</em></strong></span> <span class='ocrx_word' id='word_1_620' title='bbox 3645 2066 3751 2106; x_wconf 67' lang='lat' dir='ltr'><strong><em>uox</em></strong></span> 
     </span>
    </p>
   </div>
   <div class='ocr_carea' id='block_1_79' title="bbox 2130 2137 3750 2214">
    <p class='ocr_par' dir='ltr' id='par_1_79' title="bbox 2130 2137 3750 2214">
     <span class='ocr_line' id='line_1_79' title="bbox 2130 2137 3750 2214; baseline 0.004 -22"><span class='ocrx_word' id='word_1_621' title='bbox 2130 2138 2188 2192; x_wconf 91' lang='lat' dir='ltr'><strong><em>in</em></strong></span> <span class='ocrx_word' id='word_1_622' title='bbox 2229 2155 2337 2210; x_wconf 89' lang='lat' dir='ltr'><strong><em>qua</em></strong></span> <span class='ocrx_word' id='word_1_623' title='bbox 2386 2138 2591 2194; x_wconf 88' lang='lat' dir='ltr'><strong><em>dictum</em></strong></span> <span class='ocrx_word' id='word_1_624' title='bbox 2625 2137 3064 2214; x_wconf 87' lang='lat' dir='ltr'><strong><em>est:Conceptus</em></strong></span> <span class='ocrx_word' id='word_1_625' title='bbox 3111 2151 3188 2198; x_wconf 89' lang='lat' dir='ltr'><strong><em>est</em></strong></span> <span class='ocrx_word' id='word_1_626' title='bbox 3234 2142 3412 2200; x_wconf 78' lang='lat' dir='ltr'><strong><em>homo.</em></strong></span> <span class='ocrx_word' id='word_1_627' title='bbox 3473 2142 3601 2198; x_wconf 83' lang='lat' dir='ltr'><strong><em>Dies</em></strong></span> <span class='ocrx_word' id='word_1_628' title='bbox 3653 2143 3750 2198; x_wconf 84' lang='lat' dir='ltr'><strong><em>illa</em></strong></span> 
     </span>
    </p>
   </div>
   <div class='ocr_carea' id='block_1_80' title="bbox 2130 2233 3750 2310">
    <p class='ocr_par' dir='ltr' id='par_1_80' title="bbox 2130 2233 3750 2310">
     <span class='ocr_line' id='line_1_80' title="bbox 2130 2233 3750 2310; baseline 0.006 -25"><span class='ocrx_word' id='word_1_629' title='bbox 2130 2241 2363 2287; x_wconf 78' lang='lat' dir='ltr'><strong><em>vertatur</em></strong></span> <span class='ocrx_word' id='word_1_630' title='bbox 2415 2233 2472 2288; x_wconf 84' lang='lat' dir='ltr'><strong><em>in</em></strong></span> <span class='ocrx_word' id='word_1_631' title='bbox 2517 2233 2774 2290; x_wconf 84' lang='lat' dir='ltr'><strong><em>tenebras.</em></strong></span> <span class='ocrx_word' id='word_1_632' title='bbox 2826 2235 2959 2292; x_wconf 81' lang='lat' dir='ltr'><strong><em>Post</em></strong></span> <span class='ocrx_word' id='word_1_633' title='bbox 3011 2235 3149 2302; x_wconf 66' lang='lat' dir='ltr'><strong><em>haec,</em></strong></span> <span class='ocrx_word' id='word_1_634' title='bbox 3191 2238 3332 2294; x_wconf 89' lang='lat' dir='ltr'><strong><em>sicut</em></strong></span> <span class='ocrx_word' id='word_1_635' title='bbox 3383 2238 3462 2295; x_wconf 84' lang='lat' dir='ltr'><strong><em>ait</em></strong></span> <span class='ocrx_word' id='word_1_636' title='bbox 3505 2238 3750 2310; x_wconf 86' lang='lat' dir='ltr'><strong><em>scriptor</em></strong></span> 
     </span>
    </p>
   </div>
   <div class='ocr_carea' id='block_1_81' title="bbox 2133 2325 3744 2402">
    <p class='ocr_par' dir='ltr' id='par_1_81' title="bbox 2133 2325 3744 2402">
     <span class='ocr_line' id='line_1_81' title="bbox 2133 2325 3744 2402; baseline 0.004 -21"><span class='ocrx_word' id='word_1_637' title='bbox 2133 2325 2296 2399; x_wconf 87' lang='lat' dir='ltr'><strong><em>hujus</em></strong></span> <span class='ocrx_word' id='word_1_638' title='bbox 2343 2325 2614 2395; x_wconf 58' lang='lat' dir='ltr'><strong><em>historias,</em></strong></span> <span class='ocrx_word' id='word_1_639' title='bbox 2651 2343 2818 2400; x_wconf 90' lang='lat' dir='ltr'><strong><em>quem</em></strong></span> <span class='ocrx_word' id='word_1_640' title='bbox 2866 2327 3109 2402; x_wconf 78' lang='lat' dir='ltr'><strong><em>Moysem</em></strong></span> <span class='ocrx_word' id='word_1_641' title='bbox 3133 2344 3258 2386; x_wconf 89' lang='lat' dir='ltr'><strong><em>esse</em></strong></span> <span class='ocrx_word' id='word_1_642' title='bbox 3291 2331 3454 2387; x_wconf 90' lang='lat' dir='ltr'><strong><em>tradit</em></strong></span> <span class='ocrx_word' id='word_1_643' title='bbox 3501 2331 3700 2402; x_wconf 79' lang='lat' dir='ltr'><strong><em>Opinio</em></strong></span> <span class='ocrx_word' id='word_1_644' title='bbox 3729 2373 3744 2397; x_wconf 91' lang='lat'><strong><em>,</em></strong></span> 
     </span>
    </p>
   </div>
   <div class='ocr_carea' id='block_1_82' title="bbox 2131 2420 3742 2490">
    <p class='ocr_par' dir='ltr' id='par_1_82' title="bbox 2131 2420 3742 2490">
     <span class='ocr_line' id='line_1_82' title="bbox 2131 2420 3742 2490; baseline 0.006 -17"><span class='ocrx_word' id='word_1_645' title='bbox 2131 2420 2350 2490; x_wconf 85' lang='lat' dir='ltr'><strong><em>aperuit</em></strong></span> <span class='ocrx_word' id='word_1_646' title='bbox 2375 2421 2480 2477; x_wconf 89' lang='lat' dir='ltr'><strong><em>Job</em></strong></span> <span class='ocrx_word' id='word_1_647' title='bbox 2512 2437 2576 2478; x_wconf 90' lang='lat' dir='ltr'><strong><em>os</em></strong></span> <span class='ocrx_word' id='word_1_648' title='bbox 2605 2437 2792 2490; x_wconf 88' lang='lat' dir='ltr'><strong><em>suum,</em></strong></span> <span class='ocrx_word' id='word_1_649' title='bbox 2819 2431 2876 2479; x_wconf 89' lang='lat' dir='ltr'><strong><em>et</em></strong></span> <span class='ocrx_word' id='word_1_650' title='bbox 2907 2423 3197 2480; x_wconf 78' lang='lat' dir='ltr'><strong><em>maledixit</em></strong></span> <span class='ocrx_word' id='word_1_651' title='bbox 3237 2424 3345 2481; x_wconf 90' lang='lat' dir='ltr'><strong><em>diei</em></strong></span> <span class='ocrx_word' id='word_1_652' title='bbox 3374 2441 3476 2481; x_wconf 89' lang='lat' dir='ltr'><strong><em>suo</em></strong></span> <span class='ocrx_word' id='word_1_653' title='bbox 3501 2425 3700 2481; x_wconf 89' lang='lat' dir='ltr'><strong><em>dicens</em></strong></span> <span class='ocrx_word' id='word_1_654' title='bbox 3727 2443 3742 2482; x_wconf 90' lang='lat'><strong>:</strong></span> 
     </span>
    </p>
   </div>
   <div class='ocr_carea' id='block_1_83' title="bbox 2129 2511 3744 2591">
    <p class='ocr_par' dir='ltr' id='par_1_83' title="bbox 2129 2511 3744 2591">
     <span class='ocr_line' id='line_1_83' title="bbox 2129 2511 3744 2591; baseline 0.003 -23"><span class='ocrx_word' id='word_1_655' title='bbox 2129 2511 2322 2569; x_wconf 88' lang='lat' dir='ltr'><strong><em>Pereat</em></strong></span> <span class='ocrx_word' id='word_1_656' title='bbox 2362 2515 2474 2569; x_wconf 89' lang='lat' dir='ltr'><strong><em>dies</em></strong></span> <span class='ocrx_word' id='word_1_657' title='bbox 2519 2516 2574 2570; x_wconf 90' lang='lat' dir='ltr'><strong><em>in</em></strong></span> <span class='ocrx_word' id='word_1_658' title='bbox 2622 2533 2728 2588; x_wconf 87' lang='lat' dir='ltr'><strong><em>qua</em></strong></span> <span class='ocrx_word' id='word_1_659' title='bbox 2755 2528 2911 2572; x_wconf 89' lang='lat' dir='ltr'><strong><em>natus</em></strong></span> <span class='ocrx_word' id='word_1_660' title='bbox 2931 2534 3069 2585; x_wconf 91' lang='lat' dir='ltr'><strong><em>sum,</em></strong></span> <span class='ocrx_word' id='word_1_661' title='bbox 3104 2526 3154 2572; x_wconf 83' lang='lat' dir='ltr'><strong><em>et</em></strong></span> <span class='ocrx_word' id='word_1_662' title='bbox 3187 2535 3293 2573; x_wconf 76' lang='lat' dir='ltr'><strong><em>no.1:</em></strong></span> <span class='ocrx_word' id='word_1_663' title='bbox 3319 2519 3374 2572; x_wconf 91' lang='lat' dir='ltr'><strong><em>in</em></strong></span> <span class='ocrx_word' id='word_1_664' title='bbox 3403 2535 3509 2591; x_wconf 87' lang='lat' dir='ltr'><strong><em>qua</em></strong></span> <span class='ocrx_word' id='word_1_665' title='bbox 3536 2519 3744 2574; x_wconf 82' lang='lat' dir='ltr'><strong><em>dictum</em></strong></span> 
     </span>
    </p>
   </div>
   <div class='ocr_carea' id='block_1_84' title="bbox 2124 2598 3740 2685">
    <p class='ocr_par' dir='ltr' id='par_1_84' title="bbox 2124 2598 3740 2685">
     <span class='ocr_line' id='line_1_84' title="bbox 2124 2598 3740 2685; baseline 0.004 -23"><span class='ocrx_word' id='word_1_666' title='bbox 2124 2618 2244 2662; x_wconf 90' lang='lat' dir='ltr'><strong><em>est:</em></strong></span> <span class='ocrx_word' id='word_1_667' title='bbox 2265 2606 2558 2676; x_wconf 87' lang='lat' dir='ltr'><strong><em>Conceptus</em></strong></span> <span class='ocrx_word' id='word_1_668' title='bbox 2575 2620 2650 2664; x_wconf 89' lang='lat' dir='ltr'><strong><em>est</em></strong></span> <span class='ocrx_word' id='word_1_669' title='bbox 2681 2609 2860 2664; x_wconf 85' lang='lat' dir='ltr'><strong><em>homo.</em></strong></span> <span class='ocrx_word' id='word_1_670' title='bbox 2891 2611 2999 2667; x_wconf 87' lang='lat' dir='ltr'><strong><em>Job</em></strong></span> <span class='ocrx_word' id='word_1_671' title='bbox 3028 2612 3123 2682; x_wconf 87' lang='lat' dir='ltr'><strong><em>qui</em></strong></span> <span class='ocrx_word' id='word_1_672' title='bbox 3169 2598 3356 2685; x_wconf 79' lang='lat' dir='ltr'><strong><em>typum</em></strong></span> <span class='ocrx_word' id='word_1_673' title='bbox 3388 2611 3582 2669; x_wconf 74' lang='lat' dir='ltr'><strong><em>habuit</em></strong></span> <span class='ocrx_word' id='word_1_674' title='bbox 3614 2615 3740 2671; x_wconf 81' lang='lat' dir='ltr'><strong><em>Sal-</em></strong></span> 
     </span>
    </p>
   </div>
   <div class='ocr_carea' id='block_1_85' title="bbox 2126 2704 3737 2777">
    <p class='ocr_par' dir='ltr' id='par_1_85' title="bbox 2126 2704 3737 2777">
     <span class='ocr_line' id='line_1_85' title="bbox 2126 2704 3737 2777; baseline 0.008 -22"><span class='ocrx_word' id='word_1_675' title='bbox 2126 2704 2332 2759; x_wconf 86' lang='lat' dir='ltr'><strong><em>vatoris</em></strong></span> <span class='ocrx_word' id='word_1_676' title='bbox 2355 2705 2408 2759; x_wconf 92' lang='lat' dir='ltr'><strong><em>in</em></strong></span> <span class='ocrx_word' id='word_1_677' title='bbox 2437 2720 2521 2772; x_wconf 90' lang='lat' dir='ltr'><strong><em>se,</em></strong></span> <span class='ocrx_word' id='word_1_678' title='bbox 2545 2706 2771 2760; x_wconf 89' lang='lat' dir='ltr'><strong><em>humani</em></strong></span> <span class='ocrx_word' id='word_1_679' title='bbox 2795 2708 3020 2777; x_wconf 84' lang='lat' dir='ltr'><strong><em>generis</em></strong></span> <span class='ocrx_word' id='word_1_680' title='bbox 3044 2707 3439 2763; x_wconf 79' lang='lat' dir='ltr'><strong><em>mortalitatem</em></strong></span> <span class='ocrx_word' id='word_1_681' title='bbox 3467 2707 3737 2768; x_wconf 78' lang='lat' dir='ltr'><strong><em>deﬂevit:</em></strong></span> 
     </span>
    </p>
   </div>
   <div class='ocr_carea' id='block_1_86' title="bbox 2123 2798 3736 2869">
    <p class='ocr_par' dir='ltr' id='par_1_86' title="bbox 2123 2798 3736 2869">
     <span class='ocr_line' id='line_1_86' title="bbox 2123 2798 3736 2869; baseline 0.004 -20"><span class='ocrx_word' id='word_1_682' title='bbox 2123 2812 2249 2867; x_wconf 84' lang='lat' dir='ltr'><strong><em>quae</em></strong></span> <span class='ocrx_word' id='word_1_683' title='bbox 2272 2809 2497 2869; x_wconf 87' lang='lat' dir='ltr'><strong><em>propter</em></strong></span> <span class='ocrx_word' id='word_1_684' title='bbox 2515 2807 2798 2868; x_wconf 90' lang='lat' dir='ltr'><strong><em>peccatum</em></strong></span> <span class='ocrx_word' id='word_1_685' title='bbox 2825 2813 2892 2854; x_wconf 79' lang='lat' dir='ltr'><strong><em>ex</em></strong></span> <span class='ocrx_word' id='word_1_686' title='bbox 2922 2798 3017 2854; x_wconf 91' lang='lat' dir='ltr'><strong><em>Dei</em></strong></span> <span class='ocrx_word' id='word_1_687' title='bbox 3036 2799 3180 2869; x_wconf 88' lang='lat' dir='ltr'><strong><em>justa</em></strong></span> <span class='ocrx_word' id='word_1_688' title='bbox 3203 2808 3500 2868; x_wconf 75' lang='lat' dir='ltr'><strong><em>sententia,</em></strong></span> <span class='ocrx_word' id='word_1_689' title='bbox 3519 2801 3736 2856; x_wconf 80' lang='lat' dir='ltr'><strong><em>homini</em></strong></span> 
     </span>
    </p>
   </div>
   <div class='ocr_carea' id='block_1_87' title="bbox 2123 2887 3738 2962">
    <p class='ocr_par' dir='ltr' id='par_1_87' title="bbox 2123 2887 3738 2962">
     <span class='ocr_line' id='line_1_87' title="bbox 2123 2887 3738 2962; baseline 0.003 -19"><span class='ocrx_word' id='word_1_690' title='bbox 2123 2887 2327 2944; x_wconf 88' lang='lat' dir='ltr'><strong><em>inﬁicta</em></strong></span> <span class='ocrx_word' id='word_1_691' title='bbox 2357 2897 2462 2945; x_wconf 89' lang='lat' dir='ltr'><strong><em>est.</em></strong></span> <span class='ocrx_word' id='word_1_692' title='bbox 2489 2887 2682 2945; x_wconf 84' lang='lat' dir='ltr'><strong><em>Pereat</em></strong></span> <span class='ocrx_word' id='word_1_693' title='bbox 2709 2890 2822 2944; x_wconf 85' lang='lat' dir='ltr'><strong><em>dies</em></strong></span> <span class='ocrx_word' id='word_1_694' title='bbox 2848 2891 2902 2945; x_wconf 92' lang='lat' dir='ltr'><strong><em>in</em></strong></span> <span class='ocrx_word' id='word_1_695' title='bbox 2926 2907 3028 2961; x_wconf 89' lang='lat' dir='ltr'><strong><em>qua</em></strong></span> <span class='ocrx_word' id='word_1_696' title='bbox 3051 2899 3203 2946; x_wconf 86' lang='lat' dir='ltr'><strong><em>natus</em></strong></span> <span class='ocrx_word' id='word_1_697' title='bbox 3222 2907 3379 2946; x_wconf 88' lang='lat' dir='ltr'><strong><em>sum:</em></strong></span> <span class='ocrx_word' id='word_1_698' title='bbox 3406 2891 3610 2948; x_wconf 85' lang='lat' dir='ltr'><strong><em>redeat</em></strong></span> <span class='ocrx_word' id='word_1_699' title='bbox 3639 2908 3738 2962; x_wconf 81' lang='lat' dir='ltr'><strong><em>per</em></strong></span> 
     </span>
    </p>
   </div>
   <div class='ocr_carea' id='block_1_88' title="bbox 2121 2979 3735 3054">
    <p class='ocr_par' dir='ltr' id='par_1_88' title="bbox 2121 2979 3735 3054">
     <span class='ocr_line' id='line_1_88' title="bbox 2121 2979 3735 3054; baseline 0.004 -20"><span class='ocrx_word' id='word_1_700' title='bbox 2121 2979 2400 3036; x_wconf 85' lang='lat' dir='ltr'><strong><em>Christum</em></strong></span> <span class='ocrx_word' id='word_1_701' title='bbox 2433 2980 2842 3050; x_wconf 83' lang='lat' dir='ltr'><strong><em>immortalitas,</em></strong></span> <span class='ocrx_word' id='word_1_702' title='bbox 2876 2999 3038 3054; x_wconf 87' lang='lat' dir='ltr'><strong><em>quant</em></strong></span> <span class='ocrx_word' id='word_1_703' title='bbox 3063 2983 3235 3039; x_wconf 80' lang='lat' dir='ltr'><strong><em>Adam</em></strong></span> <span class='ocrx_word' id='word_1_704' title='bbox 3271 2995 3422 3039; x_wconf 85' lang='lat' dir='ltr'><strong><em>reatu</em></strong></span> <span class='ocrx_word' id='word_1_705' title='bbox 3453 2985 3735 3054; x_wconf 65' lang='lat' dir='ltr'><strong><em>prun-ari-</em></strong></span> 
     </span>
    </p>
   </div>
   <div class='ocr_carea' id='block_1_89' title="bbox 2119 3073 3733 3146">
    <p class='ocr_par' dir='ltr' id='par_1_89' title="bbox 2119 3073 3733 3146">
     <span class='ocr_line' id='line_1_89' title="bbox 2119 3073 3733 3146; baseline 0.004 -18"><span class='ocrx_word' id='word_1_706' title='bbox 2119 3073 2354 3129; x_wconf 89' lang='lat' dir='ltr'><strong><em>cationis</em></strong></span> <span class='ocrx_word' id='word_1_707' title='bbox 2399 3073 2604 3143; x_wconf 89' lang='lat' dir='ltr'><strong><em>amisit,</em></strong></span> <span class='ocrx_word' id='word_1_708' title='bbox 2659 3083 2716 3130; x_wconf 93' lang='lat' dir='ltr'><strong><em>et</em></strong></span> <span class='ocrx_word' id='word_1_709' title='bbox 2771 3075 2938 3130; x_wconf 84' lang='lat' dir='ltr'><strong><em>abeat</em></strong></span> <span class='ocrx_word' id='word_1_710' title='bbox 2984 3092 3189 3132; x_wconf 85' lang='lat' dir='ltr'><strong><em>morsa</em></strong></span> <span class='ocrx_word' id='word_1_711' title='bbox 3231 3093 3341 3145; x_wconf 90' lang='lat' dir='ltr'><strong><em>me,</em></strong></span> <span class='ocrx_word' id='word_1_712' title='bbox 3395 3092 3560 3146; x_wconf 80' lang='lat' dir='ltr'><strong><em>quam</em></strong></span> <span class='ocrx_word' id='word_1_713' title='bbox 3618 3079 3733 3134; x_wconf 87' lang='lat' dir='ltr'><strong><em>alio</em></strong></span> 
     </span>
    </p>
   </div>
   <div class='ocr_carea' id='block_1_90' title="bbox 2818 3166 3735 3226">
    <p class='ocr_par' dir='ltr' id='par_1_90' title="bbox 2818 3166 3735 3226">
     <span class='ocr_line' id='line_1_90' title="bbox 2818 3166 3735 3226; baseline 0.003 -4"><span class='ocrx_word' id='word_1_714' title='bbox 2818 3167 2887 3222; x_wconf 86' lang='lat' dir='ltr'><strong><em>Et</em></strong></span> <span class='ocrx_word' id='word_1_715' title='bbox 2911 3166 3206 3224; x_wconf 85' lang='lat' dir='ltr'><strong><em>Jeremias:</em></strong></span> <span class='ocrx_word' id='word_1_716' title='bbox 3226 3167 3516 3226; x_wconf 76' lang='lat' dir='ltr'><strong><em>Maledicta</em></strong></span> <span class='ocrx_word' id='word_1_717' title='bbox 3539 3172 3658 3225; x_wconf 85' lang='lat' dir='ltr'><strong><em>dics</em></strong></span> <span class='ocrx_word' id='word_1_718' title='bbox 3680 3173 3735 3225; x_wconf 86' lang='lat' dir='ltr'><strong><em>in</em></strong></span> 
     </span>
    </p>
   </div>
   <div class='ocr_carea' id='block_1_91' title="bbox 2115 3259 3730 3335">
    <p class='ocr_par' dir='ltr' id='par_1_91' title="bbox 2115 3259 3730 3335">
     <span class='ocr_line' id='line_1_91' title="bbox 2115 3259 3730 3335; baseline 0.004 -23"><span class='ocrx_word' id='word_1_719' title='bbox 2115 3275 2217 3330; x_wconf 86' lang='lat' dir='ltr'><strong><em>qua</em></strong></span> <span class='ocrx_word' id='word_1_720' title='bbox 2257 3269 2415 3315; x_wconf 88' lang='lat' dir='ltr'><strong><em>natus</em></strong></span> <span class='ocrx_word' id='word_1_721' title='bbox 2458 3275 2596 3314; x_wconf 86' lang='lat' dir='ltr'><strong><em>sum.</em></strong></span> <span class='ocrx_word' id='word_1_722' title='bbox 2641 3259 2800 3316; x_wconf 89' lang='lat' dir='ltr'><strong><em>Unde</em></strong></span> <span class='ocrx_word' id='word_1_723' title='bbox 2859 3260 2995 3316; x_wconf 90' lang='lat' dir='ltr'><strong><em>nulli</em></strong></span> <span class='ocrx_word' id='word_1_724' title='bbox 3038 3261 3260 3317; x_wconf 88' lang='lat' dir='ltr'><strong><em>dubium</em></strong></span> <span class='ocrx_word' id='word_1_725' title='bbox 3307 3271 3416 3331; x_wconf 88' lang='lat' dir='ltr'><strong><em>est,</em></strong></span> <span class='ocrx_word' id='word_1_726' title='bbox 3468 3263 3620 3335; x_wconf 84' lang='lat' dir='ltr'><strong><em>quod</em></strong></span> <span class='ocrx_word' id='word_1_727' title='bbox 3673 3263 3730 3319; x_wconf 79' lang='lat' dir='ltr'><strong><em>lli</em></strong></span> 
     </span>
    </p>
   </div>
   <div class='ocr_carea' id='block_1_92' title="bbox 2113 3351 3728 3427">
    <p class='ocr_par' dir='ltr' id='par_1_92' title="bbox 2113 3351 3728 3427">
     <span class='ocr_line' id='line_1_92' title="bbox 2113 3351 3728 3427; baseline 0.004 -22"><span class='ocrx_word' id='word_1_728' title='bbox 2113 3366 2306 3407; x_wconf 89' lang='lat' dir='ltr'><strong><em>omnes</em></strong></span> <span class='ocrx_word' id='word_1_729' title='bbox 2335 3351 2845 3423; x_wconf 67' lang='lat' dir='ltr'><strong><em>praevaricationem</em></strong></span> <span class='ocrx_word' id='word_1_730' title='bbox 2879 3354 3007 3410; x_wconf 61' lang='lat' dir='ltr'><strong><em>Adae</em></strong></span> <span class='ocrx_word' id='word_1_731' title='bbox 3035 3355 3400 3410; x_wconf 86' lang='lat' dir='ltr'><strong><em>detestentur.</em></strong></span> <span class='ocrx_word' id='word_1_732' title='bbox 3431 3355 3728 3427; x_wconf 77' lang='lat' dir='ltr'><strong><em>Spiritua-</em></strong></span> 
     </span>
    </p>
   </div>
   <div class='ocr_carea' id='block_1_93' title="bbox 2111 3443 3729 3515">
    <p class='ocr_par' dir='ltr' id='par_1_93' title="bbox 2111 3443 3729 3515">
     <span class='ocr_line' id='line_1_93' title="bbox 2111 3443 3729 3515; baseline 0.004 -15"><span class='ocrx_word' id='word_1_733' title='bbox 2111 3443 2242 3500; x_wconf 89' lang='lat' dir='ltr'><strong><em>liter</em></strong></span> <span class='ocrx_word' id='word_1_734' title='bbox 2265 3460 2395 3515; x_wconf 83' lang='lat' dir='ltr'><strong><em>ergo</em></strong></span> <span class='ocrx_word' id='word_1_735' title='bbox 2417 3444 2536 3500; x_wconf 91' lang='lat' dir='ltr'><strong><em>dies</em></strong></span> <span class='ocrx_word' id='word_1_736' title='bbox 2560 3460 2684 3501; x_wconf 87' lang='lat' dir='ltr'><strong><em>eum</em></strong></span> <span class='ocrx_word' id='word_1_737' title='bbox 2709 3461 2806 3501; x_wconf 87' lang='lat' dir='ltr'><strong><em>sua</em></strong></span> <span class='ocrx_word' id='word_1_738' title='bbox 2839 3457 3022 3515; x_wconf 91' lang='lat' dir='ltr'><strong><em>nocte,</em></strong></span> <span class='ocrx_word' id='word_1_739' title='bbox 3050 3447 3303 3503; x_wconf 81' lang='lat' dir='ltr'><strong><em>diabolus</em></strong></span> <span class='ocrx_word' id='word_1_740' title='bbox 3325 3459 3380 3503; x_wconf 91' lang='lat' dir='ltr'><strong><em>et</em></strong></span> <span class='ocrx_word' id='word_1_741' title='bbox 3406 3450 3729 3506; x_wconf 68' lang='lat' dir='ltr'><strong><em>mortalitas</em></strong></span> 
     </span>
    </p>
   </div>
   <div class='ocr_carea' id='block_1_94' title="bbox 2113 3539 3725 3614">
    <p class='ocr_par' dir='ltr' id='par_1_94' title="bbox 2113 3539 3725 3614">
     <span class='ocr_line' id='line_1_94' title="bbox 2113 3539 3725 3614; baseline 0.006 -24"><span class='ocrx_word' id='word_1_742' title='bbox 2113 3548 2342 3608; x_wconf 87' lang='lat' dir='ltr'><strong><em>possunt</em></strong></span> <span class='ocrx_word' id='word_1_743' title='bbox 2370 3539 2604 3610; x_wconf 89' lang='lat' dir='ltr'><strong><em>intelligi</em></strong></span> <span class='ocrx_word' id='word_1_744' title='bbox 2631 3558 2646 3596; x_wconf 90' lang='lat'><strong>:</strong></span> <span class='ocrx_word' id='word_1_745' title='bbox 2681 3557 2789 3596; x_wconf 90' lang='lat' dir='ltr'><strong><em>non</em></strong></span> <span class='ocrx_word' id='word_1_746' title='bbox 2817 3540 2944 3612; x_wconf 84' lang='lat' dir='ltr'><strong><em>quia</em></strong></span> <span class='ocrx_word' id='word_1_747' title='bbox 2976 3541 3095 3598; x_wconf 87' lang='lat' dir='ltr'><strong><em>dies</em></strong></span> <span class='ocrx_word' id='word_1_748' title='bbox 3125 3543 3218 3608; x_wconf 89' lang='lat' dir='ltr'><strong><em>sit,</em></strong></span> <span class='ocrx_word' id='word_1_749' title='bbox 3245 3542 3343 3598; x_wconf 85' lang='lat' dir='ltr'><strong><em>sed</em></strong></span> <span class='ocrx_word' id='word_1_750' title='bbox 3377 3543 3504 3614; x_wconf 75' lang='lat' dir='ltr'><strong><em>quia</em></strong></span> <span class='ocrx_word' id='word_1_751' title='bbox 3540 3545 3725 3600; x_wconf 74' lang='lat' dir='ltr'><strong><em>fuerit</em></strong></span> 
     </span>
    </p>
   </div>
   <div class='ocr_carea' id='block_1_95' title="bbox 2109 3635 3724 3708">
    <p class='ocr_par' dir='ltr' id='par_1_95' title="bbox 2109 3635 3724 3708">
     <span class='ocr_line' id='line_1_95' title="bbox 2109 3635 3724 3708; baseline 0.004 -18"><span class='ocrx_word' id='word_1_752' title='bbox 2109 3635 2326 3705; x_wconf 91' lang='lat' dir='ltr'><strong><em>quando</em></strong></span> <span class='ocrx_word' id='word_1_753' title='bbox 2351 3635 2706 3706; x_wconf 82' lang='lat' dir='ltr'><strong><em>permanebat</em></strong></span> <span class='ocrx_word' id='word_1_754' title='bbox 2727 3651 2851 3692; x_wconf 90' lang='lat' dir='ltr'><strong><em>cum</em></strong></span> <span class='ocrx_word' id='word_1_755' title='bbox 2878 3637 3015 3704; x_wconf 90' lang='lat' dir='ltr'><strong><em>Deo,</em></strong></span> <span class='ocrx_word' id='word_1_756' title='bbox 3043 3654 3071 3692; x_wconf 85' lang='lat' dir='ltr'><strong><em>a</em></strong></span> <span class='ocrx_word' id='word_1_757' title='bbox 3095 3653 3206 3708; x_wconf 87' lang='lat' dir='ltr'><strong><em>quo</em></strong></span> <span class='ocrx_word' id='word_1_758' title='bbox 3234 3639 3502 3695; x_wconf 86' lang='lat' dir='ltr'><strong><em>recedens</em></strong></span> <span class='ocrx_word' id='word_1_759' title='bbox 3533 3642 3724 3697; x_wconf 83' lang='lat' dir='ltr'><strong><em>lactus</em></strong></span> 
     </span>
    </p>
   </div>
   <div class='ocr_carea' id='block_1_96' title="bbox 2108 3729 3727 3802">
    <p class='ocr_par' dir='ltr' id='par_1_96' title="bbox 2108 3729 3727 3802">
     <span class='ocr_line' id='line_1_96' title="bbox 2108 3729 3727 3802; baseline 0.004 -18"><span class='ocrx_word' id='word_1_760' title='bbox 2108 3736 2195 3784; x_wconf 88' lang='lat' dir='ltr'><strong><em>est</em></strong></span> <span class='ocrx_word' id='word_1_761' title='bbox 2249 3744 2378 3797; x_wconf 84' lang='lat' dir='ltr'><strong><em>nox,</em></strong></span> <span class='ocrx_word' id='word_1_762' title='bbox 2430 3729 2518 3784; x_wconf 92' lang='lat' dir='ltr'><strong><em>vel</em></strong></span> <span class='ocrx_word' id='word_1_763' title='bbox 2569 3732 2696 3800; x_wconf 87' lang='lat' dir='ltr'><strong><em>quia</em></strong></span> <span class='ocrx_word' id='word_1_764' title='bbox 2747 3730 2932 3801; x_wconf 89' lang='lat' dir='ltr'><strong><em>impiis</em></strong></span> <span class='ocrx_word' id='word_1_765' title='bbox 2972 3744 3037 3787; x_wconf 86' lang='lat' dir='ltr'><strong><em>ac</em></strong></span> <span class='ocrx_word' id='word_1_766' title='bbox 3090 3732 3491 3802; x_wconf 77' lang='lat' dir='ltr'><strong><em>peccatoribus,</em></strong></span> <span class='ocrx_word' id='word_1_767' title='bbox 3521 3738 3571 3788; x_wconf 91' lang='lat' dir='ltr'><strong><em>iu</em></strong></span> <span class='ocrx_word' id='word_1_768' title='bbox 3616 3735 3727 3791; x_wconf 84' lang='lat' dir='ltr'><strong><em>hac</em></strong></span> 
     </span>
    </p>
   </div>
   <div class='ocr_carea' id='block_1_97' title="bbox 2109 3820 3727 3896">
    <p class='ocr_par' dir='ltr' id='par_1_97' title="bbox 2109 3820 3727 3896">
     <span class='ocr_line' id='line_1_97' title="bbox 2109 3820 3727 3896; baseline 0.004 -19"><span class='ocrx_word' id='word_1_769' title='bbox 2109 3824 2476 3894; x_wconf 87' lang='lat' dir='ltr'><strong><em>prosperitate</em></strong></span> <span class='ocrx_word' id='word_1_770' title='bbox 2519 3831 2575 3878; x_wconf 92' lang='lat' dir='ltr'><strong><em>et</em></strong></span> <span class='ocrx_word' id='word_1_771' title='bbox 2613 3820 2879 3880; x_wconf 82' lang='lat' dir='ltr'><strong><em>felicitate</em></strong></span> <span class='ocrx_word' id='word_1_772' title='bbox 2916 3823 3308 3896; x_wconf 87' lang='lat' dir='ltr'><strong><em>gaudentibus,</em></strong></span> <span class='ocrx_word' id='word_1_773' title='bbox 3333 3825 3452 3882; x_wconf 91' lang='lat' dir='ltr'><strong><em>dies</em></strong></span> <span class='ocrx_word' id='word_1_774' title='bbox 3478 3841 3612 3884; x_wconf 86' lang='lat' dir='ltr'><strong><em>esse</em></strong></span> <span class='ocrx_word' id='word_1_775' title='bbox 3646 3828 3727 3884; x_wconf 84' lang='lat' dir='ltr'><strong><em>vi-</em></strong></span> 
     </span>
    </p>
   </div>
   <div class='ocr_carea' id='block_1_98' title="bbox 2105 3913 2783 3972">
    <p class='ocr_par' dir='ltr' id='par_1_98' title="bbox 2105 3913 2783 3972">
     <span class='ocr_line' id='line_1_98' title="bbox 2105 3913 2783 3972; baseline 0.004 -3"><span class='ocrx_word' id='word_1_776' title='bbox 2105 3915 2324 3970; x_wconf 87' lang='lat' dir='ltr'><strong><em>deatur.</em></strong></span> <span class='ocrx_word' id='word_1_777' title='bbox 2346 3913 2504 3971; x_wconf 87' lang='lat' dir='ltr'><strong><em>Unde</em></strong></span> <span class='ocrx_word' id='word_1_778' title='bbox 2532 3915 2738 3971; x_wconf 89' lang='lat' dir='ltr'><strong><em>dicitur</em></strong></span> <span class='ocrx_word' id='word_1_779' title='bbox 2767 3933 2783 3972; x_wconf 92' lang='lat'><strong>:</strong></span> 
     </span>
    </p>
   </div>
   <div class='ocr_carea' id='block_1_99' title="bbox 2177 4007 3720 4086">
    <p class='ocr_par' dir='ltr' id='par_1_99' title="bbox 2177 4007 3720 4086">
     <span class='ocr_line' id='line_1_99' title="bbox 2177 4007 3720 4086; baseline 0.006 -25"><span class='ocrx_word' id='word_1_780' title='bbox 2177 4008 2456 4078; x_wconf 80' lang='lat' dir='ltr'><strong><em>Auferetur</em></strong></span> <span class='ocrx_word' id='word_1_781' title='bbox 2476 4007 2540 4060; x_wconf 86' lang='lat' dir='ltr'><strong><em>ab</em></strong></span> <span class='ocrx_word' id='word_1_782' title='bbox 2561 4007 2737 4080; x_wconf 88' lang='lat' dir='ltr'><strong><em>impiis</em></strong></span> <span class='ocrx_word' id='word_1_783' title='bbox 2759 4007 2853 4064; x_wconf 78' lang='lat' dir='ltr'><strong><em>tua:</em></strong></span> <span class='ocrx_word' id='word_1_784' title='bbox 2871 4025 2990 4065; x_wconf 88' lang='lat' dir='ltr'><strong><em>sua.</em></strong></span> <span class='ocrx_word' id='word_1_785' title='bbox 3024 4009 3145 4066; x_wconf 91' lang='lat' dir='ltr'><strong><em>Non</em></strong></span> <span class='ocrx_word' id='word_1_786' title='bbox 3172 4013 3404 4086; x_wconf 77' lang='lat' dir='ltr'><strong><em>requirat</em></strong></span> <span class='ocrx_word' id='word_1_787' title='bbox 3430 4031 3551 4069; x_wconf 86' lang='lat' dir='ltr'><strong><em>eum</em></strong></span> <span class='ocrx_word' id='word_1_788' title='bbox 3572 4015 3720 4072; x_wconf 72' lang='lat' dir='ltr'><strong><em>Deus</em></strong></span> 
     </span>
    </p>
   </div>
   <div class='ocr_carea' id='block_1_100' title="bbox 2103 4099 3715 4173">
    <p class='ocr_par' dir='ltr' id='par_1_100' title="bbox 2103 4099 3715 4173">
     <span class='ocr_line' id='line_1_100' title="bbox 2103 4099 3715 4173; baseline 0.009 -21"><span class='ocrx_word' id='word_1_789' title='bbox 2103 4099 2346 4170; x_wconf 66' lang='lat' dir='ltr'><strong><em>desupzr.</em></strong></span> <span class='ocrx_word' id='word_1_790' title='bbox 2382 4099 2498 4156; x_wconf 84' lang='lat' dir='ltr'><strong><em>Hoc</em></strong></span> <span class='ocrx_word' id='word_1_791' title='bbox 2525 4109 2632 4169; x_wconf 89' lang='lat' dir='ltr'><strong><em>est,</em></strong></span> <span class='ocrx_word' id='word_1_792' title='bbox 2663 4114 2734 4156; x_wconf 90' lang='lat' dir='ltr'><strong><em>ne</em></strong></span> <span class='ocrx_word' id='word_1_793' title='bbox 2774 4101 2867 4157; x_wconf 87' lang='lat' dir='ltr'><strong><em>liat</em></strong></span> <span class='ocrx_word' id='word_1_794' title='bbox 2898 4101 3016 4173; x_wconf 88' lang='lat' dir='ltr'><strong><em>ejus</em></strong></span> <span class='ocrx_word' id='word_1_795' title='bbox 3065 4111 3329 4162; x_wconf 87' lang='lat' dir='ltr'><strong><em>memoria</em></strong></span> <span class='ocrx_word' id='word_1_796' title='bbox 3361 4116 3488 4164; x_wconf 89' lang='lat' dir='ltr'><strong><em>ante</em></strong></span> <span class='ocrx_word' id='word_1_797' title='bbox 3527 4109 3715 4166; x_wconf 71' lang='lat' dir='ltr'><strong><em>Deam</em></strong></span> 
     </span>
    </p>
   </div>
   <div class='ocr_carea' id='block_1_101' title="bbox 2107 4191 2413 4246">
    <p class='ocr_par' dir='ltr' id='par_1_101' title="bbox 2107 4191 2413 4246">
     <span class='ocr_line' id='line_1_101' title="bbox 2107 4191 2413 4246; baseline 0.007 -2"><span class='ocrx_word' id='word_1_798' title='bbox 2107 4192 2157 4245; x_wconf 88' lang='lat' dir='ltr'><strong><em>in</em></strong></span> <span class='ocrx_word' id='word_1_799' title='bbox 2187 4191 2413 4246; x_wconf 85' lang='lat' dir='ltr'><strong><em>bonum.</em></strong></span> 
     </span>
    </p>
   </div>
   <div class='ocr_carea' id='block_1_102' title="bbox 2175 4283 3715 4365">
    <p class='ocr_par' dir='ltr' id='par_1_102' title="bbox 2175 4283 3715 4365">
     <span class='ocr_line' id='line_1_102' title="bbox 2175 4283 3715 4365; baseline 0.01 -27"><span class='ocrx_word' id='word_1_800' title='bbox 2175 4283 2243 4338; x_wconf 87' lang='lat' dir='ltr'><strong><em>Et</em></strong></span> <span class='ocrx_word' id='word_1_801' title='bbox 2271 4300 2375 4339; x_wconf 91' lang='lat' dir='ltr'><strong><em>non</em></strong></span> <span class='ocrx_word' id='word_1_802' title='bbox 2404 4283 2699 4340; x_wconf 86' lang='lat' dir='ltr'><strong><em>illustretur</em></strong></span> <span class='ocrx_word' id='word_1_803' title='bbox 2748 4286 2968 4343; x_wconf 87' lang='lat' dir='ltr'><strong><em>lumine.</em></strong></span> <span class='ocrx_word' id='word_1_804' title='bbox 3003 4288 3416 4362; x_wconf 79' lang='lat' dir='ltr'><strong><em>Recognitiouis</em></strong></span> <span class='ocrx_word' id='word_1_805' title='bbox 3451 4293 3575 4365; x_wconf 89' lang='lat' dir='ltr'><strong><em>Dei,</em></strong></span> <span class='ocrx_word' id='word_1_806' title='bbox 3620 4296 3715 4353; x_wconf 71' lang='lat' dir='ltr'><strong><em>vel</em></strong></span> 
     </span>
    </p>
   </div>
   <div class='ocr_carea' id='block_1_103' title="bbox 2101 4379 3713 4455">
    <p class='ocr_par' dir='ltr' id='par_1_103' title="bbox 2101 4379 3713 4455">
     <span class='ocr_line' id='line_1_103' title="bbox 2101 4379 3713 4455; baseline 0.001 -23"><span class='ocrx_word' id='word_1_807' title='bbox 2101 4379 2464 4448; x_wconf 65' lang='lat' dir='ltr'><strong><em>paenitentiae.</em></strong></span> <span class='ocrx_word' id='word_1_808' title='bbox 3699 4426 3713 4455; x_wconf 42' lang='grc' dir='ltr'><strong><em>ἁ</em></strong></span> 
     </span>
    </p>
   </div>
   <div class='ocr_carea' id='block_1_104' title="bbox 2176 4468 3713 4555">
    <p class='ocr_par' dir='ltr' id='par_1_104' title="bbox 2176 4468 3713 4555">
     <span class='ocr_line' id='line_1_104' title="bbox 2176 4468 3713 4555; baseline 0.01 -31"><span class='ocrx_word' id='word_1_809' title='bbox 2176 4468 2466 4525; x_wconf 82' lang='lat' dir='ltr'><strong><em>Obscurent</em></strong></span> <span class='ocrx_word' id='word_1_810' title='bbox 2485 4485 2602 4525; x_wconf 90' lang='lat' dir='ltr'><strong><em>eum</em></strong></span> <span class='ocrx_word' id='word_1_811' title='bbox 2633 4471 2858 4528; x_wconf 71' lang='lat' dir='ltr'><strong><em>tenebrat</em></strong></span> <span class='ocrx_word' id='word_1_812' title='bbox 2885 4485 2946 4555; x_wconf 85' lang='lat' dir='ltr'><strong><em>et_</em></strong></span> <span class='ocrx_word' id='word_1_813' title='bbox 2962 4478 3142 4531; x_wconf 87' lang='lat' dir='ltr'><strong><em>umbra</em></strong></span> <span class='ocrx_word' id='word_1_814' title='bbox 3167 4478 3374 4534; x_wconf 89' lang='lat' dir='ltr'><strong><em>mortis.</em></strong></span> <span class='ocrx_word' id='word_1_815' title='bbox 3402 4478 3713 4555; x_wconf 61' lang='lat' dir='ltr'><strong><em>Tenebrr,</em></strong></span> 
     </span>
    </p>
   </div>
   <div class='ocr_carea' id='block_1_105' title="bbox 2105 4565 2809 4635">
    <p class='ocr_par' dir='ltr' id='par_1_105' title="bbox 2105 4565 2809 4635">
     <span class='ocr_line' id='line_1_105' title="bbox 2105 4565 2809 4635; baseline 0.001 -16"><span class='ocrx_word' id='word_1_816' title='bbox 2105 4575 2324 4635; x_wconf 87' lang='lat' dir='ltr'><strong><em>peccata</em></strong></span> <span class='ocrx_word' id='word_1_817' title='bbox 2350 4574 2477 4619; x_wconf 89' lang='lat' dir='ltr'><strong><em>sunt</em></strong></span> <span class='ocrx_word' id='word_1_818' title='bbox 2496 4573 2552 4621; x_wconf 92' lang='lat' dir='ltr'><strong><em>et</em></strong></span> <span class='ocrx_word' id='word_1_819' title='bbox 2581 4565 2809 4621; x_wconf 85' lang='lat' dir='ltr'><strong><em>invidia.</em></strong></span> 
     </span>
    </p>
   </div>
   <div class='ocr_carea' id='block_1_106' title="bbox 2167 4657 3704 4729">
    <p class='ocr_par' dir='ltr' id='par_1_106' title="bbox 2167 4657 3704 4729">
     <span class='ocr_line' id='line_1_106' title="bbox 2167 4657 3704 4729; baseline 0.01 -19"><span class='ocrx_word' id='word_1_820' title='bbox 2167 4657 2393 4729; x_wconf 85' lang='lat' dir='ltr'><strong><em>Occupet</em></strong></span> <span class='ocrx_word' id='word_1_821' title='bbox 2424 4673 2540 4711; x_wconf 90' lang='lat' dir='ltr'><strong><em>eum</em></strong></span> <span class='ocrx_word' id='word_1_822' title='bbox 2585 4659 2780 4729; x_wconf 90' lang='lat' dir='ltr'><strong><em>caligo,</em></strong></span> <span class='ocrx_word' id='word_1_823' title='bbox 2811 4668 2860 4713; x_wconf 91' lang='lat' dir='ltr'><strong><em>et</em></strong></span> <span class='ocrx_word' id='word_1_824' title='bbox 2884 4660 3176 4720; x_wconf 69' lang='lat' dir='ltr'><strong><em>incoluntur</em></strong></span> <span class='ocrx_word' id='word_1_825' title='bbox 3216 4667 3592 4725; x_wconf 88' lang='lat' dir='ltr'><strong><em>amaritudine.</em></strong></span> <span class='ocrx_word' id='word_1_826' title='bbox 3641 4671 3704 4728; x_wconf 84' lang='lat' dir='ltr'><strong><em>Id</em></strong></span> 
     </span>
    </p>
   </div>
   <div class='ocr_carea' id='block_1_107' title="bbox 2092 4749 2675 4815">
    <p class='ocr_par' dir='ltr' id='par_1_107' title="bbox 2092 4749 2675 4815">
     <span class='ocr_line' id='line_1_107' title="bbox 2092 4749 2675 4815; baseline 0.003 -10"><span class='ocrx_word' id='word_1_827' title='bbox 2092 4759 2201 4815; x_wconf 87' lang='lat' dir='ltr'><strong><em>est,</em></strong></span> <span class='ocrx_word' id='word_1_828' title='bbox 2232 4755 2449 4807; x_wconf 63' lang='lat' dir='ltr'><strong><em>ca&#39;citas</em></strong></span> <span class='ocrx_word' id='word_1_829' title='bbox 2473 4749 2675 4807; x_wconf 87' lang='lat' dir='ltr'><strong><em>cordis.</em></strong></span> 
     </span>
    </p>
   </div>
   <div class='ocr_carea' id='block_1_108' title="bbox 2163 4842 3707 4922">
    <p class='ocr_par' dir='ltr' id='par_1_108' title="bbox 2163 4842 3707 4922">
     <span class='ocr_line' id='line_1_108' title="bbox 2163 4842 3707 4922; baseline 0.008 -25"><span class='ocrx_word' id='word_1_830' title='bbox 2163 4842 2382 4898; x_wconf 84' lang='lat' dir='ltr'><strong><em>Noctem</em></strong></span> <span class='ocrx_word' id='word_1_831' title='bbox 2417 4846 2566 4902; x_wconf 88' lang='lat' dir='ltr'><strong><em>illam</em></strong></span> <span class='ocrx_word' id='word_1_832' title='bbox 2603 4850 2901 4907; x_wconf 89' lang='lat' dir='ltr'><strong><em>tenebrosus</em></strong></span> <span class='ocrx_word' id='word_1_833' title='bbox 2946 4851 3099 4906; x_wconf 89' lang='lat' dir='ltr'><strong><em>turbo</em></strong></span> <span class='ocrx_word' id='word_1_834' title='bbox 3139 4851 3422 4922; x_wconf 86' lang='lat' dir='ltr'><strong><em>possideat.</em></strong></span> <span class='ocrx_word' id='word_1_835' title='bbox 3455 4851 3603 4920; x_wconf 85' lang='lat' dir='ltr'><strong><em>Quia</em></strong></span> <span class='ocrx_word' id='word_1_836' title='bbox 3633 4854 3707 4910; x_wconf 81' lang='lat' dir='ltr'><strong><em>ad</em></strong></span> 
     </span>
    </p>
   </div>
   <div class='ocr_carea' id='block_1_109' title="bbox 2091 4937 3706 5012">
    <p class='ocr_par' dir='ltr' id='par_1_109' title="bbox 2091 4937 3706 5012">
     <span class='ocr_line' id='line_1_109' title="bbox 2091 4937 3706 5012; baseline 0.008 -23"><span class='ocrx_word' id='word_1_837' title='bbox 2091 4937 2509 4994; x_wconf 87' lang='lat' dir='ltr'><strong><em>amaritudinem</em></strong></span> <span class='ocrx_word' id='word_1_838' title='bbox 2539 4953 2803 5012; x_wconf 86' lang='lat' dir='ltr'><strong><em>provocat</em></strong></span> <span class='ocrx_word' id='word_1_839' title='bbox 2833 4945 3028 5012; x_wconf 91' lang='lat' dir='ltr'><strong><em>Deum,</em></strong></span> <span class='ocrx_word' id='word_1_840' title='bbox 3059 4943 3203 4999; x_wconf 85' lang='lat' dir='ltr'><strong><em>sicut</em></strong></span> <span class='ocrx_word' id='word_1_841' title='bbox 3222 4954 3277 4999; x_wconf 90' lang='lat' dir='ltr'><strong><em>et</em></strong></span> <span class='ocrx_word' id='word_1_842' title='bbox 3298 4949 3488 5000; x_wconf 63' lang='lat' dir='ltr'><strong><em>caueri</em></strong></span> <span class='ocrx_word' id='word_1_843' title='bbox 3517 4947 3706 5002; x_wconf 66' lang='lat' dir='ltr'><strong><em>satela</em></strong></span> 
     </span>
    </p>
   </div>
   <div class='ocr_carea' id='block_1_110' title="bbox 2089 5026 3707 5106">
    <p class='ocr_par' dir='ltr' id='par_1_110' title="bbox 2089 5026 3707 5106">
     <span class='ocr_line' id='line_1_110' title="bbox 2089 5026 3707 5106; baseline 0.009 -25"><span class='ocrx_word' id='word_1_844' title='bbox 2089 5026 2208 5083; x_wconf 86' lang='lat' dir='ltr'><strong><em>lites</em></strong></span> <span class='ocrx_word' id='word_1_845' title='bbox 2231 5029 2387 5098; x_wconf 82' lang='lat' dir='ltr'><strong><em>ejus:</em></strong></span> <span class='ocrx_word' id='word_1_846' title='bbox 2421 5031 2608 5090; x_wconf 80' lang='lat' dir='ltr'><strong><em>furore</em></strong></span> <span class='ocrx_word' id='word_1_847' title='bbox 2635 5033 2730 5090; x_wconf 77' lang='lat' dir='ltr'><strong><em>irae</em></strong></span> <span class='ocrx_word' id='word_1_848' title='bbox 2759 5037 2852 5091; x_wconf 91' lang='lat' dir='ltr'><strong><em>Dei</em></strong></span> <span class='ocrx_word' id='word_1_849' title='bbox 2877 5041 3280 5106; x_wconf 77' lang='lat' dir='ltr'><strong><em>apprehensus,</em></strong></span> <span class='ocrx_word' id='word_1_850' title='bbox 3305 5037 3707 5095; x_wconf 83' lang='lat' dir='ltr'><strong><em>circtundctur</em></strong></span> 
     </span>
    </p>
   </div>
   <div class='ocr_carea' id='block_1_111' title="bbox 2087 5121 3702 5194">
    <p class='ocr_par' dir='ltr' id='par_1_111' title="bbox 2087 5121 3702 5194">
     <span class='ocr_line' id='line_1_111' title="bbox 2087 5121 3702 5194; baseline 0.009 -20"><span class='ocrx_word' id='word_1_851' title='bbox 2087 5121 2342 5177; x_wconf 83' lang='lat' dir='ltr'><strong><em>munibus</em></strong></span> <span class='ocrx_word' id='word_1_852' title='bbox 2383 5123 2562 5194; x_wconf 87' lang='lat' dir='ltr'><strong><em>malis,</em></strong></span> <span class='ocrx_word' id='word_1_853' title='bbox 2601 5137 2655 5182; x_wconf 87' lang='lat' dir='ltr'><strong><em>et</em></strong></span> <span class='ocrx_word' id='word_1_854' title='bbox 2692 5127 3022 5185; x_wconf 86' lang='lat' dir='ltr'><strong><em>involvatur.</em></strong></span> <span class='ocrx_word' id='word_1_855' title='bbox 3079 5127 3300 5183; x_wconf 69' lang='lat' dir='ltr'><strong><em>Noctem</em></strong></span> <span class='ocrx_word' id='word_1_856' title='bbox 3340 5129 3490 5184; x_wconf 88' lang='lat' dir='ltr'><strong><em>illam</em></strong></span> <span class='ocrx_word' id='word_1_857' title='bbox 3540 5141 3702 5187; x_wconf 79' lang='lat' dir='ltr'><strong><em>tene-</em></strong></span> 
     </span>
    </p>
   </div>
   <div class='ocr_carea' id='block_1_112' title="bbox 2086 5211 3699 5292">
    <p class='ocr_par' dir='ltr' id='par_1_112' title="bbox 2086 5211 3699 5292">
     <span class='ocr_line' id='line_1_112' title="bbox 2086 5211 3699 5292; baseline 0.009 -27"><span class='ocrx_word' id='word_1_858' title='bbox 2086 5211 2269 5268; x_wconf 88' lang='lat' dir='ltr'><strong><em>brosus</em></strong></span> <span class='ocrx_word' id='word_1_859' title='bbox 2306 5216 2455 5272; x_wconf 87' lang='lat' dir='ltr'><strong><em>turbo</em></strong></span> <span class='ocrx_word' id='word_1_860' title='bbox 2501 5219 2769 5289; x_wconf 86' lang='lat' dir='ltr'><strong><em>possideat</em></strong></span> <span class='ocrx_word' id='word_1_861' title='bbox 2806 5235 2824 5274; x_wconf 93' lang='lat'><em>:</em></span> <span class='ocrx_word' id='word_1_862' title='bbox 2858 5219 2910 5276; x_wconf 90' lang='lat' dir='ltr'><strong><em>id</em></strong></span> <span class='ocrx_word' id='word_1_863' title='bbox 2956 5229 3064 5286; x_wconf 91' lang='lat' dir='ltr'><strong><em>est,</em></strong></span> <span class='ocrx_word' id='word_1_864' title='bbox 3108 5219 3382 5283; x_wconf 86' lang='lat' dir='ltr'><strong><em>diabolus,</em></strong></span> <span class='ocrx_word' id='word_1_865' title='bbox 3407 5222 3504 5292; x_wconf 87' lang='lat' dir='ltr'><strong><em>qui</em></strong></span> <span class='ocrx_word' id='word_1_866' title='bbox 3537 5223 3699 5280; x_wconf 88' lang='lat' dir='ltr'><strong><em>diem</em></strong></span> 
     </span>
    </p>
   </div>
   <div class='ocr_carea' id='block_1_113' title="bbox 2086 5305 3701 5385">
    <p class='ocr_par' dir='ltr' id='par_1_113' title="bbox 2086 5305 3701 5385">
     <span class='ocr_line' id='line_1_113' title="bbox 2086 5305 3701 5385; baseline 0.008 -24"><span class='ocrx_word' id='word_1_867' title='bbox 2086 5305 2367 5364; x_wconf 79' lang='lat' dir='ltr'><strong><em>felicitatis</em></strong></span> <span class='ocrx_word' id='word_1_868' title='bbox 2401 5309 2604 5366; x_wconf 91' lang='lat' dir='ltr'><strong><em>homini</em></strong></span> <span class='ocrx_word' id='word_1_869' title='bbox 2636 5313 2891 5382; x_wconf 87' lang='lat' dir='ltr'><strong><em>abstulit,</em></strong></span> <span class='ocrx_word' id='word_1_870' title='bbox 2922 5325 2976 5370; x_wconf 89' lang='lat' dir='ltr'><strong><em>et</em></strong></span> <span class='ocrx_word' id='word_1_871' title='bbox 3001 5323 3215 5371; x_wconf 86' lang='lat' dir='ltr'><strong><em>noctem</em></strong></span> <span class='ocrx_word' id='word_1_872' title='bbox 3259 5313 3522 5385; x_wconf 76' lang='lat' dir='ltr'><strong><em>inquieta:</em></strong></span> <span class='ocrx_word' id='word_1_873' title='bbox 3557 5317 3701 5374; x_wconf 77' lang='lat' dir='ltr'><strong><em>vita:</em></strong></span> 
     </span>
    </p>
   </div>
   <div class='ocr_carea' id='block_1_114' title="bbox 2089 5402 2689 5460">
    <p class='ocr_par' dir='ltr' id='par_1_114' title="bbox 2089 5402 2689 5460">
     <span class='ocr_line' id='line_1_114' title="bbox 2089 5402 2689 5460; baseline 0.007 -4"><span class='ocrx_word' id='word_1_874' title='bbox 2089 5402 2433 5459; x_wconf 88' lang='lat' dir='ltr'><strong><em>turbulentus</em></strong></span> <span class='ocrx_word' id='word_1_875' title='bbox 2460 5405 2689 5460; x_wconf 78' lang='lat' dir='ltr'><strong><em>invexit.</em></strong></span> 
     </span>
    </p>
   </div>
   <div class='ocr_carea' id='block_1_115' title="bbox 2156 5492 3699 5570">
    <p class='ocr_par' dir='ltr' id='par_1_115' title="bbox 2156 5492 3699 5570">
     <span class='ocr_line' id='line_1_115' title="bbox 2156 5492 3699 5570; baseline 0.009 -22"><span class='ocrx_word' id='word_1_876' title='bbox 2156 5492 2280 5549; x_wconf 90' lang='lat' dir='ltr'><strong><em>Non</em></strong></span> <span class='ocrx_word' id='word_1_877' title='bbox 2327 5506 2652 5570; x_wconf 85' lang='lat' dir='ltr'><strong><em>computetur</em></strong></span> <span class='ocrx_word' id='word_1_878' title='bbox 2691 5502 2746 5554; x_wconf 90' lang='lat' dir='ltr'><strong><em>in</em></strong></span> <span class='ocrx_word' id='word_1_879' title='bbox 2773 5501 2954 5556; x_wconf 87' lang='lat' dir='ltr'><strong><em>diebus</em></strong></span> <span class='ocrx_word' id='word_1_880' title='bbox 2987 5502 3133 5556; x_wconf 86' lang='lat' dir='ltr'><strong><em>anni.</em></strong></span> <span class='ocrx_word' id='word_1_881' title='bbox 3189 5505 3380 5557; x_wconf 80' lang='lat' dir='ltr'><strong><em>Annus</em></strong></span> <span class='ocrx_word' id='word_1_882' title='bbox 3426 5502 3699 5561; x_wconf 83' lang='lat' dir='ltr'><strong><em>Chrisuts</em></strong></span> 
     </span>
    </p>
   </div>
   <div class='ocr_carea' id='block_1_116' title="bbox 2081 5587 3694 5663">
    <p class='ocr_par' dir='ltr' id='par_1_116' title="bbox 2081 5587 3694 5663">
     <span class='ocr_line' id='line_1_116' title="bbox 2081 5587 3694 5663; baseline 0.008 -21"><span class='ocrx_word' id='word_1_883' title='bbox 2081 5587 2432 5661; x_wconf 87' lang='lat' dir='ltr'><strong><em>intelligitur,</em></strong></span> <span class='ocrx_word' id='word_1_884' title='bbox 2478 5592 2572 5663; x_wconf 90' lang='lat' dir='ltr'><strong><em>qui</em></strong></span> <span class='ocrx_word' id='word_1_885' title='bbox 2619 5592 2672 5648; x_wconf 92' lang='lat' dir='ltr'><strong><em>in</em></strong></span> <span class='ocrx_word' id='word_1_886' title='bbox 2700 5607 2762 5649; x_wconf 89' lang='lat' dir='ltr'><strong><em>se</em></strong></span> <span class='ocrx_word' id='word_1_887' title='bbox 2803 5603 3001 5650; x_wconf 88' lang='lat' dir='ltr'><strong><em>cuncta</em></strong></span> <span class='ocrx_word' id='word_1_888' title='bbox 3043 5594 3278 5651; x_wconf 65' lang='lat' dir='ltr'><strong><em>revellit</em></strong></span> <span class='ocrx_word' id='word_1_889' title='bbox 3304 5605 3358 5650; x_wconf 92' lang='lat' dir='ltr'><strong><em>et</em></strong></span> <span class='ocrx_word' id='word_1_890' title='bbox 3402 5599 3694 5655; x_wconf 87' lang='lat' dir='ltr'><strong><em>continet.</em></strong></span> 
     </span>
    </p>
   </div>
   <div class='ocr_carea' id='block_1_117' title="bbox 2077 5679 3690 5760">
    <p class='ocr_par' dir='ltr' id='par_1_117' title="bbox 2077 5679 3690 5760">
     <span class='ocr_line' id='line_1_117' title="bbox 2077 5679 3690 5760; baseline 0.01 -26"><span class='ocrx_word' id='word_1_891' title='bbox 2077 5679 2136 5734; x_wconf 90' lang='lat' dir='ltr'><strong><em>lu</em></strong></span> <span class='ocrx_word' id='word_1_892' title='bbox 2153 5682 2311 5752; x_wconf 74' lang='lat' dir='ltr'><strong><em>luvjus</em></strong></span> <span class='ocrx_word' id='word_1_893' title='bbox 2334 5700 2464 5755; x_wconf 75' lang='lat' dir='ltr'><strong><em>ergo</em></strong></span> <span class='ocrx_word' id='word_1_894' title='bbox 2486 5685 2675 5742; x_wconf 77' lang='lat' dir='ltr'><strong><em>diebus</em></strong></span> <span class='ocrx_word' id='word_1_895' title='bbox 2700 5687 2853 5756; x_wconf 90' lang='lat' dir='ltr'><strong><em>anni,</em></strong></span> <span class='ocrx_word' id='word_1_896' title='bbox 2881 5705 2988 5744; x_wconf 90' lang='lat' dir='ltr'><strong><em>non</em></strong></span> <span class='ocrx_word' id='word_1_897' title='bbox 3017 5697 3362 5760; x_wconf 85' lang='lat' dir='ltr'><strong><em>computetur</em></strong></span> <span class='ocrx_word' id='word_1_898' title='bbox 3383 5690 3690 5755; x_wconf 80' lang='lat' dir='ltr'><strong><em>di..bolus;</em></strong></span> 
     </span>
    </p>
   </div>
   <div class='ocr_carea' id='block_1_118' title="bbox 2076 5772 3414 5860">
    <p class='ocr_par' dir='ltr' id='par_1_118' title="bbox 2076 5772 3414 5860">
     <span class='ocr_line' id='line_1_118' title="bbox 2076 5772 3414 5860; baseline 0.01 -30"><span class='ocrx_word' id='word_1_899' title='bbox 2076 5772 2130 5834; x_wconf 83' lang='lat' dir='ltr'><strong><em>id</em></strong></span> <span class='ocrx_word' id='word_1_900' title='bbox 2157 5781 2262 5852; x_wconf 81' lang='lat' dir='ltr'><strong><em>est,</em></strong></span> <span class='ocrx_word' id='word_1_901' title='bbox 2289 5785 2608 5843; x_wconf 78' lang='lat' dir='ltr'><strong><em>sanctorum</em></strong></span> <span class='ocrx_word' id='word_1_902' title='bbox 2633 5795 2866 5845; x_wconf 85' lang='lat' dir='ltr'><strong><em>numero</em></strong></span> <span class='ocrx_word' id='word_1_903' title='bbox 2891 5797 2999 5844; x_wconf 84' lang='lat' dir='ltr'><strong><em>non</em></strong></span> <span class='ocrx_word' id='word_1_904' title='bbox 3025 5780 3414 5860; x_wconf 77' lang='lat' dir='ltr'><strong><em>conjungatttr.</em></strong></span> 
     </span>
    </p>
   </div>
  </div>
