3948 6334
1037 380 1517 441 COMMENTAR“
1557 379 1625 438 ΙΝ
1663 378 1928 439 LIBRUM
1965 380 2109 440 JOB.
2146 381 2303 441 CAP.
2343 382 2436 440 lll.

3321 382 3427 444 σεο

231 501 328 558 Nec
379 506 675 555 numeretur
724 499 778 553 in
830 495 1119 553 mensibus.
1176 497 1393 552 Menses
1452 494 1555 550 hoc
1607 494 1729 549 loco
1755 496 1961 557 Asunt
1990 496 2322 567 phil050phi,
2354 508 2410 553 et
2438 498 2532 553 alii
2573 496 2855 567 sapientes
2885 494 3047 568 hujus
3074 496 3286 567 mundi,
3314 498 3420 556 ful-

170 605 354 652 sanctos
386 593 670 664 apostolos
718 602 872 647 recte
914 591 1305 661 intelligimus,
1337 590 1461 659 qui,
1494 597 1553 642 ut
1580 587 1725 655 ligna

170 689 410 762 paradisi,
468 684 786 758 spirituales
855 684 1119 742 Ecclesia:
1186 682 1423 737 alierunt
1492 681 1721 735 fructus.

225 808 299 864 Sit
319 822 412 861 nox
435 803 531 858 illa
550 803 814 870 solitaria,
836 819 927 857 nec
951 799 1109 855 laude
1132 800 1311 870 digna.
1335 797 1720 867 Apostolorum

167 897 342 954 scilicet
382 894 793 965 pra-dicatione,
823 894 913 947 ttbi
966 891 1087 947 dies
1138 890 1330 945 salutis
1378 888 1719 959 agnoscitur,

164 1004 295 1062 quam
318 985 588 1043 Abraham
623 986 781 1051 vidit,
816 995 871 1040 et
901 985 1118 1039 laetatus
1148 991 1259 1039 est.

220 1095 509 1150 Maledicant
540 1096 587 1148 ei
614 1096 704 1166 qui
738 1094 1058 1148 maledicunt
1087 1092 1194 1147 diei
1218 1106 1239 1147 :
1276 1090 1364 1160 qui
1393 1089 1566 1160 parati
1595 1097 1718 1145 sunt

159 1191 376 1246 suscitare
417 1188 733 1244 Leviatltan.
782 1187 969 1244 Sancti
1002 1187 1190 1255 utique
1237 1184 1347 1240 diei
1397 1182 1719 1254 prarvarica~

162 1284 300 1336 tionis
326 1282 512 1336 mortis
538 1296 652 1334 sua:
681 1296 804 1335 cum
829 1279 1198 1335 detestatione
1218 1276 1557 1331 maledicunt
1582 1291 1596 1328 :
1623 1273 1716 1345 qui

159 1387 247 1428 non
273 1387 341 1428 set
356 1370 554 1427 viendo
583 1371 755 1438 vitiis,
788 1372 1057 1425 suscitant
1086 1379 1277 1424 contra
1304 1383 1363 1423 se
1391 1366 1710 1433 draconem,

156 1467 470 1521 tortissitnntn
494 1466 721 1521 scilicet
748 1466 981 1520 hostem.

209 1566 598 1621 0btenebrentur
655 1566 822 1622 stellte
873 1564 1100 1640 caligine
1167 1566 1303 1637 ejus.
1380 1562 1711 1621 Peccatores

152 1660 346 1725 Scilicet,
367 1660 455 1731 qui
480 1659 535 1715 in
560 1666 744 1725 nocte,
773 1658 956 1713 surculi
980 1656 1189 1713 divitiis
1212 1667 1267 1711 et
1288 1655 1497 1712 honore
1523 1657 1710 1713 Incere

149 1770 197 1811 se
220 1765 413 1822 putant,
445 1755 714 1810 ctecitatis
743 1754 980 1825 caligine
1010 1753 1388 1820 tenebrentur,
1426 1759 1483 1807 et
1508 1752 1707 1808 merito

147 1861 245 1910 suo,
276 1847 552 1919 Evangelii
578 1847 766 1903 lumen
798 1861 905 1902 non
934 1846 1175 1903 videant.

202 1954 461 2025 Exspeetet
484 1955 680 2025 lucem,
708 1966 755 2011 et
776 1972 881 2010 non
902 1955 1096 2009 videat.
1113 1954 1226 2011 Nec
1246 1970 1353 2011 uox
1384 1955 1709 2024 praevarica-

144 2050 276 2104 tionis
311 2056 364 2105 et
401 2050 618 2118 mortis,
663 2049 719 2103 in
775 2063 881 2120 qua
941 2047 1193 2103 diabolus
1246 2063 1481 2119 regnum
1530 2056 1704 2118 tenet,

142 2152 289 2213 potest
310 2144 490 2201 lumen
513 2143 897 2213 Redemptoris
918 2141 1121 2196 Christi
1142 2156 1507 2213 cognoscere;
1531 2156 1706 2211 neque

140 2237 202 2294 illi
237 2239 318 2310 qui
360 2240 411 2293 in
461 2252 529 2294 ea
564 2246 889 2303 nascuntur,
920 2234 1024 2291 nisi
1056 2251 1179 2293 eam
1224 2252 1323 2307 per
1364 2235 1702 2306 baptismum

140 2333 283 2386 renati
306 2330 706 2387 destruxerint.

194 2434 289 2489 Nec
338 2444 512 2490 ortum
579 2434 842 2506 surgentis
922 2448 1153 2490 aurora.
1212 2432 1700 2489 Resurrectionem

138 2525 308 2581 Christi
330 2524 666 2597 signiﬁcavit
687 2525 880 2594 :unde,
908 2525 963 2580 in
980 2525 1217 2597 psalmo,
1232 2525 1415 2596 vigilia
1437 2526 1700 2581 matutina

138 2616 325 2673 dicitur.

188 2720 311 2787 Quia
334 2737 434 2776 non
456 2721 718 2776 conclusit
760 2721 898 2776 ostia
939 2720 1137 2775 ventris
1176 2719 1264 2790 qui
1311 2719 1537 2791 portavit
1569 2736 1647 2775 me
1678 2739 1697 2774 .-

136 2830 207 2869 nec
241 2815 448 2870 abstulit
492 2816 634 2870 mala
679 2814 744 2869 ab
771 2814 936 2869 oculis
965 2815 1096 2886 ejus.
1129 2811 1307 2878 Quare
1334 2829 1437 2867 non
1463 2815 1518 2867 in
1546 2813 1698 2867 vulva

133 2917 332 2963 mortuus
375 2910 536 2963 sum?
567 2908 743 2976 Quare
787 2923 1026 2982 egressus
1078 2923 1143 2961 ea:
1188 2916 1336 2960 utero
1372 2922 1476 2960 non
1520 2906 1697 2961 statim

134 3001 276 3067 perii:
305 2999 408 3055 Cur
437 3010 685 3073 exceptus
720 3000 972 3073 genibus?
1007 2998 1111 3054 Cur
1149 3000 1373 3055 laetatus
1415 2998 1700 3053 uberibus?

131 3091 224 3147 Sub
247 3107 472 3163 persona
504 3107 626 3158 sua,
663 3093 888 3148 humani
916 3095 1137 3163 generis
1165 3092 1372 3164 plangit
1402 3092 1693 3147 miserias:

132 3200 270 3255 quare
299 3186 497 3243 iterum
527 3185 857 3257 moriturus,
887 3185 1031 3242 mala
1063 3184 1228 3241 istius
1258 3186 1384 3241 vita:
1410 3186 1648 3256 patiatur
1676 3201 1691 3237 :

130 3294 269 3349 quare
328 3280 625 3337 mortalem
676 3280 795 3351 ipsa
864 3294 1014 3336 mors
1075 3293 1185 3335 non
1238 3278 1570 3335 exstinxerit
1638 3268 1766 3333 inC

133 3384 262 3428 utero
281 3375 305 3427 ?

188 3475 326 3532 Nunc
348 3478 491 3532 enim
513 3477 776 3533 dormiens
798 3477 1023 3542 silerem,
1047 3484 1098 3531 et
1126 3490 1307 3531 somno
1336 3490 1447 3529 meo
1493 3475 1698 3545 requie-

131 3586 289 3622 scerent
319 3587 437 3623 cum
474 3568 684 3641 regibus
710 3579 760 3623 et
787 3567 1091 3623 consulibus
1133 3580 1305 3635 terrte,
1326 3568 1414 3637 qui
1431 3567 1698 3632 aediﬁcant

129 3661 210 3715 sibi
249 3664 559 3717 solitudines
592 3678 610 3715 :
642 3670 734 3716 aut
783 3678 902 3717 cum
948 3661 1267 3734 principibus
1312 3662 1401 3731 qui
1433 3660 1697 3731 possident

130 3769 305 3820 aurum,
328 3766 375 3809 et
405 3753 610 3825 replent
650 3755 832 3809 domos
878 3771 999 3811 suas
1035 3766 1275 3827 argento.
1307 3753 1615 3825 Principes,
1643 3763 1697 3810 et

130 3860 283 3917 reges,
314 3858 367 3903 et
394 3848 678 3916 consules,
714 3857 769 3904 et
795 3846 839 3902 si
874 3847 930 3902 iu
962 3846 1179 3903 inferno
1207 3847 1492 3917 squalores
1522 3856 1693 3903 tarta-

128 3954 229 3994 reos
252 3942 530 4010 patiuntur
563 3958 578 3994 :
613 3954 758 3996 nunc
784 3948 969 3995 tamen
996 3939 1051 3994 in
1080 3939 1408 4009 corporibus
1435 3939 1549 3995 suis
1577 3948 1693 3994 tor-

127 4046 282 4093 menta
320 4054 432 4094 non
491 4036 765 4094 sentiunt.
809 4037 1015 4092 Horum
1065 4045 1297 4090 mortem
1340 4033 1471 4089 mihi
1502 4033 1695 4089 venire

126 4127 210 4185 hac
228 4130 541 4186 conditione
571 4130 894 4186 voluissem.

181 4231 274 4287 Aut
307 4234 445 4288 sicut
491 4233 785 4288 abortivum
814 4231 1177 4287 absconditum
1210 4247 1315 4285 non
1343 4228 1691 4296 subsisterent,

125 4327 188 4380 vel
204 4328 283 4396 qui
317 4328 560 4401 concepti
599 4344 704 4382 non
732 4326 974 4381 viderunt
1003 4324 1193 4380 lucem.
1218 4323 1398 4380 Variis
1433 4323 1608 4378 modis
1639 4329 1698 4377 et

124 4423 365 4492 exemplis
390 4423 552 4489 dicit,
584 4421 728 4492 quod
757 4436 947 4491 prunas
966 4422 1098 4475 istas
1120 4420 1175 4475 in
1199 4420 1396 4491 quibus
1421 4428 1561 4484 erat,
1587 4434 1693 4473 non

124 4511 361 4568 debuerat
409 4514 553 4584 pati.
586 4516 766 4581 Quare
808 4528 915 4568 nou
956 4512 1010 4568 iu
1046 4513 1209 4567 vulva
1240 4520 1490 4567 mortuus
1536 4510 1697 4565 sum?

126 4601 181 4657 Et
219 4605 482 4677 deinceps
510 4608 589 4661 ait
618 4624 631 4659 :
662 4606 819 4662 Nunc
846 4616 1029 4662 autem
1057 4605 1339 4662 dormiens
1368 4605 1615 4667 silerem,
1640 4610 1698 4658 et

1828 603 2013 659 gorem
2040 590 2166 644 boni
2198 589 2425 660 ingenii,
2452 588 2915 660 splendoremque
2944 588 3170 658 eloquii.

1902 680 1985 735 Ibi
2016 683 2162 755 impii
2192 693 2525 738 cessaverunt
2565 700 2599 737 a
2640 684 2891 736 tumultu.
2924 682 3121 737 Procul
3168 682 3339 740 dubio
3366 684 3422 741 in

1827 775 2067 832 inferno.
2128 778 2196 832 Et
2250 778 2393 833 sicut
2446 777 2804 848 Sep'uaginta
2866 770 3298 848 transtulerunt,
3348 780 3425 835 ibi

1822 871 1969 942 impii
2022 871 2370 943 deposuerunt
2420 875 2653 940 furorem
2680 887 2857 936 suum,
2912 869 2961 923 id
2994 880 3101 938 est,
3130 871 3331 943 typhtts
3369 881 3428 928 et

1820 962 2105 1031 superbia,
2148 979 2269 1017 cum
2303 964 2511 1018 saevitia
2542 964 2595 1016 iu
2628 962 2734 1016 hoc
2786 964 2994 1017 saeculo
3043 962 3421 1035 gloriantium,

1820 1054 2104 1111 humiliata
2129 1067 2215 1112 est
2246 1057 2296 1111 in
2330 1056 2564 1111 inferno.

1892 1150 1961 1205 Et
2005 1152 2079 1206 ibi
2120 1153 2477 1223 rcquieverunt
2505 1150 2629 1219 fessi
2663 1150 2864 1205 robore.
2915 1149 3069 1206 Sicut
3109 1150 3213 1205 alia
3265 1149 3431 1207 habet

1818 1243 2107 1299 translatio
2153 1262 2166 1297 :
2216 1245 2288 1298 ibi
2342 1245 2704 1315 requieverunt
2759 1244 2967 1313 fatigati
3025 1259 3299 1312 corpore:
3347 1243 3418 1299 ab

1814 1338 2175 1407 oppressione
2219 1337 2409 1408 utique
2447 1347 2503 1391 et
2548 1336 2796 1403 miseria,
2848 1336 3038 1391 labore
3066 1338 3231 1392 etiam
3257 1336 3418 1393 istius

1819 1431 2006 1487 mundi
2039 1430 2281 1487 liberati.

1887 1523 1953 1579 Et
1981 1526 2241 1594 quondam
2270 1526 2428 1581 vincti
2452 1526 2646 1600 pariter
2675 1528 2787 1580 sine
2808 1526 3065 1581 molestia.
3099 1526 3416 1583 Vincieutes

1810 1626 1866 1674 et
1894 1618 2168 1689 quondam
2195 1621 2410 1675 vinctos
2432 1624 2486 1674 iu
2513 1619 2728 1674 inferno
2751 1620 2885 1675 dicit
2908 1621 3119 1687 pariter
3140 1620 3409 1684 habitare,

1808 1710 1931 1764 sine
1977 1710 2175 1779 injuria
2208 1720 2388 1765 tamen
2439 1720 2497 1766 et
2538 1712 2791 1765 molestia
2818 1709 3257 1764 vinculatorum:
3302 1725 3412 1765 non

1809 1801 1882 1857 ita
1908 1813 1964 1857 ut
2003 1803 2127 1858 istic
2160 1803 2251 1859 ubi
2283 1812 2481 1873 prmter
2508 1817 2723 1873 paruas,
2753 1802 3077 1873 captivitate
3106 1802 3191 1855 Vt‘l
3223 1802 3411 1855 servi~

1736 1884 1785 1946 B
1814 1901 1925 1948 tute
1946 1893 2104 1962 dura,
2123 1894 2357 1950 diversis
2375 1895 2538 1949 etiam
2558 1894 2683 1949 aliis
2704 1893 3136 1959 calamitatibus,
3159 1892 3412 1948 homines

1809 1987 2145 2057 obligantur,
2173 1986 2459 2043 dominatu
2486 1996 2540 2044 et
2572 1986 2837 2057 iniustitia
2863 1987 3195 2057 iniquorum.

1880 2080 2005 2136 Non
2032 2082 2306 2137 audierunt
2335 2098 2509 2137 vocem
2534 2081 2812 2136 exactoris.
2836 2079 2995 2135 Jussa
3017 2078 3408 2151 imperantium

1805 2171 1892 2228 vel
1916 2171 2103 2244 inique
2129 2172 2489 2244 exigentium,
2524 2189 2631 2228 non
2664 2181 2941 2229 verentur.

1878 2263 2083 2320 Parvus
2102 2274 2149 2319 et
2168 2283 2387 2339 magnus
2409 2267 2479 2320 ibi
2499 2278 2638 2328 sunt.
2659 2276 2707 2320 et
2727 2282 2901 2321 servus
2924 2274 2969 2319 et
2989 2264 3119 2320 liber
3140 2282 3171 2317 a
3190 2265 3406 2319 domino

1803 2374 1919 2414 suo.
1953 2358 2125 2428 Quare
2151 2360 2339 2415 misero
2362 2360 2489 2414 data
2516 2367 2591 2415 est
2618 2360 2729 2424 lux,
2760 2369 2807 2413 ct
2835 2361 2938 2413 vita
2964 2360 3047 2414 Itis
3076 2361 3129 2413 in
3151 2361 3409 2414 amaritu-

1802 2453 1924 2507 dine
1942 2453 2131 2506 animte
2152 2453 2313 2507 sunt?
2338 2452 2442 2520 Qui
2463 2462 2760 2523 exspectant
2785 2462 3025 2519 mortem,
3050 2462 3099 2507 et
3124 2470 3227 2507 non
3250 2454 3405 2521 venit,

1800 2546 1949 2616 quasi
1977 2544 2287 2612 e/Todientes
2318 2545 2621 2599 thesaurum
2666 2562 2684 2600 :
2721 2545 3045 2616 gaudentque
3086 2545 3408 2599 vehementer

1798 2655 1916 2693 cum
1948 2640 2238 2694 invenerint
2286 2638 2603 2712 sepulcrum.
2634 2638 2767 2694 Cum
2818 2640 2890 2691 sit
2929 2653 3094 2708 ergo,
3128 2648 3185 2691 ttt
3220 2638 3403 2707 video,

1800 2733 1854 2787 in
1888 2731 2103 2787 iuleruo
2136 2732 2417 2802 aequalitas
2452 2748 2844 2803 personarum,
2872 2742 2929 2787 et
2962 2733 3142 2787 nullus
3168 2732 3236 2786 de
3267 2732 3404 2787 alte-

1799 2826 1915 2881 rius
1967 2824 2347 2881 dominatione
2380 2825 2680 2881 formidat:
2713 2842 2811 2881 cur
2858 2825 2990 2880 mihi
3037 2825 3243 2880 misero
3272 2823 3399 2879 data

1799 2928 1886 2973 est
1917 2917 2012 2972 lux
2055 2917 2179 2984 ista,
2211 2928 2283 2973 et-
2310 2918 2419 2974 vita
2475 2918 2672 2973 similis
2702 2918 2784 2972 eis
2815 2915 2909 2988 qui
2943 2917 2993 2971 in
3027 2916 3396 2970 amaritudine

1799 3012 1996 3067 animae
2028 3026 2141 3068 suae
2191 3021 2341 3078 sunt,
2373 3027 2495 3067 cum
2538 3012 2766 3068 meliora
2817 3012 2928 3065 sint
2969 3011 3271 3065 inferorum
3302 3024 3395 3064 er-

1797 3108 2033 3178 gastula,
2059 3123 2219 3178 quant
2254 3107 2419 3162 istius
2458 3105 2646 3161 mundi
2681 3105 3012 3161 miserabilis
3037 3105 3152 3159 vita
3182 3105 3396 3159 crucia-

1798 3202 1943 3255 tibus
1972 3200 2132 3272 plena
2175 3220 2185 3255 :
2246 3201 2335 3256 ubi
2368 3216 2482 3270 pra:
2520 3200 2794 3271 angustiis
2850 3199 3107 3254 homines
3161 3205 3394 3253 mortem

1799 3303 2075 3365 quaerunt,
2107 3302 2161 3349 et
2180 3309 2380 3365 magno
2406 3293 2703 3359 desiderio,
2730 3303 2787 3347 ut
2810 3292 3023 3357 veniat,
3042 3299 3394 3362 exspectant.

1802 3390 2125 3461 Exemplum
2160 3390 2439 3461 egregium
2471 3389 2740 3453 adhibuit,
2785 3388 2977 3444 dicens
3009 3403 3023 3441 :
3056 3387 3223 3455 Quasi
3262 3386 3396 3441 etio-

1798 3482 2018 3537 dieutes
2037 3481 2379 3549 thesaurum,
2401 3482 2525 3551 quia
2551 3482 2806 3536 nimirum
2832 3480 3013 3550 utique
3029 3479 3395 3550 gratulantur,

1797 3590 1919 3631 cum
1951 3584 2191 3646 Optatam
2220 3575 2322 3629 sibi
2358 3574 2668 3629 invenerint
2696 3573 3061 3642 sepulturam.

1879 3666 2005 3721 Viro
2036 3671 2189 3742 cujus
2218 3667 2523 3721 abscondita
2549 3677 2622 3720 est
2650 3667 2785 3733 tita;
2831 3674 2877 3720 ct
2916 3665 3249 3720 circumdedit
3280 3681 3397 3718 eum

1798 3759 1939 3816 Deus
1969 3760 2215 3816 tenebris.
2236 3762 2312 3816 De
2343 3776 2404 3816 se
2435 3760 2567 3815 dicit
2600 3778 2613 3815 :
2658 3762 2747 3815 Sic
2774 3760 2958 3830 itaque
2986 3758 3305 3814 incedebam
3340 3759 3388 3811 ir

1798 3853 2071 3909 mandatis
2104 3853 2221 3918 Dei,
2272 3853 2507 3909 credens
2563 3852 2709 3922 quod
2762 3851 2893 3906 tnihi
2942 3849 3395 3919 fructusjnstitiu.

1797 3962 1934 4003 mea:
1973 3948 2359 4017 responderet;
2418 3947 2514 4002 sed
2568 3946 2948 4002 absconditum
3004 3954 3087 4000 est
3140 3944 3390 3997 meritum

1796 4043 1923 4097 vitae
1954 4057 2111 4107 mete,
2144 4050 2198 4097 et
2248 4056 2345 4111 pro
2394 4040 2498 4095 hoc
2554 4054 2838 4111 poenarum
2893 4036 3133 4092 tenebris
3163 4036 3397 4090 circum-

1797 4133 1958 4189 datus
1979 4149 2099 4188 sum
2134 4150 2147 4188 :
2181 4135 2251 4187 ita
2304 4142 2366 4187 ut
2424 4131 2557 4187 illud
2607 4132 2811 4185 bonum
2865 4128 2995 4185 mihi
3053 4129 3392 4183 subtractum

1796 4225 1887 4291 sit,
1932 4234 1989 4280 et
2036 4225 2137 4281 hoc
2182 4225 2385 4279 malum
2442 4225 2775 4294 appositum.
2805 4221 2961 4291 Quod
2992 4229 3173 4276 autem
3209 4235 3399 4291 pmnas

1800 4319 2143 4373 tenebrarum
2178 4318 2399 4372 nomine
2426 4317 2643 4381 dixerit,
2673 4315 2798 4369 audi
2825 4315 2952 4386 quid
2981 4316 3229 4385 sequitur
3260 4332 3273 4368 :

1868 4413 2156 4483 Antequam
2196 4410 2460 4466 comedam
2507 4411 2737 4481 suspiro,
2792 4418 2840 4464 et
2885 4409 3042 4480 quasi
3086 4409 3395 4462 inundantes

1800 4522 1969 4577 aquae,
1991 4505 2064 4560 sic
2086 4505 2289 4578 rugitus
2310 4519 2474 4557 meus.
2500 4502 2649 4558 Inter
2666 4510 2896 4557 caeteros
2919 4502 3216 4571 cruciatus,
3232 4500 3398 4554 etiam

1802 4598 1945 4655 hanc
1975 4599 2023 4653 ei
2057 4597 2307 4651 diabolus
2356 4596 2731 4650 infirmitatem
2774 4594 3073 4659 inﬂixerat.
3117 4611 3278 4665 quam
3315 4596 3401 4648 itt-

122 4711 295 4751 somno
314 4715 443 4755 me.»
469 4699 875 4769 requiescerem
894 4715 1019 4755 cum
1040 4700 1257 4768 regibus
1278 4708 1333 4754 et
1352 4698 1693 4754 consulibus.
1726 4665 1780 4725 D
1807 4694 2117 4749 ﬁrmitatem
2148 4690 2343 4746 medici
2397 4691 2720 4745 bolimiodes
2764 4690 3064 4761 appellant,
3097 4706 3217 4759 quae
3248 4689 3401 4743 inﬁr-

123 4786 269 4845 Forte
318 4793 641 4861 exemplum
692 4800 881 4848 contra
928 4807 1026 4849 eos
1074 4804 1182 4857 εει,
1232 4792 1322 4862 qui
1356 4792 1547 4845 dicunt
1587 4806 1696 4845 non

123 4895 536 4953 re~ttrrcrturos,
581 4884 687 4941 nisi
715 4885 805 4956 qtti
846 4884 998 4954 juxta
1030 4885 1285 4940 ordinem
1329 4884 1442 4940 nati
1470 4884 1695 4938 l‘neriut.

120 4970 165 5025 Si
192 4976 331 5029 enim
358 4976 620 5046 concepti
662 4978 970 5033 moriuntur
1018 4978 1072 5032 in
1122 4986 1302 5044 utero,
1334 4990 1561 5031 necesse
1589 4984 1696 5041 est,

120 5068 224 5133 quia
253 5069 358 5123 vivi
398 5070 647 5125 fuerint:
679 5080 730 5125 et
763 5069 1022 5140 quidquid
1066 5070 1321 5134 moritur,
1356 5070 1499 5123 hami
1534 5069 1700 5124 dubie

121 5158 227 5227 quia
249 5170 533 5233 resurget.
572 5161 650 5216 Ita
681 5162 823 5229 quod
850 5162 905 5217 in
945 5162 1211 5219 membris
1231 5161 1327 5216 fuit
1359 5171 1414 5217 et
1444 5163 1601 5231 vixit,
1643 5171 1695 5216 et

120 5264 288 5309 natura
314 5256 503 5310 minus
523 5254 739 5311 dederit
762 5272 776 5310 :
802 5255 904 5310 hoc
928 5256 1330 5311 resurrectione
1354 5256 1405 5309 itt
1431 5255 1698 5326 integrum

121 5349 455 5417 reparabitur
487 5368 501 5405 :
533 5351 616 5406 sic
661 5350 805 5407 enim
855 5351 1077 5406 humani
1118 5351 1336 5420 generis
1376 5350 1703 5405 instauratio

119 5436 163 5492 in
200 5442 400 5499 melius
432 5449 610 5497 totum
658 5443 869 5509 reddet,
904 5444 1047 5514 quod
1092 5453 1283 5498 natura
1332 5442 1703 5498 fraudaverat.

121 5529 245 5587 Dicit
272 5537 445 5588 etiam
481 5535 756 5602 abortivo,
797 5551 922 5606 qua:
947 5536 1001 5589 in
1041 5543 1235 5589 natura
1277 5534 1509 5590 humana
1544 5536 1707 5605 dege-

118 5634 290 5680 nerata
322 5634 488 5694 sunt,
511 5640 541 5680 a
568 5627 747 5696 poenis
766 5641 890 5683 esse
911 5628 1114 5695 aliena,
1140 5628 1233 5695 qui
1258 5627 1361 5683 sibi
1386 5626 1709 5681 solitudines

117 5715 280 5787 magis
305 5732 488 5787 quam
513 5717 709 5774 domus
731 5718 1026 5774 aediﬁcant.
1058 5718 1273 5774 Habitat
1290 5719 1435 5774 enim
1460 5717 1710 5773 diabolus

120 5803 169 5857 in
196 5807 522 5862 civitatibus
546 5807 831 5876 desolatis,
862 5818 919 5865 et
942 5812 995 5864 in
1028 5808 1285 5864 domibus
1312 5809 1566 5865 desertis.
1597 5811 1710 5865 Non

138 5892 401 5955 habentes
445 5898 718 5970 hostilem
765 5900 953 5969 Deum,
985 5911 1037 5955 et
1089 5902 1367 5971 possident
1395 5917 1609 5969 aurum,
1658 5911 1717 5957 ut

1801 4788 1960 4843 mitas
1984 4786 2142 4841 talem
2167 4786 2377 4841 habere
2408 4786 2603 4840 dicitur
2654 4799 2892 4855 poenam,
2942 4794 3002 4839 ut
3050 4794 3173 4839 ante
3217 4784 3399 4838 cibum

1802 4894 2120 4958 torqueatur
2166 4893 2421 4955 aegrotus,
2455 4894 2509 4940 et
2540 4885 2651 4939 sint
2704 4885 2760 4939 ei
2810 4893 2932 4954 post
2960 4885 3138 4940 cibum
3197 4884 3401 4939 indesi-

1803 4996 2001 5045 nentes
2034 4987 2279 5041 dolores.
2307 4985 2461 5042 Unde
2486 4986 2617 5041 dicit
2645 5003 2658 5039 :
2683 4986 2851 5053 Quasi
2882 4986 3207 5041 inundantes
3245 5000 3401 5054 aquae

1804 5094 1946 5147 sicut
1977 5090 2192 5161 rugitus
2220 5105 2398 5145 meus.

1877 5194 2014 5261 Quia
2055 5193 2209 5245 timor
2254 5207 2403 5261 quem
2435 5191 2674 5245 timebam
2718 5192 2883 5245 evenit
2927 5191 3073 5245 mihi.
3125 5188 3403 5244 Timebaut

1803 5294 1950 5351 enim
1985 5294 2256 5363 peccando
2290 5294 2489 5349 laedere
2538 5296 2730 5359 Deum,
2762 5302 2817 5349 et
2846 5294 2939 5348 ille
2968 5293 3228 5357 offensus,
3263 5292 3399 5347 iram

1802 5395 2025 5466 juStitim
2048 5409 2159 5450 sua:
2182 5394 2237 5449 in
2261 5412 2345 5450 me
2368 5407 2650 5450 exerceat.
2683 5396 2785 5450 Sed
2811 5395 2937 5463 quid
2974 5393 3169 5462 proluit
3195 5395 3407 5449 cavisse

1810 5515 1839 5555 a
1874 5500 2131 5569 peccatis,
2162 5498 2604 5569 quandoquidem
2628 5508 2687 5554 ut
2710 5514 2839 5555 reus
2870 5500 3116 5553 omnium
3152 5511 3407 5569 peccato-

1809 5617 1929 5657 rum
1962 5601 2298 5655 discrucior?
2327 5601 2588 5671 Sequitur
2618 5620 2631 5657 :
2664 5654 2667 5657 .

1889 5699 1955 5754 Et
1979 5700 2115 5768 quod
2143 5700 2351 5755 verebar
2379 5701 2588 5754 accidit.
2638 5699 2777 5755 Aliis
2822 5700 3004 5755 verbis
3036 5701 3213 5771 ipsum
3251 5718 3405 5774 repe-

1811 5801 1898 5868 tit,
1930 5800 2076 5872 quod
2106 5800 2359 5864 superius
2398 5799 2633 5855 dixerat.
2669 5800 2776 5855 Pro
2824 5801 3240 5857 confirmatione
3284 5803 3416 5860 dicti

1819 5903 2005 5959 solent
2052 5901 2105 5956 in
2159 5901 2457 5972 Scripturis
2502 5903 2626 5959 talia
2684 5903 2894 5961 iterari.
2927 5902 3043 5959 Non
3094 5914 3417 5981 arroganter
