3948 6334
520 375 632 437 027

1307 375 1663 436 APPENDIX
1703 375 1796 434 AD
1831 376 2079 433 ’I‘OMUM
2116 366 2477 437 SEPTIMUM
2520 380 2579 436 S.
2624 375 3038 434 HIERONYMI.

525 495 649 551 haec
685 494 838 566 dicit,
882 503 942 551 ut
986 494 1147 551 faciat
1181 494 1294 551 Deo
1323 493 1603 567 injurlam,
1637 494 1732 551 sed
1772 492 2125 549 conscientia:
2154 495 2202 554 Α
2233 492 2394 550 leonis
2417 495 2657 568 dissipati
2680 501 2819 550 sunt.
2852 493 3023 549 Porro
3049 495 3120 549 ad
3145 509 3225 549 me
3268 494 3461 548 dictant
3504 504 3579 549 est
3613 497 3786 556 urbem

524 590 731 646 merito
762 591 935 648 libere
963 589 1229 659 loquitur.

600 681 794 737 Nonne
824 682 1183 738 dissimulavi?
1212 680 1328 737 Non
1368 680 1655 738 reddendo
1701 679 2127 737 retrihuentibus

521 772 663 829 mihi
692 774 856 829 mala.

598 865 789 921 Nonne
812 866 971 922 silui?
1000 865 1065 923 Ut
1102 882 1205 920 non
1236 866 1612 937 delinquerent
1657 864 1710 920 in
1755 864 1934 937 lingua
1980 879 2124 934 mea,

519 958 677 1029 posui
710 958 788 1013 ori
815 973 938 1013 meo
965 959 1291 1014 custodiam.

594 1047 789 1103 Nonne
806 1050 1011 1121 quievi?
1031 1049 1221 1105 Sciens
1246 1065 1367 1105 cum
1392 1049 1632 1105 surrexit
1654 1049 1707 1103 in
1725 1047 1936 1119 judicio
1958 1047 2125 1114 Deus,

514 1141 664 1213 quod
695 1142 877 1196 salvos
908 1140 1153 1197 facturus
1179 1147 1248 1197 sit
1272 1156 1468 1198 milites
1499 1150 1813 1196 mansuetos
1845 1149 2024 1196 terrae.

592 1231 665 1289 Et
694 1234 832 1288 venit
862 1249 1016 1306 super
1056 1248 1141 1288 me
1186 1234 1499 1306 indignatio.
1549 1233 1973 1305 Indignationem
2020 1236 2126 1287 hoc

514 1326 637 1383 loco
680 1328 956 1399 plagarum
1006 1329 1210 1385 molem
1257 1329 1412 1395 dicit,
1462 1343 1624 1400 quam
1675 1327 1845 1385 refert
1871 1342 2038 1399 super
2066 1342 2127 1385 se

515 1422 807 1487 cecidisse,
836 1422 989 1494 cujus
1017 1423 1259 1493 pondere
1287 1433 1339 1478 et
1365 1422 1648 1478 doloribus
1680 1439 1739 1477 se
1767 1425 1935 1494 gemit
1962 1422 2128 1477 obru-

514 1524 629 1570 tum
657 1532 670 1576 ;
705 1532 827 1570 cum
857 1518 976 1587 ipse
1002 1529 1174 1581 esset,
1201 1529 1261 1572 ut
1287 1516 1538 1589 superius
1568 1517 1663 1580 uit,
1714 1516 1917 1571 morbis
1961 1516 2125 1571 casti-

515 1617 713 1677 gatus;
747 1623 885 1679 quas
910 1623 1098 1678 pmnas
1130 1609 1182 1662 in
1214 1608 1696 1679 consequentibus,
1729 1608 1951 1677 sagittas
1973 1607 2076 1663 dici
2108 1622 2123 1662 :

514 1702 655 1754 sicut
678 1701 783 1757 ait:
802 1700 1020 1772 Sagitta:
1037 1699 1244 1754 Domini
1266 1701 1318 1754 in
1334 1716 1412 1754 me
1428 1709 1581 1754 sunt:
1604 1715 1823 1772 quarunt
1836 1699 2126 1771 indignatio

518 1793 674 1847 ebibit
703 1795 949 1862 spiritum
978 1810 1151 1849 meum
1170 1811 1189 1849 :
1220 1795 1359 1858 sive,
1384 1804 1447 1849 ut
1476 1795 1581 1849 alia
1613 1793 1907 1849 translatio
1939 1792 2118 1859 habet,

2226 587 2601 644 absconditum.
2629 587 2687 643 ln
2717 588 2837 659 tigri
2870 586 3222 659 velocitatem
3254 587 3372 656 ejus
3392 589 3465 641 ad
3515 588 3790 658 spoliandas

2228 678 2496 747 homines,
2530 657 2878 751 praedamque
2923 694 2988 736 ex
3030 679 3116 735 eis
3159 657 3482 749 capiendam
3531 679 3784 753 describit,

2223 771 2384 842 cujus
2405 771 2571 827 etiam
2593 770 2758 827 catuli
2779 769 2989 827 similes
3011 769 3134 841 eius
3154 769 3403 840 dissipati
3425 778 3557 825 sunt
3584 780 3636 826 ct
3667 772 3785 830 inte-

2226 864 2442 934 rempti.
2472 864 2529 919 In
2552 864 2662 919 alia
2685 862 2928 920 editione
2955 878 3055 934 pro
3101 863 3249 935 tigri,
3302 864 3701 936 myrmicoleon,
3738 868 3784 924 id

2226 967 2332 1024 est,
2357 956 2607 1023 formica,
2633 965 2689 1012 et
2718 958 2826 1020 leo,
2850 971 3014 1022 quem
3035 969 3141 1011 nos
3156 953 3344 1010 verius
3368 954 3635 1010 diabolum
3659 956 3789 1014 dixe-

2227 1051 2429 1108 rimus:
2454 1051 2545 1121 qui
2569 1051 2785 1121 quando
2807 1050 3049 1121 praedam
3072 1050 3203 1120 agit,
3227 1049 3296 1105 de
3317 1049 3534 1105 Sanctis
3556 1059 3790 1122 tamquam

2228 1142 2298 1199 de
2344 1144 2644 1213 majoribus
2692 1144 2877 1213 rebus,
2928 1153 2984 1198 ut
3024 1143 3113 1198 leo
3146 1141 3431 1197 habendus
3453 1146 3790 1214 estzquando

2230 1250 2358 1290 vero
2389 1234 2615 1290 minima
2642 1236 2839 1306 quaerit
2862 1233 3102 1304 auferre,
3131 1232 3359 1289 formica
3405 1233 3666 1291 dicendus
3705 1245 3791 1292 est.

2231 1327 2296 1383 Et
2322 1328 2447 1397 quia
2479 1326 2622 1383 sicut
2644 1325 2872 1383 formica
2900 1342 3066 1397 grana
3095 1325 3165 1382 de
3196 1340 3346 1393 area,
3379 1326 3452 1381 ita
3480 1327 3578 1384 ille
3612 1329 3787 1400 cogita-

2230 1422 2408 1476 tiones
2439 1421 2607 1477 bonas
2635 1420 2811 1476 aufert
2839 1421 2909 1476 de
2933 1419 3189 1485 cordibus
3218 1420 3518 1475 hominum.

2302 1510 2369 1566 Et
2395 1514 2544 1584 quasi
2588 1513 2779 1585 furtive
2819 1515 3044 1583 suscepit
3086 1514 3232 1569 auris
3272 1529 3387 1567 mea
3425 1529 3582 1568 venas
3625 1518 3794 1570 susurri

2229 1611 2364 1681 ejus.
2389 1606 2454 1662 In
2481 1610 2695 1664 horrore
2714 1610 2927 1662 visionis
2954 1621 3237 1674 nocturnae,
3265 1612 3475 1679 quando
3502 1611 3631 1666 solet
3663 1630 3796 1682 sopor

2230 1716 2483 1774 occupare
2508 1703 2759 1766 homines,
2794 1719 2951 1769 ιεαηυν
2973 1703 3134 1757 tenuit
3156 1719 3256 1770 me,
3284 1712 3332 1756 et
3355 1711 3569 1769 tremor,
3589 1714 3632 1758 et
3651 1708 3797 1762 omnia

2231 1809 2349 1848 ossa
2372 1810 2484 1848 mea
2515 1795 2783 1859 perterrita
2808 1806 2945 1847 sunt.
2978 1794 3038 1846 lit
3071 1812 3187 1848 cum
3211 1795 3427 1868 spiritus
3458 1813 3537 1850 me
3581 1810 3797 1866 prasente

514 1886 672 1938 coibit
706 1888 1013 1957 sanguinem
1052 1903 1243 1940 meum.
1287 1886 1356 1941 Et
1394 1886 1613 1955 proprie
1651 1885 1864 1956 sagittae
1905 1898 2122 1941 vermes
2151 1874 2200 1939 Β
2226 1884 2491 1950 transiret,
2516 1882 2884 1939 inhorruerunt
2913 1886 3006 1953 pili
3029 1886 3202 1939 carnis
3229 1901 3372 1941 mete.
3408 1885 3570 1942 Stetit
3588 1889 3788 1959 quidam,

514 1988 745 2045 possunt
782 1978 1031 2047 intelligi,
1062 1980 1186 2049 quia
1212 1978 1282 2033 ah
1309 1979 1390 2033 eis
1408 1977 1843 2033 indesinentihus
1886 1978 2122 2033 stimulis

512 2071 892 2140 pnngebatur:
926 2072 1069 2126 sicut
1099 2074 1215 2140 ipse
1242 2071 1345 2126 Job
1372 2072 1484 2127 ait:
1521 2072 1582 2125 Et
1612 2072 1704 2142 qui
1736 2071 2119 2138 comederunt,

510 2179 620 2218 non
645 2164 946 2219 dormiunt.
976 2166 1128 2233 Quos
1154 2165 1403 2221 diabolus
1432 2165 1497 2219 ad
1547 2163 1948 2219 comedendum
1988 2179 2117 2221 eum

508 2259 760 2314 acriores
789 2258 1047 2324 faciebat,
1070 2270 1122 2314 et
1153 2259 1228 2312 illi
1252 2258 1406 2328 «μιεηί
1436 2257 1779 2327 indignantes
1803 2265 1862 2313 et
1882 2258 2120 2314 irascen-

508 2360 594 2408 tes
623 2354 693 2407 ita
724 2367 942 2409 carnem
968 2354 1085 2425 ejus
1111 2353 1382 2408 morsibus
1409 2352 1710 2419 fodiebant,
1744 2363 1801 2408 ut
1843 2351 1997 2407 velut
2017 2365 2116 2407 sa-

2225 1979 2375 2049 cujus
2408 1992 2509 2029 non
2543 1976 2910 2049 regnosrebam
2952 1977 3172 2043 vultum,
3218 1979 3390 2054 imago
3438 1997 3614 2034 coram
3658 1984 3796 2037 oculis

2223 2072 2367 2133 meis,
2401 2080 2446 2124 et
2478 2087 2645 2125 uocem
2677 2072 2825 2138 quasi
2853 2088 2997 2127 aura:
3026 2072 3157 2125 lenis
3176 2073 3379 2127 audivi.
3413 2068 3680 2145 Numquid
3716 2074 3794 2130 lto-

2221 2179 2304 2216 mo
2334 2160 2432 2216 Dei
2474 2164 2861 2233 comparatione
2896 2163 3317 2238 justi/imbitur:
3357 2174 3447 2217 aut
3491 2169 3681 2237 factore
3717 2150 3795 2222 suo

2222 2258 2401 2329 purior
2430 2259 2526 2312 erit
2555 2260 2668 2314 vir?
2693 2258 2750 2313 Id
2780 2268 2886 2325 est,
2916 2259 3150 2315 latenter
3171 2259 3236 2314 ad
3260 2275 3450 2316 aurem
3476 2262 3657 2317 cordis
3679 2264 3792 2332 mei,

2220 2348 2392 2404 virtus
2416 2350 2701 2404 sententia:
2725 2350 2876 2405 velut
2899 2350 3134 2421 quodam
3162 2351 3462 2422 spiramine
3494 2355 3794 2422 penetravit.

2292 2439 2426 2496 Ecce
2452 2442 2542 2514 qui
2568 2443 2793 2497 serviunt
2824 2443 2869 2496 ei
2894 2460 2995 2497 non
3027 2453 3145 2497 sunt
3170 2445 3402 2510 stabiles,
3428 2455 3475 2500 et
3515 2447 3572 2500 in
3617 2446 3793 2516 angelis

2220 2534 2327 2590 suis
2359 2537 2551 2603 reperit
2581 2536 2908 2603 pravitatem.
2945 2535 3153 2602 Quanto
3178 2539 3344 2607 magis
3370 2539 3427 2591 lii
3453 2539 3544 2609 qui
3589 2537 3799 2594 habitant

2218 2629 2399 2683 domos
2430 2626 2616 2683 luteas.
2652 2627 2863 2682 Dicitur
2892 2630 3110 2699 quidem
3134 2628 3371 2694 diabolo,
3403 2632 3496 2700 qui
3546 2631 3793 2701 quondam

2219 2730 2440 2776 sanctus
2488 2722 2711 2793 angelus
2754 2721 2877 2785 fuit,
2927 2722 3069 2794 quod
3099 2724 3150 2777 in
3183 2725 3409 2779 veritate
3438 2740 3549 2779 non
3580 2727 3788 2791 steterit,

2220 2822 2275 2869 et
2303 2812 2374 2869 ab
2400 2812 2849 2870 illasublimitate
2875 2816 3118 2886 angelica
3152 2818 3370 2887 propria
3400 2819 3677 2876 voluntate
3715 2820 3798 2876 de-

2218 2903 2415 2964 ciderit
2446 2927 2460 2963 :
2511 2908 2608 2963 sed
2656 2918 2837 2964 tamen
2888 2925 2994 2964 nun
3027 2921 3110 2964 est
3139 2912 3399 2965 continuo
3427 2915 3719 2983 generale:
3746 2924 3797 2969 nt

2218 2999 2363 3055 sicut
2382 2996 2439 3055 in
2464 2999 2584 3068 illo,
2627 2999 2702 3055 ita
2752 3010 2807 3055 et
2850 3002 2905 3056 in
2950 3002 3198 3056 omnibus
3243 3004 3451 3073 angelis
3499 3005 3796 3060 inveniatur

2219 3094 2475 3161 pravitas,
2509 3107 2635 3164 (μειβ
2679 3101 2765 3150 est
2808 3106 3115 3165 peccatum.
3162 3094 3355 3151 Omnis
3403 3100 3547 3151 enim
3598 3107 3792 3163 natura,

2221 3183 2339 3241 sine
2366 3185 2531 3240 dubio
2560 3198 2763 3251 creata,
2798 3200 2966 3257 capax
2997 3192 3203 3257 peccati
3230 3197 3347 3246 est:
3377 3198 3437 3245 ut
3460 3194 3709 3261 apparuit
3748 3193 3791 3247 in

2134 3264 2185 3336 ο
2215 3279 2408 3349 angelo
2451 3278 2522 3333 de
2568 3295 2675 3347 quo
2718 3278 2870 3334 dixi:
2904 3280 3029 3351 quia
3076 3281 3129 3336 in
3176 3282 3416 3338 veritate
3467 3300 3575 3338 non
3627 3284 3794 3340 stetit:

2220 3383 2400 3426 tamen
2429 3387 2525 3440 per
2549 3372 2750 3428 donum
2787 3381 2842 3429 et
2887 3375 3113 3443 gratiam
3161 3376 3436 3431 creatoris
3476 3377 3585 3444 sui,
3636 3379 3703 3431 ita
3746 3379 3789 3431 in

2212 3468 2454 3520 amorem
2478 3465 2760 3521 charitatis
2790 3466 2942 3522 illius
2968 3469 3328 3535 transierunt,
3365 3479 3420 3523 nt
3441 3470 3558 3539 jam
3590 3484 3686 3527 nec
3710 3484 3790 3525 ve-

2212 3555 2311 3613 lint
2341 3571 2592 3626 peccare,
2626 3573 2726 3613 nec
2752 3559 2984 3629 possint.

2285 3648 2389 3717 Qui
2433 3659 2693 3704 terrenum
2738 3646 2929 3705 habent
2965 3651 3396 3721 fundamentum,
3443 3664 3794 3711 consumatur

2209 3742 2346 3796 velut
2367 3759 2399 3796 a
2431 3743 2591 3798 tinea.
2624 3742 2682 3798 Si
2711 3744 2906 3799 domus
2936 3744 3101 3800 luteas
3126 3755 3254 3801 sunt
3299 3761 3534 3816 corpora
3581 3757 3789 3806 nostra:

2207 3833 2617 3890 fundamentum
2638 3836 2927 3892 domorum
2950 3847 3286 3905 nostrarum,
3313 3839 3478 3895 vitam
3510 3842 3645 3896 hanc
3666 3853 3792 3896 tem-

2208 3929 2477 3998 porariam
2506 3924 2651 3999 esse,
2676 3930 3004 3986 credendum
3027 3940 3134 3997 est,
3162 3948 3265 4001 qua
3287 3933 3588 4003 subtracta,
3612 3934 3787 3989 domus

2207 4022 2365 4077 Iuleae
2395 4032 2557 4078 ruunt
2584 4024 2638 4078 in
2666 4032 2919 4079 mortem.

2278 4116 2357 4171 De
2382 4133 2532 4171 mane
2558 4133 2714 4187 usque
2747 4118 2818 4170 ad
2857 4133 3123 4186 vesperam
3164 4120 3501 4174 succidantur
3525 4166 3542 4191 ,
3586 4130 3637 4175 et
3677 4121 3788 4190 quia

505 2448 655 2516 gitur
697 2446 970 2502 viscerum
1012 2446 1268 2501 interiora
1322 2454 1697 2516 penetrarent.
1745 2444 1980 2516 Explicit
2026 2444 2117 2501 ubi

504 2542 611 2598 Job
642 2542 923 2598 maledixit
951 2542 1095 2598 diem
1121 2542 1419 2597 nativitatis
1444 2555 1582 2597 aute.

1136 2675 1367 2733 CAPUT
1397 2675 1488 2733 IV.

583 2793 916 2865 Respondeas
945 2804 1116 2848 autem
1162 2791 1392 2863 Elipltas
1441 2791 1791 2857 Tltentanites,
1834 2790 2001 2846 dixit:
2053 2790 2117 2847 Si

506 2889 808 2961 caperimus
836 2886 978 2952 loqui
1027 2887 1141 2953 tibi,
1187 2887 1407 2957 forsitan
1452 2884 1667 2939 moleste
1710 2883 1953 2950 accipies.
2008 2882 2117 2939 Sed

504 2994 808 3049 conceptum
848 2998 1134 3037 sermonem
1184 2991 1356 3036 tenere
1401 2981 1517 3053 quis
1564 2980 1796 3053 poterit?
1837 2980 2115 3052 Concepta

500 3092 634 3147 ergo
657 3076 825 3132 verba
853 3076 970 3132 edit
999 3076 1051 3130 in
1079 3075 1330 3145 injuriam
1354 3075 1647 3142 audientis,
1677 3083 1733 3131 et
1756 3075 1890 3131 dicit
1912 3076 1986 3131 ita
2010 3092 2026 3132 :

580 3168 711 3223 Ecce
740 3169 963 3222 docuisti
990 3167 1205 3222 multos.
1239 3166 1296 3223 Id
1326 3176 1432 3235 est,
1461 3166 1889 3238 quamplurimas
1934 3167 2113 3225 soler-

501 3254 580 3314 tia
607 3240 718 3328 tua,
751 3271 805 3315 et
833 3260 1076 3314 bonitate
1101 3258 1170 3313 ab
1195 3258 1480 3314 erroribus
1508 3259 1802 3315 revocasti.

572 3349 642 3405 Et
675 3368 857 3406 manus
884 3352 1048 3405 lassas
1077 3350 1356 3407 roborasti.
1408 3349 1734 3407 Vacillantss
1773 3351 2112 3425 conﬁrmave-

497 3450 621 3497 runt
642 3457 903 3498 sermones
923 3442 1023 3509 tui,
1046 3450 1097 3498 et
1116 3458 1287 3513 genua
1307 3442 1578 3498 trementia
1596 3444 1924 3513 confortasti.
1951 3444 2111 3501 Nunc

498 3546 671 3589 autem
718 3535 856 3588 venit
902 3550 1057 3607 super
1101 3545 1148 3589 te
1191 3535 1367 3607 plaga,
1399 3543 1448 3589 et
1472 3536 1747 3604 defecisti:
1777 3538 1940 3611 tetigit
1956 3548 2032 3605 te,
2058 3548 2110 3595 et

499 3626 837 3682 conturbatus
858 3644 933 3682 es.
968 3626 1068 3683 Ubi
1093 3636 1168 3682 est
1189 3629 1342 3682 timor
1364 3635 1505 3692 tuus,
1536 3628 1790 3698 fortitudo
1834 3639 1961 3695 tua,
2011 3648 2108 3703 pa-

494 3719 678 3774 tientia
709 3732 797 3775 tua
821 3762 837 3787 ,
881 3731 927 3776 et
967 3722 1212 3793 perfectio
1242 3723 1442 3776 uiarum
1478 3724 1728 3779 tuarum?
1757 3724 1864 3780 ista
1887 3741 2022 3797 ergo
2051 3726 2105 3784 in

492 3821 746 3868 sanctum
766 3812 869 3869 Job
893 3829 1014 3869 cum
1040 3814 1295 3869 irrisione
1317 3813 1605 3870 dicuntur:
1633 3828 1686 3873 et
1713 3816 1872 3872 istum
1900 3817 2108 3875 habent

492 3920 718 3962 sensum
745 3931 758 3963 :
786 3908 831 3962 si
866 3907 984 3963 hsce
1004 3906 1230 3965 fecisses
1259 3924 1382 3979 qua:
1409 3908 1542 3974 dixi,
1568 3927 1862 3981 numquam
1888 3912 1943 3967 in
1987 3913 2107 3972 haec

491 4005 606 4055 tam
635 4001 776 4056 mila
805 4002 873 4056 ad
902 4002 1217 4072 exemplum
1249 4005 1557 4060 mortalium
1602 4005 1888 4063 incidisses
1908 4046 1924 4071 ,
1974 4007 2102 4079 quia

492 4091 666 4147 Deum
712 4109 894 4148 rerum
940 4093 1181 4149 omnium
1211 4096 1554 4151 conditorem
1584 4095 1788 4153 bonum
1816 4098 2024 4155 scimus
2048 4108 2105 4157 et

492 4182 723 4281 Ϊυεξυτηι
763 4277 772 4281 _
2205 4207 2379 4261 nullus
2408 4182 2669 4281 intelligit,
2698 4209 2755 4262 in
2780 4182 3029 4263 a'tertsttnt
3054 4211 3316 4279 peribunt.
3346 4211 3451 4276 Qui
3477 4182 3642 4266 autem
3678 4182 3787 4265 reli-

566 4276 884 4341 liecordure,
915 4281 1124 4333 obsecro
1144 4291 1232 4334 te:
1268 4282 1386 4351 quis
1416 4282 1553 4336 enim
1579 4298 1828 4354 umquam
1856 4283 2103 4341 innocens

2223 4300 2291 4365 yui
2318 4300 2530 4371 fuerint,
2563 4304 2864 4370 aufet‘entnr
2892 4316 2956 4355 ea
2995 4301 3072 4356 eis
3095 4317 3115 4355 :
3160 4303 3464 4369 morientur,
3510 4312 3561 4359 et
3598 4319 3699 4358 non
3739 4304 3786 4355 in

488 4367 661 4439 Ρενίίιυ
693 4377 781 4421 aut
808 4371 1019 4439 quando
1045 4374 1168 4424 rec“
1205 4372 1360 4427 άειεῑὲ
1398 4376 1557 4429 8W“?
1596 4373 1737 4440 Qui"
1780 4376 1953 4447 Ροιίιιε
1992 4377 2101 4432 νίάί
2200 4367 2479 4459 sapientia.
2505 4391 2561 4447 In
2586 4367 2693 4447 uno
2731 4393 2846 4459 die,
2894 4403 3063 4448 totam
3108 4396 3279 4450 vitam
3320 4367 3601 4451 hominum
3646 4411 3787 4451 moi.-

489 4477 576 4515 eos
622 4462 716 4533 qui
757 4472 1040 4559 operantur
1050 4465 1414 4559 iniquitatem,
1449 4469 1773 4524 etseminant
1795 4469 2024 4537 dolores.
2051 4481 2101 4528 σε
2201 4487 2416 4551 Stravit,
2456 4499 2577 4554 quas
2606 4485 2663 4540 in
2693 4484 2897 4541 mundo
2924 4495 3130 4542 vernat.
3160 4486 3217 4541 ln
3252 4488 3499 4559 parvulis
3526 4487 3706 4551 floret,
3733 4488 3777 4540 in

487 4561 685 4606 metunt
711 4570 819 4621 eos,
847 4557 1013 4625 ﬂante
1041 4555 1169 4623 Deo,
1201 4559 1415 4627 perisse,
1449 4569 1496 4613 et
1520 4560 1709 4629 spiritu
1736 4561 1830 4617 ἔγω
1849 4564 1962 4631 eius
1987 4580 2099 4619 esse
2197 4575 2489 4643 juvenibus
2513 4577 2869 4644 convalescit,
2896 4588 2953 4635 ει
3003 4555 3293 4636 τηδθηιιίτ
3342 4591 3555 4637 mm"
3593 4591 3779 4636 mare;

487 4655 841 4744 consumptos.
873 4645 1268 4744 Ergoi-gnoras
1294 4650 1430 4707 Abel
1465 4653 1516 4706 in
1544 4652 1811 4744 principio
1834 4654 2093 4712 innocen-
2117 4657 2171 4720 D
2198 4670 2248 4723 in
2297 4670 2631 4737 senioribus,
2669 4680 2945 4742 umquam
2968 4671 3023 4728 ίη
3053 4673 3339 4738 [Μαίδυῆ
3371 4683 3432 4729 οι
3459 4684 3779 4744 postremum

483 4744 598 4790 tem
629 4736 891 4836 ouium,
926 4749 981 4795 et
1011 4739 1282 4796 Abraham
1316 4743 1683 4811 patriarcbam
1711 4754 1933 4815 propter
1958 4761 2090 4802 uxo—
2197 4765 2251 4817 ίη
2278 4762 2552 4833 (ποθι-θρίω
2584 4736 2865 4820 mea,“
2906 4766 3218 4832 Μαρίων,
3259 4736 3425 4836 (μάλα,
3462 4736 3556 4822 ἦ,ίο
3602 4778 3781 4833 vespa.

480 4842 599 4884 rem
628 4844 779 4884 suam
812 4831 978 4888 fuisse
1007 4835 1419 4905 periclitatum:
1453 4850 1512 4895 Cl
1560 4839 1676 4895 hinc
1723 4855 1832 4895 non
1884 4840 2090 4898 discer-
2196 4872 2313 4912 ram
2361 4831 2674 4927 θρρθηινίι,
2726 4855 2882 4913 Unde
2926 4871 3008 4913 est
3349 4859 3593 4928 psalmo;
3634 4831 3781 4910 unum

480 4937 644 4991 nens,
683 4926 1014 4997 generaliter
1040 4928 1137 4983 das
1166 4931 1519 4995 sententiam,
1554 4943 1613 4987 ut
1640 4947 1762 4987 cum
1793 4932 1883 4988 alii
1916 4932 2092 4990 homi-

2223 4950 2327 5003 icut
2350 4926 2508 5003 herba
2553 4958 2804 5015 transeat,
2846 4959 2901 5005 et
2940 4951 3182 5021 reliqua:
3212 4926 3422 5007 decidit
3467 4951 3523 5007 in
3563 4959 3775 5012 morte,

477 5031 610 5071 num
643 5017 986 5088 ﬂagellentur
1010 5036 1039 5076 a
1071 5021 1326 5089 Domino,
1362 5034 1417 5077 ut
1464 5024 1850 5091 emendentur,
1894 5025 1987 5080 alii
2030 5034 2089 5081 ut
2194 5038 2476 5095 ίηάυηωι-
2505 5042 2559 5095 in
2588 5040 2873 5097 cadavere,

474 5110 804 5179 probentur,
859 5113 926 5169 de
976 5113 1175 5185 quibus
1225 5115 1329 5169 iste
1372 5124 1493 5171 est:
1521 5132 1620 5172 cur
1648 5116 1776 5172 huic
1809 5116 1960 5172 velut
1990 5132 2085 5174 reo

474 5213 696 5273 ptenam
726 5206 1063 5274 exprobras?
1090 5207 1228 5275 Quin
1264 5209 1439 5278 potius
1470 5225 1565 5264 eos
1590 5211 1683 5281 qui
1712 5212 2081 5279 operabantnr

475 5297 842 5368 iniquitatem,
893 5300 1057 5356 ﬂante
1106 5302 1240 5370 Deo,
1285 5303 1531 5374 perisse:
1572 5304 1623 5361 id
1655 5318 1757 5370 est,
1795 5308 2077 5377 ttljudicis

474 5395 745 5450 sententia
777 5395 925 5451 velut
945 5406 1113 5453 vento
1142 5398 1628 5455 vehementissimo
1656 5401 1901 5458 sublatos
1922 5418 1951 5457 a
1980 5417 2078 5473 spe

474 5495 701 5543 aeterna:
727 5488 877 5543 vitro.

545 5577 775 5649 Rugitus
805 5579 995 5647 leonis,
1027 5589 1077 5635 et
1104 5597 1202 5636 vox
1246 5581 1443 5653 letenar,
1483 5593 1531 5638 et
1568 5583 1747 5641 dentes
1784 5584 2078 5641 catulorum

470 5672 681 5727 leonum
717 5672 928 5726 contriti
964 5683 1103 5728 sunt.
1133 5672 1191 5729 In
1217 5676 1400 5745 rugitu
1432 5675 1618 5732 leaenae
1646 5687 1699 5733 et
1728 5692 1881 5743 voce,
1915 5678 2079 5734 saevi-

465 5763 597 5819 tiam
623 5764 991 5834 deprazdantis
1020 5766 1198 5823 voluit
1220 5768 1549 5838 significare.

531 5853 707 5928 Tigris
735 5858 885 5928 perit.
928 5874 986 5915 σὺ
1015 5877 1151 5915 σασα
1183 5877 1283 5916 son
1311 5859 1519 5917 haberet
1549 5878 1597 5917 θ’
1616 5877 1803 5931 rosas,
1832 5871 1880 5920 et
1905 5860 2071 5919 catuli

2832 5160 3061 5218 CAPUT
3091 5160 3158 5217 Υ.

2258 5300 2401 5356 Voca
2433 5317 2557 5374 ergo
2583 5301 2629 5355 si
2654 5302 2841 5371 estqui
2871 5300 2961 5355 tibi
2986 5302 3319 5373 respondeat,
3350 5310 3401 5356 et
3443 5302 3515 5356 ad
3553 5300 3771 5371 aliquem

2177 5404 2475 5451 sanctorum
2501 5405 2812 5453 conuertere.
2849 5394 3027 5451 Virum
3057 5396 3273 5450 stultum
3300 5396 3547 5464 interficit
3566 5396 3777 5450 iracun-

2183 5491 2292 5560 dia,
2321 5498 2368 5545 et
2392 5488 2662 5559 paruulum
2685 5490 2869 5545 occidit
2888 5489 3101 5545 invidia.
3130 5489 3240 5560 ligo
3260 5488 3369 5543 vidi
3386 5489 3601 5543 stultum
3624 5487 3774 5555 firmo

2179 5583 2376 5651 radice,
2409 5590 2459 5637 et
2487 5580 2730 5636 maledixi
2775 5579 3153 5652 pulchritudini
3195 5582 3311 5653 ejus
3349 5581 3543 5639 statim.
3595 5576 3772 5649 Longe

2178 5676 2305 5747 ﬁent
2331 5676 2429 5741 ﬁlii
2455 5674 2569 5739 eius
2596 5688 2629 5729 a
2657 5674 2844 5735 salute,
2877 5682 2925 5727 et
2953 5682 3287 5727 conterentur
3310 5672 3365 5729 in
3398 5682 3564 5739 porta.
3590 5680 3643 5727 et
3669 5684 3769 5723 non

2177 5770 2273 5822 erit
2298 5768 2387 5839 qui
2417 5775 2582 5822 cruat.
2612 5765 2849 5823 Stultum
2874 5765 3029 5830 dicit,
3061 5765 3153 5834 qui
3179 5764 3248 5821 de
3276 5764 3392 5823 suis
3419 5759 3629 5821 meritis
3654 5759 3770 5832 glu-

2179 5859 2368 5917 riatur.
2397 5858 2503 5917 Sed
2531 5858 2619 5915 hic
2648 5855 3129 5930 pulchritudinem,
3159 5857 3381 5917 nomine
3407 5855 3553 5913 falsa
3584 5851 3765 5910 felici-
