3948 6334
204 362 289 423 629

1096 349 1576 411 (ξοΜκιηΝγΑῐιιι
1617 345 1682 402 ΙΝ
1724 342 1986 403 LIBRUM
2026 345 2167 403 JOB.
2210 344 2366 403 CAP.
2410 346 2473 401 V.

3328 350 3436 409 650

202 477 298 536 tatis
321 473 532 546 appellat
557 491 570 527 :
599 487 724 545 qua:
751 472 1127 529 maledicentia
1160 482 1263 539 est,
1295 484 1352 530 et
1399 466 1735 528 exsecranda
1762 468 1820 528 Α
1842 466 2077 535 gladium
2108 478 2389 540 peccatum
2437 468 2602 535 dicat,
2647 467 2916 524 dimicans
2952 476 3148 525 contra
3193 469 3433 528 animum

200 582 281 635 est,
302 569 407 638 quia
431 582 551 622 eam
582 567 829 636 sequitur
857 565 1113 620 interitus
1143 567 1533 636 sempiternus.

174 646 181 653 ’
254 659 385 733 Cujus
412 674 622 712 messem
645 658 914 728 faanicus
955 656 1222 723 comedet,
1268 666 1319 713 et
1364 659 1534 730 ipsum
1578 652 1745 725 rapiet

198 764 400 821 armatus,
429 760 473 805 et
497 750 666 806 bibent
695 750 919 805 sitientes
948 750 1157 804 divitias
1177 751 1314 819 ejus.
1349 749 1502 804 Nihil
1524 749 1578 802 in
1605 756 1745 802 terra

197 850 283 904 sine
299 861 435 900 causa
456 843 544 907 sit,
569 851 615 896 et
642 842 709 894 de
731 840 889 895 humo
916 858 1019 895 non
1040 841 1330 913 egredietur
1348 841 1521 896 dolor.
1544 839 1744 896 Sitien-

196 950 277 1007 tes,
304 937 543 1004 famelici,
596 945 653 991 et
700 936 929 991 armati:
978 935 1235 992 diabolus
1282 944 1338 992 et
1381 934 1469 990 sui
1517 943 1746 1006 possunt

195 1033 400 1103 intelligi,
430 1032 519 1100 qui
549 1037 873 1101 potestatem
903 1029 1172 1100 accipiunt
1204 1045 1234 1084 a
1262 1028 1396 1093 Deo,
1429 1038 1485 1083 ut
1530 1037 1746 1085 vastent

191 1126 400 1197 iniquos:
428 1123 512 1178 vel
538 1121 793 1179 sitientes
818 1123 1096 1179 hominum
1128 1133 1381 1191 mortem,
1429 1138 1592 1179 omne
1638 1123 1745 1178 sci-

191 1222 291 1277 licet
329 1218 518 1273 bonum
571 1227 817 1284 naturae,
859 1226 915 1272 et
958 1218 1104 1286 quod
1148 1218 1371 1273 nomine
1424 1216 1742 1271 divitiarum

192 1312 356 1367 dictum
395 1320 494 1371 est,
528 1310 598 1364 ab
629 1310 708 1365 ei;
736 1309 890 1365 velut
914 1310 1166 1367 haustum
1201 1310 1456 1381 poculum
1484 1309 1746 1364 absorbe-

189 1415 256 1458 tur
275 1422 286 1457 :
308 1402 380 1457 vel
410 1401 658 1456 homines
690 1403 881 1472 iniqui,
914 1403 1009 1473 qui
1039 1409 1296 1473 premunt
1318 1402 1614 1472 subjectos.

248 1496 390 1550 [lauto
430 1497 663 1549 nascitur
706 1495 776 1549 ad
818 1493 1083 1562 laborem,
1132 1503 1182 1549 et
1224 1496 1334 1549 avis
1381 1494 1450 1548 ad
1492 1494 1741 1548 volatum.

189 1587 487 1657 Qutmobrem
528 1604 625 1662 ego
666 1588 985 1659 deprecabor
1027 1587 1330 1653 hominum,
1380 1595 1429 1642 et
1469 1587 1537 1640 ad
1579 1584 1746 1641 Deum

188 1698 344 1754 ponam
363 1682 623 1752 eloquium
650 1698 840 1736 meum.
872 1682 926 1737 ld
947 1690 1050 1749 est,
1082 1681 1238 1736 labor
1260 1679 1534 1736 hominem
1562 1689 1747 1735 monet

186 1774 282 1848 [ΑΙ.
312 1771 502 1846 manet]
524 1814 540 1837 ,
574 1782 635 1828 ut
659 1774 729 1827 ab
748 1774 1001 1829 omnibus
1017 1774 1165 1829 vitiis
1184 1774 1483 1845 castigatus
1507 1773 1742 1829 incedat.

1848 560 2123 629 hominis,
2176 571 2235 615 ut
2283 576 2403 615 eam
2448 560 2551 615 sibi
2599 560 3037 630 acquiescentem
3099 570 3433 631 prosternat.

1844 654 2002 723 Quod
2048 663 2333 724 peceatum
2380 652 2545 725 gladii
2589 653 2811 708 nomine
2847 651 3046 708 dicitur
3075 667 3173 723 per
3199 654 3441 727 prophe-

1847 756 1977 814 tam,
2008 756 2069 802 ut
2095 748 2210 803 ait:
2240 747 2551 819 Speculator
2571 747 2614 801 si
2640 746 2823 802 viderit
2864 745 3097 818 gladium
3134 749 3437 807 venientem.

1916 840 1962 896 A
1984 841 2193 911 ﬂagello
2221 838 2413 910 lingua:
2436 840 2791 907 absconderis,
2817 846 2868 895 et
2909 855 3016 895 non
3059 840 3260 898 timebis
3294 843 3445 899 caluo

1846 934 2073 989 mitatem
2112 950 2231 989 cum
2273 934 2483 988 venerit.
2525 934 2579 990 Si
2615 947 2919 990 conversus
2944 932 3112 990 lueris
3139 934 3206 991 ad
3237 934 3434 1007 Deum,

1846 1028 2104 1085 interiora
2136 1038 2247 1091 tua,
2277 1026 2440 1096 gladii
2466 1026 2777 1093 verborum,
2809 1041 2908 1097 per
2931 1025 3167 1098 linguam
3208 1026 3436 1098 iaculati

1847 1138 1953 1177 non
2000 1129 2313 1192 penetrant,
2362 1129 2415 1174 et
2460 1119 2817 1186 calamitates,
2847 1117 2931 1173 vel
2961 1117 3102 1173 mala
3126 1133 3246 1189 qnte
3267 1132 3301 1174 a
3325 1117 3441 1177 Deo

1848 1215 2154 1283 irrog’antur
2183 1211 2579 1283 peccatoribus,
2610 1226 2719 1266 non
2748 1210 2985 1266 timebis.

1918 1304 1987 1359 In
2014 1305 2250 1359 vastitate
2296 1312 2343 1358 et
2387 1303 2525 1373 fame
2570 1302 2782 1358 ridebis.
2829 1301 3083 1370 Ridebis,
3132 1301 3292 1373 dixit,
3340 1316 3442 1374 pro

1847 1398 2162 1465 exsultabit,
2195 1406 2355 1467 atque
2379 1395 2661 1466 gaudebis,
2689 1406 2743 1450 et
2770 1395 2927 1451 laetus
2956 1394 3092 1463 eris,
3135 1410 3258 1452 cum
3295 1396 3439 1453 alios

1846 1493 2049 1548 videris
2092 1491 2235 1548 fame
2275 1491 2441 1559 allici,
2490 1490 2605 1547 sive
2630 1491 2906 1561 praesenti,
2938 1491 3055 1547 sive
3079 1491 3245 1546 etiam
3276 1489 3443 1549 intel-

1847 1587 2089 1642 lectuali.

1920 1679 1990 1735 Et
2021 1682 2203 1736 bestias
2224 1689 2377 1735 terra:
2396 1696 2495 1734 non
2524 1678 2851 1749 formidabis.
2896 1676 3024 1734 Haec
3065 1677 3299 1749 septima
3332 1692 3444 1743 ex-

1850 1782 2128 1843 tremaque
2175 1772 2473 1827 tribulatio.
2522 1771 2715 1827 Bestia:
2756 1781 2937 1836 terrae,
2987 1778 3218 1841 possunt
3253 1779 3310 1831 et
3340 1773 3441 1826 ista

241 1867 326 1937 Qui
352 1869 473 1940 facit
501 1884 689 1939 magna
718 1876 765 1923 et
793 1867 1170 1928 inscrutabilia,
1202 1875 1250 1922 et
1274 1867 1535 1921 mirabilia
1554 1868 1742 1937 absque
1770 1850 1824 1914 B
1850 1865 2137 1920 animantia
2179 1880 2298 1933 qua:
2341 1874 2470 1919 sunt
2509 1866 2629 1919 sine
2673 1863 2885 1919 ratione
2934 1862 3189 1934 intelligi,
3239 1862 3440 1934 quibus

182 1974 377 2012 numero.
410 1957 514 2023 Qui
542 1960 635 2012 dat
661 1959 894 2031 pluviam
919 1976 1072 2026 super
1093 1961 1282 2031 facient
1310 1969 1483 2025 terrae,
1526 1968 1574 2014 et
1614 1959 1743 2012 irri-

182 2059 252 2123 gat
286 2050 423 2120 aquis
465 2051 729 2107 universa.
768 2050 870 2119 Qui
917 2051 1059 2120 ponit
1101 2050 1317 2107 humiles
1341 2053 1396 2105 in
1425 2051 1667 2119 sublime,
1694 2061 1747 2108 et

180 2151 409 2199 latentes
437 2144 588 2217 erigit
610 2147 877 2214 sospitate.
906 2144 976 2201 Ut
1001 2145 1055 2200 in
1084 2145 1221 2201 Filio
1253 2146 1348 2202 Dei
1375 2145 1539 2202 homo
1581 2144 1747 2202 Chri-

181 2244 277 2291 stus
298 2237 362 2291 sit
389 2237 556 2302 Deus,
586 2246 644 2292 et
674 2252 771 2308 per
792 2254 919 2292 eum
944 2239 1210 2296 Ecclesia.

237 2329 325 2396 Qui
346 2330 566 2403 dissipat
595 2331 934 2402 cogitationes
961 2331 1334 2402 malignorum,
1363 2348 1426 2386 ne
1456 2332 1619 2403 possit
1650 2334 1750 2387 int-

180 2422 297 2491 plers
319 2439 498 2479 manus
528 2440 712 2478 eorum
736 2425 877 2493 quod
906 2434 1162 2496 ceperant.
1194 2424 1503 2479 intimorum
1552 2425 1749 2481 videli-

178 2525 266 2585 cet,
292 2517 377 2587 qui
404 2516 684 2572 Christum
715 2525 1042 2587 putaverunt
1068 2518 1441 2587 exstinguere,
1470 2526 1527 2572 et
1551 2533 1747 2575 nomen

180 2606 280 2678 ejus
304 2607 485 2665 delere
511 2608 580 2664 de
613 2619 778 2664 terra.
815 2608 909 2665 Vel
956 2609 1008 2663 in
1059 2610 1398 2681 martyribus
1435 2623 1750 2678 persecuto-

177 2714 278 2757 rttm
308 2701 565 2757 Ecclesia:
590 2701 1003 2756 adversantium
1034 2701 1340 2770 dissipavit'
1366 2703 1746 2774 cogitationes,

178 2793 298 2849 sicut
340 2793 568 2849 Herodis
613 2794 665 2848 in
701 2793 884 2849 Petro.
916 2795 982 2850 Et
1006 2795 1205 2850 aliter:
1234 2794 1353 2850 Non
1384 2795 1608 2864 implent
1640 2811 1750 2849 ma-

176 2898 265 2941 nus
286 2899 466 2941 eorum
493 2899 603 2955 quo
630 2886 842 2950 volunt,
895 2885 1021 2957 quia
1073 2886 1164 2940 alii
1212 2901 1401 2942 eorum
1451 2885 1752 2941 liberantur

175 2975 233 3032 ad
253 2987 484 3047 tempus:
508 2978 597 3032 alii
617 2993 748 3034 vero
771 2994 865 3047 per
883 2979 1108 3047 januam
1126 2979 1318 3035 mortis
1335 2978 1753 3034 introducuntur

174 3069 232 3127 ad
254 3072 432 3140 vitam,
464 3082 519 3128 et
543 3074 704 3143 istos,
732 3082 789 3128 et
807 3073 930 3128 illos
959 3074 1194 3128 salvabit
1218 3074 1388 3128 Deus.
1415 3072 1542 3127 Illos
1562 3080 1750 3143 aperte

172 3162 452 3232 liberanda,
490 3167 591 3221 hos
618 3165 829 3222 occulte
854 3165 1193 3223 coronando.

234 3258 332 3326 Qui
352 3258 697 3330 apprehendit
725 3260 986 3329 sapientes
1016 3261 1069 3313 in
1090 3260 1283 3314 astutia
1308 3274 1509 3323 eorum,
1538 3266 1585 3312 et
1627 3274 1748 3312 con-

171 3351 324 3408 silium
368 3369 649 3424 pravorum
688 3352 929 3425 dissipat.
977 3350 1343 3420 Philosophus
1390 3351 1620 3417 scilicet,
1663 3349 1750 3405 vel

171 3444 366 3503 Ιοὼεοε
407 3447 661 3503 doctrina
704 3446 1005 3516 apostolica
1037 3446 1391 3513 convincens,
1426 3452 1479 3499 et
1509 3444 1574 3498 ad
1610 3442 1752 3497 nihi-

170 3536 264 3593 lum
290 3553 513 3596 errores
533 3552 726 3592 eorum
759 3538 1034 3609 redigens.

227 3630 325 3688 Per
346 3633 489 3688 diem
510 3635 776 3687 incurrent
805 3629 1066 3685 tenebras.
1097 3628 1220 3685 Dies
1259 3638 1376 3684 erat
1420 3627 1473 3682 in
1522 3626 1747 3694 ludatis,

169 3722 227 3779 de
250 3739 431 3795 regno,
458 3723 798 3791 sacerdotio,
828 3722 968 3792 lege,
1000 3722 1162 3776 unius
1180 3720 1342 3775 etiam
1369 3719 1461 3775 Dei
1486 3717 1751 3790 religione

168 3815 505 3886 gloriantibus
528 3834 543 3871 :
577 3816 671 3871 sed
699 3832 806 3870 non
832 3813 1121 3871 credentes
1146 3814 1199 3870 in
1220 3812 1467 3877 Christo,
1499 3812 1751 3868 tenebras

166 3910 386 3978 perliditc
422 3909 751 3965 inciderunt.

226 4001 287 4056 Et
312 4003 467 4075 quasi
495 4004 551 4058 in
584 4010 731 4057 nocte
751 4002 825 4055 sic
855 3999 1137 4071 palpabunt
1167 4000 1221 4052 in
1265 3997 1501 4052 meridie.
1551 3995 1751 4064 Utique

164 4097 527 4165 prosperitatis
556 4111 691 4164 suae,
724 4110 845 4165 qua:
876 4108 999 4148 cum
1032 4092 1195 4145 solito
1224 4088 1368 4144 circa
1415 4088 1602 4144 felices
1648 4104 1753 4143 sae-

165 4187 442 4259 cnlihujus
466 4186 769 4258 splendore
820 4202 971 4239 vanzc
1020 4183 1211 4255 gloria:
1259 4182 1491 4253 amplius
1542 4181 1747 4249 fuerit,

160 4293 251 4349 qua
276 4296 332 4335 se
358 4281 527 4347 longa
555 4276 850 4333 securitate
881 4274 1117 4329 munitos
1146 4275 1404 4344 putabant
1430 4288 1549 4329 eam
1579 4288 1750 4343 usque

162 4370 219 4425 ad
237 4373 408 4427 astatis
430 4387 546 4428 suae
575 4384 860 4440 vesperam
887 4382 1235 4438 possessuros
1259 4383 1273 4421 :
1309 4367 1361 4420 in
1392 4366 1746 4420 tribulatione

160 4467 344 4533 subita,
376 4483 505 4538 qua:
537 4464 965 4535 noctis’nomine
994 4463 1136 4516 dicta
1165 4468 1268 4524 est,
1301 4471 1525 4529 stupore
1556 4459 1747 4525 nimio,

162 4557 208 4612 in
230 4558 497 4631 angustiis
521 4555 806 4621 coarctati,
839 4555 1026 4609 mortis
1051 4553 1214 4606 etiam
1248 4552 1440 4606 timore
1464 4552 1696 4621 perculsi
1724 4593 1739 4616 ,

1849 1960 1916 2015 ad
1966 1960 2334 2015 devorandum
2380 1958 2630 2014 homines
2677 1958 2874 2013 dantur
2923 1957 2974 2013 in
3002 1963 3351 2028 potestatem,
3382 1968 3439 2015 et

1850 2055 2095 2110 homines
2122 2054 2269 2120 mali,
2300 2053 2491 2109 bestiae
2520 2052 2900 2123 appellantur,
2950 2065 3130 2109 mores
3175 2050 3441 2109 habentes

1849 2146 2056 2202 similes
2084 2146 2328 2201 moribus
2358 2145 2677 2213 bestiarum,
2705 2152 2902 2201 contra
2929 2159 3064 2215 quas
3092 2159 3445 2215 pugnassese

1853 2240 2059 2313 Ephesi,
2078 2239 2212 2295 dicit
2236 2240 2553 2310 Apostolus.
2580 2238 2699 2295 Non
2724 2238 3040 2294 formidabis
3059 2253 3211 2311 ergo,
3237 2239 3438 2311 inquit,

1852 2333 1956 2389 hoc
1983 2335 2208 2399 malum,
2235 2348 2357 2388 cum
2389 2341 2673 2404 correptus
2696 2348 2725 2388 a
2763 2332 3013 2398 Domino,
3064 2333 3207 2388 viam
3255 2348 3444 2393 emen-

1850 2425 2085 2481 dationis
2119 2424 2423 2481 intraveris.

1924 2518 2031 2575 Sed
2056 2534 2171 2573 cum
2199 2518 2461 2589 lapidibus
2485 2517 2750 2590 regionum
2785 2527 2991 2589 pactum
3019 2528 3182 2576 tuum.
3213 2521 3448 2593 Lapides
3540 2524 3551 2535 ”

1851 2624 1949 2681 per
1975 2608 2368 2678 metaphoram,
2402 2608 2649 2663 homines
2679 2609 2813 2665 dixit
2845 2610 3071 2667 stabiles
3096 2621 3152 2667 et
3194 2614 3436 2683 quietos,

1850 2704 1941 2773 qui
1965 2712 2089 2757 sunt
2117 2702 2446 2774 utiqncjusti
2477 2712 2531 2757 et
2560 2702 2769 2758 sancti:
2804 2703 2857 2758 hi
2885 2718 3115 2775 namque
3137 2706 3191 2760 in
3219 2706 3439 2761 modum

1853 2796 2090 2865 lapidum
2119 2794 2260 2850 lit-mi
2293 2796 2345 2849 in
2382 2796 2491 2851 Deo
2520 2807 2667 2865 sunt,
2699 2811 2796 2867 per
2824 2799 3073 2868 regiones
3100 2797 3278 2854 varias
3304 2814 3440 2855 con-

1851 2888 2050 2943 stituti.
2096 2886 2232 2942 Cum
2282 2887 2369 2942 his
2394 2889 2575 2959 itaque
2604 2887 2831 2944 habebis
2860 2900 3072 2959 pactum
3101 2891 3289 2945 solidae
3312 2891 3446 2947 cha-

1852 2981 2054 3049 ritatis,
2087 2989 2142 3036 ut
2174 2981 2241 3037 ab
2268 2981 2348 3036 eis
2378 2996 2672 3051 numquam
2709 2992 2761 3037 te
2791 2980 3066 3038 tribulatio
3094 2983 3268 3053 possit
3294 2983 3444 3039 avel-

1849 3077 1984 3134 lere.

1925 3169 1992 3225 Et
2018 3170 2190 3226 bestias
2213 3178 2365 3226 terra:
2389 3172 2622 3244 paciﬁca:
2645 3180 2792 3227 erunt
2822 3170 2932 3225 tibi.
2974 3169 3231 3226 Homines
3258 3170 3451 3227 videlin

1856 3273 1942 3319 cet
1988 3263 2259 3333 quondam
2307 3262 2429 3328 feri,
2478 3274 2531 3318 et
2580 3263 2729 3330 ntali,
2775 3264 2827 3318 in
2859 3262 3194 3329 innocentia,
3226 3273 3282 3319 ut
3313 3280 3446 3321 oves

1854 3359 2070 3418 ell'ecti:
2105 3372 2299 3414 nomen
2330 3366 2510 3413 tamen
2541 3358 2826 3426 pristinum
2855 3358 3178 3428 retinentes,
3207 3360 3346 3414 sicut
3376 3359 3447 3417 do

1853 3453 2112 3508 Mattha‘o
2143 3453 2472 3522 evangelista
2511 3451 2744 3506 dicitttr:
2795 3450 3071 3507 Mattth
3113 3452 3442 3523 publicanus.

1924 3543 1995 3599 Et
2019 3543 2146 3598 scies
2173 3543 2311 3614 quod
2336 3558 2512 3614 pacem
2539 3542 2721 3598 habeat
2749 3544 3139 3599 tabernaculum
3167 3555 3330 3599 tuum.
3359 3546 3447 3602 Ab
3494 3535 3509 3543 ’

1855 3636 1971 3691 istis
2017 3636 2269 3691 omnibus
2310 3636 2506 3706 quibus
2550 3636 2699 3691 velut
2727 3637 2794 3690 ab
2828 3636 3075 3691 hostibus
3104 3649 3447 3709 expugnatur

1855 3729 2284 3793 tabernaculum,
2310 3730 2392 3784 vel
2418 3727 2702 3795 habitatio,
2725 3728 2842 3784 sive
2864 3728 3060 3783 domus
3081 3732 3326 3799 corporis
3345 3732 3443 3789 ttti.

1925 3820 1993 3874 Et
2022 3821 2233 3875 visimus
2260 3820 2479 3890 speciem
2508 3828 2651 3872 tuam
2673 3836 2777 3873 non
2814 3819 3067 3891 peccabis.
3119 3820 3236 3876 Hoc
3273 3820 3442 3877 dicit:

1854 3912 2099 3967 Hominis
2127 3911 2200 3965 ttti
2249 3910 2506 3979 Speciem,
2550 3926 2584 3964 o
2626 3910 2753 3977 Job,
2804 3920 2864 3966 ut
2907 3911 3086 3966 divina
3131 3912 3444 3969 visitationo

1853 4004 2070 4074 dignam
2093 4003 2349 4057 exhibeas
2370 4011 2495 4071 peto
2520 4020 2533 4055 :
2561 4016 2625 4056 ac
2651 4001 3018 4065 habitationis,
3042 4009 3095 4057 et
3124 4001 3440 4071 habitantis,

1856 4098 2095 4161 nomine,
2127 4106 2297 4150 totum
2327 4095 2596 4166 integrum
2628 4095 2899 4150 hominem
2932 4096 3184 4165 signavit.

1926 4189 1996 4242 Et
2047 4189 2179 4243 scies
2219 4189 2463 4258 quoniam
2505 4186 2781 4256 multiplex
2821 4189 2914 4241 erit
2961 4203 3131 4242 semen
3178 4197 3353 4258 tuum,
3395 4198 3447 4245 et

1854 4280 2121 4353 progenies
2162 4288 2253 4332 tua
2291 4278 2440 4349 quasi
2464 4276 2620 4332 herba
2644 4288 2808 4333 terras.
2839 4276 3211 4347 Spiritualiter
3234 4280 3304 4336 de
3329 4296 3447 4337 om-

1856 4373 2015 4427 nibus
2042 4369 2243 4425 sanctis
2273 4369 2474 4425 dictum
2507 4369 2711 4425 sentire
2759 4384 3068 4439 possumus,
3114 4371 3258 4440 quod
3307 4372 3449 4432 ﬁlios

1855 4465 1908 4519 in
1932 4463 2187 4531 Operihus
2208 4461 2365 4517 bonis
2392 4461 2642 4517 habeant.
2668 4460 2759 4517 Isti
2789 4463 2925 4517 tales
2944 4461 3038 4517 ﬁlii
3061 4464 3445 4535 cogitationum

1860 4556 2070 4611 semine
2099 4555 2348 4625 concepti
2379 4554 2658 4625 pariuntur
2687 4555 2737 4609 in
2769 4570 2954 4624 opera,
2991 4562 3046 4611 et
3074 4556 3247 4611 sancti
3286 4555 3451 4627 hujus

158 4649 367 4724 palpare
399 4652 677 4715 dicuntur,
709 4648 901 4718 perditi
933 4650 1115 4718 tttiqttc
1144 4647 1399 4711 consilio,
1437 4645 1564 4715 quid
1605 4644 1754 4700 lace-
1780 4620 1838 4683 Ῑ)
1864 4651 2226 4721 generationis
2251 4648 2592 4704 multitudine
2613 4649 2949 4719 gloriantur:
2972 4648 3229 4719 quoniam
3258 4652 3458 4710 talibus

159 4756 272 4805 rent
302 4748 647 4817 ignorantes.
1865 4740 2035 4812 magis
2063 4754 2224 4811 quam
2255 4739 2561 4795 carnalibus
2594 4740 2632 4794 F
2639 4741 2743 4795 iliis
2773 4741 2882 4795 Deo
2911 4740 3122 4810 placere
3140 4742 3455 4797 voluerunt.

220 4839 390 4896 Porro
418 4842 623 4896 salvum
650 4838 803 4908 faciet
834 4852 1049 4907 egenum
1078 4852 1110 4889 a
1137 4833 1313 4906 gladio
1341 4832 1443 4886 oris
1483 4849 1677 4896 eorum,
1709 4840 1756 4886 et
1865 4833 2047 4890 Potuit
2095 4848 2225 4903 ergo
2269 4831 2517 4899 Eliphaz,
2567 4833 2719 4904 quasi
2749 4833 3034 4889 consilium
3062 4834 3199 4889 dans
3225 4833 3351 4901 Job,
3382 4834 3460 4892 ita

158 4934 215 4989 de
249 4952 409 4988 manu
459 4933 671 4989 violenti
702 4948 999 5005 pauperem.
1027 4928 1305 4984 Christum
1338 4942 1365 4979 a
1402 4925 1756 4995 hlasphemiis
1864 4927 2049 4983 dicere
2076 4944 2089 4979 :
2120 4925 2181 4981 Si
2209 4939 2503 4980 conversus
2532 4926 2598 4979 ad
2632 4925 2796 4981 Deum
2827 4925 3015 4993 fueris,
3045 4926 3117 4981 ita
3147 4935 3204 4981 ut
3234 4936 3290 4985 te
3336 4936 3457 4983 tuo-

153 5028 466 5085 Judworum
492 5046 505 5083 :
535 5030 664 5099 quia
698 5029 877 5095 lingua
907 5039 1095 5079 eorum
1145 5021 1356 5092 gladius
1400 5032 1591 5076 acutus
1632 5023 1754 5087 luit,
1865 5034 1983 5074 rum
2015 5033 2239 5087 operum
2269 5018 2612 5087 antiquorum
2648 5020 2928 5089 poeniteat,
2958 5021 3140 5075 cordis
3168 5020 3244 5073 tui
3281 5020 3456 5073 virtu-

154 5120 403 5187 dicendo,
439 5120 713 5191 Crucilige
743 5134 891 5174 eunt.
1868 5112 2030 5178 tibus,
2060 5113 2207 5167 velut
2234 5111 2533 5166 seminibus
2562 5111 2883 5167 abnudabis.
2936 5111 3013 5167 De
3052 5111 3247 5182 quibus
3288 5125 3457 5179 Opera

220 5215 286 5270 Et
333 5216 437 5271 erit
480 5230 639 5287 egeno
683 5226 842 5277 spes:
882 5210 1131 5279 iniquitas
1179 5214 1352 5261 autem
1395 5205 1659 5260 contrahet
1704 5220 1760 5259 os
1863 5206 2028 5271 bona,
2062 5214 2331 5275 tamquam
2362 5206 2661 5260 sanctitatis
2691 5206 2837 5262 ﬁlios
2876 5206 3080 5276 poteris
3126 5218 3458 5274 procreare:

154 5325 318 5364 nunt.
352 5308 548 5362 Beatus
577 5306 734 5358 homo
762 5305 851 5373 qui
876 5301 1152 5372 corripitur
1180 5316 1211 5351 a
1242 5299 1483 5353 Domino.
1514 5294 1763 5367 Increpa—
1868 5297 1939 5353 ita
1972 5305 2033 5351 ut
2064 5296 2349 5366 progenies
2386 5310 2611 5365 operum
2654 5308 2865 5353 tuorum
2899 5297 3233 5352 multitudini
3264 5296 3463 5361 herba-

153 5403 339 5457 tionem
384 5417 512 5470 ergo
556 5396 773 5451 Domini
811 5412 875 5449 ne
898 5392 1181 5463 reprobes:
1216 5391 1337 5462 quia
1365 5391 1473 5462 ipse
1501 5388 1763 5457 vulnerat,
1871 5404 1990 5443 rum
2021 5388 2407 5443 viresceutinm
2432 5397 2809 5459 comparetur,
2855 5402 3086 5458 quarum
3112 5388 3324 5446 radices
3348 5430 3367 5457 ,
3412 5391 3461 5453 si

154 5504 201 5548 ιι
224 5495 505 5548 metu:
535 5488 778 5563 percutit,
805 5497 850 5540 et
872 5502 1053 5540 manus
1092 5489 1204 5557 ejus
1245 5483 1525 5537 sanabunt.
1576 5479 1642 5534 In
1680 5496 1771 5536 sea:
1874 5493 1971 5550 spe
1998 5479 2142 5532 intus
2174 5477 2375 5534 habeas
2415 5480 2467 5534 in
2500 5480 2667 5535 corde
2703 5478 2907 5535 delian
2933 5523 2948 5548 ,
2996 5486 3143 5536 terra
3182 5489 3274 5536 tua
3301 5482 3471 5541 liores

153 5587 583 5643 tribulationibus
612 5580 848 5637 liberabit
875 5590 944 5645 te,
966 5589 1015 5634 et
1041 5581 1095 5633 in
1123 5579 1342 5647 septima
1374 5593 1474 5630 non
1503 5583 1676 5648 tanget
1721 5583 1769 5628 te
1875 5587 1998 5627 cum
2032 5571 2129 5625 lrut
2151 5571 2294 5625 tibus
2320 5571 2665 5641 germinabit.

155 5680 372 5735 malum.
399 5676 475 5734 In
523 5677 665 5747 fame
702 5681 845 5728 eruet
890 5681 936 5726 te
985 5670 1049 5726 de
1096 5680 1279 5724 morte.
1325 5666 1773 5725 Resurrectionis
1952 5662 2273 5736 Ingredieris
2302 5663 2354 5716 in
2383 5662 2705 5715 abundantia
2730 5659 3065 5730 sepulcrum,
3096 5664 3231 5721 sicut
3253 5666 3477 5739 infertur

156 5769 362 5828 ειπίειί
391 5770 653 5825 virtutem
683 5764 944 5821 ostendit.
1892 5771 2104 5811 acervus
2148 5754 2307 5809 tritici
2344 5756 2402 5808 in
2450 5764 2679 5825 tempore
2710 5769 2825 5809 suo.
2872 5752 3278 5816 Consummatis
3321 5762 3482 5822 annis

234 5860 309 5918 Et
330 5863 393 5917 in
418 5861 555 5918 bello
585 5858 650 5917 de
674 5874 831 5915 manu
858 5856 1040 5930 gladii.
1079 5854 1187 5914 Sed
1216 5853 1523 5922 videamus,
1553 5869 1621 5912 ne
1648 5852 1788 5911 forte
1895 5857 2173 5920 provectae
2197 5846 2399 5912 aetatis,
2424 5846 2729 5916 plenusque
2765 5844 2977 5904 dierum
3005 5847 3061 5905 in
3094 5853 3357 5912 tumulum
3384 5872 3484 5929 po.
