3948 6334
469 233 572 294 851

1246 231 1595 294 APPENDIX
1634 235 1723 293 AD
1761 234 2006 296 'lOMU.“
2045 235 2400 295 SEPTIMUM
2441 236 2498 296 S.
2543 236 2949 296 IIIERONYMI.

3655 243 3752 304 653

470 355 613 412 situs
647 352 991 427 requiesces,
1021 360 1080 409 ut
1109 351 1163 408 in
1201 361 1454 423 tempore
1487 353 1618 423 justi
1647 351 1836 423 jodicii
1870 353 2000 422 Dei,
2033 369 2063 408 a
2092 358 2140 418 Α
2171 354 2433 408 mortem?
2471 353 2674 410 Anima:
2704 355 2842 410 enim
2889 353 3142 410 esurienti
3179 355 3333 411 etiam
3375 371 3560 410 amara
3587 357 3749 414 dulcia

473 444 731 503 sordibus
773 454 1120 516 peccatorum
1161 445 1408 499 minimis
1455 453 1514 498 et
1551 443 1764 499 levibus
1806 457 2067 515 purgatus

473 535 781 594 invenieris
838 553 854 593 :
911 537 1056 592 velut
1109 535 1348 591 triticum
1389 533 1534 607 quod
1587 545 1946 590 coacervatur
2013 535 2067 590 in

475 645 691 687 aream.

503 761 506 764 «
547 720 682 775 Ecce
709 719 808 775 hoc
831 730 888 774 ut
917 721 1338 792 inttestigavitnus
1359 761 1374 788 ,
1401 722 1474 774 ita
1501 729 1575 774 est
1599 763 1612 789 ,
1662 722 1804 793 quod
1831 721 2071 776 auditum

473 822 644 868 mente
683 822 965 884 pertracto.
1008 812 1122 868 Hoc
1159 813 1327 878 dicit,
1363 828 1726 884 qttzncumque
1765 828 1797 868 a
1842 829 1930 868 mc
1975 813 2070 869 tibi

470 905 616 962 dicta
641 912 790 973 sunt,
823 904 1118 978 diligenter
1146 907 1472 978 investigata
1495 923 1625 964 vera
1653 908 1874 963 noveris
1900 951 1916 976 ,
1948 923 2070 978 quae

473 997 592 1069 ipse
656 997 725 1055 ad
769 1000 1215 1057 emendationem
1274 1010 1424 1058 tuam
1503 1001 1671 1058 debes
1723 1001 1888 1058 corde
1943 1017 2071 1073 per-

472 1093 678 1165 clpere.

1095 1166 1324 1224 CAPUT
1355 1166 1441 1222 Vl.

543 1281 883 1352 Respondeas
905 1281 1191 1338 autemlob
1214 1284 1348 1339 dixit
1374 1300 1392 1341 .'
1417 1283 1627 1340 Utinam
1651 1284 2074 1353 appenderentur

480 1385 694 1446 peccata
725 1394 837 1432 mea
863 1376 1046 1446 quibus
1078 1377 1211 1431 iram
1243 1377 1449 1445 merui,
1493 1384 1540 1430 et
1583 1377 1882 1440 calamitas,
1915 1392 2073 1445 quam

483 1469 677 1541 patior,
711 1469 764 1522 in
793 1479 988 1523 statera
1017 1487 1036 1524 :
1056 1469 1212 1542 quasi
1239 1486 1398 1524 arena
1427 1469 1584 1524 maris
1612 1469 1722 1525 Isaac
1753 1469 1962 1541 gravior
1981 1487 2075 1542 ap-

477 1570 702 1631 pareret.
732 1559 884 1616 Unde
917 1571 964 1616 et
993 1561 1147 1615 verba
1175 1577 1286 1615 mea
1325 1561 1503 1615 dolore
1522 1570 1641 1615 sunt
1668 1560 1847 1633 plena.
1880 1559 2076 1615 Dicitis

477 1670 567 1712 me
587 1655 825 1727 peccatis
845 1658 980 1712 meis
1000 1654 1335 1712 facientibus
1362 1657 1466 1710 ἰδίει
1499 1655 1610 1726 pati
1641 1675 1654 1709 :
1685 1664 1910 1726 propter
1931 1654 2073 1726 quod

2170 456 2278 496 esse
2316 444 2575 498 videntur.
2627 443 2779 500 Sicut
2803 443 2947 498 enim
2977 459 3139 500 nemo
3168 444 3516 500 mortiferum
3546 445 3748 517 aliquod

2170 536 2428 604 comedit,
2465 545 2523 592 ut
2554 536 2678 592 vitae
2701 553 2815 592 sua:
2840 537 3094 593 inimicus
3121 537 3192 592 sit
3217 555 3230 592 :
3256 539 3327 594 ita
3356 554 3461 610 ego
3488 549 3752 610 peccatum

2171 631 2487 700 contingere
2528 630 3010 699 pertimescebam.

2248 721 2376 788 Qua:
2418 723 2564 795 prius
2611 722 2815 778 nolebat
2846 730 3059 797 tangere
3098 724 3276 778 anima
3305 741 3418 778 mea
3445 740 3466 780 :
3495 741 3634 779 nunc
3662 742 3756 794 pra:

2173 815 2416 885 angustia
2445 814 2544 868 cibi
2573 815 2674 868 mei
2702 824 2843 870 sunt.
2878 816 2992 871 lloc
3018 825 3104 871 est
3132 859 3147 886 ,
3193 817 3377 871 verbis
3407 831 3557 871 nunc
3589 826 3757 884 pastor

2173 908 2418 980 aSperis,
2447 919 2498 964 et
2538 910 2775 979 amaris,
2819 926 2939 982 quae
2979 910 3110 964 mihi
3161 910 3508 965 immensitas
3539 912 3757 980 pmnalis

2175 1011 2487 1072 extorquet.
2519 1003 2649 1060 Htec
2674 1005 2819 1058 enim
2852 1003 3110 1059 timebam
3141 1018 3262 1058 meo
3291 1019 3388 1058 ore
3417 1003 3753 1072 depromere.

2175 1097 2400 1167 quando
2431 1097 2488 1153 in
2520 1099 2814 1153 sanetitate
2835 1107 2889 1154 et
2911 1098 3125 1168 justitia
3154 1114 3278 1154 cum
3311 1113 3448 1168 pace
3478 1099 3662 1168 quiete
3687 1099 3760 1154 vi-

2173 1190 2390 1245 vebam.
2442 1189 2549 1246 Sed
2598 1199 2656 1246 et
2695 1192 3146 1262 prmtereundum
3201 1205 3310 1246 non
3347 1199 3465 1255 cst,
3494 1192 3625 1259 quia
3668 1187 3760 1246 hoc

2176 1296 2395 1352 quoque
2425 1281 2572 1338 inter
2595 1290 2825 1338 caeteras
2855 1296 3043 1350 pmnas
3067 1296 3264 1351 passus
3283 1283 3356 1336 sit
3378 1281 3500 1348 Job,
3528 1290 3591 1336 ut
3611 1282 3758 1337 etiam

2177 1371 2287 1427 cibi
2318 1372 2367 1427 ei
2395 1371 2548 1427 fetidi
2575 1371 2896 1427 viderentur
2923 1389 2936 1426 :
2970 1374 3113 1427 sicut
3140 1381 3225 1427 est
3255 1370 3392 1426 odor
3422 1371 3604 1427 leonis
3630 1413 3645 1436 ,
3694 1372 3760 1426 le-

2177 1463 2310 1520 ralis
2338 1464 2552 1534 utique,
2575 1473 2633 1520 et
2663 1465 2892 1520 nimium
2922 1464 3184 1520 horridus
3211 1481 3226 1521 :
3255 1466 3346 1533 qui
3381 1463 3522 1520 odor
3553 1480 3676 1520 cum
3701 1464 3761 1521 de

2175 1556 2296 1626 ejus
2316 1556 2618 1612 visceribus
2638 1568 2977 1628 erumperet,
3001 1573 3145 1612 escae
3175 1573 3289 1613 suae
3309 1558 3358 1614 ei
3387 1556 3440 1612 id
3467 1559 3759 1626 sapiebant,

2179 1650 2323 1722 quod
2355 1666 2577 1706 suarum
2608 1652 2896 1720 spirabant
2929 1653 3143 1707 interna
3173 1649 3434 1706 febrium.
3466 1650 3622 1720 Quod
3662 1651 3764 1723 ipse

475 1747 678 1815 velim,
711 1757 771 1804 ut
797 1757 1020 1819 peccata
1065 1758 1253 1804 contra
1303 1749 1672 1804 calamitatem
1725 1748 1865 1803 hanc
1910 1764 2072 1818 quam
2106 1742 2422 1819 Bostendit
2478 1743 2568 1799 ubi
2627 1743 2761 1799 dicit
2800 1760 2816 1799 :
2860 1743 3127 1799 Interiora
3194 1757 3318 1798 mea
3390 1741 3762 1798 cﬂ‘erbuerunt

478 1841 658 1911 patior
685 1851 1064 1912 pensarentur,
1099 1853 1152 1899 et
1183 1844 1330 1900 illico
1358 1843 1778 1913 videretis,quia
1811 1842 1927 1899 haec
1957 1843 2072 1912 ipsa

476 1933 760 1989 calamitas
801 1935 950 1990 velut
979 1951 1143 1991 arena
1172 1936 1373 2002 maris,
1426 1949 1588 2006 supra
1625 1936 1822 1990 horum
1869 1948 2076 2006 pecca-

479 2032 659 2081 torum
685 2029 877 2082 merita
900 2029 1252 2098 ponderaret.

557 2119 692 2189 Quia
716 2122 920 2195 sagitta:
948 2122 1156 2176 Domini
1181 2123 1236 2176 in
1268 2137 1346 2176 me
1375 2131 1757 2187 sunt,quarum
1788 2121 2077 2194 indignatio

480 2211 635 2268 ebibit
661 2215 906 2285 spiritum
937 2231 1123 2283 meum,
1158 2225 1205 2269 et
1237 2223 1458 2270 terrores
1479 2214 1691 2269 Domini
1711 2214 1936 2268 militant
1961 2231 2080 2268 con-

484 2314 566 2358 tra
591 2321 690 2360 me.
726 2306 824 2361 Hic
857 2315 1038 2376 potest
1067 2307 1262 2373 videri,
1297 2307 1438 2376 quod
1472 2308 1724 2376 superius
1755 2308 2076 2377 sagittarum

480 2397 703 2453 nomine
742 2413 954 2454 vermes
983 2398 1185 2453 dixerit
1216 2417 1229 2452 :
1263 2413 1292 2452 a
1325 2399 1519 2469 quibus
1552 2411 1664 2454 tum
1705 2398 2081 2454 indesinenter

483 2491 841 2562 pungebtttur,
871 2508 971 2548 nec
1001 2493 1146 2561 loqui
1180 2496 1634 2564 permittebatur:
1663 2511 1768 2548 non
1799 2496 1939 2564 quod
1967 2510 2083 2548 ver-

479 2596 597 2636 mes
629 2583 788 2638 talem
824 2598 1048 2639 sensum
1082 2587 1414 2653 habuerint,
1468 2597 1521 2639 ιιι
1556 2586 1663 2641 hoc
1692 2586 1900 2654 judicio
1933 2587 2081 2642 facc-

482 2685 635 2741 rent,
664 2676 764 2732 sed
813 2677 1080 2745 permissu
1112 2679 1237 2745 Dei,
1272 2696 1299 2733 a
1333 2688 1598 2748 poteStatc
1644 2679 1991 2745 adversaria,
2024 2690 2082 2734 ut

483 2767 726 2821 acriores
747 2779 960 2832 essent,
991 2768 1154 2822 etiam
1189 2769 1320 2838 ipsis
1354 2769 1592 2823 motibus
1625 2770 1858 2836 agebant
1887 2787 1897 2821 :
1940 2769 2083 2823 sicut

484 2858 740 2921 locustae,
785 2874 984 2914 muscae
1020 2868 1076 2914 et
1119 2875 1270 2915 rana:
1315 2861 1366 2915 in
1409 2860 1667 2932 Egypto.
1703 2861 1856 2927 Quod
1897 2869 2078 2915 autem

484 2947 670 3004 dixit:
701 2949 966 3006 Terrores
998 2952 1212 3006 Domini
1249 2952 1488 3006 militant
1523 2963 1712 3006 contra
1748 2941 1860 3018 me,
1901 2961 2083 3020 potest

484 3040 604 3108 ipse
619 3039 874 3096 diabolus
896 3058 1017 3097 cum
1043 3043 1158 3098 suis
1179 3043 1411 3114 intelligi
1437 3061 1450 3099 :
1477 3047 1566 3114 qui
1590 3043 1853 3099 adhibitis
1870 3046 2082 3099 crucia-

2179 1836 2388 1908 absque
2414 1836 2524 1892 ulla
2554 1837 2746 1908 requie
2771 1853 2786 1892 :
2816 1835 2872 1892 id
2902 1846 3007 1904 est,
3030 1835 3142 1908 jam
3172 1835 3403 1892 decocta
3436 1843 3566 1890 sunt
3586 1846 3644 1892 et
3674 1850 3763 1906 pu-

2182 1929 2430 1985 trefacta.
2468 1959 2477 1967 ο

2254 2022 2391 2089 Quis.
2423 2021 2509 2077 det
2553 2030 2608 2075 ut
2655 2023 2824 2077 ueniat
2850 2021 3030 2092 petitio
3067 2037 3214 2086 mea,
3245 2026 3292 2074 et
3323 2019 3464 2091 quod
3487 2027 3749 2093 exspecto,

2181 2115 2379 2169 tribuat
2409 2116 2540 2170 mihi
2565 2114 2747 2171 Deus?
2766 2115 2900 2183 Haec
2924 2116 3056 2171 mihi
3081 2116 3152 2169 sit
3171 2113 3504 2182 consolatio,
3529 2125 3588 2170 ut
3614 2115 3769 2169 linem

2180 2221 2395 2277 pmuze,
2437 2208 2526 2264 vel
2579 2208 2921 2264 cruciatuum
2968 2223 3253 2275 meorum,
3295 2206 3542 2263 remedia
3587 2207 3768 2263 mortis

2184 2300 2487 2356 obtineam.

2254 2393 2326 2450 Et
2377 2397 2468 2467 qui
2514 2397 2706 2465 coepit,
2757 2395 2869 2467 ipse
2911 2411 2992 2449 tne
3039 2402 3290 2448 conterat.
3339 2393 3522 2449 Solvat
3567 2403 3768 2446 manum

2183 2502 2334 2540 suam
2365 2497 2414 2542 et
2454 2489 2691 2542 succidat
2723 2505 2839 2555 me;
2880 2500 2928 2542 et
2969 2489 3078 2543 [nec
3106 2488 3234 2541 mihi
3262 2487 3328 2540 sit
3355 2485 3677 2549 consolatio,
3721 2495 3771 2540 ut

2183 2580 2430 2650 affligens
2479 2598 2560 2635 me
2608 2581 2818 2642 dolore,
2874 2597 2979 2634 non
3023 2588 3371 2652 parcat:nec
3423 2578 3770 2632 contradicunt

2183 2673 2508 2728 sermonibus
2546 2675 2781 2728 sanctis?
2811 2673 2942 2741 ρυω
2975 2683 3051 2728 est
3089 2674 3226 2726 enim
3272 2670 3531 2742 fortitudo
3571 2687 3680 2725 mea
3722 2677 3772 2722 ut

2185 2769 2468 2822 sustineam
2492 2783 2511 2822 :
2543 2777 2634 2821 aut
2681 2768 2798 2839 quis
2852 2767 2974 2838 ﬁnis
3021 2784 3164 2821 meus
3204 2776 3259 2820 ut
3301 2767 3562 2836 patienter
3592 2767 3771 2836 agam.’

2188 2859 2338 2917 Hanc
2365 2859 2534 2930 igitur
2566 2870 2798 2915 mortem
2834 2860 3093 2930 potestati
3116 2859 3318 2913 divina:
3345 2857 3450 2914 Job
3476 2858 3614 2911 solvi
3645 2873 3769 2912 exo-

2187 2961 2321 3022 ptat,
2348 2962 2410 3006 ut
2441 2953 2510 3006 ab
2540 2967 2606 3007 ea
2633 2951 2898 3008 decidens
2925 2951 3086 3007 cadat
3121 2954 3176 3006 in
3205 2953 3349 3006 hanc
3391 2950 3768 3019 temporariam

2187 3053 2446 3110 mortem,
2469 3055 2741 3116 quatenus
2768 3055 3081 3115 praesentes
3100 3058 3293 3115 poenas
3315 3043 3492 3114 possit
3511 3042 3768 3098 evadere:

481 3133 666 3200 tibus,
699 3141 757 3188 ut
780 3133 1016 3191 caederet
1048 3135 1189 3202 Job,
1235 3147 1290 3191 et
1320 3146 1376 3191 ut
1413 3137 1780 3193 innocentiam
1812 3139 2076 3192 sanctita-
2102 3144 2148 3210 C
2179 3156 2302 3197 cum
2339 3142 2489 3197 velut
2515 3141 2683 3196 arbor
2712 3141 2782 3196 de
2813 3139 2913 3196 hac
2949 3140 3061 3195 vita
3091 3139 3342 3194 succisus
3387 3137 3578 3194 fuerit.

484 3235 701 3298 temque
744 3227 1062 3295 amitteret,
1111 3230 1334 3301 insuper
1362 3231 1669 3286 terroribus
1717 3233 2072 3287 minabatur:

482 3320 629 3392 quod
671 3320 837 3376 etiam
877 3323 1028 3378 multi
1085 3336 1503 3394 persecutores,
1555 3326 1790 3381 ministri
1832 3326 2072 3394 diaboli,

483 3409 690 3468 sanetis
718 3414 1048 3484 martyribus
1088 3415 1270 3470 facere
1303 3416 1614 3472 voluerunt.
1643 3418 1990 3474 Obsederunl
2020 3419 2074 3474 in

482 3519 618 3577 gyro
647 3506 1057 3562 tabernaculum
1082 3524 1284 3563 meum.
1314 3510 1454 3565 Ecce
1474 3511 1559 3566 hic
1586 3511 1871 3566 manifeSte
1891 3522 2079 3566 osten-

484 3597 602 3665 dit,
653 3599 797 3668 quod
849 3601 995 3654 velut
1027 3600 1216 3656 hostes
1263 3601 1579 3674 inimicique
1605 3603 1848 3669 diaboli,
1899 3614 1955 3660 et
1992 3605 2077 3659 sui

483 3691 687 3746 acriter
711 3691 1008 3746 militarent
1037 3709 1051 3746 :
1081 3693 1134 3747 hi
1165 3692 1311 3748 enim
1337 3694 1558 3764 maligni
1585 3695 1827 3764 spiritus,
1860 3696 2077 3750 diverso

484 3783 650 3839 modo
700 3785 974 3856 accipiunt
1033 3795 1359 3856 potestatem
1407 3806 1418 3842 :
1464 3790 1528 3842 ad
1573 3790 1804 3842 aliorum
1854 3789 2075 3860 quidem

479 3877 908 3945 damnationem,
929 3880 1160 3936 aliorum
1185 3898 1320 3937 vero
1350 3882 1814 3946 emendationem,
1840 3884 2076 3936 aliorum

480 3983 663 4031 autem
710 3976 1092 4045 probationem
1121 3993 1134 4030 :
1160 3977 1250 4047 qui
1284 3978 1350 4032 de
1379 3978 1499 4032 suis
1530 3977 1770 4032 moribus
1797 3976 1884 4031 vel
1917 3976 2078 4030 mini-

480 4067 675 4136 sterio,
707 4067 859 4131 mali,
886 4070 1005 4124 sive
1033 4078 1309 4134 terrores,
1341 4069 1429 4124 vel
1459 4069 1623 4124 etiam
1660 4069 1903 4125 latrones
1936 4085 2080 4124 nun-

481 4168 768 4228 cupantur.
810 4160 1006 4216 Omnia
1051 4161 1203 4218 dedit
1250 4163 1302 4218 lu
1332 4164 1585 4218 manibus
1616 4179 1842 4231 eorum,
1873 4164 1922 4218 id
1953 4175 2074 4232 est,

482 4253 825 4320 praedonum.
861 4254 1054 4310 Omnia
1105 4259 1291 4327 utique
1332 4273 1453 4328 qum
1495 4257 1721 4323 habuit,
1771 4260 1888 4314 sive
1937 4259 2078 4314 lilios

489 4359 679 4412 meos,
722 4346 839 4402 sive
885 4348 1252 4403 substantiam
1285 4367 1296 4402 :
1328 4351 1473 4404 sicut
1517 4358 1572 4404 et
1610 4351 1876 4420 meipsum
1928 4350 2078 4406 dedit

483 4437 626 4494 Deus
656 4439 710 4494 in
742 4441 993 4496 manibus
1022 4442 1249 4510 diaboli,
1279 4444 1395 4499 sive
1424 4459 1646 4498 suorum
1679 4443 1995 4500 stitellitum.

2256 3234 2372 3290 Nec
2399 3236 2653 3306 fortitudo
2682 3233 2945 3306 lapidum,
2973 3234 3229 3307 fortitudo
3251 3249 3505 3288 meamec
3524 3248 3647 3287 caro
3666 3247 3767 3285 mea

2180 3343 2329 3382 (enea
2384 3337 2482 3383 est.
2513 3326 2656 3384 Caro
2695 3341 2812 3382 mea
2854 3327 3229 3396 corrumpitur
3278 3325 3434 3380 sanie
3484 3339 3548 3378 ac
3598 3334 3767 3394 putre-

2176 3419 2308 3475 dine
2357 3421 2647 3475 vulnerum
2683 3437 2696 3475 :
2727 3421 2855 3490 quia
2906 3435 3016 3473 non
3065 3428 3152 3472 est
3197 3418 3253 3472 in
3299 3431 3387 3471 me
3437 3415 3566 3470 talis
3621 3415 3764 3470 l'orti-

2181 3515 2375 3584 titudo,
2403 3516 2550 3570 velut
2579 3515 2844 3585 lapidum,
2883 3522 2942 3568 ut
2970 3513 3197 3568 dolores
3230 3527 3341 3566 non
3371 3511 3629 3566 sentiam.

2251 3608 2388 3663 Ecce
2435 3625 2540 3662 non
2569 3617 2641 3662 est
2681 3607 2942 3662 auxilium
2974 3608 3104 3661 mihi
3147 3606 3204 3661 in
3243 3621 3362 3673 me,
3406 3614 3456 3658 et
3500 3602 3763 3659 necessarii

2177 3717 2380 3771 quoque
2406 3702 2505 3754 mei
2549 3709 2866 3754 recesserunt
2897 3717 2928 3752 a
2953 3715 3055 3752 me.
3085 3698 3217 3752 Tam
3240 3713 3309 3752 ex
3339 3712 3441 3751 sua
3465 3735 3482 3764 ,
3513 3711 3673 3767 quam
3702 3711 3758 3749 cx

2181 3807 2418 3864 persona
2446 3793 2679 3858 Christi,
2714 3792 2984 3862 prolilteta
3016 3792 3118 3846 hoc
3142 3791 3299 3846 dicit.

2256 3886 2356 3954 Qui
2398 3885 2535 3939 tollit
2565 3884 2627 3938 ab
2668 3885 2877 3938 inimico
2909 3901 3003 3939 suo
3042 3883 3488 3949 misericordiam,
3544 3883 3756 3937 timorem

2179 3977 2396 4033 Domini
2421 3978 2758 4048 derelinquit.
2791 3976 3014 4033 Fratres
3042 3981 3141 4033 mei
3169 3978 3532 4045 pra'terierunt
3562 3995 3638 4031 me
3662 3975 3754 4031 :si-

2179 4080 2264 4126 cut
2286 4082 2486 4126 torrens
2513 4073 2600 4143 qui
2626 4071 2823 4136 raptim
2866 4072 3054 4126 transit
3089 4071 3145 4124 in
3184 4068 3529 4124 convallibus.
3564 4069 3754 4125 Miseri-

2179 4166 2369 4221 cordia
2397 4174 2503 4231 est,
2537 4163 2603 4219 ad
2634 4162 2886 4219 miserias
2901 4177 3090 4218 eorum
3117 4163 3206 4233 qtti
3233 4161 3592 4225 tribalantur,
3619 4175 3752 4217 cont-

2182 4259 2441 4328 patiendo
2489 4269 2732 4312 tttmrore
2771 4255 2956 4310 cordis
3003 4253 3220 4310 deﬂecti
3269 4271 3283 4306 :
3320 4255 3461 4307 hanc
3503 4267 3599 4308 vos
3633 4252 3744 4305 dum

2179 4350 2360 4406 amico
2419 4364 2528 4405 non
2604 4346 2958 4418 impenditis,
3023 4345 3282 4402 timorem
3343 4344 3560 4400 Domini
3607 4344 3750 4400 dere-

2179 4444 2450 4515 linquilis.

556 4529 827 4602 Numquid
854 4533 1020 4603 rugiet
1049 4551 1242 4607 onager
1266 4552 1381 4589 cum
1417 4537 1652 4590 habuerit
1695 4536 1906 4590 herbam
1930 4552 1948 4591 :
1978 4547 2067 4590 aut
2095 4539 2150 4602 Ι)
2249 4538 2350 4604 Qui
2370 4537 2545 4591 timent
2563 4535 2812 4609 pruinam
2831 4578 2847 4602 ,
2882 4534 3046 4590 irruet
3076 4550 3238 4602 super
3259 4549 3351 4589 eos
3375 4533 3486 4588 nix.
3521 4532 3746 4601 Tempore

481 4625 674 4699 mugiet
714 4626 802 4681 bos
826 4642 946 4681 cum
973 4636 1090 4683 ante
1117 4645 1344 4701 pra'sepe
1388 4631 1598 4700 plenum
1632 4631 1866 4686 steterit?
1916 4629 2073 4686 Sicut

483 4719 629 4772 enim
679 4718 770 4773 illa
801 4735 922 4774 cum
949 4721 1036 4776 vel
1064 4721 1340 4776 abundant
1377 4723 1588 4792 pabulis
1614 4764 1630 4788 ,
1674 4725 1878 4779 nullam
1914 4725 2072 4796 quasi

487 4811 836 4882 querelarum
870 4830 1054 4870 vocem
1085 4817 1370 4880 emittunt,
1399 4827 1457 4872 ut
1486 4819 1666 4889 pabuli
1689 4820 1924 4890 iunpiam
1944 4836 2069 4891 pro-

480 4913 751 4961 testentur
784 4923 798 4960 :
830 4906 997 4962 simili
1028 4909 1220 4974 modo,
1248 4912 1525 4981 inquiens,
1576 4923 1632 4970 et
1661 4929 1763 4984 ego
1803 4915 1848 4970 si
1880 4931 2067 4986 pacem

477 5004 534 5052 et
553 4997 788 5067 quietem
812 4999 990 5068 potius
1017 5016 1180 5072 quam
1205 5003 1403 5058 bellum
1426 5006 1682 5062 haberem
1702 5009 1753 5062 in
1780 5009 2064 5078 membris,

476 5099 534 5146 et
561 5091 614 5146 in
642 5093 822 5148 anima
854 5108 972 5148 mea
993 5135 1009 5162 ,
1051 5095 1256 5151 nullum
1283 5113 1596 5155 sermonem
1625 5117 1870 5157 amarum
1901 5119 2066 5174 aSpc-

477 5199 668 5240 rumve
700 5184 1028 5254 proferrem.

545 5276 650 5331 Aut
672 5280 858 5350 poterit
887 5281 1087 5338 comedi
1107 5283 1382 5351 insulsum,
1409 5287 1549 5356 quod
1578 5304 1682 5342 non
1709 5297 1782 5342 est
1813 5288 1924 5343 sale
1945 5305 2068 5342 con-

474 5367 661 5423 ditum.
691 5370 978 5439 Quomodo
1000 5375 1140 5430 ratio
1173 5392 1276 5432 non
1301 5378 1432 5433 sinit
1461 5381 1724 5434 naturalis
1749 5419 1766 5442 ,
1815 5388 1872 5433 ot
1911 5381 2070 5449 quid-

473 5474 637 5530 quam
667 5462 930 5519 insulsum
961 5468 1177 5524 comedi
1214 5471 1388 5540 possit
1420 5489 1431 5525 :
1477 5473 1547 5526 ita
1581 5488 1680 5541 ego
1724 5472 1858 5527 nihil
1889 5473 2064 5528 insul-

470 5565 615 5622 sum,
641 5553 772 5610 nihil
800 5559 1022 5614 stultum
1045 5571 1236 5618 contra
1261 5564 1604 5628 Deum,niltil
1627 5565 1771 5635 quod
1795 5580 1906 5622 non
1931 5565 2060 5622 lidei

471 5643 588 5702 sale
611 5646 892 5704 conditum
917 5660 1094 5718 esset,
1122 5664 1382 5725 cperatus
1408 5671 1550 5711 sum.

540 5737 645 5793 Aut
688 5750 850 5810 potest
899 5742 1087 5812 aliquis
1127 5756 1368 5818 gustare,
1419 5748 1557 5818 quod
1593 5756 1855 5819 gustatum
1907 5750 2062 5820 affert

2172 4647 2272 4699 quo
2323 4631 2515 4701 fuerint
2563 4629 2838 4701 dissipafi,
2890 4627 3152 4700 peribunt.
3203 4627 3490 4683 Timebam
3546 4633 3742 4697 peccata

2172 4735 2337 4790 etiam
2367 4732 2588 4788 minima
2614 4740 2958 4804 perpetrare,
2984 4745 3054 4786 ne
3081 4745 3180 4802 pro
3201 4730 3284 4785 eis
3315 4731 3409 4787 Dei
3436 4729 3491 4786 in
3519 4745 3604 4785 me
3623 4728 3743 4784 ultio

2172 4835 2460 4891 desmviret
2491 4852 2504 4889 :
2533 4843 2589 4890 et
2615 4848 2749 4890 ecce
2777 4848 2919 4889 nunc
2947 4833 3020 4889 ita
3053 4833 3250 4904 punior
3273 4872 3291 4901 ,
3337 4843 3608 4905 tamquam
3630 4844 3734 4886 sce-

2170 4938 2282 4993 lera
2312 4937 2563 4992 immania
2602 4934 2999 4991 commiserim.

2244 5039 2314 5094 Et
2336 5048 2388 5093 ut
2408 5039 2739 5106 incaluerint,
2753 5038 3016 5094 solventur
3036 5038 3102 5092 de
3122 5039 3237 5092 loco
3255 5053 3371 5092 suo.
3404 5035 3507 5094 Ubi
3534 5035 3729 5093 fervere

2169 5152 2412 5213 coeperat
2451 5156 2650 5197 nomen
2678 5141 2800 5212 ejus
2827 5141 2880 5195 in
2911 5140 3151 5212 populis,
3185 5137 3240 5194 in
3271 5139 3463 5209 gloria:
3491 5152 3600 5194 sum
3629 5137 3736 5191 loco

2159 5261 2276 5301 .nou
2332 5247 2680 5316 comparuit,
2749 5242 2898 5300 velut
2958 5243 3052 5299 nix
3115 5258 3240 5298 cum
3307 5241 3492 5298 calore
3545 5239 3723 5296 dissol-

2169 5359 2334 5400 Vlllll‘.

2243 5444 2499 5499 Involuta:
2525 5449 2647 5498 sunt
2667 5443 2862 5498 semitm
2883 5459 3154 5516 gressuum
3180 5459 3360 5500 eorum
3385 5459 3404 5497 :
3425 5440 3741 5498 ambulabunt

2169 5546 2224 5601 in
2246 5561 2482 5614 vacuum,
2513 5555 2563 5601 et
2593 5544 2852 5613 peribunt.
2883 5544 3117 5602 Semitas
3145 5546 3380 5601 virtutes
3409 5545 3572 5602 animi
3593 5543 3733 5608 dixit,

2171 5649 2226 5706 in
2256 5650 2453 5722 quibus
2475 5659 2532 5704 ut
2548 5648 2662 5705 Deo
2692 5648 2967 5721 placeret,
2990 5649 3139 5704 omni
3161 5648 3350 5705 studio
3373 5647 3736 5720 gradiebstur:

2175 5753 2272 5808 has
2312 5754 2533 5809 semitas
2576 5753 2732 5809 malis
2759 5768 2883 5825 qus
2927 5752 3236 5824 patiebatur
3274 5753 3546 5808 involutas
3589 5760 3737 5820 atque
