3948 6334
241 309 319 371 633

1112 286 1602 354 COMMENTARII
1639 283 1705 345 IN
1744 281 2009 343 LIBRUM
2047 280 2192 342 JOB.
2229 279 2388 340 CAP.
2428 275 2544 337 VII.
2611 272 2620 278 ’

3365 269 3472 334 654

240 424 490 500 implicitas
517 437 642 480 esse
667 421 819 485 dicit,
843 418 971 475 dum
994 416 1156 474 bonis
1187 416 1310 469 vita:
1335 405 1781 478 sum,supplicio-
1808 406 1863 467 Α
1888 418 2005 457 rum
2038 398 2344 471 pertinebat
2371 397 2639 452 dolorem.
2657 401 2719 450 ut
2746 391 2929 451 sanies
2955 405 3076 462 qute
3101 388 3171 447 de
3191 388 3478 460 putredine

239 536 329 578 runt
356 517 780 571 adtniscercntnr
803 512 965 567 mala.

289 610 598 669 Considerate
628 607 836 692 semitas
857 603 1088 658 Tlteman
1114 619 1131 655 :
1163 602 1350 654 itinera
1375 597 1579 662 Sabba,
1617 603 1660 648 et
1693 608 1780 647 ca:-

236 715 421 778 spectate
457 687 752 771 paulisper:
776 701 882 752 Con
892 698 998 768 fusi
1025 705 1178 762 sunt,
1206 695 1330 764 quia
1361 689 1586 760 speravi.
1617 687 1784 742 Vene-

236 809 328 852 runt
350 809 541 866 quoque
570 809 730 863 usque
750 792 819 846 ad
841 807 954 858 me,
988 800 1036 844 et
1057 789 1258 862 pudore
1291 784 1519 856 cooprrti
1551 790 1696 837 sunt.
1729 778 1782 834 Id

235 901 316 956 est,
340 886 610 943 intuemini
648 888 713 942 ad
738 887 857 943 hac
882 887 1004 941 loca
1027 902 1145 954 qua:
1175 883 1285 939 dixi
1325 925 1342 951 ,
1381 890 1435 936 et
1470 881 1586 948 ipso
1611 877 1785 932 silen-

235 986 292 1040 tio
313 981 638 1052 cognoscetis
668 996 794 1036 vera
825 995 948 1035 esse
973 994 1095 1050 qua!
1121 977 1252 1032 dixi.
1283 972 1559 1044 Respicite
1578 969 1644 1024 ad
1670 969 1783 1022 vias

233 1077 530 1132 diversorum
578 1088 872 1144 regnorum
910 1090 924 1128 :
971 1087 1067 1142 per
1102 1087 1238 1142 quas
1287 1067 1354 1122 ad
1406 1081 1494 1121 me
1538 1061 1782 1117 omnium

231 1171 430 1243 gentium
457 1167 780 1240 lrequentia:
805 1167 1177 1234 confluebant,
1210 1171 1266 1220 et
1292 1157 1550 1217 videbitis
1577 1173 1673 1214 eas
1701 1171 1782 1212 ra-

232 1264 390 1331 ritate,
420 1261 587 1316 immo
615 1259 917 1317 solitudine
945 1259 1227 1316 hominum
1262 1256 1557 1312 desolatas.

285 1353 427 1409 Nune
447 1352 676 1420 renistis,
705 1362 754 1408 et
777 1353 929 1407 modo
949 1352 1181 1406 uidentes
1204 1350 1411 1422 plagam
1435 1361 1604 1400 meam
1631 1346 1780 1399 time-

188 1479 198 1492 -
229 1449 298 1502 tis.
332 1445 590 1517 Numquid
628 1447 742 1503 dixi
773 1463 792 1502 :
823 1447 1020 1516 Afferte
1049 1443 1198 1509 mihi,
1225 1453 1271 1498 et
1300 1444 1365 1498 de
1387 1439 1679 1497 substantia
1697 1455 1780 1493 re-

227 1549 312 1594 stra
333 1539 510 1593 donate
538 1538 666 1596 mihi
686 1554 707 1596 :
729 1539 807 1595 uel
831 1541 1046 1595 liberate
1075 1554 1154 1592 me
1171 1537 1236 1592 de
1258 1552 1414 1591 manu
1437 1534 1624 1597 hostis,
1648 1542 1694 1586 et
1719 1533 1781 1585 de

226 1653 351 1690 manu
377 1635 698 1691 robustorum
721 1637 880 1690 eruite
895 1636 1011 1690 me?
1035 1633 1230 1688 Docete
1252 1647 1352 1695 me,
1383 1641 1430 1685 et
1459 1646 1550 1700 ego
1581 1627 1776 1690 tacebo,

223 1741 263 1786 et
285 1732 323 1786 si
342 1731 460 1802 quid
508 1735 643 1801 forte
669 1732 928 1803 ignorari,
963 1730 1200 1784 instruite
1225 1727 1518 1791 me.Quare
1544 1725 1779 1779 detraxi-

1889 497 2208 553 lerventinm
2241 496 2525 549 vulnerum
2555 490 2851 558 defluebat,
2883 487 3135 542 sordibus
3163 484 3337 540 infusa
3355 484 3476 553 pul-

1889 597 2053 660 veris,
2083 606 2260 650 cutem
2293 592 2409 662 ejus
2439 589 2761 648 ex~iccaret,
2791 595 2954 656 atque
2982 580 3351 637 contraheret.

1959 687 2070 742 Nec
2096 687 2307 760 aspiciet
2337 700 2416 738 me
2445 683 2580 737 visus
2606 678 2854 734 hominis.
2877 677 2934 732 In
2958 691 3020 730 ea
3051 676 3198 729 enim
3229 687 3359 743 pace
3377 714 3392 738 ,
3419 679 3476 728 et

1886 781 2054 854 gloria
2083 824 2098 849 ,
2130 778 2330 835 divitiis
2350 819 2366 843 ,
2398 784 2455 831 et
2483 777 2689 829 honore
2715 813 2732 836 ,
2767 770 2856 826 ubi
2884 777 3043 825 antea
3073 767 3146 823 ftti
3175 807 3191 834 ,
3226 767 3335 836 jam
3367 779 3474 821 non

1887 889 2005 929 smn
2037 873 2106 927 ab
2148 869 2456 927 hominibus
2490 866 2778 922 videndus.

1962 967 2114 1024 Oculi
2138 967 2213 1019 tui
2235 965 2288 1018 in
2315 979 2416 1025 me,
2447 970 2493 1014 et
2525 976 2628 1014 non
2656 956 2955 1013 subsistam.
2983 953 3132 1012 Sicut
3155 950 3475 1006 consumitur

1886 1063 2064 1127 nubes,
2098 1069 2144 1116 et
2179 1057 2455 1131 pertransit
2485 1071 2504 1110 :
2529 1054 2605 1108 sic
2629 1054 2715 1123 qui
2745 1047 3010 1106 descendit
3049 1047 3118 1101 ad
3145 1046 3340 1115 inferos
3372 1059 3476 1097 non

1884 1153 2125 1209 ascendet
2149 1166 2167 1205 .'
2195 1165 2286 1204 nec
2315 1156 2596 1204 revertetur
2635 1145 2780 1199 ultra
2808 1143 2864 1197 in
2887 1143 3098 1196 domum
3138 1153 3306 1193 suam.
3337 1135 3472 1202 Quia

1885 1247 2029 1304 oculi
2073 1245 2150 1301 tui
2179 1240 2336 1316 quasi
2379 1237 2662 1296 iracundia
2695 1237 2874 1306 pleni,
2908 1235 2960 1290 in
2994 1247 3083 1290 me
3113 1230 3316 1286 idcirco
3349 1237 3476 1283 sunt

1885 1338 2275 1396 intendentes:
2309 1341 2370 1388 ut
2421 1331 2606 1404 plagas
2654 1329 2938 1401 graviores
2985 1323 3191 1382 inimici
3246 1322 3352 1380 inci
3383 1335 3477 1377 ac-

1884 1431 2187 1488 cumulent.

1959 1527 2145 1600 Neque
2207 1530 2478 1600 cognoscet
2533 1537 2653 1576 eum
2692 1517 2919 1592 amplius
2966 1515 3112 1570 locus
3156 1513 3290 1585 ejus.
3335 1511 3479 1578 Qua-

1885 1630 2117 1692 propter,
2138 1629 2184 1674 et
2212 1634 2307 1692 ego
2328 1634 2431 1671 non
2459 1629 2670 1685 parcam
2693 1612 2770 1666 ori
2793 1626 2904 1665 meo
2936 1624 2954 1663 :
2979 1607 3162 1680 loquar
3181 1607 3234 1660 in
3261 1602 3479 1660 tribula-

1884 1714 2022 1767 tione
2048 1711 2260 1784 spiritus
2293 1709 2415 1774 mei,
2444 1703 2816 1778 confabulabor
2845 1718 2961 1756 cum
2988 1698 3334 1754 amaritudine
3361 1696 3478 1750 uni-

223 1825 293 1882 stis
325 1824 630 1880 sermonibus
657 1826 899 1887 ueritatis
925 1866 941 1892 ,
988 1839 1105 1879 cum
1131 1840 1157 1877 e
1185 1819 1322 1876 vobis
1372 1819 1548 1872 nullus
1592 1817 1656 1869 sit
1692 1817 1780 1886 qui
1810 1807 1860 1868 Β
1886 1821 1981 1860 ma!
2005 1819 2150 1859 mea.
2181 1799 2452 1871 Numquid
2484 1814 2628 1852 mare
2646 1813 2739 1868 ego
2758 1810 2894 1856 sum.
2921 1803 3009 1847 aut
3037 1799 3201 1852 cetus,
3230 1790 3354 1860 quia
3374 1790 3479 1842 cir-

221 1919 356 1991 possit
388 1935 601 1989 arguere
637 1919 761 1973 me?
789 1918 869 1973 Ad
915 1917 1298 1991 increpandam
1335 1925 1539 1969 tantum
1578 1913 1781 1982 eloquia

221 2011 506 2065 concinnatis
527 2050 542 2072 ,
573 2019 621 2064 et
668 2011 723 2063 in
754 2019 958 2066 rentum
986 2010 1137 2064 verba
1175 2010 1439 2083 profertis.
1474 2007 1586 2063 ιιιυο
1612 2006 1780 2074 dicit,

221 2102 338 2174 quod
357 2101 524 2169 etipsi
540 2101 703 2157 amici
733 2102 843 2170 sui,
869 2103 1126 2172 exemplo
1153 2106 1301 2170 ejus,
1333 2100 1544 2156 ruinam
1571 2098 1675 2152 sibi
1707 2097 1780 2152 si-

219 2198 373 2252 milem
404 2195 780 2251 formidarent.
807 2195 998 2251 Nonne
1025 2196 1206 2266 quievi
1233 2237 1249 2262 ,
1294 2208 1480 2249 nonne
1522 2191 1782 2246 dissimu-

220 2289 337 2354 lavi,
361 2289 677 2360 patientiam
709 2288 969 2344 videlicet
992 2297 1086 2343 aut
1124 2287 1427 2342 vindictam
1473 2282 1780 2339 malorum?

216 2384 377 2440 Nonne
404 2385 567 2449 silui,
621 2384 844 2440 silentio
874 2383 1147 2440 cohibens
1184 2383 1425 2451 linguam
1459 2393 1677 2447 meam,
1725 2387 1782 2432 ut

218 2492 304 2531 non
331 2477 709 2546 responderem
737 2475 1206 2546 exprobrantibus
1230 2473 1362 2528 mibi
1387 2473 1526 2528 mala
1559 2490 1571 2526 :
1604 2471 1684 2524 Vel
1713 2487 1780 2526 ne

215 2571 257 2625 in
279 2580 380 2626 toto
403 2571 527 2627 mihi
552 2569 1225 2637 nominareturiniquitas.
1253 2567 1349 2622 His
1371 2583 1501 2636 ergo
1531 2565 1780 2619 Veritatis

214 2666 530 2720 sermonibus
559 2663 910 2732 detraxistis,
954 2663 1171 2730 quando
1211 2661 1437 2730 quidem
1471 2676 1557 2714 tne
1593 2660 1645 2713 in
1695 2657 1780 2712 bis

213 2772 302 2812 non
323 2758 490 2813 solum
519 2757 791 2820 fallacem,
828 2771 1018 2811 verum
1047 2754 1210 2809 etiam
1236 2753 1289 2806 in
1319 2753 1439 2806 aliis
1467 2752 1631 2806 rebus
1663 2751 1775 2804 cri-

215 2852 455 2906 minosum
485 2850 777 2919 judicastis
810 2867 823 2902 :
852 2863 974 2902 cum
1010 2857 1259 2902 vestrum
1292 2845 1476 2900 nullus
1516 2845 1590 2898 ita
1625 2859 1781 2898 nunt-

211 2943 297 2998 dus
317 2945 438 2999 sita
475 2954 702 3014 peccato
723 2987 737 3012 ,
773 2951 833 2996 ut
860 2955 1190 3013 queinquam
1219 2948 1405 3011 posset
1438 2937 1609 2994 libera
1642 2951 1779 2991 con-

211 3038 419 3094 scientia
456 3037 769 3108 increpare.

270 3131 428 3205 Super
447 3129 713 3206 pupillum
734 3129 961 3195 irruitis,
989 3136 1035 3183 et
1067 3126 1358 3182 subvertere
1380 3123 1608 3180 nitimini
1645 3124 1776 3176 auri.

1883 1895 2195 1953 cumrledisti
2221 1911 2300 1949 me
2325 1892 2568 1948 carcere?
2598 1889 2660 1946 Si
2688 1889 2900 1950 dixero,
2931 1881 3282 1940 consolabitnr
3307 1899 3385 1936 me
3405 1881 3478 1936 le-

1881 1991 2049 2046 ctulus
2079 2006 2253 2055 meus,
2280 1997 2329 2043 et
2351 1984 2611 2042 releuabor
2640 1983 2853 2049 loquens
2883 1994 3104 2035 mecum.
3140 1976 3195 2032 Id
3227 1987 3332 2045 est,
3368 1975 3480 2046 pri-

1881 2087 2020 2142 stina
2051 2083 2237 2139 nntndi
2281 2081 2440 2137 istius
2483 2077 2852 2144 conversatio,
2890 2090 2997 2130 non
3028 2073 3134 2130 erit
3164 2071 3215 2126 in
3258 2069 3478 2126 homine

1881 2187 2241 2234 commutato.

1953 2271 2020 2326 In
2041 2281 2204 2326 stratu
2230 2284 2341 2324 meo
2372 2265 2582 2322 terrebis
2609 2281 2689 2320 me
2718 2279 2810 2337 per
2829 2261 3055 2325 somnia,
3075 2267 3122 2313 et
3145 2273 3235 2321 per
3257 2256 3476 2311 visiones

1883 2366 2094 2419 horrore
2139 2359 2423 2417 concutiet.
2459 2358 2574 2413 Hoc
2617 2373 2646 2411 a
2687 2355 2800 2412 Deo
2840 2353 2944 2410 Job
2973 2367 3032 2408 se
3073 2349 3179 2420 pati
3211 2346 3430 2404 diccbat
3454 2391 3469 2416 ,

1881 2457 2025 2528 quod
2055 2472 2083 2508 a
2107 2453 2452 2508 daemonibus
2481 2449 2787 2520 patiebatur
2819 2466 2832 2503 :
2866 2447 2957 2518 qui
2989 2447 3056 2499 ad
3089 2446 3195 2499 ista
3230 2441 3476 2499 facienda

1882 2569 1912 2607 a
1940 2553 2054 2607 Deo
2083 2557 2412 2619 acceperant
2439 2553 2768 2614 potestatem
2794 2588 2809 2612 ,
2836 2544 2926 2613 qui
2957 2541 3006 2596 ei
3038 2538 3209 2596 iorvis
3237 2536 3478 2592 vultibus

1881 2656 1937 2699 et
1966 2641 2268 2698 minacibus
2297 2641 2417 2694 sine
2446 2635 2612 2691 dubio
2637 2633 2976 2705 apparebant
3005 2631 3057 2686 itt
3086 2629 3325 2684 scutnis:
3349 2628 3478 2681 stri-

1881 2737 2080 2792 dentes
2101 2732 2262 2788 etiam
2295 2731 2569 2790 dentibus,
2595 2739 2652 2783 et
2679 2725 2747 2782 ad
2769 2723 3141 2781 devorandqu
3166 2737 3291 2777 eum
3322 2720 3472 2788 quasi

1881 2846 1977 2886 ora
2006 2829 2334 2901 aperientes,
2352 2837 2409 2881 ut
2433 2823 2666 2880 insolitze
2689 2820 2917 2876 visionis
2941 2818 3172 2873 horrore
3189 2825 3475 2872 excutere-

1881 2935 1970 2980 tur
1999 2924 2050 2977 in
2079 2923 2240 2986 lecto,
2271 2929 2326 2976 et
2354 2916 2801 2988 exspergelactus
2827 2927 3024 2969 somno
3051 2908 3337 2979 aufugeret
3366 2921 3475 2977 quo

1881 3017 2060 3073 solent
2100 3014 2320 3070 dolores
2349 3010 2502 3066 nimii
2535 3007 2802 3078 mitigari,
2846 3014 2902 3060 et
2927 3001 3286 3060 succederent
3319 3001 3477 3070 jugcs

1881 3110 2119 3181 vigilia}.
2165 3117 2224 3164 ut
2253 3103 2688 3163 indesinentibus
2726 3099 3066 3157 cruciatibus
3108 3103 3474 3168 torqueretur.

210 3187 308 3276 cum
341 3187 590 3278 Irest'ruin.
645 3187 1014 3276 Verumtamen
1055 3218 1195 3291 quod
1241 3217 1496 3286 coepistis,
1557 3214 1775 3286 explete.
1808 3197 1856 3262 C
1887 3207 2014 3264 Sive
2040 3203 2262 3260 vulnera
2293 3216 2416 3272 qua:
2445 3197 2672 3270 vigilans
2701 3194 2877 3251 oculis
2912 3192 3024 3249 suis
3055 3190 3273 3246 videbat
3298 3187 3482 3260 quoti-

209 3310 422 3369 Prtebete
447 3329 646 3380 aurem,
670 3322 716 3367 et
741 3311 910 3367 videte
931 3329 1002 3366 on
1024 3311 1264 3365 utentior.
1283 3309 1604 3364 Desolatum
1629 3304 1781 3362 sciti-

209 3417 282 3462 cet
306 3423 332 3462 a
363 3411 682 3475 parentibus
719 3418 774 3463 et
803 3408 1020 3464 amicis.

267 3501 598 3575 llespondete,
630 3503 859 3570 obsecro,
882 3503 1073 3572 absque
1095 3498 1498 3561 contentione,et
1521 3497 1779 3566 loquentes

207 3594 252 3647 id
271 3596 402 3666 quod
423 3597 616 3664 iustum
638 3595 1020 3667 est,judicate.
1049 3591 1116 3646 Et
1147 3609 1252 3646 non
1290 3590 1555 3645 invenietis
1593 3590 1646 3642 in
1677 3586 1781 3642 lin-

207 3705 292 3757 gua
311 3705 420 3744 mea
437 3689 762 3758 iniquitatem
786 3703 805 3742 :
823 3702 914 3741 nec
930 3688 983 3740 in
1005 3684 1242 3757 faucibus
1264 3684 1389 3737 meis
1411 3682 1630 3736 stultitia
1657 3698 1775 3750 pcr-

207 3785 414 3838 sonabit.
459 3782 576 3838 Non
615 3782 687 3838 sit
721 3781 1130 3837 eutttradicendi
1161 3779 1433 3841 studium,
1464 3776 1608 3849 quod
1643 3792 1776 3832 chu-

207 3880 442 3933 tentiOnis
469 3888 696 3950 generat
732 3876 980 3932 morbum
1015 3894 1028 3930 :
1064 3885 1121 3931 ct
1151 3874 1224 3930 ita
1257 3874 1472 3928 domum
1515 3870 1776 3925 animosi-

206 3972 317 4026 tatis
340 3972 574 4042 caligine
603 3987 710 4025 non
747 3967 1077 4037 perturbati,
1113 3965 1366 4038 poteritis
1396 3966 1447 4020 in
1482 3979 1570 4020 me
1596 3971 1654 4020 et
1683 3977 1779 4019 vos

204 4065 333 4136 quod
359 4067 561 4138 justum
589 4075 674 4122 est
708 4063 985 4135 judicare.

781 4203 1010 4260 CAPUT
1051 4203 1166 4259 Vll.

266 4326 460 4383 Militia
483 4336 555 4384 est
583 4328 688 4382 cita
710 4325 935 4381 hominis
960 4341 1118 4395 super
1152 4333 1342 4378 terram
1364 4364 1380 4389 ,
1423 4332 1473 4377 et
1511 4323 1642 4377 sicut
1673 4321 1783 4378 dies

204 4420 516 4486 mercenarii,
543 4419 652 4474 dies
678 4420 813 4491 ejus.
839 4417 1114 4474 Dimicans
1135 4428 1326 4473 contra
1356 4415 1656 4472 invisibiles
1689 4416 1784 4471 ad-

203 4516 484 4570 senarios.

1881 3296 1992 3361 die,
2021 3295 2304 3366 putrisque
2329 3292 2534 3357 sanies,
2565 3288 2937 3358 vermiumqne
2961 3282 3245 3340 multitudo
3272 3281 3486 3339 discur-

1881 3391 2119 3445 rentium
2151 3404 2246 3455 per
2271 3386 2557 3441 vulnerum
2586 3381 2796 3447 foveas,
2821 3380 2875 3435 in
2905 3377 3114 3436 somnis
3143 3377 3192 3432 ei
3216 3392 3247 3431 a
3280 3376 3486 3431 daemo-

1886 3483 2049 3540 nibus
2076 3479 2617 3536 demonstrabantur.

1959 3575 2306 3645 Quamobrem
2363 3572 2518 3644 elegit
2589 3567 2927 3638 suspendium
2989 3565 3168 3621 aninta
3225 3579 3370 3629 mea,
3436 3571 3487 3618 et

1885 3679 2100 3725 mortem
2122 3684 2238 3722 ossa
2263 3683 2376 3721 mea
2424 3665 2611 3721 Satius
2633 3673 2740 3732 est,
2769 3659 3038 3732 inquit,et
3061 3668 3284 3728 peccato
3311 3655 3481 3712 multo

1885 3762 2257 3830 tolerabilius,
2291 3761 2334 3815 si
2389 3759 2564 3814 victus
2600 3755 2970 3824 cruciatibus,
3021 3754 3090 3808 de
3140 3759 3319 3808 morte
3363 3765 3482 3807 mea

1883 3856 2160 3929 cogitem,
2215 3871 2377 3927 quam
2427 3865 2533 3909 tua:
2603 3850 2873 3922 majestati
2929 3849 3169 3919 irrogetn
3231 3845 3488 3916 blasphe—

1885 3966 2068 4004 tutam.

1956 4040 2252 4113 Desperari.
2301 4038 2642 4111 Nequaquam
2661 4037 2801 4091 ultra
2822 4035 2928 4100 iam
2949 4032 3138 4088 uiuam.
3165 4027 3482 4098 Desperavi,

1884 4134 2160 4203 loquendo
2203 4133 2338 4200 hinc,
2381 4148 2502 4204 qua:
2531 4131 2716 4187 dicere
2743 4146 2851 4184 non
2881 4127 3202 4183 debueram.
3247 4123 3353 4178 Pro
3384 4121 3488 4178 hoc

1886 4229 2067 4300 itaque
2103 4228 2298 4296 verbo,
2329 4243 2436 4298 quo
2464 4241 2524 4282 se
2562 4226 2774 4294 lapsum
2806 4223 2860 4278 in
2899 4231 3178 4292 peccaturo
3209 4217 3487 4289 deplorat,

1887 4322 2261 4396 ρωηῑιρηιίςιιιι
2292 4322 2438 4376 illico
2463 4319 2758 4388 profitetur
2786 4317 2975 4374 dicens
3003 4331 3018 4370 :

1966 4415 2132 4470 Parce
2151 4413 2300 4479 milii,
2333 4411 2552 4466 Domine
2573 4427 2594 4468 :
2611 4411 2744 4466 nihil
2763 4410 2899 4467 enim
2920 4417 3040 4464 sunt
3065 4407 3177 4460 dies
3199 4405 3319 4460 mei.
3347 4403 3487 4471 Quid

1890 4518 1962 4563 est
1985 4511 2158 4571 homo,
2183 4508 2305 4577 quia
2335 4505 2636 4578 magniﬁcas
2665 4519 2782 4559 eum
2806 4519 2823 4556 :
2846 4511 2936 4555 aut
2964 4500 3092 4572 quid
3120 4482 3343 4568 opponis
3363 4512 3488 4571 erga

266 4605 409 4662 Sient
430 4622 606 4662 cervus
631 4605 896 4660 desiderat
926 4605 1183 4672 umbraut,
1208 4603 1404 4658 etsicut
1426 4601 1778 4656 mercenarius
1813 4595 1860 4656 1)
1886 4619 2000 4657 eum
2032 4617 2120 4655 cor
2149 4600 2334 4654 tuum.’
2363 4597 2558 4654 Visitas
2591 4613 2709 4651 eum
2737 4594 2996 4659 diluculo,
3025 4589 3078 4648 et'
3103 4591 3268 4647 subito
3295 4591 3484 4663 probas

204 4702 523 4774 prtrstolatur
546 4700 705 4770 ﬁnem
727 4699 900 4765 operis
928 4698 1011 4752 sui
1039 4713 1058 4751 :
1079 4698 1152 4752 sic
1179 4705 1227 4751 et
1253 4712 1346 4767 ego
1387 4695 1545 4749 habui
1584 4710 1784 4749 menses

202 4803 412 4858 saeuos,
457 4801 505 4843 et
530 4798 707 4844 noctes
739 4788 1028 4843 laboriosas
1061 4787 1355 4841 enumeravi
1392 4783 1539 4839 mihi.
1574 4783 1636 4840 St
1661 4786 1785 4837 dor-

200 4883 380 4949 miero,
405 4882 572 4937 dicam
593 4881 806 4953 quando
831 4880 1177 4950 consurgant?
1187 4889 1232 4932 et
1255 4894 1462 4932 rursum
1484 4877 1787 4950 exspectabo

201 4986 473 5042 uesperam,
498 4985 546 5028 et
575 4972 814 5043 replebor
839 4973 1100 5026 doloribus
1130 4988 1286 5038 usque
1308 4970 1378 5024 ad
1406 4971 1662 5025 tenebras.
1689 4968 1786 5024 ln-

200 5066 321 5120 duta
354 5077 429 5122 est
463 5083 585 5122 caro
627 5084 740 5121 mea
783 5066 1083 5138 putredine.
1125 5063 1419 5129 Similiter,
1462 5069 1519 5118 et
1559 5077 1662 5132 ego
1703 5079 1789 5116 tne

200 5161 455 5232 consequi
489 5161 835 5224 arbitrabar,
872 5157 969 5214 sed
1011 5173 1110 5227 pro
1157 5155 1348 5211 umbra
1398 5155 1662 5226 relrigerii
1704 5155 1786 5210 iu-

197 5250 337 5305 curri
367 5259 532 5307 uastas
563 5266 847 5323 pinnarum
867 5293 882 5316 ,
920 5257 976 5305 et
1001 5263 1100 5320 pro
1137 5246 1390 5304 mercede
1419 5246 1526 5302 mei
1559 5246 1744 5317 operis
1771 5288 1784 5314 ,

199 5358 402 5402 vacuus
430 5347 692 5404 dimissus
723 5363 868 5403 sum.

268 5440 332 5494 Et
362 5442 594 5498 sordibus
639 5443 863 5514 pulveris
894 5441 1026 5495 cutis
1056 5456 1166 5494 mea
1196 5440 1340 5494 aruit
1364 5481 1378 5506 ,
1433 5448 1482 5492 et
1525 5446 1791 5492 contracta

199 5540 288 5586 est.
323 5526 446 5590 Dies
467 5537 564 5590 mei
592 5534 818 5590 velocius
857 5533 1170 5588 transierunt
1197 5546 1348 5602 quam
1389 5548 1422 5585 a
1449 5539 1652 5584 lescente
1685 5529 1791 5583 tela

195 5627 510 5696 succiditur,
555 5639 604 5681 et
633 5625 926 5698 consumpti
974 5633 1094 5679 sunt
1137 5625 1329 5689 absque
1362 5623 1472 5676 ulla
1514 5639 1624 5690 spe.
1672 5621 1790 5675 Me-

199 5729 367 5771 mento
392 5759 411 5782 ,
451 5721 569 5789 quia
618 5729 794 5774 uentus
833 5728 909 5772 est
942 5716 1046 5770 vita
1093 5733 1203 5770 mea
1240 5731 1258 5770 :
1289 5725 1337 5769 et
1367 5733 1468 5770 non
1513 5722 1792 5769 revertetur

196 5811 376 5863 oculus
401 5825 538 5867 meus
561 5823 614 5865 ut
643 5811 813 5865 videat
847 5811 1003 5866 bona.
1039 5810 1152 5866 lloc
1189 5808 1352 5866 etiam
1386 5808 1453 5864 ad
1487 5820 1790 5866 tormento-

1890 4693 2064 4748 illum.
2095 4691 2395 4760 Tamquam
2426 4691 2471 4744 si
2510 4689 2757 4746 diceret:
2785 4689 2838 4744 in
2869 4687 2974 4743 hoc
3013 4695 3264 4750 tempore
3309 4683 3488 4754 pteni-

1893 4794 2096 4842 tentem
2127 4784 2363 4856 suscipe,
2407 4794 2463 4841 ct
2491 4783 2798 4841 obsecranti
2841 4799 2941 4854 pro
2973 4784 3079 4838 hoc
3125 4779 3324 4836 delicto
3371 4789 3492 4834 esto

1896 4880 2200 4953 placabilis.

1971 4975 2244 5049 Usquequo
2272 4991 2371 5029 non
2414 4973 2584 5042 parcis
2615 4972 2762 5027 mihi.
2809 4970 2866 5027 Id
2897 4981 3002 5039 est,
3034 4969 3103 5025 ab
3149 4967 3266 5024 istis
3314 4964 3491 5036 pinnis

1897 5068 2028 5125 mihi
2061 5068 2390 5124 instantibus
2420 5082 2526 5121 non
2557 5065 2804 5122 desistis.

1966 5160 2079 5216 Nec
2107 5161 2322 5216 dimittis
2365 5176 2447 5215 me
2473 5168 2530 5214 ut
2571 5160 2790 5232 glutiam
2829 5159 3046 5213 salivam
3076 5154 3285 5210 meam?
3328 5152 3484 5208 Inter

1893 5262 2092 5309 caetera
2123 5253 2261 5308 mala
2286 5252 2539 5309 dolorum
2569 5260 2625 5307 et
2648 5250 3010 5315 cruciatuum,
3038 5243 3360 5319 synanchim
3391 5242 3492 5298 ba-

1895 5348 2079 5404 buisse
2108 5361 2168 5402 se
2196 5347 2465 5416 perbibet,
2489 5361 2595 5415 qua
2638 5353 2851 5400 tumore
2877 5341 3096 5398 saucius
3123 5335 3363 5393 hominis
3394 5335 3492 5391 ha-

1894 5438 2025 5494 litus
2054 5437 2455 5503 intercluditur,
2476 5447 2530 5494 et
2553 5452 2699 5508 saepe
2718 5435 2872 5507 quasi
2901 5435 3098 5503 laqueo
3121 5428 3495 5500 strangulatus

1897 5531 2281 5601 exstinguitur.

1972 5624 2209 5678 Peccavi.
2257 5623 2398 5691 Quid
2417 5623 2604 5691 faciam
2630 5622 2741 5690 tibi,
2769 5637 2799 5674 o
2821 5628 2994 5674 custos
3021 5615 3329 5672 hominum?
3360 5615 3498 5670 Pec-

1898 5720 2014 5776 cavi
2061 5719 2113 5773 in
2149 5719 2232 5772 his
2263 5734 2382 5787 quae
2428 5717 2535 5770 disi
2568 5716 2842 5786 superius,
2887 5730 3008 5784 qua:
3043 5728 3129 5767 me
3171 5709 3358 5767 dicere
3384 5723 3499 5765 non

1899 5809 2126 5867 decebat
2158 5827 2173 5864 :
2205 5808 2333 5880 quid
2367 5822 2583 5879 possum
2612 5806 2793 5862 facere
2822 5805 2950 5874 tibi,
2981 5805 3073 5876 qui
3101 5805 3280 5874 justus
3319 5799 3415 5855 est
3502 5860 3506 5868 ,
