3948 6334
399 304 509 367 855

1185 305 1538 364 APPENDIX
1576 304 1670 363 AD
1709 302 1959 362 'l‘UMUM
1998 305 2359 364 SEPTIMUM
2400 305 2459 362 S.
2503 302 2901 361 illERONYMI.

3579 308 3672 368 636

479 428 651 498 Quare
691 444 773 484 me
803 427 1022 499 posuisti
1069 428 1391 483 contrarium
1440 426 1576 481 tibi?
1611 425 1816 482 Dedisti
1864 424 1997 479 mihi
2027 427 2075 486 Α
2104 430 2335 489 naturas,
2364 431 2642 493 tamquam
2671 421 2893 476 divitias
2922 435 3046 475 cum
3075 418 3478 485 meretricibus,
3508 420 3557 476 id
3577 434 3671 496 est,

402 522 615 594 copiam
654 522 1045 593 respondendi,
1082 532 1139 576 ut
1169 521 1411 576 dicerem
1444 519 1542 574 tibi
1569 537 1581 573 :
1607 519 1767 574 Justo
1796 516 2003 572 homini

404 631 514 672 non
550 617 880 672 conveniunt
919 630 1116 686 preme,
1146 630 1266 684 qua:
1296 614 1478 684 potius
1512 613 1892 683 peccatoribus
1927 612 2003 666 ir-

407 723 669 782 rogantur
695 726 712 766 :
735 710 860 765 dum
889 708 1056 765 homo
1094 706 1214 763 haec
1241 706 1369 763 dico
1395 707 1509 764 Deo
1529 717 1809 764 :creatura
1847 720 2007 761 crea-

413 803 546 867 tori,
576 802 784 872 plasma
813 801 1004 871 figulo.

483 892 554 948 Et
592 894 765 965 factus
785 910 902 948 sum
927 893 1265 964 miltimetipsi
1291 894 1484 965 gravis.
1517 891 1652 959 Quia
1685 905 1875 947 servus
1905 891 2007 945 Do-

403 988 555 1044 mino
584 1003 705 1043 meo
736 999 841 1042 tam
875 987 1100 1058 querula
1129 1003 1263 1042 voce
1294 986 1629 1057 respondere
1660 1001 1766 1040 non
1792 984 1982 1040 debui.

476 1078 583 1134 Cur
611 1097 714 1134 non
744 1081 883 1135 tollis
905 1091 1172 1153 peccatum
1198 1098 1391 1148 meum,
1424 1090 1473 1135 et
1496 1095 1657 1152 quare
1687 1096 1789 1133 non
1822 1083 2005 1148 aufers

400 1172 730 1243 iniquitatem
769 1174 977 1227 meam?
1013 1172 1144 1227 Ecce
1180 1190 1322 1227 nunc
1352 1174 1405 1227 in
1446 1173 1656 1243 pulvere
1700 1171 1958 1225 dormiunt
1989 1186 2005 1223 :

402 1262 461 1317 Id
494 1272 603 1330 est,
633 1263 819 1320 aufers
848 1264 1067 1319 dolores
1099 1281 1274 1333 meos,
1300 1281 1395 1333 per
1416 1280 1558 1335 quos
1584 1266 1674 1335 qui
1695 1280 1846 1321 erant
1884 1263 2012 1317 bac-

404 1363 561 1411 tenus
584 1356 790 1427 justus,
834 1371 978 1412 nunc
1012 1373 1244 1428 peccare
1275 1357 1627 1427 compellor?

476 1447 547 1503 Et
577 1450 623 1503 si
650 1467 803 1505 omne
837 1467 915 1505 me
938 1451 1230 1521 quaesieris,
1282 1467 1388 1505 non
1429 1452 1729 1507 subsistant.
1768 1451 1900 1506 Post
1932 1452 2011 1507 is-

403 1542 513 1596 tius
541 1540 731 1597 s:eculi
762 1552 1008 1610 noctem,
1045 1544 1099 1596 in
1132 1542 1275 1596 illius
1306 1541 1469 1596 futuri
1494 1543 1680 1597 saeculi
1712 1541 2007 1611 principio,

404 1633 626 1705 quando
658 1635 763 1689 erit
787 1634 917 1689 felix
945 1639 1277 1691 resurrectio
1307 1637 1591 1692 beatorum
1620 1654 1633 1691 :
1662 1651 1784 1691 cum
1818 1638 2010 1708 requi-

406 1727 547 1782 situs
578 1726 766 1797 fuero,
794 1743 900 1782 non
934 1726 1184 1784 inveniar
1216 1747 1228 1783 :
1263 1730 1387 1801 quia
1426 1746 1531 1784 non
1559 1729 1629 1784 ita
1663 1729 1863 1800 dignus
1891 1745 2009 1797 ero,

2111 516 2477 586 voluptatibus
2518 514 2771 578 vivendo,
2818 512 3083 584 prodigus
3134 512 3479 581 dissipasset,
3520 517 3675 583 ιιωηί-

2110 607 2245 664 tenti
2294 608 2563 662 occiditur
2609 606 2836 670 vitulus,
2874 603 3442 660 Christuseannnlns
3484 619 3677 676 quoque

2112 698 2259 766 ﬁdei,
2287 714 2389 768 qua
2413 706 2607 753 cuncta
2630 698 2898 768 promissa
2921 708 3069 751 certa
3100 696 3464 767 impressione
3487 697 3680 767 signan-

2111 799 2217 856 lnr,
2251 792 2303 845 in
2332 804 2495 843 manu
2527 790 2579 845 ei
2617 789 2877 844 tribuitur
2908 807 2920 843 :
2949 798 3002 843 et
3034 803 3317 857 gressnum
3354 802 3568 843 suorum
3601 805 3682 845 ac-

2111 884 2254 953 cepit
2292 885 2662 948 munimenta,
2710 890 2773 935 ut
2812 896 2984 951 super
3026 888 3316 950 serpentes
3363 888 3419 933 et
3463 882 3682 950 scorpios

2110 990 2337 1030 securus
2368 973 2587 1029 incedat
2616 991 2630 1027 :
2666 974 2811 1028 stola
2847 975 3013 1027 etiam
3045 982 3250 1027 a-terna
3282 970 3684 1026 immortalitatis

2112 1067 2369 1122 donatur.

2185 1157 2461 1230 Interroga
2491 1157 2624 1212 enim
2656 1159 3048 1229 generationem
3080 1157 3380 1229 pristinam,
3410 1164 3459 1209 et
3481 1156 3689 1230 diligen-

2113 1260 2188 1305 ter
2216 1252 2465 1321 investiga
2511 1260 2720 1319 patrum
2750 1253 3075 1305 memoriam.
3126 1248 3372 1304 Hesterni
3401 1248 3581 1319 quippe
3604 1265 3684 1301 su-

2114 1360 2249 1409 mus,
2279 1353 2328 1398 et
2358 1344 2661 1415 ignoramus
2691 1343 2980 1416 :quoniam
3022 1344 3159 1396 sicut
3188 1341 3370 1395 umbra
3401 1340 3512 1394 dies
3540 1340 3686 1394 nostri

2113 1446 2231 1491 sunt
2259 1453 2419 1506 super
2447 1448 2641 1491 terram
2674 1450 2693 1489 :
2716 1436 2817 1504 ipsi
2861 1435 3115 1489 docebunt
3152 1444 3219 1489 te.
3258 1432 3549 1503 Loquentur
3584 1434 3683 1500 tibi,

2114 1538 2160 1581 ct
2189 1528 2253 1581 de
2274 1529 2427 1581 corde
2448 1544 2542 1581 suo
2567 1528 2826 1597 profereut
2852 1527 3072 1596 eloquia.
3103 1527 3214 1581 Hoc
3238 1536 3323 1581 est
3345 1525 3552 1591 dicere,
3577 1526 3689 1595 quia

2112 1638 2215 1679 nos
2244 1622 2482 1676 hesterni
2511 1635 2723 1688 sumtis,
2754 1623 3031 1689 interroga
3062 1621 3338 1690 antiquos,
3374 1625 3434 1673 et
3466 1619 3689 1673 invenies

2116 1717 2250 1771 alios
2290 1717 2341 1769 in
2374 1715 2598 1782 diluvio,
2643 1716 2780 1770 alios
2823 1718 2877 1769 in
2926 1713 3188 1779 Sodoma,
3239 1713 3357 1769 sive
3393 1713 3450 1767 in
3481 1712 3692 1767 diversis

406 1820 498 1888 qui
535 1820 841 1876 sanctitatis
873 1822 1077 1875 merito
1105 1822 1397 1878 subsistam
1438 1833 1567 1878 ante
1602 1822 1795 1879 faciem
1835 1829 2004 1878 tuam.

2124 1809 2251 1863 locis
2274 1824 2370 1877 pro
2398 1809 2633 1879 peccatis
2663 1808 2774 1861 suis
2800 1806 3045 1862 diversas
3071 1804 3355 1875 accepisse
3379 1803 3688 1859 sententias.

408 1912 567 1979 Quod
603 1914 648 1967 si
679 1914 877 1973 abhinc
909 1927 1167 1985 peccator
1200 1917 1414 1982 abiero,
1443 1918 1530 1974 cui
1566 1925 1621 1972 tu
1649 1928 1779 1973 ante
1811 1918 2006 1989 propi-

408 2006 573 2060 tiatus
604 2022 711 2061 non
743 2006 944 2063 fueris:
972 2020 1153 2079 postea
1184 2020 1315 2066 ante
1338 2022 1721 2081 conSpcctunt,
1757 2011 1848 2066 ubi
1879 2017 2009 2066 sunt

411 2100 597 2157 caeteri
622 2101 820 2170 sancti,
851 2104 1092 2174 amplius
1117 2120 1224 2160 non
1249 2120 1365 2161 ero.

1007 2265 1237 2323 CAPUT
1276 2265 1411 2322 Vill.

485 2374 829 2448 Respondeas
854 2387 1028 2435 autem
1050 2379 1257 2434 Baldad
1287 2379 1488 2448 Suites,
1520 2379 1654 2435 dixit
1682 2396 1701 2434 :
1730 2379 2004 2451 Usquequo

411 2467 640 2538 loqueris
663 2470 815 2538 talia,
846 2484 893 2527 et
926 2475 1144 2544 spiritus
1177 2474 1449 2547 multiplex
1476 2475 1731 2530 sermonis
1757 2475 1863 2528 oris
1893 2474 2012 2528 tui?

409 2560 664 2617 Offensus
701 2573 786 2619 est
816 2564 1021 2621 Baldad
1051 2567 1106 2621 in
1136 2568 1484 2622 sermmtibus
1524 2569 1701 2622 sancti
1730 2567 1856 2623 Job.
1891 2566 2011 2620 Pri-

411 2671 561 2712 mum
592 2656 716 2728 quia
749 2667 959 2716 temere
991 2661 1208 2717 locutus
1235 2661 1428 2717 fuisset
1451 2661 1515 2716 ad
1545 2661 1718 2717 Deum
1746 2678 1759 2715 :
1785 2659 2008 2726 deinde,

412 2750 555 2821 quod
582 2750 792 2808 diceret
829 2754 976 2823 quod
1008 2755 1060 2810 in
1091 2771 1260 2825 regno
1292 2755 1488 2812 fuisset
1539 2756 1756 2810 caeteris
1789 2752 2010 2824 regibus

410 2844 842 2915 prtepollentior,
873 2859 925 2902 et
956 2848 1098 2918 quod
1134 2848 1273 2902 hanc
1304 2848 1514 2918 plagam
1556 2849 1827 2903 innocens
1859 2856 2010 2915 pate-

410 2942 567 2990 retur
592 2943 649 2991 et
680 2945 831 2992 notat
879 2953 1001 2993 eum
1050 2940 1167 3010 ipse
1212 2938 1443 3006 Baldad,
1489 2938 1631 3009 quod
1684 2938 1838 3009 quasi
1889 2954 1998 2992 nott

411 3026 589 3083 libera
622 3038 807 3086 mente
846 3040 903 3087 et
940 3032 1126 3089 sobria
1160 3032 1500 3103 loqueretur,
1533 3031 1632 3088 sed
1676 3031 1867 3086 nescio
1900 3046 2009 3100 quo

410 3118 606 3192 spiritu
640 3124 818 3193 potius
846 3136 1123 3195 ageretur.

2190 1900 2460 1972 Numquid
2486 1900 2649 1954 virere
2692 1908 2856 1972 potest
2887 1900 3089 1968 scirpus
3119 1897 3311 1969 absque
3351 1895 3587 1963 humore,
3611 1902 3695 1949 aut

2115 2010 2341 2049 crescere
2387 2006 2644 2049 carectum
2692 1995 2806 2048 sine
2833 2009 2990 2064 aqua.
3041 1992 3155 2048 Hoc
3184 2000 3269 2046 est
3316 1990 3508 2046 dicere
3537 1989 3698 2043 :sicut

2113 2088 2332 2157 scirpus
2362 2088 2451 2143 vel
2478 2098 2758 2143 carectum
2791 2088 2912 2143 sine
2943 2101 3085 2156 aqua
3110 2085 3305 2141 vivere
3337 2098 3453 2139 non
3493 2092 3695 2154 potest:

2115 2181 2186 2234 ita
2220 2190 2274 2235 tu
2316 2180 2436 2236 sine
2466 2180 2710 2237 fomento
2748 2191 2909 2252 atque
2944 2180 3176 2235 humore
3213 2177 3479 2248 iustitiae,
3508 2190 3700 2247 nequa-

2113 2290 2274 2345 quam
2304 2290 2626 2346 permanere
2653 2275 2709 2331 in
2733 2276 2969 2341 pristina
3001 2273 3263 2329 felicitate
3294 2270 3547 2343 potuisti.

2186 2367 2312 2423 Cum
2349 2367 2525 2421 adhuc
2555 2368 2622 2421 sit
2663 2368 2718 2421 in
2756 2369 2905 2438 ﬂore,
2951 2382 3043 2419 nec
3081 2374 3330 2434 carpatur
3374 2379 3557 2428 manu,
3586 2367 3699 2415 ante

2115 2478 2286 2518 omnes
2308 2461 2493 2518 herbas
2525 2462 2711 2517 arescit
2743 2463 2859 2516 :sic
2890 2462 2988 2516 vim
3011 2463 3244 2515 omnium
3280 2461 3369 2531 qui
3399 2457 3699 2513 obliviscun-

2116 2567 2201 2610 tur
2235 2556 2423 2612 Deum.
2454 2556 2592 2611 Dicit
2620 2565 2868 2610 sanetum
2899 2554 3025 2620 Job,
3061 2555 3210 2608 velut
3242 2554 3426 2609 herbae
3451 2548 3700 2606 similitu-

2114 2650 2243 2706 dine
2283 2651 2534 2707 ﬂoruisse
2569 2651 2700 2720 :qui
2745 2660 3038 2720 antequam
3068 2650 3136 2703 ad
3170 2649 3552 2702 maturitatem
3588 2642 3705 2697 fun~

2116 2747 2255 2800 datte
2280 2746 2470 2817 glorise
2502 2745 2835 2816 perveniret,
2887 2744 2937 2797 in
2972 2750 3117 2798 tanta
3151 2742 3291 2797 mala
3334 2737 3700 2812 praecipitatus

2113 2844 2208 2907 sit,
2242 2856 2309 2897 ne
2339 2843 2388 2894 in
2421 2851 2666 2911 tempore
2696 2854 2819 2907 suo,
2853 2838 3008 2909 quasi
3039 2838 3093 2891 in
3123 2834 3468 2905 plenitudine
3497 2833 3700 2888 dierum

2114 2943 2495 2991 consummato
2526 2935 2913 3004 completoque
2948 2930 3341 2986 florentissimo
3365 2943 3565 2999 regno,
3592 2938 3703 2980 ma-

2115 3047 2186 3085 nu
2219 3030 2504 3100 potestatis
2543 3028 2663 3098 Dei,
2710 3026 2764 3082 in
2793 3044 2894 3095 qua
2936 3014 3133 3079 omnia
3164 3039 3333 3093 regna
3374 3020 3703 3084 consistunt,

2113 3122 2385 3179 auferetur
2417 3136 2445 3175 a
2478 3122 2699 3177 saeculo.
2744 3120 2887 3189 Ergo
2916 3118 3041 3189 quia
3085 3130 3191 3171 non
3236 3117 3310 3170 ita
3341 3114 3533 3185 egisti,
3564 3123 3621 3166 ut
3647 3110 3699 3164 in

483 3211 756 3286 Numquid
780 3215 918 3271 Deus
948 3218 1247 3291 supplantat
1261 3218 1545 3292 judicium,
1574 3227 1662 3271 aut
1690 3218 2006 3291 omnipotens
2034 3218 2078 3281 C
2113 3233 2266 3290 pace,
2286 3216 2558 3286 completo
2583 3226 2825 3285 tempore
2849 3224 2941 3267 tuo
2961 3210 3295 3267 cottfcrreris
3320 3210 3372 3264 in
3396 3208 3701 3279 sepulcrum

408 3301 655 3361 subvertit
677 3310 814 3376 quod
824 3312 1028 3382 justum
1053 3311 1169 3365 est?
1198 3310 1312 3365 Hoc
1332 3310 1486 3374 dicit.
1514 3309 1637 3380 quia
1664 3308 1874 3380 justitia
1907 3309 2004 3365 Dei

409 3397 615 3466 pateris
650 3414 773 3468 qua!
803 3402 1049 3457 mereris.

480 3488 706 3547 Etiamsi
727 3492 826 3563 ﬁlii
856 3495 931 3548 tui
953 3504 1292 3563 peccaverunt
1314 3496 1382 3563 ei,
1408 3504 1456 3549 et
1480 3494 1679 3551 dimisit
1705 3511 1789 3550 eos
1812 3493 1865 3547 in
1895 3509 2005 3547 ma-

408 3599 481 3638 nu
505 3584 792 3657 iniquitatis
821 3602 928 3642 sure
956 3606 968 3642 :
994 3595 1050 3643 tu
1079 3597 1247 3643 tamen
1279 3589 1325 3643 si
1349 3587 1585 3645 diluculo
1612 3586 2002 3642 consurrexeris

410 3673 483 3727 ad
504 3672 694 3740 Deum,
725 3684 774 3732 et
796 3678 1195 3751 omnipotentem
1217 3680 1376 3752 fueris
1409 3680 1715 3751 deprecatus
1742 3695 1761 3733 :
1783 3680 1828 3731 si
1851 3695 2007 3732 mun-

409 3765 510 3821 dus
536 3774 581 3821 et
611 3776 782 3823 rectus
805 3770 1097 3834 incesseris,
1124 3774 1295 3825 statim
1324 3771 1591 3843 evigilubit
1625 3772 1694 3824 ad
1717 3779 1785 3835 te,
1816 3778 1866 3825 et
1886 3787 2009 3843 pec-

409 3867 583 3916 catum
612 3862 788 3916 reddet
826 3861 1179 3920 habitaculum
1196 3868 1420 3939 justitia:
1464 3875 1612 3919 tum:
1648 3865 1905 3918 intantum
1949 3874 2004 3918 ut

407 3955 454 4009 si
480 3957 661 4028 priora
682 3967 772 4021 tua
793 3962 989 4029 fuerint
1021 3976 1205 4028 parva,
1238 3970 1287 4013 et
1318 3959 1598 4013 novissima
1628 3969 1720 4014 tua
1750 3958 2008 4029 multipli-

412 4049 798 4116 centurfnimis.
835 4052 889 4106 Si
926 4051 1046 4119 filii,
1083 4051 1279 4122 inquit,
1313 4053 1388 4105 tui
1430 4050 1698 4106 facientes
1730 4052 1890 4115 mala,
1918 4050 2004 4105 di-

410 4137 563 4194 missi
593 4151 723 4195 sunt
749 4158 776 4195 a
804 4143 933 4206 Deo.
979 4154 1037 4197 ut
1065 4154 1302 4213 potestas
1331 4158 1451 4213 quae
1485 4154 1711 4212 propter
1750 4142 2005 4212 iniquita-

413 4237 523 4284 tem
550 4245 737 4286 eorum
770 4232 827 4288 in
858 4250 951 4289 eos
980 4235 1105 4290 data
1135 4244 1240 4303 est,
1275 4235 1617 4289 interimendi
1641 4250 1738 4290 eos
1765 4235 2001 4291 haberet

409 4321 687 4389 eﬂ'ectum,
718 4326 813 4380 tibi
843 4328 896 4381 in
919 4328 1075 4383 nullo
1100 4344 1299 4385 nocere
1329 4329 1531 4399 poterit
1556 4346 1568 4382 :
1594 4329 1639 4382 si
1674 4339 1850 4384 tamen
1884 4329 2002 4399 ipse

406 4414 586 4470 adhuc
607 4416 799 4487 jacens
835 4419 888 4471 in
913 4420 1159 4474 stultitiae
1187 4422 1457 4480 cmcitate,
1495 4419 1740 4475 diluculo
1766 4422 1818 4475 in
1848 4422 2004 4492 agni-

412 4506 615 4562 tionem
647 4508 846 4565 divinae
870 4511 1095 4582 justitite
1143 4514 1587 4585 consurrexeris,
1642 4524 1696 4568 et
1748 4530 1847 4583 pro
1899 4516 2004 4569 tuis

2116 3318 2263 3364 tuum
2291 3327 2305 3364 :
2328 3309 2533 3364 idcirco
2554 3316 2679 3363 ante
2700 3322 2887 3361 omnes
2914 3305 3135 3367 herbas,
3161 3303 3213 3357 id
3233 3311 3337 3369 est,
3373 3310 3503 3358 ante
3519 3311 3704 3355 omnes

2113 3413 2444 3473 peccatores,
2484 3402 2575 3473 qui
2601 3400 2893 3456 herbarum
2936 3397 3204 3453 vocabulo
3230 3411 3376 3466 smpe
3416 3395 3699 3460 dicuntur,

2109 3494 2244 3550 solis
2281 3494 2477 3550 ardore
2505 3496 2736 3549 siccatus
2764 3508 2824 3549 es
2849 3512 2862 3547 :
2884 3492 2933 3546 id
2980 3498 3084 3555 cst,
3120 3506 3241 3545 cum
3266 3488 3579 3545 inﬁdelibus
3610 3487 3703 3541 tri-

2112 3588 2479 3645 bulationibus
2528 3589 2692 3644 corde
2739 3586 2977 3643 cessisti.
3024 3585 3178 3653 Quod
3226 3591 3407 3640 autem
3454 3581 3555 3651 ait,
3595 3588 3709 3635 ante

2110 3686 2292 3741 Itcrbas
2314 3702 2487 3740 omnes
2509 3686 2693 3739 arescit
2715 3701 2733 3739 :
2758 3682 3003 3755 quisquis
3019 3682 3292 3737 boutinum
3317 3681 3607 3737 multarum
3630 3685 3710 3735 est

2109 3779 2472 3850 iniquilﬂlllm,
2498 3781 2643 3834 sicut
2665 3789 2719 3834 tu
2743 3794 2825 3844 es,
2848 3794 2960 3848 prae
2985 3778 3223 3850 pondere
3240 3777 3555 3844 criminum,
3581 3782 3704 3830 ante

2110 3871 2303 3941 incipit
2346 3885 2533 3940 prunas
2570 3870 2719 3925 luere
2752 3885 2914 3941 quam
2944 3870 3126 3925 caeteri
3157 3877 3490 3939 peccatores.

2179 3964 2248 4017 Et
2287 3981 2401 4037 spes
2450 3964 2731 4037 hypocrita:
2772 3963 2975 4034 peribit.
3023 3963 3337 4035 llypocritte
3383 3958 3693 4015 simulantis

2106 4057 2523 4111 sanctimoniam
2557 4058 2680 4111 vitae
2712 4074 2725 4110 :
2753 4055 2839 4111 hic
2862 4064 3041 4110 autem
3074 4053 3375 4110 secundum
3403 4054 3523 4119 Dei,
3545 4052 3687 4107 sicut

2106 4147 2223 4217 ipse
2245 4147 2342 4213 ait,
2374 4147 2772 4213 testimonium,
2802 4145 3040 4216 simplex
3063 4144 3185 4211 fuit,
3218 4154 3424 4213 rectus,
3453 4152 3506 4200 et
3540 4143 3702 4198 inno-

2106 4254 2239 4295 cens
2271 4256 2283 4292 :
2318 4239 2381 4294 Si
2417 4240 2678 4293 ambulavi
2705 4240 2758 4293 in
2786 4242 3034 4293 uanitate.

2183 4329 2305 4385 Non
2333 4332 2380 4385 ei
2416 4331 2638 4404 placebit
2668 4330 2905 4385 vecordia
2935 4347 3050 4398 sua,
3082 4338 3131 4385 et
3166 4328 3299 4384 sicut
3341 4328 3444 4385 tela
3485 4344 3707 4384 aranea-

2106 4440 2223 4477 rum
2269 4424 2461 4491 ﬁducia
2509 4425 2643 4494 ejus.
2677 4422 2915 4479 Grandis
2963 4438 3149 4479 revera
3196 4422 3451 4478 vecordia
3504 4435 3615 4491 eat,
3648 4430 3704 4475 et

2109 4517 2369 4580 amentia,
2404 4517 2549 4582 ficte,
2580 4525 2639 4571 et
2677 4516 2930 4571 simulate
2961 4532 3124 4587 agere
3158 4525 3286 4573 ante
3317 4517 3491 4570 Deum
3521 4534 3533 4567 :
3560 4511 3705 4587 quod

411 4601 688 4657 erroribus
717 4612 771 4657 et
800 4604 1015 4661 delictis
1044 4606 1244 4674 Deum,
1278 4607 1366 4677 qui
1396 4606 1576 4660 omnia
1605 4617 1783 4677 potest
1809 4621 2006 4662 conce-
2033 4610 2087 4672 D
2112 4610 2189 4663 eis
2232 4608 2283 4662 in
2331 4623 2649 4678 pmSperum
2690 4624 2797 4662 non
2839 4607 3117 4678 procedet,
3162 4622 3284 4661 cum
3318 4608 3415 4661 ille
3438 4614 3710 4661 scrutator

409 4692 563 4761 dere,
596 4693 767 4750 fueris
792 4696 1134 4767 deprecatus.
1177 4699 1279 4767 Qui
1326 4699 1478 4769 quasi
1508 4699 1748 4753 dormire
1779 4698 2003 4753 videba-

413 4798 518 4852 tur,
551 4805 658 4844 non
689 4791 961 4846 audiendo
985 4803 1037 4847 te
1067 4793 1340 4859 videlicet,
1390 4808 1495 4849 nec
1522 4793 1781 4857 videndo,
1813 4791 2002 4847 confe-

411 4884 536 4939 stim
563 4883 845 4954 evigilabit
873 4885 937 4940 ad
964 4895 1034 4950 te,
1058 4897 1114 4940 et
1141 4887 1209 4941 ad
1240 4887 1652 4958 praeparandam
1686 4884 2001 4940 felicitatem

411 4986 554 5033 tuam
576 4977 819 5031 instabit.
842 4976 1114 5031 lutantum
1140 4990 1196 5032 ut
1215 4982 1258 5032 si
1285 4981 1461 5045 priora
1482 4988 1569 5032 tua
1591 4976 1790 5033 fuerint
1809 4992 1999 5043 parva,

412 5073 708 5127 novissima
733 5081 817 5125 tua
842 5071 1267 5141 multiplicemur
1296 5073 1473 5127 nimis.
1499 5074 1553 5127 Si
1577 5086 1711 5143 ergo
1734 5072 1799 5125 ad
1828 5071 2001 5126 Deum

414 5178 720 5219 conversus
754 5165 945 5230 fueris,
998 5166 1192 5232 inquit,
1224 5165 1291 5219 ab
1330 5165 1727 5236 iniquitatibus,
1777 5173 2009 5236 propter

417 5270 552 5327 quas
596 5272 737 5311 nunc
769 5271 956 5326 pinnas
980 5260 1205 5328 pateris,
1234 5268 1287 5313 et
1318 5273 1414 5326 per
1434 5255 1858 5313 satisfactionem
1881 5273 2004 5313 eum

416 5366 515 5421 pro
547 5351 755 5407 meritis
787 5352 893 5407 tuis
943 5352 1037 5407 tibi
1089 5353 1243 5408 valde
1275 5354 1467 5407 iratum
1512 5353 1868 5409 reconciliare
1908 5368 2006 5407 vo-

415 5445 587 5500 lueris
616 5463 629 5498 :
663 5457 864 5499 tantam
892 5447 1010 5517 ejus
1042 5453 1265 5515 gratiam
1295 5448 1554 5500 continuo
1588 5446 1915 5515 posside-bis,
1950 5453 2008 5500 ut

418 5537 486 5593 ad
509 5538 971 5608 comparationem
1007 5541 1424 5594 novissimorum
1454 5538 1721 5593 honorum
1759 5547 2003 5605 tttorum,

415 5644 535 5698 quae
588 5630 685 5684 tibi
732 5630 914 5685 subito
960 5632 1156 5699 p0terit
1198 5646 1580 5699 compensare,
1628 5633 1811 5699 priora
1874 5634 2008 5685 satis

411 5734 600 5791 parva,
629 5729 683 5775 et
711 5722 928 5777 minima
959 5723 1308 5791 deputentur.
1335 5727 1481 5789 Quos
1512 5733 1828 5793 peccttores
1854 5725 1995 5777 filius

424 5811 519 5873 ille
551 5811 733 5883 jttnior
770 5815 821 5868 in
856 5814 1151 5885 Evangelia
1181 5816 1446 5887 figuravit,
1489 5816 1577 5886 qui
1629 5830 1752 5871 cum
1806 5815 2003 5870 bonum

2105 4703 2178 4757 sit
2206 4701 2389 4757 cordis
2426 4709 2481 4755 et
2512 4702 2679 4756 renis.
2712 4700 2874 4756 Tales
2904 4702 2957 4755 in
2993 4699 3309 4769 Evangeliis
3352 4706 3701 4768 arguuntur:

2110 4795 2199 4864 qui
2227 4806 2353 4848 sunt
2381 4794 2557 4849 ornati
2591 4792 2799 4849 deforis
2837 4793 2992 4864 quasi
3044 4793 3229 4862 specie
3280 4793 3619 4857 sanctitatis,
3650 4798 3705 4846 et

2110 4887 2257 4941 intus
2286 4886 2489 4956 peccati
2516 4884 2805 4953 putredine
2837 4885 2981 4956 pleni
3006 4894 3154 4950 sunt,
3180 4893 3238 4939 ut
3264 4885 3524 4958 sepulcra
3556 4899 3708 4938 mor-

2116 4993 2355 5035 tuorum.

2186 5071 2448 5129 Innitetnr
2473 5088 2629 5142 super
2668 5072 2879 5126 domum
2933 5088 3104 5138 suam,
3136 5080 3183 5126 et
3209 5088 3315 5126 non
3344 5072 3523 5126 stabit.
3550 5067 3703 5124 Con-

2115 5165 2333 5223 fidendo
2364 5165 2418 5219 in
2462 5164 2664 5233 seipso,
2709 5174 2766 5220 et
2800 5164 3181 5220 confirmando
3219 5179 3448 5220 carnem
3490 5161 3705 5218 brachii

2112 5260 2197 5315 sui
2229 5278 2241 5313 :
2275 5266 2423 5313 stare
2455 5274 2561 5313 non
2592 5260 2793 5326 poterit
2828 5258 2962 5313 :sed
2997 5260 3169 5330 magis
3218 5258 3377 5315 cadet
3421 5258 3703 5330 superbia.

2116 5353 2247 5421 Quia
2279 5351 2443 5405 omnis
2469 5366 2595 5404 caro
2638 5351 2814 5422 fenum
2845 5359 2940 5405 est.

2186 5443 2392 5499 Fulcict
2437 5460 2575 5507 eam,
2616 5452 2663 5496 ct
2700 5460 2802 5497 non
2843 5451 3142 5515 consurget.
3184 5441 3424 5498 Conatur
3470 5439 3709 5514 propriis

2116 5536 2321 5593 viribus
2348 5552 2406 5591 se
2437 5540 2668 5607 erigere,
2702 5535 2798 5590 sed
2849 5550 3188 5605 nequaquam
3232 5548 3562 5606 consurgere
3600 5548 3706 5603 po-

2116 5632 2240 5683 terit
2268 5646 2283 5682 :
2311 5627 2436 5699 quia
2461 5637 2674 5682 nonest
2704 5627 3257 5701 DominusJortitudo
3282 5628 3428 5697 ejus.
3463 5627 3514 5681 ln
3537 5640 3708 5696 quem

2112 5723 2498 5777 incumbentes
2530 5720 2845 5776 ﬁrmissime
2868 5723 3239 5776 continentur.

2189 5813 2476 5869 Humcctus
2504 5814 2705 5869 ridctur
2733 5823 3010 5885 antequam
3038 5816 3204 5872 veniat
3232 5814 3332 5871 sol.
3364 5814 3704 5872 Felicitatem
