  <div class='ocr_page' id='page_1' title='image "/cluster/home/n/w/nwhite01/storage/ocr_20150623/26/hvd.32044015471402/324.png"; bbox 0 0 3948 6334; ppageno 0'>
   <div class='ocr_carea' id='block_1_1' title="bbox 270 286 364 357">
    <p class='ocr_par' dir='ltr' id='par_1_1' title="bbox 270 286 364 357">
     <span class='ocr_line' id='line_1_1' title="bbox 270 286 364 357; baseline 0 -6"><span class='ocrx_word' id='word_1_1' title='bbox 270 286 364 357; x_wconf 65' lang='grc' dir='ltr'><strong>βὸἳ</strong></span> 
     </span>
    </p>
   </div>
   <div class='ocr_carea' id='block_1_2' title="bbox 1162 284 2577 347">
    <p class='ocr_par' dir='ltr' id='par_1_2' title="bbox 1162 284 2577 347">
     <span class='ocr_line' id='line_1_2' title="bbox 1162 284 2577 347; baseline -0.001 -2"><span class='ocrx_word' id='word_1_2' title='bbox 1162 284 1648 345; x_wconf 57' lang='lat' dir='ltr'><strong>WENIARII</strong></span> <span class='ocrx_word' id='word_1_3' title='bbox 1684 286 1752 342; x_wconf 72' lang='lat' dir='ltr'><strong>IN</strong></span> <span class='ocrx_word' id='word_1_4' title='bbox 1776 285 2059 346; x_wconf 72' lang='lat' dir='ltr'><strong>manu</strong></span> <span class='ocrx_word' id='word_1_5' title='bbox 2096 288 2239 346; x_wconf 74' lang='lat' dir='ltr'><strong>.lOil.</strong></span> <span class='ocrx_word' id='word_1_6' title='bbox 2281 288 2439 347; x_wconf 77' lang='lat' dir='ltr'><strong>CAP.</strong></span> <span class='ocrx_word' id='word_1_7' title='bbox 2466 288 2577 347; x_wconf 66' lang='lat' dir='ltr'><strong>&#39;I‘K.</strong></span> 
     </span>
    </p>
   </div>
   <div class='ocr_carea' id='block_1_3' title="bbox 271 397 3519 478">
    <p class='ocr_par' dir='ltr' id='par_1_3' title="bbox 271 397 3519 478">
     <span class='ocr_line' id='line_1_3' title="bbox 271 397 3519 478; baseline 0.002 -20"><span class='ocrx_word' id='word_1_8' title='bbox 271 398 605 476; x_wconf 85' lang='lat' dir='ltr'><strong>prosperantis</strong></span> <span class='ocrx_word' id='word_1_9' title='bbox 644 397 885 460; x_wconf 79' lang='lat' dir='ltr'><strong>heminis</strong></span> <span class='ocrx_word' id='word_1_10' title='bbox 917 398 1057 456; x_wconf 92' lang='lat' dir='ltr'><strong>dicit</strong></span> <span class='ocrx_word' id='word_1_11' title='bbox 1089 418 1103 456; x_wconf 92' lang='lat'><strong>:</strong></span> <span class='ocrx_word' id='word_1_12' title='bbox 1133 399 1227 472; x_wconf 92' lang='lat' dir='ltr'><strong>qui</strong></span> <span class='ocrx_word' id='word_1_13' title='bbox 1256 416 1378 456; x_wconf 89' lang='lat' dir='ltr'><strong>cum</strong></span> <span class='ocrx_word' id='word_1_14' title='bbox 1417 410 1557 457; x_wconf 73' lang='lat' dir='ltr'><strong>testu</strong></span> <span class='ocrx_word' id='word_1_15' title='bbox 1589 400 1821 457; x_wconf 81' lang='lat' dir='ltr'><strong>tribula-</strong></span> <span class='ocrx_word' id='word_1_16' title='bbox 1844 403 1901 467; x_wconf 74' lang='grc' dir='ltr'><strong>Α</strong></span> <span class='ocrx_word' id='word_1_17' title='bbox 1998 404 2101 472; x_wconf 84' lang='lat' dir='ltr'><strong>Qui</strong></span> <span class='ocrx_word' id='word_1_18' title='bbox 2126 405 2349 460; x_wconf 87' lang='lat' dir='ltr'><strong>oderunt</strong></span> <span class='ocrx_word' id='word_1_19' title='bbox 2378 416 2446 471; x_wconf 87' lang='lat' dir='ltr'><strong>te,</strong></span> <span class='ocrx_word' id='word_1_20' title='bbox 2482 405 2769 461; x_wconf 70' lang='lat' dir='ltr'><strong>induantur</strong></span> <span class='ocrx_word' id='word_1_21' title='bbox 2801 406 3129 478; x_wconf 75' lang='lat' dir='ltr'><strong>confusione.</strong></span> <span class='ocrx_word' id='word_1_22' title='bbox 3152 405 3299 463; x_wconf 74' lang='lat' dir='ltr'><strong>Cum</strong></span> <span class='ocrx_word' id='word_1_23' title='bbox 3329 407 3519 478; x_wconf 67' lang='lat' dir='ltr'><strong>utique</strong></span> 
     </span>
    </p>
   </div>
   <div class='ocr_carea' id='block_1_4' title="bbox 271 494 1820 566">
    <p class='ocr_par' dir='ltr' id='par_1_4' title="bbox 271 494 1820 566">
     <span class='ocr_line' id='line_1_4' title="bbox 271 494 1820 566; baseline -0.003 -11"><span class='ocrx_word' id='word_1_24' title='bbox 271 498 415 555; x_wconf 86' lang='lat' dir='ltr'><strong>tionis</strong></span> <span class='ocrx_word' id='word_1_25' title='bbox 444 510 724 565; x_wconf 87' lang='lat' dir='ltr'><strong>percussus</strong></span> <span class='ocrx_word' id='word_1_26' title='bbox 755 494 944 564; x_wconf 88' lang='lat' dir='ltr'><strong>fuerit,</strong></span> <span class='ocrx_word' id='word_1_27' title='bbox 978 496 1403 552; x_wconf 87' lang='lat' dir='ltr'><strong>adversitatibus</strong></span> <span class='ocrx_word' id='word_1_28' title='bbox 1444 494 1733 566; x_wconf 88' lang='lat' dir='ltr'><strong>lrangitur,</strong></span> <span class='ocrx_word' id='word_1_29' title='bbox 1766 508 1820 551; x_wconf 86' lang='lat' dir='ltr'><strong>et</strong></span> 
     </span>
    </p>
   </div>
   <div class='ocr_carea' id='block_1_5' title="bbox 267 589 1819 661">
    <p class='ocr_par' dir='ltr' id='par_1_5' title="bbox 267 589 1819 661">
     <span class='ocr_line' id='line_1_5' title="bbox 267 589 1819 661; baseline -0.001 -13"><span class='ocrx_word' id='word_1_30' title='bbox 267 590 421 648; x_wconf 86' lang='lat' dir='ltr'><strong>omnis</strong></span> <span class='ocrx_word' id='word_1_31' title='bbox 448 590 588 645; x_wconf 86' lang='lat' dir='ltr'><strong>viror</strong></span> <span class='ocrx_word' id='word_1_32' title='bbox 631 589 875 659; x_wconf 70' lang='lat' dir='ltr'><strong>pristina:</strong></span> <span class='ocrx_word' id='word_1_33' title='bbox 912 590 1032 661; x_wconf 83' lang='lat' dir='ltr'><strong>ejus</strong></span> <span class='ocrx_word' id='word_1_34' title='bbox 1062 590 1289 658; x_wconf 52' lang='lat' dir='ltr'><strong>latitia},</strong></span> <span class='ocrx_word' id='word_1_35' title='bbox 1336 601 1695 661; x_wconf 86' lang='lat' dir='ltr'><strong>consumptus</strong></span> <span class='ocrx_word' id='word_1_36' title='bbox 1723 591 1819 646; x_wconf 85' lang='lat' dir='ltr'><strong>tri-</strong></span> 
     </span>
    </p>
   </div>
   <div class='ocr_carea' id='block_1_6' title="bbox 266 684 736 743">
    <p class='ocr_par' dir='ltr' id='par_1_6' title="bbox 266 684 736 743">
     <span class='ocr_line' id='line_1_6' title="bbox 266 684 736 743; baseline -0.011 0"><span class='ocrx_word' id='word_1_37' title='bbox 266 684 393 743; x_wconf 72' lang='lat' dir='ltr'><strong>etitia</strong></span> <span class='ocrx_word' id='word_1_38' title='bbox 418 684 736 740; x_wconf 77' lang='lat' dir='ltr'><strong>exsiccatur.</strong></span> 
     </span>
    </p>
   </div>
   <div class='ocr_carea' id='block_1_7' title="bbox 322 775 1816 850">
    <p class='ocr_par' dir='ltr' id='par_1_7' title="bbox 322 775 1816 850">
     <span class='ocr_line' id='line_1_7' title="bbox 322 775 1816 850; baseline 0.001 -19"><span class='ocrx_word' id='word_1_39' title='bbox 322 776 379 831; x_wconf 83' lang='lat' dir='ltr'><strong>Et</strong></span> <span class='ocrx_word' id='word_1_40' title='bbox 398 777 449 831; x_wconf 87' lang='lat' dir='ltr'><strong>in</strong></span> <span class='ocrx_word' id='word_1_41' title='bbox 475 785 591 830; x_wconf 87' lang='lat' dir='ltr'><strong>ortu</strong></span> <span class='ocrx_word' id='word_1_42' title='bbox 611 791 707 830; x_wconf 89' lang='lat' dir='ltr'><strong>suo</strong></span> <span class='ocrx_word' id='word_1_43' title='bbox 725 792 935 847; x_wconf 87' lang='lat' dir='ltr'><strong>germen</strong></span> <span class='ocrx_word' id='word_1_44' title='bbox 960 779 1076 850; x_wconf 85' lang='lat' dir='ltr'><strong>ejus</strong></span> <span class='ocrx_word' id='word_1_45' title='bbox 1101 776 1413 850; x_wconf 75' lang='lat' dir='ltr'><strong>egredietur.</strong></span> <span class='ocrx_word' id='word_1_46' title='bbox 1436 775 1493 832; x_wconf 91' lang='lat' dir='ltr'><strong>In</strong></span> <span class='ocrx_word' id='word_1_47' title='bbox 1516 776 1816 848; x_wconf 89' lang='lat' dir='ltr'><strong>principio,</strong></span> 
     </span>
    </p>
   </div>
   <div class='ocr_carea' id='block_1_8' title="bbox 261 870 1818 943">
    <p class='ocr_par' dir='ltr' id='par_1_8' title="bbox 261 870 1818 943">
     <span class='ocr_line' id='line_1_8' title="bbox 261 870 1818 943; baseline -0.002 -14"><span class='ocrx_word' id='word_1_48' title='bbox 261 872 427 943; x_wconf 80' lang='lat' dir='ltr'><strong>inquit,</strong></span> <span class='ocrx_word' id='word_1_49' title='bbox 456 871 725 927; x_wconf 75' lang='lat' dir='ltr'><strong>felicitatis</strong></span> <span class='ocrx_word' id='word_1_50' title='bbox 753 886 871 926; x_wconf 80' lang='lat' dir='ltr'><strong>sua:</strong></span> <span class='ocrx_word' id='word_1_51' title='bbox 900 881 1155 941; x_wconf 72' lang='lat' dir='ltr'><strong>peccator</strong></span> <span class='ocrx_word' id='word_1_52' title='bbox 1178 885 1447 942; x_wconf 85' lang='lat' dir='ltr'><strong>prospere</strong></span> <span class='ocrx_word' id='word_1_53' title='bbox 1474 885 1639 942; x_wconf 87' lang='lat' dir='ltr'><strong>agere</strong></span> <span class='ocrx_word' id='word_1_54' title='bbox 1667 870 1818 926; x_wconf 79' lang='lat' dir='ltr'><strong>vide—</strong></span> 
     </span>
    </p>
   </div>
   <div class='ocr_carea' id='block_1_9' title="bbox 260 962 1816 1033">
    <p class='ocr_par' dir='ltr' id='par_1_9' title="bbox 260 962 1816 1033">
     <span class='ocr_line' id='line_1_9' title="bbox 260 962 1816 1033; baseline -0.001 -14"><span class='ocrx_word' id='word_1_55' title='bbox 260 974 349 1032; x_wconf 83' lang='lat' dir='ltr'><strong>tur,</strong></span> <span class='ocrx_word' id='word_1_56' title='bbox 392 962 480 1019; x_wconf 91' lang='lat' dir='ltr'><strong>sed</strong></span> <span class='ocrx_word' id='word_1_57' title='bbox 512 977 617 1018; x_wconf 92' lang='lat' dir='ltr'><strong>non</strong></span> <span class='ocrx_word' id='word_1_58' title='bbox 664 963 1033 1033; x_wconf 79' lang='lat' dir='ltr'><strong>permanebit,</strong></span> <span class='ocrx_word' id='word_1_59' title='bbox 1075 964 1302 1019; x_wconf 80' lang='lat' dir='ltr'><strong>virentis</strong></span> <span class='ocrx_word' id='word_1_60' title='bbox 1345 963 1529 1019; x_wconf 75' lang='lat' dir='ltr'><strong>herbae</strong></span> <span class='ocrx_word' id='word_1_61' title='bbox 1577 963 1816 1018; x_wconf 77' lang='lat' dir='ltr'><strong>similis:</strong></span> 
     </span>
    </p>
   </div>
   <div class='ocr_carea' id='block_1_10' title="bbox 260 1054 1820 1127">
    <p class='ocr_par' dir='ltr' id='par_1_10' title="bbox 260 1054 1820 1127">
     <span class='ocr_line' id='line_1_10' title="bbox 260 1054 1820 1127; baseline -0.001 -15"><span class='ocrx_word' id='word_1_62' title='bbox 260 1057 359 1112; x_wconf 73' lang='lat' dir='ltr'><strong>lucc</strong></span> <span class='ocrx_word' id='word_1_63' title='bbox 385 1064 460 1112; x_wconf 87' lang='lat' dir='ltr'><strong>est</strong></span> <span class='ocrx_word' id='word_1_64' title='bbox 489 1057 767 1125; x_wconf 87' lang='lat' dir='ltr'><strong>repentina</strong></span> <span class='ocrx_word' id='word_1_65' title='bbox 788 1056 1133 1127; x_wconf 86' lang='lat' dir='ltr'><strong>jucunditas,</strong></span> <span class='ocrx_word' id='word_1_66' title='bbox 1165 1058 1305 1113; x_wconf 92' lang='lat' dir='ltr'><strong>sicut</strong></span> <span class='ocrx_word' id='word_1_67' title='bbox 1335 1057 1388 1111; x_wconf 87' lang='lat' dir='ltr'><strong>itt</strong></span> <span class='ocrx_word' id='word_1_68' title='bbox 1415 1054 1623 1125; x_wconf 90' lang='lat' dir='ltr'><strong>psalmo</strong></span> <span class='ocrx_word' id='word_1_69' title='bbox 1650 1073 1662 1110; x_wconf 94' lang='lat'><strong>:</strong></span> <span class='ocrx_word' id='word_1_70' title='bbox 1690 1056 1820 1112; x_wconf 84' lang='lat' dir='ltr'><strong>Cum</strong></span> 
     </span>
    </p>
   </div>
   <div class='ocr_carea' id='block_1_11' title="bbox 257 1148 1818 1220">
    <p class='ocr_par' dir='ltr' id='par_1_11' title="bbox 257 1148 1818 1220">
     <span class='ocr_line' id='line_1_11' title="bbox 257 1148 1818 1220; baseline -0.001 -18"><span class='ocrx_word' id='word_1_71' title='bbox 257 1148 399 1203; x_wconf 70' lang='lat' dir='ltr'><strong>exorti</strong></span> <span class='ocrx_word' id='word_1_72' title='bbox 427 1148 618 1219; x_wconf 83' lang='lat' dir='ltr'><strong>fuerint</strong></span> <span class='ocrx_word' id='word_1_73' title='bbox 658 1158 958 1220; x_wconf 82' lang='lat' dir='ltr'><strong>peccatores</strong></span> <span class='ocrx_word' id='word_1_74' title='bbox 996 1160 1051 1203; x_wconf 86' lang='lat' dir='ltr'><strong>ut</strong></span> <span class='ocrx_word' id='word_1_75' title='bbox 1100 1150 1299 1218; x_wconf 81' lang='lat' dir='ltr'><strong>fenum,</strong></span> <span class='ocrx_word' id='word_1_76' title='bbox 1340 1158 1388 1202; x_wconf 89' lang='lat' dir='ltr'><strong>et</strong></span> <span class='ocrx_word' id='word_1_77' title='bbox 1426 1149 1818 1219; x_wconf 73' lang='lat' dir='ltr'><strong>apparuerint:</strong></span> 
     </span>
    </p>
   </div>
   <div class='ocr_carea' id='block_1_12' title="bbox 258 1241 1818 1312">
    <p class='ocr_par' dir='ltr' id='par_1_12' title="bbox 258 1241 1818 1312">
     <span class='ocr_line' id='line_1_12' title="bbox 258 1241 1818 1312; baseline 0.001 -15"><span class='ocrx_word' id='word_1_78' title='bbox 258 1241 300 1297; x_wconf 92' lang='lat' dir='ltr'><strong>id</strong></span> <span class='ocrx_word' id='word_1_79' title='bbox 340 1252 434 1307; x_wconf 85' lang='lat' dir='ltr'><strong>est,</strong></span> <span class='ocrx_word' id='word_1_80' title='bbox 466 1242 613 1297; x_wconf 87' lang='lat' dir='ltr'><strong>velut</strong></span> <span class='ocrx_word' id='word_1_81' title='bbox 657 1242 847 1299; x_wconf 71' lang='lat' dir='ltr'><strong>herbae</strong></span> <span class='ocrx_word' id='word_1_82' title='bbox 886 1245 938 1298; x_wconf 88' lang='lat' dir='ltr'><strong>in</strong></span> <span class='ocrx_word' id='word_1_83' title='bbox 986 1244 1223 1298; x_wconf 82' lang='lat' dir='ltr'><strong>virorem</strong></span> <span class='ocrx_word' id='word_1_84' title='bbox 1270 1244 1476 1299; x_wconf 64' lang='lat' dir='ltr'><strong>laetitiae</strong></span> <span class='ocrx_word' id='word_1_85' title='bbox 1526 1245 1818 1312; x_wconf 72' lang='lat' dir='ltr'><strong>praesentis</strong></span> 
     </span>
    </p>
   </div>
   <div class='ocr_carea' id='block_1_13' title="bbox 255 1334 1817 1407">
    <p class='ocr_par' dir='ltr' id='par_1_13' title="bbox 255 1334 1817 1407">
     <span class='ocr_line' id='line_1_13' title="bbox 255 1334 1817 1407; baseline 0.001 -16"><span class='ocrx_word' id='word_1_86' title='bbox 255 1334 548 1391; x_wconf 86' lang='lat' dir='ltr'><strong>emerserint</strong></span> <span class='ocrx_word' id='word_1_87' title='bbox 581 1352 592 1388; x_wconf 91' lang='lat'><strong>:</strong></span> <span class='ocrx_word' id='word_1_88' title='bbox 622 1351 748 1390; x_wconf 77' lang='lat' dir='ltr'><strong>mox</strong></span> <span class='ocrx_word' id='word_1_89' title='bbox 780 1335 1108 1392; x_wconf 88' lang='lat' dir='ltr'><strong>adveniente</strong></span> <span class='ocrx_word' id='word_1_90' title='bbox 1136 1346 1388 1392; x_wconf 87' lang='lat' dir='ltr'><strong>caumate</strong></span> <span class='ocrx_word' id='word_1_91' title='bbox 1418 1336 1692 1407; x_wconf 87' lang='lat' dir='ltr'><strong>peribunt.</strong></span> <span class='ocrx_word' id='word_1_92' title='bbox 1727 1339 1817 1394; x_wconf 80' lang='lat' dir='ltr'><strong>Ju-</strong></span> 
     </span>
    </p>
   </div>
   <div class='ocr_carea' id='block_1_14' title="bbox 256 1428 1817 1499">
    <p class='ocr_par' dir='ltr' id='par_1_14' title="bbox 256 1428 1817 1499">
     <span class='ocr_line' id='line_1_14' title="bbox 256 1428 1817 1499; baseline 0.001 -17"><span class='ocrx_word' id='word_1_93' title='bbox 256 1437 352 1482; x_wconf 85' lang='lat' dir='ltr'><strong>stus</strong></span> <span class='ocrx_word' id='word_1_94' title='bbox 397 1443 520 1482; x_wconf 87' lang='lat' dir='ltr'><strong>vero</strong></span> <span class='ocrx_word' id='word_1_95' title='bbox 558 1444 667 1484; x_wconf 88' lang='lat' dir='ltr'><strong>non</strong></span> <span class='ocrx_word' id='word_1_96' title='bbox 712 1428 786 1482; x_wconf 89' lang='lat' dir='ltr'><strong>ita</strong></span> <span class='ocrx_word' id='word_1_97' title='bbox 834 1441 891 1482; x_wconf 89' lang='lat' dir='ltr'><strong>ut</strong></span> <span class='ocrx_word' id='word_1_98' title='bbox 923 1428 1100 1485; x_wconf 89' lang='lat' dir='ltr'><strong>lenum</strong></span> <span class='ocrx_word' id='word_1_99' title='bbox 1138 1429 1354 1485; x_wconf 81' lang='lat' dir='ltr'><strong>ﬂorebit</strong></span> <span class='ocrx_word' id='word_1_100' title='bbox 1390 1448 1403 1484; x_wconf 91' lang='lat'><strong>:</strong></span> <span class='ocrx_word' id='word_1_101' title='bbox 1436 1430 1545 1496; x_wconf 91' lang='lat' dir='ltr'><strong>cui,</strong></span> <span class='ocrx_word' id='word_1_102' title='bbox 1589 1440 1647 1485; x_wconf 89' lang='lat' dir='ltr'><strong>ut</strong></span> <span class='ocrx_word' id='word_1_103' title='bbox 1677 1430 1817 1499; x_wconf 83' lang='lat' dir='ltr'><strong>dixi,</strong></span> 
     </span>
    </p>
   </div>
   <div class='ocr_carea' id='block_1_15' title="bbox 254 1521 1818 1591">
    <p class='ocr_par' dir='ltr' id='par_1_15' title="bbox 254 1521 1818 1591">
     <span class='ocr_line' id='line_1_15' title="bbox 254 1521 1818 1591; baseline 0.001 -17"><span class='ocrx_word' id='word_1_104' title='bbox 254 1528 573 1591; x_wconf 76' lang='lat' dir='ltr'><strong>peccatorum</strong></span> <span class='ocrx_word' id='word_1_105' title='bbox 601 1521 778 1588; x_wconf 78' lang='lat' dir='ltr'><strong>gloria</strong></span> <span class='ocrx_word' id='word_1_106' title='bbox 808 1532 1159 1588; x_wconf 77' lang='lat' dir='ltr'><strong>comparatur</strong></span> <span class='ocrx_word' id='word_1_107' title='bbox 1188 1523 1315 1578; x_wconf 90' lang='lat' dir='ltr'><strong>:sed</strong></span> <span class='ocrx_word' id='word_1_108' title='bbox 1341 1524 1481 1578; x_wconf 85' lang='lat' dir='ltr'><strong>sicut</strong></span> <span class='ocrx_word' id='word_1_109' title='bbox 1506 1524 1685 1590; x_wconf 84' lang='lat' dir='ltr'><strong>palma</strong></span> <span class='ocrx_word' id='word_1_110' title='bbox 1718 1522 1818 1578; x_wconf 84' lang='lat' dir='ltr'><strong>ﬂo-</strong></span> 
     </span>
    </p>
   </div>
   <div class='ocr_carea' id='block_1_16' title="bbox 254 1611 1817 1683">
    <p class='ocr_par' dir='ltr' id='par_1_16' title="bbox 254 1611 1817 1683">
     <span class='ocr_line' id='line_1_16' title="bbox 254 1611 1817 1683; baseline 0.002 -18"><span class='ocrx_word' id='word_1_111' title='bbox 254 1611 395 1673; x_wconf 87' lang='lat' dir='ltr'><strong>rebit,</strong></span> <span class='ocrx_word' id='word_1_112' title='bbox 425 1612 591 1680; x_wconf 85' lang='lat' dir='ltr'><strong>inquit</strong></span> <span class='ocrx_word' id='word_1_113' title='bbox 625 1611 915 1681; x_wconf 79' lang='lat' dir='ltr'><strong>propheta.</strong></span> <span class='ocrx_word' id='word_1_114' title='bbox 948 1612 1081 1681; x_wconf 77' lang='lat' dir='ltr'><strong>Quae</strong></span> <span class='ocrx_word' id='word_1_115' title='bbox 1124 1614 1197 1668; x_wconf 89' lang='lat' dir='ltr'><strong>ita</strong></span> <span class='ocrx_word' id='word_1_116' title='bbox 1243 1613 1294 1667; x_wconf 78' lang='lat' dir='ltr'><strong>iu</strong></span> <span class='ocrx_word' id='word_1_117' title='bbox 1349 1613 1684 1683; x_wconf 82' lang='lat' dir='ltr'><strong>profundum</strong></span> <span class='ocrx_word' id='word_1_118' title='bbox 1731 1623 1817 1669; x_wconf 90' lang='lat' dir='ltr'><strong>est</strong></span> 
     </span>
    </p>
   </div>
   <div class='ocr_carea' id='block_1_17' title="bbox 253 1703 1816 1777">
    <p class='ocr_par' dir='ltr' id='par_1_17' title="bbox 253 1703 1816 1777">
     <span class='ocr_line' id='line_1_17' title="bbox 253 1703 1816 1777; baseline 0.004 -18"><span class='ocrx_word' id='word_1_119' title='bbox 253 1703 502 1760; x_wconf 81' lang='lat' dir='ltr'><strong>radicibus</strong></span> <span class='ocrx_word' id='word_1_120' title='bbox 533 1704 798 1768; x_wconf 89' lang='lat' dir='ltr'><strong>stabilita,</strong></span> <span class='ocrx_word' id='word_1_121' title='bbox 833 1718 888 1758; x_wconf 91' lang='grc' dir='ltr'><strong>ιιι</strong></span> <span class='ocrx_word' id='word_1_122' title='bbox 916 1722 1018 1762; x_wconf 91' lang='lat' dir='ltr'><strong>nec</strong></span> <span class='ocrx_word' id='word_1_123' title='bbox 1041 1716 1422 1777; x_wconf 82' lang='lat' dir='ltr'><strong>tempestatem</strong></span> <span class='ocrx_word' id='word_1_124' title='bbox 1456 1717 1681 1774; x_wconf 85' lang='lat' dir='ltr'><strong>metuat,</strong></span> <span class='ocrx_word' id='word_1_125' title='bbox 1716 1725 1816 1766; x_wconf 79' lang='lat' dir='ltr'><strong>nec</strong></span> 
     </span>
    </p>
   </div>
   <div class='ocr_carea' id='block_1_18' title="bbox 1925 493 3520 571">
    <p class='ocr_par' dir='ltr' id='par_1_18' title="bbox 1925 493 3520 571">
     <span class='ocr_line' id='line_1_18' title="bbox 1925 493 3520 571; baseline 0.006 -23"><span class='ocrx_word' id='word_1_126' title='bbox 1925 495 2048 549; x_wconf 87' lang='lat' dir='ltr'><strong>talis</strong></span> <span class='ocrx_word' id='word_1_127' title='bbox 2094 493 2285 562; x_wconf 69' lang='lat' dir='ltr'><strong>fueris,</strong></span> <span class='ocrx_word' id='word_1_128' title='bbox 2317 498 2534 568; x_wconf 82' lang='lat' dir='ltr'><strong>qualem</strong></span> <span class='ocrx_word' id='word_1_129' title='bbox 2576 497 2691 553; x_wconf 76' lang='lat' dir='ltr'><strong>dixi</strong></span> <span class='ocrx_word' id='word_1_130' title='bbox 2728 500 3014 567; x_wconf 82' lang='lat' dir='ltr'><strong>superius,</strong></span> <span class='ocrx_word' id='word_1_131' title='bbox 3048 500 3139 571; x_wconf 87' lang='lat' dir='ltr'><strong>qui</strong></span> <span class='ocrx_word' id='word_1_132' title='bbox 3172 499 3408 557; x_wconf 69' lang='lat' dir='ltr'><strong>oderunt</strong></span> <span class='ocrx_word' id='word_1_133' title='bbox 3444 511 3520 566; x_wconf 87' lang='lat' dir='ltr'><strong>te,</strong></span> 
     </span>
    </p>
   </div>
   <div class='ocr_carea' id='block_1_19' title="bbox 1925 588 2578 645">
    <p class='ocr_par' dir='ltr' id='par_1_19' title="bbox 1925 588 2578 645">
     <span class='ocr_line' id='line_1_19' title="bbox 1925 588 2578 645; baseline 0.006 -5"><span class='ocrx_word' id='word_1_134' title='bbox 1925 588 2119 642; x_wconf 90' lang='lat' dir='ltr'><strong>merito</strong></span> <span class='ocrx_word' id='word_1_135' title='bbox 2154 590 2578 645; x_wconf 81' lang='lat' dir='ltr'><strong>confundeotur.</strong></span> 
     </span>
    </p>
   </div>
   <div class='ocr_carea' id='block_1_20' title="bbox 1995 680 3527 757">
    <p class='ocr_par' dir='ltr' id='par_1_20' title="bbox 1995 680 3527 757">
     <span class='ocr_line' id='line_1_20' title="bbox 1995 680 3527 757; baseline 0.006 -22"><span class='ocrx_word' id='word_1_136' title='bbox 1995 680 2064 735; x_wconf 82' lang='lat' dir='ltr'><strong>Et</strong></span> <span class='ocrx_word' id='word_1_137' title='bbox 2094 682 2483 738; x_wconf 83' lang='lat' dir='ltr'><strong>tabernaculum</strong></span> <span class='ocrx_word' id='word_1_138' title='bbox 2521 684 2803 757; x_wconf 82' lang='lat' dir='ltr'><strong>impiorum</strong></span> <span class='ocrx_word' id='word_1_139' title='bbox 2849 701 2953 740; x_wconf 90' lang='lat' dir='ltr'><strong>non</strong></span> <span class='ocrx_word' id='word_1_140' title='bbox 2999 686 3260 742; x_wconf 74' lang='lat' dir='ltr'><strong>subsistet.</strong></span> <span class='ocrx_word' id='word_1_141' title='bbox 3302 685 3381 742; x_wconf 82' lang='lat' dir='ltr'><strong>De</strong></span> <span class='ocrx_word' id='word_1_142' title='bbox 3420 685 3527 744; x_wconf 74' lang='lat' dir='ltr'><strong>Job</strong></span> 
     </span>
    </p>
   </div>
   <div class='ocr_carea' id='block_1_21' title="bbox 1921 772 3527 841">
    <p class='ocr_par' dir='ltr' id='par_1_21' title="bbox 1921 772 3527 841">
     <span class='ocr_line' id='line_1_21' title="bbox 1921 772 3527 841; baseline 0.002 -13"><span class='ocrx_word' id='word_1_143' title='bbox 1921 772 2142 841; x_wconf 83' lang='lat' dir='ltr'><strong>quidam</strong></span> <span class='ocrx_word' id='word_1_144' title='bbox 2184 776 2291 830; x_wconf 79' lang='lat' dir='ltr'><strong>hoc</strong></span> <span class='ocrx_word' id='word_1_145' title='bbox 2319 774 2474 841; x_wconf 90' lang='lat' dir='ltr'><strong>dicit,</strong></span> <span class='ocrx_word' id='word_1_146' title='bbox 2505 776 2601 831; x_wconf 89' lang='lat' dir='ltr'><strong>sed</strong></span> <span class='ocrx_word' id='word_1_147' title='bbox 2631 776 2857 831; x_wconf 89' lang='lat' dir='ltr'><strong>lallitur.</strong></span> <span class='ocrx_word' id='word_1_148' title='bbox 2889 775 3025 832; x_wconf 87' lang='lat' dir='ltr'><strong>Nam</strong></span> <span class='ocrx_word' id='word_1_149' title='bbox 3056 776 3407 833; x_wconf 88' lang='lat' dir='ltr'><strong>manifestum</strong></span> <span class='ocrx_word' id='word_1_150' title='bbox 3438 784 3527 833; x_wconf 85' lang='lat' dir='ltr'><strong>est</strong></span> 
     </span>
    </p>
   </div>
   <div class='ocr_carea' id='block_1_22' title="bbox 1922 866 3523 939">
    <p class='ocr_par' dir='ltr' id='par_1_22' title="bbox 1922 866 3523 939">
     <span class='ocr_line' id='line_1_22' title="bbox 1922 866 3523 939; baseline 0.003 -18"><span class='ocrx_word' id='word_1_151' title='bbox 1922 866 2329 923; x_wconf 83' lang='lat' dir='ltr'><strong>tabernaculum</strong></span> <span class='ocrx_word' id='word_1_152' title='bbox 2360 867 2655 939; x_wconf 90' lang='lat' dir='ltr'><strong>impiorum</strong></span> <span class='ocrx_word' id='word_1_153' title='bbox 2690 869 2993 939; x_wconf 90' lang='lat' dir='ltr'><strong>periturum</strong></span> <span class='ocrx_word' id='word_1_154' title='bbox 3025 871 3079 925; x_wconf 89' lang='lat' dir='ltr'><strong>in</strong></span> <span class='ocrx_word' id='word_1_155' title='bbox 3119 880 3388 926; x_wconf 68' lang='lat' dir='ltr'><strong>aeternum</strong></span> <span class='ocrx_word' id='word_1_156' title='bbox 3425 886 3439 923; x_wconf 95' lang='lat'><strong>:</strong></span> <span class='ocrx_word' id='word_1_157' title='bbox 3468 869 3523 926; x_wconf 81' lang='lat' dir='ltr'><strong>id</strong></span> 
     </span>
    </p>
   </div>
   <div class='ocr_carea' id='block_1_23' title="bbox 1922 960 3527 1032">
    <p class='ocr_par' dir='ltr' id='par_1_23' title="bbox 1922 960 3527 1032">
     <span class='ocr_line' id='line_1_23' title="bbox 1922 960 3527 1032; baseline 0.002 -18"><span class='ocrx_word' id='word_1_158' title='bbox 1922 969 2030 1029; x_wconf 87' lang='lat' dir='ltr'><strong>est,</strong></span> <span class='ocrx_word' id='word_1_159' title='bbox 2062 960 2362 1028; x_wconf 88' lang='lat' dir='ltr'><strong>diabolum,</strong></span> <span class='ocrx_word' id='word_1_160' title='bbox 2395 970 2449 1017; x_wconf 90' lang='lat' dir='ltr'><strong>et</strong></span> <span class='ocrx_word' id='word_1_161' title='bbox 2476 962 2757 1018; x_wconf 89' lang='lat' dir='ltr'><strong>ministros</strong></span> <span class='ocrx_word' id='word_1_162' title='bbox 2788 962 2931 1032; x_wconf 66' lang='lat' dir='ltr'><strong>ejus,</strong></span> <span class='ocrx_word' id='word_1_163' title='bbox 2965 962 3053 1018; x_wconf 90' lang='lat' dir='ltr'><strong>vel</strong></span> <span class='ocrx_word' id='word_1_164' title='bbox 3081 962 3246 1018; x_wconf 88' lang='lat' dir='ltr'><strong>etiam</strong></span> <span class='ocrx_word' id='word_1_165' title='bbox 3279 975 3527 1032; x_wconf 70' lang='lat' dir='ltr'><strong>praesens</strong></span> 
     </span>
    </p>
   </div>
   <div class='ocr_carea' id='block_1_24' title="bbox 1921 1053 2202 1108">
    <p class='ocr_par' dir='ltr' id='par_1_24' title="bbox 1921 1053 2202 1108">
     <span class='ocr_line' id='line_1_24' title="bbox 1921 1053 2202 1108; baseline -0.004 0"><span class='ocrx_word' id='word_1_166' title='bbox 1921 1053 2202 1108; x_wconf 75' lang='lat' dir='ltr'><strong>Stcculum.</strong></span> 
     </span>
    </p>
   </div>
   <div class='ocr_carea' id='block_1_25' title="bbox 2539 1123 2902 1180">
    <p class='ocr_par' dir='ltr' id='par_1_25' title="bbox 2539 1123 2902 1180">
     <span class='ocr_line' id='line_1_25' title="bbox 2539 1123 2902 1180; baseline -0.006 0"><span class='ocrx_word' id='word_1_167' title='bbox 2539 1123 2768 1180; x_wconf 85' lang='lat' dir='ltr'><strong>CAPUT</strong></span> <span class='ocrx_word' id='word_1_168' title='bbox 2810 1123 2902 1180; x_wconf 82' lang='lat' dir='ltr'><strong>IX.</strong></span> 
     </span>
    </p>
   </div>
   <div class='ocr_carea' id='block_1_26' title="bbox 1998 1236 3524 1311">
    <p class='ocr_par' dir='ltr' id='par_1_26' title="bbox 1998 1236 3524 1311">
     <span class='ocr_line' id='line_1_26' title="bbox 1998 1236 3524 1311; baseline -0.001 -17"><span class='ocrx_word' id='word_1_169' title='bbox 1998 1238 2063 1294; x_wconf 80' lang='lat' dir='ltr'><strong>Et</strong></span> <span class='ocrx_word' id='word_1_170' title='bbox 2109 1238 2422 1311; x_wconf 82' lang='lat' dir='ltr'><strong>respondens</strong></span> <span class='ocrx_word' id='word_1_171' title='bbox 2446 1236 2568 1306; x_wconf 74' lang='lat' dir='ltr'><strong>Job,</strong></span> <span class='ocrx_word' id='word_1_172' title='bbox 2594 1240 2670 1293; x_wconf 91' lang='lat' dir='ltr'><strong>ait</strong></span> <span class='ocrx_word' id='word_1_173' title='bbox 2709 1254 2727 1295; x_wconf 89' lang='lat'><strong>:</strong></span> <span class='ocrx_word' id='word_1_174' title='bbox 2764 1238 2897 1294; x_wconf 80' lang='lat' dir='ltr'><strong>Vere</strong></span> <span class='ocrx_word' id='word_1_175' title='bbox 2920 1239 3030 1295; x_wconf 85' lang='lat' dir='ltr'><strong>scio</strong></span> <span class='ocrx_word' id='word_1_176' title='bbox 3057 1238 3196 1308; x_wconf 68' lang='lat' dir='ltr'><strong>quod</strong></span> <span class='ocrx_word' id='word_1_177' title='bbox 3237 1240 3312 1294; x_wconf 86' lang='lat' dir='ltr'><strong>ita</strong></span> <span class='ocrx_word' id='word_1_178' title='bbox 3340 1239 3430 1304; x_wconf 89' lang='lat' dir='ltr'><strong>sit,</strong></span> <span class='ocrx_word' id='word_1_179' title='bbox 3475 1246 3524 1293; x_wconf 88' lang='lat' dir='ltr'><strong>et</strong></span> 
     </span>
    </p>
   </div>
   <div class='ocr_carea' id='block_1_27' title="bbox 1920 1330 3514 1404">
    <p class='ocr_par' dir='ltr' id='par_1_27' title="bbox 1920 1330 3514 1404">
     <span class='ocr_line' id='line_1_27' title="bbox 1920 1330 3514 1404; baseline 0.002 -23"><span class='ocrx_word' id='word_1_180' title='bbox 1920 1334 2062 1404; x_wconf 79' lang='lat' dir='ltr'><strong>quod</strong></span> <span class='ocrx_word' id='word_1_181' title='bbox 2086 1349 2191 1386; x_wconf 89' lang='lat' dir='ltr'><strong>non</strong></span> <span class='ocrx_word' id='word_1_182' title='bbox 2212 1333 2536 1404; x_wconf 76' lang='lat' dir='ltr'><strong>justi/iretur</strong></span> <span class='ocrx_word' id='word_1_183' title='bbox 2558 1330 2714 1385; x_wconf 81' lang='lat' dir='ltr'><strong>homo</strong></span> <span class='ocrx_word' id='word_1_184' title='bbox 2743 1332 3056 1404; x_wconf 77' lang='lat' dir='ltr'><strong>compositus</strong></span> <span class='ocrx_word' id='word_1_185' title='bbox 3084 1330 3215 1386; x_wconf 76' lang='lat' dir='ltr'><strong>Deo.</strong></span> <span class='ocrx_word' id='word_1_186' title='bbox 3244 1330 3307 1385; x_wconf 89' lang='lat' dir='ltr'><strong>Si</strong></span> <span class='ocrx_word' id='word_1_187' title='bbox 3335 1330 3514 1384; x_wconf 76' lang='lat' dir='ltr'><strong>uolue-</strong></span> 
     </span>
    </p>
   </div>
   <div class='ocr_carea' id='block_1_28' title="bbox 1921 1423 3525 1496">
    <p class='ocr_par' dir='ltr' id='par_1_28' title="bbox 1921 1423 3525 1496">
     <span class='ocr_line' id='line_1_28' title="bbox 1921 1423 3525 1496; baseline 0.001 -18"><span class='ocrx_word' id='word_1_188' title='bbox 1921 1427 1989 1479; x_wconf 86' lang='lat' dir='ltr'><strong>rit</strong></span> <span class='ocrx_word' id='word_1_189' title='bbox 2017 1427 2324 1479; x_wconf 78' lang='lat' dir='ltr'><strong>contendere</strong></span> <span class='ocrx_word' id='word_1_190' title='bbox 2349 1441 2467 1478; x_wconf 87' lang='lat' dir='ltr'><strong>cnm</strong></span> <span class='ocrx_word' id='word_1_191' title='bbox 2497 1440 2577 1488; x_wconf 89' lang='lat' dir='ltr'><strong>eo,</strong></span> <span class='ocrx_word' id='word_1_192' title='bbox 2618 1440 2723 1479; x_wconf 88' lang='lat' dir='ltr'><strong>non</strong></span> <span class='ocrx_word' id='word_1_193' title='bbox 2754 1424 2941 1494; x_wconf 85' lang='lat' dir='ltr'><strong>poterit</strong></span> <span class='ocrx_word' id='word_1_194' title='bbox 2966 1423 3277 1496; x_wconf 77' lang='lat' dir='ltr'><strong>respondere</strong></span> <span class='ocrx_word' id='word_1_195' title='bbox 3295 1423 3341 1477; x_wconf 86' lang='lat' dir='ltr'><strong>ei</strong></span> <span class='ocrx_word' id='word_1_196' title='bbox 3361 1436 3525 1479; x_wconf 70' lang='lat' dir='ltr'><strong>unum</strong></span> 
     </span>
    </p>
   </div>
   <div class='ocr_carea' id='block_1_29' title="bbox 1920 1512 3518 1590">
    <p class='ocr_par' dir='ltr' id='par_1_29' title="bbox 1920 1512 3518 1590">
     <span class='ocr_line' id='line_1_29' title="bbox 1920 1512 3518 1590; baseline 0 -21"><span class='ocrx_word' id='word_1_197' title='bbox 1920 1535 2013 1590; x_wconf 82' lang='lat' dir='ltr'><strong>pro</strong></span> <span class='ocrx_word' id='word_1_198' title='bbox 2059 1516 2218 1571; x_wconf 87' lang='lat' dir='ltr'><strong>mille.</strong></span> <span class='ocrx_word' id='word_1_199' title='bbox 2277 1517 2507 1587; x_wconf 75' lang='lat' dir='ltr'><strong>Sapiens</strong></span> <span class='ocrx_word' id='word_1_200' title='bbox 2551 1516 2707 1570; x_wconf 88' lang='lat' dir='ltr'><strong>corde</strong></span> <span class='ocrx_word' id='word_1_201' title='bbox 2753 1524 2846 1580; x_wconf 87' lang='lat' dir='ltr'><strong>est,</strong></span> <span class='ocrx_word' id='word_1_202' title='bbox 2890 1525 2937 1569; x_wconf 89' lang='lat' dir='ltr'><strong>et</strong></span> <span class='ocrx_word' id='word_1_203' title='bbox 2979 1516 3129 1586; x_wconf 75' lang='lat' dir='ltr'><strong>{ortis</strong></span> <span class='ocrx_word' id='word_1_204' title='bbox 3161 1514 3363 1570; x_wconf 76' lang='lat' dir='ltr'><strong>robore.</strong></span> <span class='ocrx_word' id='word_1_205' title='bbox 3395 1512 3518 1575; x_wconf 72' lang='lat' dir='ltr'><strong>Noli</strong></span> 
     </span>
    </p>
   </div>
   <div class='ocr_carea' id='block_1_30' title="bbox 1919 1605 3518 1679">
    <p class='ocr_par' dir='ltr' id='par_1_30' title="bbox 1919 1605 3518 1679">
     <span class='ocr_line' id='line_1_30' title="bbox 1919 1605 3518 1679; baseline -0.001 -16"><span class='ocrx_word' id='word_1_206' title='bbox 1919 1624 2053 1679; x_wconf 85' lang='lat' dir='ltr'><strong>ergo</strong></span> <span class='ocrx_word' id='word_1_207' title='bbox 2083 1610 2151 1663; x_wconf 88' lang='lat' dir='ltr'><strong>de</strong></span> <span class='ocrx_word' id='word_1_208' title='bbox 2182 1624 2267 1663; x_wconf 89' lang='lat' dir='ltr'><strong>me</strong></span> <span class='ocrx_word' id='word_1_209' title='bbox 2297 1609 2368 1663; x_wconf 87' lang='lat' dir='ltr'><strong>ita</strong></span> <span class='ocrx_word' id='word_1_210' title='bbox 2397 1609 2716 1665; x_wconf 80' lang='lat' dir='ltr'><strong>existimare</strong></span> <span class='ocrx_word' id='word_1_211' title='bbox 2739 1605 2883 1678; x_wconf 89' lang='lat' dir='ltr'><strong>quod</strong></span> <span class='ocrx_word' id='word_1_212' title='bbox 2914 1621 3014 1678; x_wconf 87' lang='lat' dir='ltr'><strong>ego</strong></span> <span class='ocrx_word' id='word_1_213' title='bbox 3041 1612 3235 1662; x_wconf 89' lang='lat' dir='ltr'><strong>saltem</strong></span> <span class='ocrx_word' id='word_1_214' title='bbox 3275 1608 3518 1675; x_wconf 82' lang='lat' dir='ltr'><strong>cogitare</strong></span> 
     </span>
    </p>
   </div>
   <div class='ocr_carea' id='block_1_31' title="bbox 1923 1699 3517 1771">
    <p class='ocr_par' dir='ltr' id='par_1_31' title="bbox 1923 1699 3517 1771">
     <span class='ocr_line' id='line_1_31' title="bbox 1923 1699 3517 1771; baseline -0.001 -15"><span class='ocrx_word' id='word_1_215' title='bbox 1923 1703 2024 1757; x_wconf 83' lang='lat' dir='ltr'><strong>hoc</strong></span> <span class='ocrx_word' id='word_1_216' title='bbox 2051 1703 2303 1767; x_wconf 88' lang='lat' dir='ltr'><strong>audeam,</strong></span> <span class='ocrx_word' id='word_1_217' title='bbox 2337 1716 2461 1757; x_wconf 91' lang='lat' dir='ltr'><strong>cum</strong></span> <span class='ocrx_word' id='word_1_218' title='bbox 2487 1702 2655 1756; x_wconf 84' lang='lat' dir='ltr'><strong>sciam</strong></span> <span class='ocrx_word' id='word_1_219' title='bbox 2687 1704 2810 1771; x_wconf 84' lang='lat' dir='ltr'><strong>quia</strong></span> <span class='ocrx_word' id='word_1_220' title='bbox 2857 1710 3109 1756; x_wconf 85' lang='lat' dir='ltr'><strong>creatura</strong></span> <span class='ocrx_word' id='word_1_221' title='bbox 3136 1699 3385 1756; x_wconf 85' lang='lat' dir='ltr'><strong>Creatori</strong></span> <span class='ocrx_word' id='word_1_222' title='bbox 3412 1714 3517 1755; x_wconf 79' lang='lat' dir='ltr'><strong>sua</strong></span> 
     </span>
    </p>
   </div>
   <div class='ocr_carea' id='block_1_32' title="bbox 250 1787 2968 1864">
    <p class='ocr_par' dir='ltr' id='par_1_32' title="bbox 250 1787 2968 1864">
     <span class='ocr_line' id='line_1_32' title="bbox 250 1787 2968 1864; baseline -0.001 -14"><span class='ocrx_word' id='word_1_223' title='bbox 250 1796 361 1850; x_wconf 85' lang='lat' dir='ltr'><strong>solis</strong></span> <span class='ocrx_word' id='word_1_224' title='bbox 386 1796 626 1852; x_wconf 89' lang='lat' dir='ltr'><strong>ardorem</strong></span> <span class='ocrx_word' id='word_1_225' title='bbox 659 1798 939 1856; x_wconf 80' lang='lat' dir='ltr'><strong>formidet.</strong></span> <span class='ocrx_word' id='word_1_226' title='bbox 976 1801 1040 1855; x_wconf 85' lang='lat' dir='ltr'><strong>Et</strong></span> <span class='ocrx_word' id='word_1_227' title='bbox 1072 1817 1194 1855; x_wconf 92' lang='lat' dir='ltr'><strong>cum</strong></span> <span class='ocrx_word' id='word_1_228' title='bbox 1217 1803 1320 1858; x_wconf 84' lang='lat' dir='ltr'><strong>sob</strong></span> <span class='ocrx_word' id='word_1_229' title='bbox 1341 1813 1556 1858; x_wconf 83' lang='lat' dir='ltr'><strong>sacrato</strong></span> <span class='ocrx_word' id='word_1_230' title='bbox 1588 1820 1813 1860; x_wconf 88' lang='lat' dir='ltr'><strong>numero</strong></span> <span class='ocrx_word' id='word_1_231' title='bbox 1842 1787 1893 1857; x_wconf 78' lang='grc' dir='ltr'>Β</span> <span class='ocrx_word' id='word_1_232' title='bbox 1923 1795 1970 1847; x_wconf 70' lang='lat' dir='ltr'><strong>in</strong></span> <span class='ocrx_word' id='word_1_233' title='bbox 1996 1794 2154 1849; x_wconf 76' lang='lat' dir='ltr'><strong>nullo</strong></span> <span class='ocrx_word' id='word_1_234' title='bbox 2180 1795 2354 1864; x_wconf 88' lang='lat' dir='ltr'><strong>possit</strong></span> <span class='ocrx_word' id='word_1_235' title='bbox 2384 1793 2598 1864; x_wconf 87' lang='lat' dir='ltr'><strong>penitus</strong></span> <span class='ocrx_word' id='word_1_236' title='bbox 2645 1795 2968 1863; x_wconf 86' lang='lat' dir='ltr'><strong>comparari.</strong></span> 
     </span>
    </p>
   </div>
   <div class='ocr_carea' id='block_1_33' title="bbox 255 1889 1817 1965">
    <p class='ocr_par' dir='ltr' id='par_1_33' title="bbox 255 1889 1817 1965">
     <span class='ocr_line' id='line_1_33' title="bbox 255 1889 1817 1965; baseline 0.005 -21"><span class='ocrx_word' id='word_1_237' title='bbox 255 1889 309 1944; x_wconf 82' lang='lat' dir='ltr'><strong>ad</strong></span> <span class='ocrx_word' id='word_1_238' title='bbox 335 1902 538 1947; x_wconf 85' lang='lat' dir='ltr'><strong>centum</strong></span> <span class='ocrx_word' id='word_1_239' title='bbox 570 1906 744 1961; x_wconf 88' lang='lat' dir='ltr'><strong>usque</strong></span> <span class='ocrx_word' id='word_1_240' title='bbox 781 1893 956 1948; x_wconf 84' lang='lat' dir='ltr'><strong>nodos</strong></span> <span class='ocrx_word' id='word_1_241' title='bbox 988 1896 1322 1965; x_wconf 87' lang='lat' dir='ltr'><strong>pervenerit,</strong></span> <span class='ocrx_word' id='word_1_242' title='bbox 1358 1897 1557 1962; x_wconf 76' lang='lat' dir='ltr'><strong>quibus</strong></span> <span class='ocrx_word' id='word_1_243' title='bbox 1588 1897 1817 1952; x_wconf 77' lang='lat' dir='ltr'><strong>altitudo</strong></span> 
     </span>
    </p>
   </div>
   <div class='ocr_carea' id='block_1_34' title="bbox 256 1982 1818 2052">
    <p class='ocr_par' dir='ltr' id='par_1_34' title="bbox 256 1982 1818 2052">
     <span class='ocr_line' id='line_1_34' title="bbox 256 1982 1818 2052; baseline 0.005 -16"><span class='ocrx_word' id='word_1_244' title='bbox 256 1982 358 2052; x_wconf 85' lang='lat' dir='ltr'><strong>ejus</strong></span> <span class='ocrx_word' id='word_1_245' title='bbox 377 1984 548 2041; x_wconf 80' lang='lat' dir='ltr'><strong>solide</strong></span> <span class='ocrx_word' id='word_1_246' title='bbox 570 1986 889 2041; x_wconf 87' lang='lat' dir='ltr'><strong>continetur</strong></span> <span class='ocrx_word' id='word_1_247' title='bbox 915 2003 928 2042; x_wconf 92' lang='lat'><strong>:</strong></span> <span class='ocrx_word' id='word_1_248' title='bbox 954 1995 1084 2041; x_wconf 88' lang='lat' dir='ltr'><strong>tunc</strong></span> <span class='ocrx_word' id='word_1_249' title='bbox 1115 1986 1138 2041; x_wconf 95' lang='lat' dir='ltr'><strong>f</strong></span> <span class='ocrx_word' id='word_1_250' title='bbox 1139 1998 1321 2043; x_wconf 84' lang='lat' dir='ltr'><strong>ructus</strong></span> <span class='ocrx_word' id='word_1_251' title='bbox 1341 1988 1537 2044; x_wconf 73' lang='lat' dir='ltr'><strong>afferet</strong></span> <span class='ocrx_word' id='word_1_252' title='bbox 1562 1990 1818 2044; x_wconf 82' lang='lat' dir='ltr'><strong>dulcissi-</strong></span> 
     </span>
    </p>
   </div>
   <div class='ocr_carea' id='block_1_35' title="bbox 260 2073 1815 2149">
    <p class='ocr_par' dir='ltr' id='par_1_35' title="bbox 260 2073 1815 2149">
     <span class='ocr_line' id='line_1_35' title="bbox 260 2073 1815 2149; baseline 0.006 -24"><span class='ocrx_word' id='word_1_253' title='bbox 260 2086 360 2126; x_wconf 86' lang='lat' dir='ltr'><strong>mos</strong></span> <span class='ocrx_word' id='word_1_254' title='bbox 385 2073 683 2140; x_wconf 80' lang='lat' dir='ltr'><strong>eharitalis,</strong></span> <span class='ocrx_word' id='word_1_255' title='bbox 711 2076 763 2131; x_wconf 91' lang='lat' dir='ltr'><strong>in</strong></span> <span class='ocrx_word' id='word_1_256' title='bbox 790 2092 1004 2132; x_wconf 87' lang='lat' dir='ltr'><strong>summo</strong></span> <span class='ocrx_word' id='word_1_257' title='bbox 1033 2079 1242 2134; x_wconf 78' lang='lat' dir='ltr'><strong>scilicet</strong></span> <span class='ocrx_word' id='word_1_258' title='bbox 1277 2078 1628 2149; x_wconf 81' lang='lat' dir='ltr'><strong>perfectionis</strong></span> <span class='ocrx_word' id='word_1_259' title='bbox 1663 2080 1815 2136; x_wconf 85' lang='lat' dir='ltr'><strong>fasti-</strong></span> 
     </span>
    </p>
   </div>
   <div class='ocr_carea' id='block_1_36' title="bbox 251 2164 1814 2243">
    <p class='ocr_par' dir='ltr' id='par_1_36' title="bbox 251 2164 1814 2243">
     <span class='ocr_line' id='line_1_36' title="bbox 251 2164 1814 2243; baseline 0.004 -24"><span class='ocrx_word' id='word_1_260' title='bbox 251 2164 342 2234; x_wconf 75' lang='lat' dir='ltr'><strong>gio,</strong></span> <span class='ocrx_word' id='word_1_261' title='bbox 370 2181 473 2236; x_wconf 87' lang='lat' dir='ltr'><strong>quo</strong></span> <span class='ocrx_word' id='word_1_262' title='bbox 492 2182 553 2225; x_wconf 82' lang='lat' dir='ltr'><strong>se</strong></span> <span class='ocrx_word' id='word_1_263' title='bbox 574 2182 675 2239; x_wconf 81' lang='lat' dir='ltr'><strong>per</strong></span> <span class='ocrx_word' id='word_1_264' title='bbox 698 2169 1033 2226; x_wconf 81' lang='lat' dir='ltr'><strong>incrementa</strong></span> <span class='ocrx_word' id='word_1_265' title='bbox 1061 2171 1345 2238; x_wconf 86' lang='lat' dir='ltr'><strong>virtutum,</strong></span> <span class='ocrx_word' id='word_1_266' title='bbox 1377 2173 1532 2242; x_wconf 76' lang='lat' dir='ltr'><strong>quasi</strong></span> <span class='ocrx_word' id='word_1_267' title='bbox 1565 2188 1664 2243; x_wconf 88' lang='lat' dir='ltr'><strong>per</strong></span> <span class='ocrx_word' id='word_1_268' title='bbox 1694 2175 1814 2239; x_wconf 84' lang='lat' dir='ltr'><strong>pItt-</strong></span> 
     </span>
    </p>
   </div>
   <div class='ocr_carea' id='block_1_37' title="bbox 251 2256 1816 2336">
    <p class='ocr_par' dir='ltr' id='par_1_37' title="bbox 251 2256 1816 2336">
     <span class='ocr_line' id='line_1_37' title="bbox 251 2256 1816 2336; baseline 0.006 -26"><span class='ocrx_word' id='word_1_269' title='bbox 251 2256 480 2314; x_wconf 88' lang='lat' dir='ltr'><strong>rimorum</strong></span> <span class='ocrx_word' id='word_1_270' title='bbox 511 2260 779 2330; x_wconf 85' lang='lat' dir='ltr'><strong>quasdam</strong></span> <span class='ocrx_word' id='word_1_271' title='bbox 810 2270 1000 2317; x_wconf 71' lang='lat' dir='ltr'><strong>anates</strong></span> <span class='ocrx_word' id='word_1_272' title='bbox 1038 2279 1302 2318; x_wconf 85' lang='lat' dir='ltr'><strong>annorum</strong></span> <span class='ocrx_word' id='word_1_273' title='bbox 1334 2264 1655 2321; x_wconf 81' lang='lat' dir='ltr'><strong>ascendisse</strong></span> <span class='ocrx_word' id='word_1_274' title='bbox 1697 2266 1816 2336; x_wconf 89' lang='lat' dir='ltr'><strong>glo-</strong></span> 
     </span>
    </p>
   </div>
   <div class='ocr_carea' id='block_1_38' title="bbox 252 2351 423 2406">
    <p class='ocr_par' dir='ltr' id='par_1_38' title="bbox 252 2351 423 2406">
     <span class='ocr_line' id='line_1_38' title="bbox 252 2351 423 2406; baseline -0.006 0"><span class='ocrx_word' id='word_1_275' title='bbox 252 2351 423 2406; x_wconf 84' lang='lat' dir='ltr'><strong>riatttr.</strong></span> 
     </span>
    </p>
   </div>
   <div class='ocr_carea' id='block_1_39' title="bbox 309 2442 1810 2522">
    <p class='ocr_par' dir='ltr' id='par_1_39' title="bbox 309 2442 1810 2522">
     <span class='ocr_line' id='line_1_39' title="bbox 309 2442 1810 2522; baseline 0.004 -24"><span class='ocrx_word' id='word_1_276' title='bbox 309 2442 467 2511; x_wconf 79' lang='lat' dir='ltr'><strong>Super</strong></span> <span class='ocrx_word' id='word_1_277' title='bbox 489 2462 728 2501; x_wconf 79' lang='lat' dir='ltr'><strong>acervum</strong></span> <span class='ocrx_word' id='word_1_278' title='bbox 748 2456 1013 2517; x_wconf 83' lang='lat' dir='ltr'><strong>petrarum</strong></span> <span class='ocrx_word' id='word_1_279' title='bbox 1041 2449 1240 2504; x_wconf 81' lang='lat' dir='ltr'><strong>radices</strong></span> <span class='ocrx_word' id='word_1_280' title='bbox 1269 2452 1383 2522; x_wconf 85' lang='lat' dir='ltr'><strong>ejus</strong></span> <span class='ocrx_word' id='word_1_281' title='bbox 1420 2448 1810 2520; x_wconf 80' lang='lat' dir='ltr'><strong>densabnnmr,</strong></span> 
     </span>
    </p>
   </div>
   <div class='ocr_carea' id='block_1_40' title="bbox 253 2534 1814 2612">
    <p class='ocr_par' dir='ltr' id='par_1_40' title="bbox 253 2534 1814 2612">
     <span class='ocr_line' id='line_1_40' title="bbox 253 2534 1814 2612; baseline 0.007 -24"><span class='ocrx_word' id='word_1_282' title='bbox 253 2541 295 2588; x_wconf 86' lang='lat' dir='ltr'><strong>et</strong></span> <span class='ocrx_word' id='word_1_283' title='bbox 318 2534 439 2591; x_wconf 80' lang='lat' dir='ltr'><strong>inter</strong></span> <span class='ocrx_word' id='word_1_284' title='bbox 464 2537 658 2605; x_wconf 86' lang='lat' dir='ltr'><strong>lapides</strong></span> <span class='ocrx_word' id='word_1_285' title='bbox 684 2540 1109 2593; x_wconf 81' lang='lat' dir='ltr'><strong>commorabitur.</strong></span> <span class='ocrx_word' id='word_1_286' title='bbox 1143 2539 1407 2607; x_wconf 85' lang='lat' dir='ltr'><strong>Quoniam</strong></span> <span class='ocrx_word' id='word_1_287' title='bbox 1437 2541 1649 2597; x_wconf 79' lang='lat' dir='ltr'><strong>radices</strong></span> <span class='ocrx_word' id='word_1_288' title='bbox 1693 2542 1814 2612; x_wconf 84' lang='lat' dir='ltr'><strong>ejus</strong></span> 
     </span>
    </p>
   </div>
   <div class='ocr_carea' id='block_1_41' title="bbox 251 2624 1810 2702">
    <p class='ocr_par' dir='ltr' id='par_1_41' title="bbox 251 2624 1810 2702">
     <span class='ocr_line' id='line_1_41' title="bbox 251 2624 1810 2702; baseline 0.006 -23"><span class='ocrx_word' id='word_1_289' title='bbox 251 2624 295 2679; x_wconf 90' lang='lat' dir='ltr'><strong>in</strong></span> <span class='ocrx_word' id='word_1_290' title='bbox 317 2637 440 2682; x_wconf 86' lang='lat' dir='ltr'><strong>terra</strong></span> <span class='ocrx_word' id='word_1_291' title='bbox 465 2628 601 2684; x_wconf 64' lang='lat' dir='ltr'><strong>bima</strong></span> <span class='ocrx_word' id='word_1_292' title='bbox 626 2631 903 2696; x_wconf 59' lang='lat' dir='ltr'><strong>solidatas,</strong></span> <span class='ocrx_word' id='word_1_293' title='bbox 926 2632 1208 2687; x_wconf 84' lang='lat' dir='ltr'><strong>utiructus</strong></span> <span class='ocrx_word' id='word_1_294' title='bbox 1234 2633 1510 2702; x_wconf 78' lang='lat' dir='ltr'><strong>patientiae</strong></span> <span class='ocrx_word' id='word_1_295' title='bbox 1528 2632 1810 2701; x_wconf 85' lang='lat' dir='ltr'><strong>afferrent,</strong></span> 
     </span>
    </p>
   </div>
   <div class='ocr_carea' id='block_1_42' title="bbox 252 2722 1810 2797">
    <p class='ocr_par' dir='ltr' id='par_1_42' title="bbox 252 2722 1810 2797">
     <span class='ocr_line' id='line_1_42' title="bbox 252 2722 1810 2797; baseline 0.004 -22"><span class='ocrx_word' id='word_1_296' title='bbox 252 2736 344 2775; x_wconf 90' lang='lat' dir='ltr'><strong>non</strong></span> <span class='ocrx_word' id='word_1_297' title='bbox 388 2722 632 2793; x_wconf 83' lang='lat' dir='ltr'><strong>ﬁgentur,</strong></span> <span class='ocrx_word' id='word_1_298' title='bbox 666 2724 762 2780; x_wconf 86' lang='lat' dir='ltr'><strong>sed</strong></span> <span class='ocrx_word' id='word_1_299' title='bbox 810 2740 975 2795; x_wconf 81' lang='lat' dir='ltr'><strong>super</strong></span> <span class='ocrx_word' id='word_1_300' title='bbox 1021 2741 1282 2780; x_wconf 85' lang='lat' dir='ltr'><strong>acervum</strong></span> <span class='ocrx_word' id='word_1_301' title='bbox 1329 2729 1499 2797; x_wconf 83' lang='lat' dir='ltr'><strong>magis</strong></span> <span class='ocrx_word' id='word_1_302' title='bbox 1532 2736 1810 2797; x_wconf 85' lang='lat' dir='ltr'><strong>petrarum</strong></span> 
     </span>
    </p>
   </div>
   <div class='ocr_carea' id='block_1_43' title="bbox 250 2814 1809 2883">
    <p class='ocr_par' dir='ltr' id='par_1_43' title="bbox 250 2814 1809 2883">
     <span class='ocr_line' id='line_1_43' title="bbox 250 2814 1809 2883; baseline 0.006 -18"><span class='ocrx_word' id='word_1_303' title='bbox 250 2814 666 2883; x_wconf 41' lang='lat' dir='ltr'><strong>coarctabunlur,</strong></span> <span class='ocrx_word' id='word_1_304' title='bbox 714 2831 823 2869; x_wconf 89' lang='lat' dir='ltr'><strong>non</strong></span> <span class='ocrx_word' id='word_1_305' title='bbox 856 2817 1112 2871; x_wconf 79' lang='lat' dir='ltr'><strong>babcndo</strong></span> <span class='ocrx_word' id='word_1_306' title='bbox 1164 2819 1275 2872; x_wconf 90' lang='lat' dir='ltr'><strong>illic</strong></span> <span class='ocrx_word' id='word_1_307' title='bbox 1310 2820 1431 2871; x_wconf 74' lang='lat' dir='ltr'><strong>\‘ilzt&#39;</strong></span> <span class='ocrx_word' id='word_1_308' title='bbox 1478 2819 1809 2874; x_wconf 80' lang='lat' dir='ltr'><strong>humorem:</strong></span> 
     </span>
    </p>
   </div>
   <div class='ocr_carea' id='block_1_44' title="bbox 248 2905 1563 2980">
    <p class='ocr_par' dir='ltr' id='par_1_44' title="bbox 248 2905 1563 2980">
     <span class='ocr_line' id='line_1_44' title="bbox 248 2905 1563 2980; baseline 0.005 -22"><span class='ocrx_word' id='word_1_309' title='bbox 248 2905 520 2963; x_wconf 85' lang='lat' dir='ltr'><strong>moriturus</strong></span> <span class='ocrx_word' id='word_1_310' title='bbox 562 2907 745 2978; x_wconf 86' lang='lat' dir='ltr'><strong>utique</strong></span> <span class='ocrx_word' id='word_1_311' title='bbox 777 2908 930 2980; x_wconf 89' lang='lat' dir='ltr'><strong>prius</strong></span> <span class='ocrx_word' id='word_1_312' title='bbox 958 2910 1213 2965; x_wconf 87' lang='lat' dir='ltr'><strong>ariditate</strong></span> <span class='ocrx_word' id='word_1_313' title='bbox 1245 2912 1563 2966; x_wconf 85' lang='lat' dir='ltr'><strong>siccabitttr.</strong></span> 
     </span>
    </p>
   </div>
   <div class='ocr_carea' id='block_1_45' title="bbox 312 2996 1804 3073">
    <p class='ocr_par' dir='ltr' id='par_1_45' title="bbox 312 2996 1804 3073">
     <span class='ocr_line' id='line_1_45' title="bbox 312 2996 1804 3073; baseline 0.005 -22"><span class='ocrx_word' id='word_1_314' title='bbox 312 2996 367 3051; x_wconf 82' lang='lat' dir='ltr'><strong>Et</strong></span> <span class='ocrx_word' id='word_1_315' title='bbox 397 3000 520 3054; x_wconf 86' lang='lat' dir='ltr'><strong>inter</strong></span> <span class='ocrx_word' id='word_1_316' title='bbox 543 2999 745 3069; x_wconf 75' lang='lat' dir='ltr'><strong>lapides</strong></span> <span class='ocrx_word' id='word_1_317' title='bbox 786 3003 1208 3057; x_wconf 79' lang='lat' dir='ltr'><strong>commorabitur.</strong></span> <span class='ocrx_word' id='word_1_318' title='bbox 1242 3003 1651 3073; x_wconf 68' lang='lat' dir='ltr'><strong>Metaphorims</strong></span> <span class='ocrx_word' id='word_1_319' title='bbox 1677 3022 1689 3058; x_wconf 89' lang='lat'><strong>:</strong></span> <span class='ocrx_word' id='word_1_320' title='bbox 1720 3004 1804 3059; x_wconf 86' lang='lat' dir='ltr'><strong>la-</strong></span> 
     </span>
    </p>
   </div>
   <div class='ocr_carea' id='block_1_46' title="bbox 246 3088 1813 3166">
    <p class='ocr_par' dir='ltr' id='par_1_46' title="bbox 246 3088 1813 3166">
     <span class='ocr_line' id='line_1_46' title="bbox 246 3088 1813 3166; baseline 0.004 -24"><span class='ocrx_word' id='word_1_321' title='bbox 246 3088 402 3159; x_wconf 86' lang='lat' dir='ltr'><strong>pides,</strong></span> <span class='ocrx_word' id='word_1_322' title='bbox 434 3092 698 3159; x_wconf 80' lang='lat' dir='ltr'><strong>inﬁdeles,</strong></span> <span class='ocrx_word' id='word_1_323' title='bbox 729 3102 785 3147; x_wconf 85' lang='lat' dir='ltr'><strong>et</strong></span> <span class='ocrx_word' id='word_1_324' title='bbox 810 3093 931 3147; x_wconf 85' lang='lat' dir='ltr'><strong>duri</strong></span> <span class='ocrx_word' id='word_1_325' title='bbox 959 3094 1141 3149; x_wconf 80' lang='lat' dir='ltr'><strong>cordis</strong></span> <span class='ocrx_word' id='word_1_326' title='bbox 1185 3095 1286 3149; x_wconf 88' lang='lat' dir='ltr'><strong>hoc</strong></span> <span class='ocrx_word' id='word_1_327' title='bbox 1317 3096 1436 3151; x_wconf 60' lang='lat' dir='ltr'><strong>locta</strong></span> <span class='ocrx_word' id='word_1_328' title='bbox 1467 3107 1695 3166; x_wconf 62' lang='lat' dir='ltr'><strong>possunt</strong></span> <span class='ocrx_word' id='word_1_329' title='bbox 1728 3096 1813 3150; x_wconf 90' lang='lat' dir='ltr'><strong>in-</strong></span> 
     </span>
    </p>
   </div>
   <div class='ocr_carea' id='block_1_47' title="bbox 1996 1886 3515 1960">
    <p class='ocr_par' dir='ltr' id='par_1_47' title="bbox 1996 1886 3515 1960">
     <span class='ocr_line' id='line_1_47' title="bbox 1996 1886 3515 1960; baseline 0.001 -17"><span class='ocrx_word' id='word_1_330' title='bbox 1996 1889 2126 1958; x_wconf 81' lang='lat' dir='ltr'><strong>Quis</strong></span> <span class='ocrx_word' id='word_1_331' title='bbox 2154 1889 2338 1945; x_wconf 80' lang='lat' dir='ltr'><strong>restitit</strong></span> <span class='ocrx_word' id='word_1_332' title='bbox 2358 1889 2426 1952; x_wconf 88' lang='lat' dir='ltr'><strong>ei,</strong></span> <span class='ocrx_word' id='word_1_333' title='bbox 2458 1898 2504 1941; x_wconf 90' lang='lat' dir='ltr'><strong>et</strong></span> <span class='ocrx_word' id='word_1_334' title='bbox 2531 1904 2712 1960; x_wconf 83' lang='lat' dir='ltr'><strong>pacem</strong></span> <span class='ocrx_word' id='word_1_335' title='bbox 2737 1888 2951 1942; x_wconf 81' lang='lat' dir='ltr'><strong>habuit?</strong></span> <span class='ocrx_word' id='word_1_336' title='bbox 2971 1887 3104 1955; x_wconf 88' lang='lat' dir='ltr'><strong>Quis</strong></span> <span class='ocrx_word' id='word_1_337' title='bbox 3128 1895 3320 1943; x_wconf 87' lang='lat' dir='ltr'><strong>contra</strong></span> <span class='ocrx_word' id='word_1_338' title='bbox 3347 1886 3515 1945; x_wconf 74' lang='lat' dir='ltr'><strong>Deum</strong></span> 
     </span>
    </p>
   </div>
   <div class='ocr_carea' id='block_1_48' title="bbox 1919 1980 3518 2053">
    <p class='ocr_par' dir='ltr' id='par_1_48' title="bbox 1919 1980 3518 2053">
     <span class='ocr_line' id='line_1_48' title="bbox 1919 1980 3518 2053; baseline -0.001 -18"><span class='ocrx_word' id='word_1_339' title='bbox 1919 2000 2084 2053; x_wconf 69' lang='lat' dir='ltr'><strong>agens</strong></span> <span class='ocrx_word' id='word_1_340' title='bbox 2116 2000 2222 2037; x_wconf 89' lang='lat' dir='ltr'><strong>non</strong></span> <span class='ocrx_word' id='word_1_341' title='bbox 2252 1982 2356 2039; x_wconf 88' lang='lat' dir='ltr'><strong>sibi</strong></span> <span class='ocrx_word' id='word_1_342' title='bbox 2385 1983 2592 2039; x_wconf 84' lang='lat' dir='ltr'><strong>bellum</strong></span> <span class='ocrx_word' id='word_1_343' title='bbox 2621 1983 2716 2038; x_wconf 78' lang='lat' dir='ltr'><strong>ira:</strong></span> <span class='ocrx_word' id='word_1_344' title='bbox 2744 1983 2863 2053; x_wconf 84' lang='lat' dir='ltr'><strong>ejus</strong></span> <span class='ocrx_word' id='word_1_345' title='bbox 2893 1982 3210 2047; x_wconf 80' lang='lat' dir='ltr'><strong>commovit,</strong></span> <span class='ocrx_word' id='word_1_346' title='bbox 3238 1982 3385 2037; x_wconf 81' lang='lat' dir='ltr'><strong>sicut</strong></span> <span class='ocrx_word' id='word_1_347' title='bbox 3412 1980 3518 2034; x_wconf 83' lang='lat' dir='ltr'><strong>Da-</strong></span> 
     </span>
    </p>
   </div>
   <div class='ocr_carea' id='block_1_49' title="bbox 1920 2076 2366 2131">
    <p class='ocr_par' dir='ltr' id='par_1_49' title="bbox 1920 2076 2366 2131">
     <span class='ocr_line' id='line_1_49' title="bbox 1920 2076 2366 2131; baseline 0.002 -2"><span class='ocrx_word' id='word_1_348' title='bbox 1920 2079 2049 2130; x_wconf 73' lang='lat' dir='ltr'><strong>tltan</strong></span> <span class='ocrx_word' id='word_1_349' title='bbox 2073 2086 2127 2131; x_wconf 90' lang='lat' dir='ltr'><strong>et</strong></span> <span class='ocrx_word' id='word_1_350' title='bbox 2145 2076 2366 2130; x_wconf 59' lang='lat' dir='ltr'><strong>caeteri?</strong></span> 
     </span>
    </p>
   </div>
   <div class='ocr_carea' id='block_1_50' title="bbox 1994 2166 3520 2241">
    <p class='ocr_par' dir='ltr' id='par_1_50' title="bbox 1994 2166 3520 2241">
     <span class='ocr_line' id='line_1_50' title="bbox 1994 2166 3520 2241; baseline -0.001 -17"><span class='ocrx_word' id='word_1_351' title='bbox 1994 2169 2096 2234; x_wconf 85' lang='lat' dir='ltr'><strong>Qui</strong></span> <span class='ocrx_word' id='word_1_352' title='bbox 2123 2168 2392 2223; x_wconf 79' lang='lat' dir='ltr'><strong>transtulit</strong></span> <span class='ocrx_word' id='word_1_353' title='bbox 2414 2178 2633 2234; x_wconf 79' lang='lat' dir='ltr'><strong>montes,</strong></span> <span class='ocrx_word' id='word_1_354' title='bbox 2661 2177 2712 2224; x_wconf 88' lang='lat' dir='ltr'><strong>et</strong></span> <span class='ocrx_word' id='word_1_355' title='bbox 2733 2168 3022 2224; x_wconf 78' lang='lat' dir='ltr'><strong>nescierunt</strong></span> <span class='ocrx_word' id='word_1_356' title='bbox 3042 2169 3246 2241; x_wconf 83' lang='lat' dir='ltr'><strong>biquos</strong></span> <span class='ocrx_word' id='word_1_357' title='bbox 3269 2166 3520 2223; x_wconf 80' lang='lat' dir='ltr'><strong>subuertit</strong></span> 
     </span>
    </p>
   </div>
   <div class='ocr_carea' id='block_1_51' title="bbox 1916 2260 3517 2331">
    <p class='ocr_par' dir='ltr' id='par_1_51' title="bbox 1916 2260 3517 2331">
     <span class='ocr_line' id='line_1_51' title="bbox 1916 2260 3517 2331; baseline 0 -15"><span class='ocrx_word' id='word_1_358' title='bbox 1916 2262 1971 2316; x_wconf 83' lang='lat' dir='ltr'><strong>in</strong></span> <span class='ocrx_word' id='word_1_359' title='bbox 1993 2262 2172 2331; x_wconf 79' lang='lat' dir='ltr'><strong>furore</strong></span> <span class='ocrx_word' id='word_1_360' title='bbox 2198 2279 2313 2317; x_wconf 88' lang='lat' dir='ltr'><strong>suo.</strong></span> <span class='ocrx_word' id='word_1_361' title='bbox 2344 2262 2452 2328; x_wconf 80' lang='lat' dir='ltr'><strong>Qui</strong></span> <span class='ocrx_word' id='word_1_362' title='bbox 2482 2273 2761 2317; x_wconf 83' lang='lat' dir='ltr'><strong>commovet</strong></span> <span class='ocrx_word' id='word_1_363' title='bbox 2790 2272 2980 2316; x_wconf 87' lang='lat' dir='ltr'><strong>terram</strong></span> <span class='ocrx_word' id='word_1_364' title='bbox 3007 2261 3072 2317; x_wconf 85' lang='lat' dir='ltr'><strong>de</strong></span> <span class='ocrx_word' id='word_1_365' title='bbox 3106 2261 3221 2314; x_wconf 89' lang='lat' dir='ltr'><strong>loco</strong></span> <span class='ocrx_word' id='word_1_366' title='bbox 3248 2276 3365 2315; x_wconf 87' lang='lat' dir='ltr'><strong>sua.</strong></span> <span class='ocrx_word' id='word_1_367' title='bbox 3402 2260 3517 2316; x_wconf 81' lang='lat' dir='ltr'><strong>Mc-</strong></span> 
     </span>
    </p>
   </div>
   <div class='ocr_carea' id='block_1_52' title="bbox 1917 2350 3517 2424">
    <p class='ocr_par' dir='ltr' id='par_1_52' title="bbox 1917 2350 3517 2424">
     <span class='ocr_line' id='line_1_52' title="bbox 1917 2350 3517 2424; baseline -0.001 -14"><span class='ocrx_word' id='word_1_368' title='bbox 1917 2354 2235 2424; x_wconf 63' lang='lat' dir='ltr'><strong>tapborictvas</strong></span> <span class='ocrx_word' id='word_1_369' title='bbox 2262 2366 2474 2408; x_wconf 90' lang='lat' dir='ltr'><strong>montes</strong></span> <span class='ocrx_word' id='word_1_370' title='bbox 2496 2352 2749 2407; x_wconf 72' lang='lat' dir='ltr'><strong>homines</strong></span> <span class='ocrx_word' id='word_1_371' title='bbox 2769 2394 2782 2416; x_wconf 87' lang='lat'><strong>,</strong></span> <span class='ocrx_word' id='word_1_372' title='bbox 2809 2357 2927 2409; x_wconf 90' lang='lat' dir='ltr'><strong>sive</strong></span> <span class='ocrx_word' id='word_1_373' title='bbox 2957 2353 3142 2423; x_wconf 79' lang='lat' dir='ltr'><strong>angeli</strong></span> <span class='ocrx_word' id='word_1_374' title='bbox 3174 2350 3517 2421; x_wconf 75' lang='lat' dir='ltr'><strong>intelligendi</strong></span> 
     </span>
    </p>
   </div>
   <div class='ocr_carea' id='block_1_53' title="bbox 1916 2444 3516 2516">
    <p class='ocr_par' dir='ltr' id='par_1_53' title="bbox 1916 2444 3516 2516">
     <span class='ocr_line' id='line_1_53' title="bbox 1916 2444 3516 2516; baseline 0.001 -17"><span class='ocrx_word' id='word_1_375' title='bbox 1916 2456 2042 2501; x_wconf 90' lang='lat' dir='ltr'><strong>sunt</strong></span> <span class='ocrx_word' id='word_1_376' title='bbox 2070 2465 2081 2501; x_wconf 90' lang='lat'><strong>:</strong></span> <span class='ocrx_word' id='word_1_377' title='bbox 2107 2463 2337 2516; x_wconf 84' lang='lat' dir='ltr'><strong>quorum</strong></span> <span class='ocrx_word' id='word_1_378' title='bbox 2379 2446 2541 2500; x_wconf 87' lang='lat' dir='ltr'><strong>elatio</strong></span> <span class='ocrx_word' id='word_1_379' title='bbox 2576 2447 2771 2499; x_wconf 89' lang='lat' dir='ltr'><strong>mentis</strong></span> <span class='ocrx_word' id='word_1_380' title='bbox 2817 2445 3087 2501; x_wconf 84' lang='lat' dir='ltr'><strong>intatttutn</strong></span> <span class='ocrx_word' id='word_1_381' title='bbox 3122 2444 3407 2509; x_wconf 88' lang='lat' dir='ltr'><strong>intumuit,</strong></span> <span class='ocrx_word' id='word_1_382' title='bbox 3455 2454 3516 2500; x_wconf 87' lang='lat' dir='ltr'><strong>ut</strong></span> 
     </span>
    </p>
   </div>
   <div class='ocr_carea' id='block_1_54' title="bbox 1916 2538 2895 2608">
    <p class='ocr_par' dir='ltr' id='par_1_54' title="bbox 1916 2538 2895 2608">
     <span class='ocr_line' id='line_1_54' title="bbox 1916 2538 2895 2608; baseline -0.003 -14"><span class='ocrx_word' id='word_1_383' title='bbox 1916 2540 2149 2594; x_wconf 78' lang='lat' dir='ltr'><strong>excelsis</strong></span> <span class='ocrx_word' id='word_1_384' title='bbox 2178 2538 2453 2594; x_wconf 85' lang='lat' dir='ltr'><strong>montibus</strong></span> <span class='ocrx_word' id='word_1_385' title='bbox 2480 2547 2895 2608; x_wconf 80' lang='lat' dir='ltr'><strong>comparentur.</strong></span> 
     </span>
    </p>
   </div>
   <div class='ocr_carea' id='block_1_55' title="bbox 1990 2628 3498 2703">
    <p class='ocr_par' dir='ltr' id='par_1_55' title="bbox 1990 2628 3498 2703">
     <span class='ocr_line' id='line_1_55' title="bbox 1990 2628 3498 2703; baseline 0 -18"><span class='ocrx_word' id='word_1_386' title='bbox 1990 2631 2055 2685; x_wconf 83' lang='lat' dir='ltr'><strong>Et</strong></span> <span class='ocrx_word' id='word_1_387' title='bbox 2080 2633 2335 2687; x_wconf 75' lang='lat' dir='ltr'><strong>columna:</strong></span> <span class='ocrx_word' id='word_1_388' title='bbox 2359 2633 2475 2703; x_wconf 84' lang='lat' dir='ltr'><strong>ejus</strong></span> <span class='ocrx_word' id='word_1_389' title='bbox 2504 2633 2894 2685; x_wconf 87' lang='lat' dir='ltr'><strong>concutiuntur.</strong></span> <span class='ocrx_word' id='word_1_390' title='bbox 2917 2628 3216 2686; x_wconf 87' lang='lat' dir='ltr'><strong>Columnas</strong></span> <span class='ocrx_word' id='word_1_391' title='bbox 3244 2629 3350 2685; x_wconf 87' lang='lat' dir='ltr'><strong>hoc</strong></span> <span class='ocrx_word' id='word_1_392' title='bbox 3375 2630 3498 2685; x_wconf 91' lang='lat' dir='ltr'><strong>loco</strong></span> 
     </span>
    </p>
   </div>
   <div class='ocr_carea' id='block_1_56' title="bbox 1916 2724 3510 2795">
    <p class='ocr_par' dir='ltr' id='par_1_56' title="bbox 1916 2724 3510 2795">
     <span class='ocr_line' id='line_1_56' title="bbox 1916 2724 3510 2795; baseline 0.003 -19"><span class='ocrx_word' id='word_1_393' title='bbox 1916 2738 2016 2794; x_wconf 84' lang='lat' dir='ltr'><strong>pro</strong></span> <span class='ocrx_word' id='word_1_394' title='bbox 2035 2725 2333 2779; x_wconf 83' lang='lat' dir='ltr'><strong>stabilitate</strong></span> <span class='ocrx_word' id='word_1_395' title='bbox 2359 2734 2519 2781; x_wconf 83' lang='lat' dir='ltr'><strong>terrae</strong></span> <span class='ocrx_word' id='word_1_396' title='bbox 2547 2724 2921 2795; x_wconf 88' lang='lat' dir='ltr'><strong>intelligamus</strong></span> <span class='ocrx_word' id='word_1_397' title='bbox 2945 2742 2958 2779; x_wconf 91' lang='lat'><strong>:</strong></span> <span class='ocrx_word' id='word_1_398' title='bbox 2982 2740 3142 2794; x_wconf 88' lang='lat' dir='ltr'><strong>quam</strong></span> <span class='ocrx_word' id='word_1_399' title='bbox 3172 2724 3315 2781; x_wconf 89' lang='lat' dir='ltr'><strong>Deus</strong></span> <span class='ocrx_word' id='word_1_400' title='bbox 3341 2738 3510 2794; x_wconf 81' lang='lat' dir='ltr'><strong>super</strong></span> 
     </span>
    </p>
   </div>
   <div class='ocr_carea' id='block_1_57' title="bbox 1915 2814 3208 2886">
    <p class='ocr_par' dir='ltr' id='par_1_57' title="bbox 1915 2814 3208 2886">
     <span class='ocr_line' id='line_1_57' title="bbox 1915 2814 3208 2886; baseline 0.002 -18"><span class='ocrx_word' id='word_1_401' title='bbox 1915 2816 2265 2886; x_wconf 68' lang='lat' dir='ltr'><strong>semetipsum</strong></span> <span class='ocrx_word' id='word_1_402' title='bbox 2293 2815 2725 2871; x_wconf 84' lang='lat' dir='ltr'><strong>itnmnbilissima</strong></span> <span class='ocrx_word' id='word_1_403' title='bbox 2761 2818 2906 2872; x_wconf 88' lang='lat' dir='ltr'><strong>mole</strong></span> <span class='ocrx_word' id='word_1_404' title='bbox 2933 2814 3208 2872; x_wconf 75' lang='lat' dir='ltr'><strong>fundavit.</strong></span> 
     </span>
    </p>
   </div>
   <div class='ocr_carea' id='block_1_58' title="bbox 1990 2907 3516 2981">
    <p class='ocr_par' dir='ltr' id='par_1_58' title="bbox 1990 2907 3516 2981">
     <span class='ocr_line' id='line_1_58' title="bbox 1990 2907 3516 2981; baseline -0.001 -19"><span class='ocrx_word' id='word_1_405' title='bbox 1990 2908 2094 2974; x_wconf 83' lang='lat' dir='ltr'><strong>Qui</strong></span> <span class='ocrx_word' id='word_1_406' title='bbox 2126 2910 2363 2981; x_wconf 77' lang='lat' dir='ltr'><strong>prwripit</strong></span> <span class='ocrx_word' id='word_1_407' title='bbox 2398 2909 2533 2973; x_wconf 87' lang='lat' dir='ltr'><strong>soli,</strong></span> <span class='ocrx_word' id='word_1_408' title='bbox 2565 2919 2610 2965; x_wconf 87' lang='lat' dir='ltr'><strong>et</strong></span> <span class='ocrx_word' id='word_1_409' title='bbox 2641 2926 2743 2965; x_wconf 89' lang='lat' dir='ltr'><strong>non</strong></span> <span class='ocrx_word' id='word_1_410' title='bbox 2784 2911 2970 2977; x_wconf 89' lang='lat' dir='ltr'><strong>oritur,</strong></span> <span class='ocrx_word' id='word_1_411' title='bbox 3007 2917 3057 2965; x_wconf 85' lang='lat' dir='ltr'><strong>et</strong></span> <span class='ocrx_word' id='word_1_412' title='bbox 3095 2907 3278 2964; x_wconf 88' lang='lat' dir='ltr'><strong>stellas</strong></span> <span class='ocrx_word' id='word_1_413' title='bbox 3318 2907 3516 2962; x_wconf 82' lang='lat' dir='ltr'><strong>claudit</strong></span> 
     </span>
    </p>
   </div>
   <div class='ocr_carea' id='block_1_59' title="bbox 1916 2998 3516 3074">
    <p class='ocr_par' dir='ltr' id='par_1_59' title="bbox 1916 2998 3516 3074">
     <span class='ocr_line' id='line_1_59' title="bbox 1916 2998 3516 3074; baseline 0.001 -21"><span class='ocrx_word' id='word_1_414' title='bbox 1916 3002 2064 3069; x_wconf 87' lang='lat' dir='ltr'><strong>quasi</strong></span> <span class='ocrx_word' id='word_1_415' title='bbox 2096 3003 2189 3056; x_wconf 85' lang='lat' dir='ltr'><strong>sub</strong></span> <span class='ocrx_word' id='word_1_416' title='bbox 2215 3002 2516 3074; x_wconf 83' lang='lat' dir='ltr'><strong>signaculo.</strong></span> <span class='ocrx_word' id='word_1_417' title='bbox 2550 3001 2652 3069; x_wconf 83' lang='lat' dir='ltr'><strong>Qui</strong></span> <span class='ocrx_word' id='word_1_418' title='bbox 2674 3002 2907 3056; x_wconf 71' lang='lat' dir='ltr'><strong>extendit</strong></span> <span class='ocrx_word' id='word_1_419' title='bbox 2936 3002 3090 3056; x_wconf 74' lang='lat' dir='ltr'><strong>caelos</strong></span> <span class='ocrx_word' id='word_1_420' title='bbox 3113 2998 3283 3067; x_wconf 88' lang='lat' dir='ltr'><strong>solus,</strong></span> <span class='ocrx_word' id='word_1_421' title='bbox 3314 3010 3362 3053; x_wconf 88' lang='lat' dir='ltr'><strong>et</strong></span> <span class='ocrx_word' id='word_1_422' title='bbox 3391 3016 3516 3072; x_wconf 83' lang='lat' dir='ltr'><strong>gra-</strong></span> 
     </span>
    </p>
   </div>
   <div class='ocr_carea' id='block_1_60' title="bbox 1918 3092 3516 3168">
    <p class='ocr_par' dir='ltr' id='par_1_60' title="bbox 1918 3092 3516 3168">
     <span class='ocr_line' id='line_1_60' title="bbox 1918 3092 3516 3168; baseline 0.003 -22"><span class='ocrx_word' id='word_1_423' title='bbox 1918 3096 2059 3148; x_wconf 85' lang='lat' dir='ltr'><strong>ditur</strong></span> <span class='ocrx_word' id='word_1_424' title='bbox 2087 3111 2242 3163; x_wconf 88' lang='lat' dir='ltr'><strong>super</strong></span> <span class='ocrx_word' id='word_1_425' title='bbox 2269 3098 2462 3168; x_wconf 80' lang='lat' dir='ltr'><strong>[luctus</strong></span> <span class='ocrx_word' id='word_1_426' title='bbox 2502 3096 2681 3150; x_wconf 88' lang='lat' dir='ltr'><strong>maris.</strong></span> <span class='ocrx_word' id='word_1_427' title='bbox 2731 3095 2836 3151; x_wconf 86' lang='lat' dir='ltr'><strong>Per</strong></span> <span class='ocrx_word' id='word_1_428' title='bbox 2865 3094 3274 3150; x_wconf 83' lang='lat' dir='ltr'><strong>vicissitudines</strong></span> <span class='ocrx_word' id='word_1_429' title='bbox 3311 3092 3422 3150; x_wconf 91' lang='lat' dir='ltr'><strong>diei</strong></span> <span class='ocrx_word' id='word_1_430' title='bbox 3457 3101 3516 3150; x_wconf 89' lang='lat' dir='ltr'><strong>et</strong></span> 
     </span>
    </p>
   </div>
   <div class='ocr_carea' id='block_1_61' title="bbox 244 3174 3514 3261">
    <p class='ocr_par' dir='ltr' id='par_1_61' title="bbox 244 3174 3514 3261">
     <span class='ocr_line' id='line_1_61' title="bbox 244 3174 3514 3261; baseline 0.002 -24"><span class='ocrx_word' id='word_1_431' title='bbox 244 3182 399 3252; x_wconf 82' lang='lat' dir='ltr'><strong>telligi</strong></span> <span class='ocrx_word' id='word_1_432' title='bbox 429 3201 440 3237; x_wconf 90' lang='lat'><strong>:</strong></span> <span class='ocrx_word' id='word_1_433' title='bbox 480 3184 617 3242; x_wconf 89' lang='lat' dir='ltr'><strong>inter</strong></span> <span class='ocrx_word' id='word_1_434' title='bbox 650 3201 790 3257; x_wconf 89' lang='lat' dir='ltr'><strong>quos</strong></span> <span class='ocrx_word' id='word_1_435' title='bbox 832 3188 1058 3259; x_wconf 67' lang='lat' dir='ltr'><strong>quisque.</strong></span> <span class='ocrx_word' id='word_1_436' title='bbox 1092 3198 1346 3259; x_wconf 85' lang='lat' dir='ltr'><strong>peccator</strong></span> <span class='ocrx_word' id='word_1_437' title='bbox 1377 3190 1812 3247; x_wconf 88' lang='lat' dir='ltr'><strong>commorabitur</strong></span> <span class='ocrx_word' id='word_1_438' title='bbox 1840 3174 1890 3244; x_wconf 79' lang='lat' dir='ltr'><strong>C</strong></span> <span class='ocrx_word' id='word_1_439' title='bbox 1922 3194 2127 3256; x_wconf 84' lang='lat' dir='ltr'><strong>unctis;</strong></span> <span class='ocrx_word' id='word_1_440' title='bbox 2156 3189 2525 3261; x_wconf 79' lang='lat' dir='ltr'><strong>dispositione</strong></span> <span class='ocrx_word' id='word_1_441' title='bbox 2548 3188 2645 3245; x_wconf 90' lang='lat' dir='ltr'><strong>Dei</strong></span> <span class='ocrx_word' id='word_1_442' title='bbox 2672 3188 3031 3260; x_wconf 81' lang='lat' dir='ltr'><strong>gubernantis</strong></span> <span class='ocrx_word' id='word_1_443' title='bbox 3053 3187 3245 3243; x_wconf 86' lang='lat' dir='ltr'><strong>omnia</strong></span> <span class='ocrx_word' id='word_1_444' title='bbox 3269 3187 3514 3258; x_wconf 85' lang='lat' dir='ltr'><strong>quotidie</strong></span> 
     </span>
    </p>
   </div>
   <div class='ocr_carea' id='block_1_62' title="bbox 241 3274 1811 3350">
    <p class='ocr_par' dir='ltr' id='par_1_62' title="bbox 241 3274 1811 3350">
     <span class='ocr_line' id='line_1_62' title="bbox 241 3274 1811 3350; baseline 0.008 -25"><span class='ocrx_word' id='word_1_445' title='bbox 241 3274 355 3328; x_wconf 74' lang='lat' dir='ltr'><strong>vitae</strong></span> <span class='ocrx_word' id='word_1_446' title='bbox 390 3276 737 3334; x_wconf 89' lang='lat' dir='ltr'><strong>similitudine</strong></span> <span class='ocrx_word' id='word_1_447' title='bbox 781 3280 1100 3350; x_wconf 61' lang='lat' dir='ltr'><strong>coaequans,</strong></span> <span class='ocrx_word' id='word_1_448' title='bbox 1148 3280 1237 3347; x_wconf 85' lang='lat' dir='ltr'><strong>qui</strong></span> <span class='ocrx_word' id='word_1_449' title='bbox 1283 3281 1452 3335; x_wconf 87' lang='lat' dir='ltr'><strong>Deum</strong></span> <span class='ocrx_word' id='word_1_450' title='bbox 1508 3292 1562 3335; x_wconf 90' lang='grc' dir='ltr'><strong>ιιι</strong></span> <span class='ocrx_word' id='word_1_451' title='bbox 1610 3282 1811 3338; x_wconf 79' lang='lat' dir='ltr'><strong>stolida</strong></span> 
     </span>
    </p>
   </div>
   <div class='ocr_carea' id='block_1_63' title="bbox 240 3364 1806 3442">
    <p class='ocr_par' dir='ltr' id='par_1_63' title="bbox 240 3364 1806 3442">
     <span class='ocr_line' id='line_1_63' title="bbox 240 3364 1806 3442; baseline 0.008 -25"><span class='ocrx_word' id='word_1_452' title='bbox 240 3364 437 3420; x_wconf 86' lang='lat' dir='ltr'><strong>metalla</strong></span> <span class='ocrx_word' id='word_1_453' title='bbox 466 3384 571 3422; x_wconf 92' lang='lat' dir='ltr'><strong>non</strong></span> <span class='ocrx_word' id='word_1_454' title='bbox 602 3370 868 3425; x_wconf 87' lang='lat' dir='ltr'><strong>sentiunt.</strong></span> <span class='ocrx_word' id='word_1_455' title='bbox 903 3370 1013 3425; x_wconf 83' lang='lat' dir='ltr'><strong>Aut</strong></span> <span class='ocrx_word' id='word_1_456' title='bbox 1037 3382 1193 3426; x_wconf 88' lang='lat' dir='ltr'><strong>certe</strong></span> <span class='ocrx_word' id='word_1_457' title='bbox 1219 3372 1428 3442; x_wconf 83' lang='lat' dir='ltr'><strong>lapides</strong></span> <span class='ocrx_word' id='word_1_458' title='bbox 1458 3384 1675 3442; x_wconf 78' lang='lat' dir='ltr'><strong>peccata</strong></span> <span class='ocrx_word' id='word_1_459' title='bbox 1707 3390 1806 3429; x_wconf 88' lang='lat' dir='ltr'><strong>no-</strong></span> 
     </span>
    </p>
   </div>
   <div class='ocr_carea' id='block_1_64' title="bbox 241 3456 1807 3537">
    <p class='ocr_par' dir='ltr' id='par_1_64' title="bbox 241 3456 1807 3537">
     <span class='ocr_line' id='line_1_64' title="bbox 241 3456 1807 3537; baseline 0.008 -28"><span class='ocrx_word' id='word_1_460' title='bbox 241 3456 458 3512; x_wconf 84' lang='lat' dir='ltr'><strong>minavit.</strong></span> <span class='ocrx_word' id='word_1_461' title='bbox 500 3458 654 3516; x_wconf 88' lang='lat' dir='ltr'><strong>Unde</strong></span> <span class='ocrx_word' id='word_1_462' title='bbox 684 3461 952 3533; x_wconf 85' lang='lat' dir='ltr'><strong>propheta</strong></span> <span class='ocrx_word' id='word_1_463' title='bbox 982 3464 1058 3517; x_wconf 84' lang='lat' dir='ltr'><strong>ait</strong></span> <span class='ocrx_word' id='word_1_464' title='bbox 1087 3480 1101 3517; x_wconf 89' lang='lat'><strong>:</strong></span> <span class='ocrx_word' id='word_1_465' title='bbox 1136 3462 1326 3519; x_wconf 85' lang='lat' dir='ltr'><strong>Tollite</strong></span> <span class='ocrx_word' id='word_1_466' title='bbox 1354 3465 1551 3537; x_wconf 87' lang='lat' dir='ltr'><strong>lapides</strong></span> <span class='ocrx_word' id='word_1_467' title='bbox 1587 3466 1651 3521; x_wconf 88' lang='lat' dir='ltr'><strong>de</strong></span> <span class='ocrx_word' id='word_1_468' title='bbox 1681 3467 1761 3521; x_wconf 84' lang='lat' dir='ltr'><strong>via</strong></span> <span class='ocrx_word' id='word_1_469' title='bbox 1789 3483 1807 3522; x_wconf 91' lang='lat'><strong>:</strong></span> 
     </span>
    </p>
   </div>
   <div class='ocr_carea' id='block_1_65' title="bbox 241 3545 1804 3628">
    <p class='ocr_par' dir='ltr' id='par_1_65' title="bbox 241 3545 1804 3628">
     <span class='ocr_line' id='line_1_65' title="bbox 241 3545 1804 3628; baseline 0.008 -27"><span class='ocrx_word' id='word_1_470' title='bbox 241 3545 285 3601; x_wconf 89' lang='lat' dir='ltr'><strong>id</strong></span> <span class='ocrx_word' id='word_1_471' title='bbox 310 3560 404 3617; x_wconf 88' lang='lat' dir='ltr'><strong>est,</strong></span> <span class='ocrx_word' id='word_1_472' title='bbox 425 3551 489 3605; x_wconf 90' lang='lat' dir='ltr'><strong>de</strong></span> <span class='ocrx_word' id='word_1_473' title='bbox 508 3552 590 3608; x_wconf 86' lang='lat' dir='ltr'><strong>via</strong></span> <span class='ocrx_word' id='word_1_474' title='bbox 622 3564 830 3610; x_wconf 76' lang='lat' dir='ltr'><strong>sanctae</strong></span> <span class='ocrx_word' id='word_1_475' title='bbox 852 3555 1293 3611; x_wconf 72' lang='lat' dir='ltr'><strong>conver~ationis</strong></span> <span class='ocrx_word' id='word_1_476' title='bbox 1319 3556 1529 3611; x_wconf 81' lang='lat' dir='ltr'><strong>auferte</strong></span> <span class='ocrx_word' id='word_1_477' title='bbox 1555 3568 1804 3628; x_wconf 86' lang='lat' dir='ltr'><strong>peccata.</strong></span> 
     </span>
    </p>
   </div>
   <div class='ocr_carea' id='block_1_66' title="bbox 304 3642 1811 3723">
    <p class='ocr_par' dir='ltr' id='par_1_66' title="bbox 304 3642 1811 3723">
     <span class='ocr_line' id='line_1_66' title="bbox 304 3642 1811 3723; baseline 0.006 -25"><span class='ocrx_word' id='word_1_478' title='bbox 304 3642 358 3698; x_wconf 81' lang='lat' dir='ltr'><strong>Si</strong></span> <span class='ocrx_word' id='word_1_479' title='bbox 381 3644 697 3702; x_wconf 82' lang='lat' dir='ltr'><strong>absorbuerit</strong></span> <span class='ocrx_word' id='word_1_480' title='bbox 721 3665 838 3703; x_wconf 82' lang='lat' dir='ltr'><strong>eum</strong></span> <span class='ocrx_word' id='word_1_481' title='bbox 866 3649 929 3703; x_wconf 88' lang='lat' dir='ltr'><strong>de</strong></span> <span class='ocrx_word' id='word_1_482' title='bbox 968 3648 1086 3703; x_wconf 91' lang='lat' dir='ltr'><strong>loco</strong></span> <span class='ocrx_word' id='word_1_483' title='bbox 1107 3667 1224 3718; x_wconf 86' lang='lat' dir='ltr'><strong>suo,</strong></span> <span class='ocrx_word' id='word_1_484' title='bbox 1257 3652 1461 3723; x_wconf 84' lang='lat' dir='ltr'><strong>negabit</strong></span> <span class='ocrx_word' id='word_1_485' title='bbox 1493 3670 1627 3721; x_wconf 86' lang='lat' dir='ltr'><strong>eum,</strong></span> <span class='ocrx_word' id='word_1_486' title='bbox 1659 3662 1706 3707; x_wconf 87' lang='lat' dir='ltr'><strong>et</strong></span> <span class='ocrx_word' id='word_1_487' title='bbox 1727 3654 1811 3707; x_wconf 87' lang='lat' dir='ltr'><strong>di-</strong></span> 
     </span>
    </p>
   </div>
   <div class='ocr_carea' id='block_1_67' title="bbox 241 3734 1803 3812">
    <p class='ocr_par' dir='ltr' id='par_1_67' title="bbox 241 3734 1803 3812">
     <span class='ocr_line' id='line_1_67' title="bbox 241 3734 1803 3812; baseline 0.008 -26"><span class='ocrx_word' id='word_1_488' title='bbox 241 3744 304 3787; x_wconf 84' lang='lat' dir='ltr'><strong>cet</strong></span> <span class='ocrx_word' id='word_1_489' title='bbox 327 3750 346 3789; x_wconf 90' lang='lat'><strong><em>:</em></strong></span> <span class='ocrx_word' id='word_1_490' title='bbox 368 3734 481 3791; x_wconf 84' lang='lat' dir='ltr'><strong>Non</strong></span> <span class='ocrx_word' id='word_1_491' title='bbox 525 3740 644 3791; x_wconf 75' lang='lat' dir='ltr'><strong>nuri</strong></span> <span class='ocrx_word' id='word_1_492' title='bbox 672 3749 738 3793; x_wconf 86' lang='lat' dir='ltr'><strong>te.</strong></span> <span class='ocrx_word' id='word_1_493' title='bbox 772 3741 905 3792; x_wconf 85' lang='lat' dir='ltr'><strong>Cum</strong></span> <span class='ocrx_word' id='word_1_494' title='bbox 940 3740 1007 3796; x_wconf 82' lang='lat' dir='ltr'><strong>tle</strong></span> <span class='ocrx_word' id='word_1_495' title='bbox 1039 3740 1138 3795; x_wconf 85' lang='lat' dir='ltr'><strong>hac</strong></span> <span class='ocrx_word' id='word_1_496' title='bbox 1162 3742 1267 3795; x_wconf 78' lang='lat' dir='ltr'><strong>vita</strong></span> <span class='ocrx_word' id='word_1_497' title='bbox 1298 3743 1363 3795; x_wconf 84' lang='lat' dir='ltr'><strong>atl</strong></span> <span class='ocrx_word' id='word_1_498' title='bbox 1405 3743 1522 3798; x_wconf 85' lang='lat' dir='ltr'><strong>loca</strong></span> <span class='ocrx_word' id='word_1_499' title='bbox 1555 3744 1803 3812; x_wconf 82' lang='lat' dir='ltr'><strong>squalida</strong></span> 
     </span>
    </p>
   </div>
   <div class='ocr_carea' id='block_1_68' title="bbox 239 3824 1804 3906">
    <p class='ocr_par' dir='ltr' id='par_1_68' title="bbox 239 3824 1804 3906">
     <span class='ocr_line' id='line_1_68' title="bbox 239 3824 1804 3906; baseline 0.007 -27"><span class='ocrx_word' id='word_1_500' title='bbox 239 3824 501 3884; x_wconf 74' lang='lat' dir='ltr'><strong>inferorum</strong></span> <span class='ocrx_word' id='word_1_501' title='bbox 538 3829 959 3887; x_wconf 82' lang='lat' dir='ltr'><strong>transferendus</strong></span> <span class='ocrx_word' id='word_1_502' title='bbox 1002 3835 1295 3901; x_wconf 80' lang='lat' dir='ltr'><strong>altsm-ptus</strong></span> <span class='ocrx_word' id='word_1_503' title='bbox 1324 3833 1483 3888; x_wconf 83' lang='lat' dir='ltr'><strong>fuerit</strong></span> <span class='ocrx_word' id='word_1_504' title='bbox 1513 3852 1527 3888; x_wconf 92' lang='lat'><strong>:</strong></span> <span class='ocrx_word' id='word_1_505' title='bbox 1555 3835 1804 3906; x_wconf 88' lang='lat' dir='ltr'><strong>indignus</strong></span> 
     </span>
    </p>
   </div>
   <div class='ocr_carea' id='block_1_69' title="bbox 238 3919 1801 3995">
    <p class='ocr_par' dir='ltr' id='par_1_69' title="bbox 238 3919 1801 3995">
     <span class='ocr_line' id='line_1_69' title="bbox 238 3919 1801 3995; baseline 0.008 -26"><span class='ocrx_word' id='word_1_506' title='bbox 238 3919 398 3988; x_wconf 85' lang='lat' dir='ltr'><strong>utique</strong></span> <span class='ocrx_word' id='word_1_507' title='bbox 419 3924 729 3992; x_wconf 84' lang='lat' dir='ltr'><strong>ccttspecmi</strong></span> <span class='ocrx_word' id='word_1_508' title='bbox 760 3923 854 3977; x_wconf 87' lang='lat' dir='ltr'><strong>Dei</strong></span> <span class='ocrx_word' id='word_1_509' title='bbox 871 3938 993 3979; x_wconf 88' lang='lat' dir='ltr'><strong>esse</strong></span> <span class='ocrx_word' id='word_1_510' title='bbox 1017 3923 1325 3995; x_wconf 79' lang='lat' dir='ltr'><strong>negabitur.</strong></span> <span class='ocrx_word' id='word_1_511' title='bbox 1342 3923 1519 3980; x_wconf 70' lang='lat' dir='ltr'><strong>Larus</strong></span> <span class='ocrx_word' id='word_1_512' title='bbox 1541 3927 1801 3992; x_wconf 83' lang='lat' dir='ltr'><strong>hominis,</strong></span> 
     </span>
    </p>
   </div>
   <div class='ocr_carea' id='block_1_70' title="bbox 237 4007 1801 4085">
    <p class='ocr_par' dir='ltr' id='par_1_70' title="bbox 237 4007 1801 4085">
     <span class='ocr_line' id='line_1_70' title="bbox 237 4007 1801 4085; baseline 0.005 -18"><span class='ocrx_word' id='word_1_513' title='bbox 237 4007 329 4067; x_wconf 63' lang='lat' dir='ltr'><strong>dici</strong></span> <span class='ocrx_word' id='word_1_514' title='bbox 373 4024 544 4083; x_wconf 74' lang='lat' dir='ltr'><strong>potest</strong></span> <span class='ocrx_word' id='word_1_515' title='bbox 594 4016 833 4084; x_wconf 85' lang='lat' dir='ltr'><strong>qualitas</strong></span> <span class='ocrx_word' id='word_1_516' title='bbox 880 4016 1350 4085; x_wconf 69' lang='lat' dir='ltr'><strong>conversationis;</strong></span> <span class='ocrx_word' id='word_1_517' title='bbox 1404 4018 1494 4073; x_wconf 82' lang='lat' dir='ltr'><strong>tibi</strong></span> <span class='ocrx_word' id='word_1_518' title='bbox 1548 4020 1630 4076; x_wconf 90' lang='lat' dir='ltr'><strong>vel</strong></span> <span class='ocrx_word' id='word_1_519' title='bbox 1677 4020 1801 4075; x_wconf 80' lang='lat' dir='ltr'><strong>vitae</strong></span> 
     </span>
    </p>
   </div>
   <div class='ocr_carea' id='block_1_71' title="bbox 233 4109 1788 4181">
    <p class='ocr_par' dir='ltr' id='par_1_71' title="bbox 233 4109 1788 4181">
     <span class='ocr_line' id='line_1_71' title="bbox 233 4109 1788 4181; baseline 0.007 -22"><span class='ocrx_word' id='word_1_520' title='bbox 233 4116 426 4176; x_wconf 85' lang='lat' dir='ltr'><strong>genere,</strong></span> <span class='ocrx_word' id='word_1_521' title='bbox 460 4109 545 4165; x_wconf 89' lang='lat' dir='ltr'><strong>vel</strong></span> <span class='ocrx_word' id='word_1_522' title='bbox 577 4122 762 4166; x_wconf 89' lang='lat' dir='ltr'><strong>mente</strong></span> <span class='ocrx_word' id='word_1_523' title='bbox 791 4112 1044 4168; x_wconf 88' lang='lat' dir='ltr'><strong>consistit</strong></span> <span class='ocrx_word' id='word_1_524' title='bbox 1077 4130 1089 4165; x_wconf 91' lang='lat'><strong>:</strong></span> <span class='ocrx_word' id='word_1_525' title='bbox 1126 4111 1177 4166; x_wconf 91' lang='lat' dir='ltr'><strong>id</strong></span> <span class='ocrx_word' id='word_1_526' title='bbox 1210 4120 1315 4177; x_wconf 89' lang='lat' dir='ltr'><strong>est,</strong></span> <span class='ocrx_word' id='word_1_527' title='bbox 1359 4112 1672 4181; x_wconf 88' lang='lat' dir='ltr'><strong>disciplina,</strong></span> <span class='ocrx_word' id='word_1_528' title='bbox 1703 4114 1788 4171; x_wconf 88' lang='lat' dir='ltr'><strong>vel</strong></span> 
     </span>
    </p>
   </div>
   <div class='ocr_carea' id='block_1_72' title="bbox 233 4198 1433 4275">
    <p class='ocr_par' dir='ltr' id='par_1_72' title="bbox 233 4198 1433 4275">
     <span class='ocr_line' id='line_1_72' title="bbox 233 4198 1433 4275; baseline 0.008 -26"><span class='ocrx_word' id='word_1_529' title='bbox 233 4198 380 4265; x_wconf 84' lang='lat' dir='ltr'><strong>gratia</strong></span> <span class='ocrx_word' id='word_1_530' title='bbox 410 4217 564 4271; x_wconf 85' lang='lat' dir='ltr'><strong>quam</strong></span> <span class='ocrx_word' id='word_1_531' title='bbox 615 4203 854 4272; x_wconf 87' lang='lat' dir='ltr'><strong>accepit,</strong></span> <span class='ocrx_word' id='word_1_532' title='bbox 890 4214 981 4258; x_wconf 88' lang='lat' dir='ltr'><strong>aut</strong></span> <span class='ocrx_word' id='word_1_533' title='bbox 1019 4205 1184 4275; x_wconf 83' lang='lat' dir='ltr'><strong>elegit</strong></span> <span class='ocrx_word' id='word_1_534' title='bbox 1215 4207 1433 4259; x_wconf 85' lang='lat' dir='ltr'><strong>sectari.</strong></span> 
     </span>
    </p>
   </div>
   <div class='ocr_carea' id='block_1_73' title="bbox 294 4287 1798 4367">
    <p class='ocr_par' dir='ltr' id='par_1_73' title="bbox 294 4287 1798 4367">
     <span class='ocr_line' id='line_1_73' title="bbox 294 4287 1798 4367; baseline 0.011 -26"><span class='ocrx_word' id='word_1_535' title='bbox 294 4287 410 4344; x_wconf 67' lang='lat' dir='ltr'><strong>Hinc</strong></span> <span class='ocrx_word' id='word_1_536' title='bbox 445 4302 519 4348; x_wconf 88' lang='lat' dir='ltr'><strong>est</strong></span> <span class='ocrx_word' id='word_1_537' title='bbox 561 4294 697 4348; x_wconf 88' lang='lat' dir='ltr'><strong>enim</strong></span> <span class='ocrx_word' id='word_1_538' title='bbox 735 4295 918 4348; x_wconf 63' lang='lat' dir='ltr'><strong>latitia</strong></span> <span class='ocrx_word' id='word_1_539' title='bbox 962 4296 1058 4349; x_wconf 73' lang='lat' dir='ltr'><strong>vim</strong></span> <span class='ocrx_word' id='word_1_540' title='bbox 1084 4298 1195 4367; x_wconf 82' lang='lat' dir='ltr'><strong>ejus</strong></span> <span class='ocrx_word' id='word_1_541' title='bbox 1224 4312 1241 4350; x_wconf 90' lang='lat'><strong>:</strong></span> <span class='ocrx_word' id='word_1_542' title='bbox 1272 4296 1524 4354; x_wconf 73' lang='lat' dir='ltr'><strong>Ir(llll(‘wS</strong></span> <span class='ocrx_word' id='word_1_543' title='bbox 1556 4298 1798 4357; x_wconf 85' lang='lat' dir='ltr'><strong>dicitur:</strong></span> 
     </span>
    </p>
   </div>
   <div class='ocr_carea' id='block_1_74' title="bbox 233 4377 1798 4460">
    <p class='ocr_par' dir='ltr' id='par_1_74' title="bbox 233 4377 1798 4460">
     <span class='ocr_line' id='line_1_74' title="bbox 233 4377 1798 4460; baseline 0.009 -26"><span class='ocrx_word' id='word_1_544' title='bbox 233 4377 334 4437; x_wconf 60' lang='lat' dir='ltr'><strong>haec</strong></span> <span class='ocrx_word' id='word_1_545' title='bbox 358 4397 437 4442; x_wconf 87' lang='lat' dir='ltr'><strong>est</strong></span> <span class='ocrx_word' id='word_1_546' title='bbox 472 4386 658 4443; x_wconf 66' lang='lat' dir='ltr'><strong>laetitia</strong></span> <span class='ocrx_word' id='word_1_547' title='bbox 702 4390 802 4441; x_wconf 76' lang='lat' dir='ltr'><strong>via:</strong></span> <span class='ocrx_word' id='word_1_548' title='bbox 850 4389 1009 4460; x_wconf 84' lang='lat' dir='ltr'><strong>ejus:</strong></span> <span class='ocrx_word' id='word_1_549' title='bbox 1039 4393 1182 4444; x_wconf 87' lang='lat' dir='ltr'><strong>velut</strong></span> <span class='ocrx_word' id='word_1_550' title='bbox 1230 4391 1275 4445; x_wconf 88' lang='lat' dir='ltr'><strong>si</strong></span> <span class='ocrx_word' id='word_1_551' title='bbox 1327 4391 1574 4446; x_wconf 86' lang='lat' dir='ltr'><strong>diceret:</strong></span> <span class='ocrx_word' id='word_1_552' title='bbox 1611 4391 1701 4450; x_wconf 88' lang='lat' dir='ltr'><strong>Sic</strong></span> <span class='ocrx_word' id='word_1_553' title='bbox 1746 4396 1798 4448; x_wconf 93' lang='lat' dir='ltr'><strong>in</strong></span> 
     </span>
    </p>
   </div>
   <div class='ocr_carea' id='block_1_75' title="bbox 230 4470 1792 4551">
    <p class='ocr_par' dir='ltr' id='par_1_75' title="bbox 230 4470 1792 4551">
     <span class='ocr_line' id='line_1_75' title="bbox 230 4470 1792 4551; baseline 0.008 -24"><span class='ocrx_word' id='word_1_554' title='bbox 230 4470 368 4531; x_wconf 82' lang='lat' dir='ltr'><strong>bonis</strong></span> <span class='ocrx_word' id='word_1_555' title='bbox 397 4478 668 4551; x_wconf 88' lang='lat' dir='ltr'><strong>operibus,</strong></span> <span class='ocrx_word' id='word_1_556' title='bbox 702 4479 926 4550; x_wconf 82' lang='lat' dir='ltr'><strong>Deoque</strong></span> <span class='ocrx_word' id='word_1_557' title='bbox 959 4482 1300 4550; x_wconf 81' lang='lat' dir='ltr'><strong>placentibus</strong></span> <span class='ocrx_word' id='word_1_558' title='bbox 1329 4483 1635 4537; x_wconf 86' lang='lat' dir='ltr'><strong>ambulavit</strong></span> <span class='ocrx_word' id='word_1_559' title='bbox 1665 4484 1792 4538; x_wconf 91' lang='lat' dir='ltr'><strong>dum</strong></span> 
     </span>
    </p>
   </div>
   <div class='ocr_carea' id='block_1_76' title="bbox 229 4566 1611 4645">
    <p class='ocr_par' dir='ltr' id='par_1_76' title="bbox 229 4566 1611 4645">
     <span class='ocr_line' id='line_1_76' title="bbox 229 4566 1611 4645; baseline 0.007 -25"><span class='ocrx_word' id='word_1_560' title='bbox 229 4566 415 4627; x_wconf 79' lang='lat' dir='ltr'><strong>viveret</strong></span> <span class='ocrx_word' id='word_1_561' title='bbox 444 4590 459 4627; x_wconf 89' lang='lat'><strong>:</strong></span> <span class='ocrx_word' id='word_1_562' title='bbox 489 4584 543 4628; x_wconf 90' lang='lat' dir='ltr'><strong>ut</strong></span> <span class='ocrx_word' id='word_1_563' title='bbox 574 4573 641 4629; x_wconf 87' lang='lat' dir='ltr'><strong>ad</strong></span> <span class='ocrx_word' id='word_1_564' title='bbox 684 4590 957 4629; x_wconf 76' lang='lat' dir='ltr'><strong>aerumnas</strong></span> <span class='ocrx_word' id='word_1_565' title='bbox 988 4588 1250 4645; x_wconf 85' lang='lat' dir='ltr'><strong>perpetuo</strong></span> <span class='ocrx_word' id='word_1_566' title='bbox 1281 4578 1611 4645; x_wconf 53' lang='lat' dir='ltr'><strong>perveniret.</strong></span> 
     </span>
    </p>
   </div>
   <div class='ocr_carea' id='block_1_77' title="bbox 290 4659 1795 4741">
    <p class='ocr_par' dir='ltr' id='par_1_77' title="bbox 290 4659 1795 4741">
     <span class='ocr_line' id='line_1_77' title="bbox 290 4659 1795 4741; baseline 0.005 -24"><span class='ocrx_word' id='word_1_567' title='bbox 290 4659 350 4717; x_wconf 91' lang='lat' dir='ltr'><strong>Ut</strong></span> <span class='ocrx_word' id='word_1_568' title='bbox 380 4682 577 4720; x_wconf 82' lang='lat' dir='ltr'><strong>rursum</strong></span> <span class='ocrx_word' id='word_1_569' title='bbox 605 4666 670 4720; x_wconf 88' lang='lat' dir='ltr'><strong>de</strong></span> <span class='ocrx_word' id='word_1_570' title='bbox 693 4675 832 4721; x_wconf 88' lang='lat' dir='ltr'><strong>terra</strong></span> <span class='ocrx_word' id='word_1_571' title='bbox 865 4667 959 4721; x_wconf 84' lang='lat' dir='ltr'><strong>alii</strong></span> <span class='ocrx_word' id='word_1_572' title='bbox 998 4668 1376 4741; x_wconf 88' lang='lat' dir='ltr'><strong>germinentnr.</strong></span> <span class='ocrx_word' id='word_1_573' title='bbox 1411 4667 1564 4722; x_wconf 83' lang='lat' dir='ltr'><strong>Facit</strong></span> <span class='ocrx_word' id='word_1_574' title='bbox 1604 4670 1795 4740; x_wconf 85' lang='lat' dir='ltr'><strong>utique</strong></span> 
     </span>
    </p>
   </div>
   <div class='ocr_carea' id='block_1_78' title="bbox 226 4746 1793 4830">
    <p class='ocr_par' dir='ltr' id='par_1_78' title="bbox 226 4746 1793 4830">
     <span class='ocr_line' id='line_1_78' title="bbox 226 4746 1793 4830; baseline 0.008 -27"><span class='ocrx_word' id='word_1_575' title='bbox 226 4746 374 4817; x_wconf 73' lang='lat' dir='ltr'><strong>Deus,</strong></span> <span class='ocrx_word' id='word_1_576' title='bbox 412 4766 469 4810; x_wconf 91' lang='lat' dir='ltr'><strong>ut</strong></span> <span class='ocrx_word' id='word_1_577' title='bbox 505 4756 690 4830; x_wconf 89' lang='lat' dir='ltr'><strong>justus</strong></span> <span class='ocrx_word' id='word_1_578' title='bbox 736 4758 925 4828; x_wconf 83' lang='lat' dir='ltr'><strong>judex,</strong></span> <span class='ocrx_word' id='word_1_579' title='bbox 972 4758 1101 4814; x_wconf 88' lang='lat' dir='ltr'><strong>dum</strong></span> <span class='ocrx_word' id='word_1_580' title='bbox 1141 4759 1361 4816; x_wconf 68' lang='lat' dir='ltr'><strong>Judazos</strong></span> <span class='ocrx_word' id='word_1_581' title='bbox 1406 4758 1719 4815; x_wconf 85' lang='lat' dir='ltr'><strong>incredulos</strong></span> <span class='ocrx_word' id='word_1_582' title='bbox 1763 4776 1793 4816; x_wconf 89' lang='lat' dir='ltr'><strong>a</strong></span> 
     </span>
    </p>
   </div>
   <div class='ocr_carea' id='block_1_79' title="bbox 224 4848 1796 4922">
    <p class='ocr_par' dir='ltr' id='par_1_79' title="bbox 224 4848 1796 4922">
     <span class='ocr_line' id='line_1_79' title="bbox 224 4848 1796 4922; baseline 0.005 -24"><span class='ocrx_word' id='word_1_583' title='bbox 224 4848 652 4911; x_wconf 77' lang='lat' dir='ltr'><strong>promissionibus</strong></span> <span class='ocrx_word' id='word_1_584' title='bbox 692 4868 811 4920; x_wconf 73' lang='lat' dir='ltr'><strong>ttttte</strong></span> <span class='ocrx_word' id='word_1_585' title='bbox 844 4853 894 4906; x_wconf 86' lang='lat' dir='ltr'><strong>in</strong></span> <span class='ocrx_word' id='word_1_586' title='bbox 926 4852 1143 4906; x_wconf 82' lang='lat' dir='ltr'><strong>Christo</strong></span> <span class='ocrx_word' id='word_1_587' title='bbox 1190 4860 1341 4916; x_wconf 85' lang='lat' dir='ltr'><strong>Sunt,</strong></span> <span class='ocrx_word' id='word_1_588' title='bbox 1379 4862 1602 4920; x_wconf 80' lang='lat' dir='ltr'><strong>propter</strong></span> <span class='ocrx_word' id='word_1_589' title='bbox 1634 4855 1796 4922; x_wconf 84' lang='lat' dir='ltr'><strong>perli-</strong></span> 
     </span>
    </p>
   </div>
   <div class='ocr_carea' id='block_1_80' title="bbox 225 4932 1797 5014">
    <p class='ocr_par' dir='ltr' id='par_1_80' title="bbox 225 4932 1797 5014">
     <span class='ocr_line' id='line_1_80' title="bbox 225 4932 1797 5014; baseline 0.008 -27"><span class='ocrx_word' id='word_1_590' title='bbox 225 4932 353 4991; x_wconf 90' lang='lat' dir='ltr'><strong>diam</strong></span> <span class='ocrx_word' id='word_1_591' title='bbox 383 4943 634 5011; x_wconf 80' lang='lat' dir='ltr'><strong>exclusit,</strong></span> <span class='ocrx_word' id='word_1_592' title='bbox 670 4952 726 4998; x_wconf 92' lang='lat' dir='ltr'><strong>et</strong></span> <span class='ocrx_word' id='word_1_593' title='bbox 749 4955 942 5014; x_wconf 80' lang='lat' dir='ltr'><strong>gentes</strong></span> <span class='ocrx_word' id='word_1_594' title='bbox 976 4954 1198 5014; x_wconf 77' lang='lat' dir='ltr'><strong>propter</strong></span> <span class='ocrx_word' id='word_1_595' title='bbox 1224 4944 1593 4999; x_wconf 83' lang='lat' dir='ltr'><strong>obedientiam</strong></span> <span class='ocrx_word' id='word_1_596' title='bbox 1630 4946 1797 4999; x_wconf 87' lang='lat' dir='ltr'><strong>intro-</strong></span> 
     </span>
    </p>
   </div>
   <div class='ocr_carea' id='block_1_81' title="bbox 222 5030 1788 5107">
    <p class='ocr_par' dir='ltr' id='par_1_81' title="bbox 222 5030 1788 5107">
     <span class='ocr_line' id='line_1_81' title="bbox 222 5030 1788 5107; baseline 0.008 -25"><span class='ocrx_word' id='word_1_597' title='bbox 222 5030 370 5084; x_wconf 82' lang='lat' dir='ltr'><strong>misit.</strong></span> <span class='ocrx_word' id='word_1_598' title='bbox 392 5033 512 5090; x_wconf 85' lang='lat' dir='ltr'><strong>Sive</strong></span> <span class='ocrx_word' id='word_1_599' title='bbox 544 5037 597 5091; x_wconf 92' lang='lat' dir='ltr'><strong>in</strong></span> <span class='ocrx_word' id='word_1_600' title='bbox 621 5038 744 5092; x_wconf 81' lang='lat' dir='ltr'><strong>Ioco</strong></span> <span class='ocrx_word' id='word_1_601' title='bbox 764 5036 919 5092; x_wconf 70' lang='lat' dir='ltr'><strong>Iudae</strong></span> <span class='ocrx_word' id='word_1_602' title='bbox 948 5037 1228 5092; x_wconf 81' lang='lat' dir='ltr'><strong>Mattltiunt</strong></span> <span class='ocrx_word' id='word_1_603' title='bbox 1253 5040 1620 5107; x_wconf 89' lang='lat' dir='ltr'><strong>constituens,</strong></span> <span class='ocrx_word' id='word_1_604' title='bbox 1644 5040 1788 5106; x_wconf 78' lang='lat' dir='ltr'><strong>iusta</strong></span> 
     </span>
    </p>
   </div>
   <div class='ocr_carea' id='block_1_82' title="bbox 218 5116 875 5186">
    <p class='ocr_par' dir='ltr' id='par_1_82' title="bbox 218 5116 875 5186">
     <span class='ocr_line' id='line_1_82' title="bbox 218 5116 875 5186; baseline 0.015 -14"><span class='ocrx_word' id='word_1_605' title='bbox 218 5116 398 5186; x_wconf 82' lang='lat' dir='ltr'><strong>judicia</strong></span> <span class='ocrx_word' id='word_1_606' title='bbox 426 5142 517 5180; x_wconf 80' lang='lat' dir='ltr'><strong>sua</strong></span> <span class='ocrx_word' id='word_1_607' title='bbox 559 5127 875 5184; x_wconf 87' lang='lat' dir='ltr'><strong>declaravit.</strong></span> 
     </span>
    </p>
   </div>
   <div class='ocr_carea' id='block_1_83' title="bbox 282 5216 1783 5295">
    <p class='ocr_par' dir='ltr' id='par_1_83' title="bbox 282 5216 1783 5295">
     <span class='ocr_line' id='line_1_83' title="bbox 282 5216 1783 5295; baseline 0.007 -27"><span class='ocrx_word' id='word_1_608' title='bbox 282 5216 407 5272; x_wconf 86' lang='lat' dir='ltr'><strong>Deus</strong></span> <span class='ocrx_word' id='word_1_609' title='bbox 429 5237 526 5277; x_wconf 88' lang='lat' dir='ltr'><strong>non</strong></span> <span class='ocrx_word' id='word_1_610' title='bbox 552 5224 793 5294; x_wconf 88' lang='lat' dir='ltr'><strong>projiciet</strong></span> <span class='ocrx_word' id='word_1_611' title='bbox 824 5222 1131 5295; x_wconf 74' lang='lat' dir='ltr'><strong>simplicem,</strong></span> <span class='ocrx_word' id='word_1_612' title='bbox 1164 5238 1256 5277; x_wconf 89' lang='lat' dir='ltr'><strong>nec</strong></span> <span class='ocrx_word' id='word_1_613' title='bbox 1305 5222 1539 5295; x_wconf 86' lang='lat' dir='ltr'><strong>porriget</strong></span> <span class='ocrx_word' id='word_1_614' title='bbox 1567 5240 1783 5279; x_wconf 87' lang='lat' dir='ltr'><strong>manum</strong></span> 
     </span>
    </p>
   </div>
   <div class='ocr_carea' id='block_1_84' title="bbox 216 5310 1789 5389">
    <p class='ocr_par' dir='ltr' id='par_1_84' title="bbox 216 5310 1789 5389">
     <span class='ocr_line' id='line_1_84' title="bbox 216 5310 1789 5389; baseline 0.009 -27"><span class='ocrx_word' id='word_1_615' title='bbox 216 5310 462 5380; x_wconf 81' lang='lat' dir='ltr'><strong>malignis.</strong></span> <span class='ocrx_word' id='word_1_616' title='bbox 485 5315 539 5371; x_wconf 92' lang='lat' dir='ltr'><strong>Id</strong></span> <span class='ocrx_word' id='word_1_617' title='bbox 567 5316 699 5372; x_wconf 89' lang='lat' dir='ltr'><strong>dicit</strong></span> <span class='ocrx_word' id='word_1_618' title='bbox 725 5336 736 5369; x_wconf 88' lang='lat'><strong>:</strong></span> <span class='ocrx_word' id='word_1_619' title='bbox 764 5334 869 5372; x_wconf 90' lang='lat' dir='ltr'><strong>non</strong></span> <span class='ocrx_word' id='word_1_620' title='bbox 891 5321 1041 5388; x_wconf 80' lang='lat' dir='ltr'><strong>juvat</strong></span> <span class='ocrx_word' id='word_1_621' title='bbox 1074 5328 1135 5373; x_wconf 91' lang='lat' dir='ltr'><strong>ut</strong></span> <span class='ocrx_word' id='word_1_622' title='bbox 1166 5317 1409 5374; x_wconf 87' lang='lat' dir='ltr'><strong>faveatur</strong></span> <span class='ocrx_word' id='word_1_623' title='bbox 1431 5321 1789 5389; x_wconf 82' lang='lat' dir='ltr'><strong>operantibus</strong></span> 
     </span>
    </p>
   </div>
   <div class='ocr_carea' id='block_1_85' title="bbox 218 5395 1783 5481">
    <p class='ocr_par' dir='ltr' id='par_1_85' title="bbox 218 5395 1783 5481">
     <span class='ocr_line' id='line_1_85' title="bbox 218 5395 1783 5481; baseline 0.011 -29"><span class='ocrx_word' id='word_1_624' title='bbox 218 5395 557 5475; x_wconf 87' lang='lat' dir='ltr'><strong>iniquitatem,</strong></span> <span class='ocrx_word' id='word_1_625' title='bbox 590 5420 644 5462; x_wconf 90' lang='lat' dir='ltr'><strong>et</strong></span> <span class='ocrx_word' id='word_1_626' title='bbox 678 5418 858 5465; x_wconf 88' lang='lat' dir='ltr'><strong>tamen</strong></span> <span class='ocrx_word' id='word_1_627' title='bbox 885 5410 1123 5481; x_wconf 84' lang='lat' dir='ltr'><strong>porriget</strong></span> <span class='ocrx_word' id='word_1_628' title='bbox 1157 5426 1374 5465; x_wconf 87' lang='lat' dir='ltr'><strong>manum</strong></span> <span class='ocrx_word' id='word_1_629' title='bbox 1403 5410 1624 5481; x_wconf 88' lang='lat' dir='ltr'><strong>pietatis</strong></span> <span class='ocrx_word' id='word_1_630' title='bbox 1647 5429 1783 5481; x_wconf 71' lang='lat' dir='ltr'><strong>SlltP,</strong></span> 
     </span>
    </p>
   </div>
   <div class='ocr_carea' id='block_1_86' title="bbox 218 5502 1452 5574">
    <p class='ocr_par' dir='ltr' id='par_1_86' title="bbox 218 5502 1452 5574">
     <span class='ocr_line' id='line_1_86' title="bbox 218 5502 1452 5574; baseline 0.01 -27"><span class='ocrx_word' id='word_1_631' title='bbox 218 5502 270 5547; x_wconf 86' lang='lat' dir='ltr'><strong>ut</strong></span> <span class='ocrx_word' id='word_1_632' title='bbox 295 5510 598 5566; x_wconf 81' lang='lat' dir='ltr'><strong>peccatores</strong></span> <span class='ocrx_word' id='word_1_633' title='bbox 623 5503 689 5557; x_wconf 86' lang='lat' dir='ltr'><strong>ad</strong></span> <span class='ocrx_word' id='word_1_634' title='bbox 725 5505 1097 5574; x_wconf 78' lang='lat' dir='ltr'><strong>ptenitcntiam</strong></span> <span class='ocrx_word' id='word_1_635' title='bbox 1145 5515 1452 5561; x_wconf 86' lang='lat' dir='ltr'><strong>convertat.</strong></span> 
     </span>
    </p>
   </div>
   <div class='ocr_carea' id='block_1_87' title="bbox 276 5585 1782 5671">
    <p class='ocr_par' dir='ltr' id='par_1_87' title="bbox 276 5585 1782 5671">
     <span class='ocr_line' id='line_1_87' title="bbox 276 5585 1782 5671; baseline 0.012 -31"><span class='ocrx_word' id='word_1_636' title='bbox 276 5585 440 5644; x_wconf 86' lang='lat' dir='ltr'><strong>Donec</strong></span> <span class='ocrx_word' id='word_1_637' title='bbox 462 5592 741 5662; x_wconf 86' lang='lat' dir='ltr'><strong>impleatur</strong></span> <span class='ocrx_word' id='word_1_638' title='bbox 768 5596 880 5650; x_wconf 84' lang='lat' dir='ltr'><strong>risu</strong></span> <span class='ocrx_word' id='word_1_639' title='bbox 925 5612 979 5649; x_wconf 70' lang='grc' dir='ltr'><strong>ο.</strong></span> <span class='ocrx_word' id='word_1_640' title='bbox 1009 5606 1180 5666; x_wconf 88' lang='lat' dir='ltr'><strong>tuum,</strong></span> <span class='ocrx_word' id='word_1_641' title='bbox 1215 5608 1261 5653; x_wconf 85' lang='lat' dir='ltr'><strong>et</strong></span> <span class='ocrx_word' id='word_1_642' title='bbox 1296 5599 1433 5653; x_wconf 87' lang='lat' dir='ltr'><strong>labia</strong></span> <span class='ocrx_word' id='word_1_643' title='bbox 1471 5607 1559 5653; x_wconf 87' lang='lat' dir='ltr'><strong>tua</strong></span> <span class='ocrx_word' id='word_1_644' title='bbox 1580 5599 1782 5671; x_wconf 88' lang='lat' dir='ltr'><strong>jubilo.</strong></span> 
     </span>
    </p>
   </div>
   <div class='ocr_carea' id='block_1_88' title="bbox 217 5673 1781 5763">
    <p class='ocr_par' dir='ltr' id='par_1_88' title="bbox 217 5673 1781 5763">
     <span class='ocr_line' id='line_1_88' title="bbox 217 5673 1781 5763; baseline 0.013 -33"><span class='ocrx_word' id='word_1_645' title='bbox 217 5673 266 5732; x_wconf 90' lang='lat' dir='ltr'><strong>In</strong></span> <span class='ocrx_word' id='word_1_646' title='bbox 293 5682 416 5749; x_wconf 90' lang='lat' dir='ltr'><strong>risu,</strong></span> <span class='ocrx_word' id='word_1_647' title='bbox 456 5684 701 5742; x_wconf 69' lang='lat' dir='ltr'><strong>Imtitiam</strong></span> <span class='ocrx_word' id='word_1_648' title='bbox 733 5689 916 5745; x_wconf 90' lang='lat' dir='ltr'><strong>cordis</strong></span> <span class='ocrx_word' id='word_1_649' title='bbox 960 5690 1224 5762; x_wconf 89' lang='lat' dir='ltr'><strong>intellige.</strong></span> <span class='ocrx_word' id='word_1_650' title='bbox 1262 5692 1317 5747; x_wconf 93' lang='lat' dir='ltr'><strong>In</strong></span> <span class='ocrx_word' id='word_1_651' title='bbox 1355 5691 1551 5763; x_wconf 91' lang='lat' dir='ltr'><strong>jubilo,</strong></span> <span class='ocrx_word' id='word_1_652' title='bbox 1593 5708 1781 5750; x_wconf 88' lang='lat' dir='ltr'><strong>vocem</strong></span> 
     </span>
    </p>
   </div>
   <div class='ocr_carea' id='block_1_89' title="bbox 215 5771 772 5838">
    <p class='ocr_par' dir='ltr' id='par_1_89' title="bbox 215 5771 772 5838">
     <span class='ocr_line' id='line_1_89' title="bbox 215 5771 772 5838; baseline 0.02 -11"><span class='ocrx_word' id='word_1_653' title='bbox 215 5771 504 5834; x_wconf 73' lang='lat' dir='ltr'><strong>exsultantis</strong></span> <span class='ocrx_word' id='word_1_654' title='bbox 526 5780 594 5835; x_wconf 85' lang='lat' dir='ltr'><strong>ad</strong></span> <span class='ocrx_word' id='word_1_655' title='bbox 604 5790 772 5838; x_wconf 80' lang='lat' dir='ltr'><strong>verte.</strong></span> 
     </span>
    </p>
   </div>
   <div class='ocr_carea' id='block_1_90' title="bbox 1918 3284 2434 3351">
    <p class='ocr_par' dir='ltr' id='par_1_90' title="bbox 1918 3284 2434 3351">
     <span class='ocr_line' id='line_1_90' title="bbox 1918 3284 2434 3351; baseline -0.002 -15"><span class='ocrx_word' id='word_1_656' title='bbox 1918 3284 2031 3337; x_wconf 87' lang='lat' dir='ltr'><strong>licri</strong></span> <span class='ocrx_word' id='word_1_657' title='bbox 2062 3284 2132 3351; x_wconf 76' lang='lat' dir='ltr'><strong>ita</strong></span> <span class='ocrx_word' id='word_1_658' title='bbox 2166 3284 2434 3338; x_wconf 86' lang='lat' dir='ltr'><strong>videmus.</strong></span> 
     </span>
    </p>
   </div>
   <div class='ocr_carea' id='block_1_91' title="bbox 1990 3370 3514 3445">
    <p class='ocr_par' dir='ltr' id='par_1_91' title="bbox 1990 3370 3514 3445">
     <span class='ocr_line' id='line_1_91' title="bbox 1990 3370 3514 3445; baseline -0.003 -15"><span class='ocrx_word' id='word_1_659' title='bbox 1990 3374 2093 3441; x_wconf 87' lang='lat' dir='ltr'><strong>Qui</strong></span> <span class='ocrx_word' id='word_1_660' title='bbox 2124 3375 2253 3445; x_wconf 75' lang='lat' dir='ltr'><strong>facit</strong></span> <span class='ocrx_word' id='word_1_661' title='bbox 2280 3383 2576 3439; x_wconf 83' lang='lat' dir='ltr'><strong>arcturum,</strong></span> <span class='ocrx_word' id='word_1_662' title='bbox 2606 3381 2655 3428; x_wconf 87' lang='lat' dir='ltr'><strong>et</strong></span> <span class='ocrx_word' id='word_1_663' title='bbox 2691 3373 2875 3428; x_wconf 88' lang='lat' dir='ltr'><strong>oriona</strong></span> <span class='ocrx_word' id='word_1_664' title='bbox 2895 3415 2911 3441; x_wconf 92' lang='lat'><strong>,</strong></span> <span class='ocrx_word' id='word_1_665' title='bbox 2942 3380 2990 3427; x_wconf 91' lang='lat' dir='ltr'><strong>et</strong></span> <span class='ocrx_word' id='word_1_666' title='bbox 3021 3370 3255 3444; x_wconf 79' lang='lat' dir='ltr'><strong>hyadas,</strong></span> <span class='ocrx_word' id='word_1_667' title='bbox 3301 3380 3350 3427; x_wconf 90' lang='lat' dir='ltr'><strong>et</strong></span> <span class='ocrx_word' id='word_1_668' title='bbox 3377 3371 3514 3426; x_wconf 83' lang='lat' dir='ltr'><strong>inte-</strong></span> 
     </span>
    </p>
   </div>
   <div class='ocr_carea' id='block_1_92' title="bbox 1911 3464 3513 3535">
    <p class='ocr_par' dir='ltr' id='par_1_92' title="bbox 1911 3464 3513 3535">
     <span class='ocr_line' id='line_1_92' title="bbox 1911 3464 3513 3535; baseline 0.001 -14"><span class='ocrx_word' id='word_1_669' title='bbox 1911 3469 2055 3521; x_wconf 87' lang='lat' dir='ltr'><strong>riora</strong></span> <span class='ocrx_word' id='word_1_670' title='bbox 2096 3466 2299 3535; x_wconf 73' lang='lat' dir='ltr'><strong>Austri.</strong></span> <span class='ocrx_word' id='word_1_671' title='bbox 2331 3466 2387 3525; x_wconf 89' lang='lat' dir='ltr'><strong>In</strong></span> <span class='ocrx_word' id='word_1_672' title='bbox 2423 3466 2506 3522; x_wconf 88' lang='lat' dir='ltr'><strong>bis</strong></span> <span class='ocrx_word' id='word_1_673' title='bbox 2535 3466 2823 3522; x_wconf 88' lang='lat' dir='ltr'><strong>stellarum</strong></span> <span class='ocrx_word' id='word_1_674' title='bbox 2868 3464 3069 3533; x_wconf 83' lang='lat' dir='ltr'><strong>signis,</strong></span> <span class='ocrx_word' id='word_1_675' title='bbox 3119 3480 3241 3535; x_wconf 73' lang='lat' dir='ltr'><strong>qua:</strong></span> <span class='ocrx_word' id='word_1_676' title='bbox 3288 3472 3417 3521; x_wconf 23' lang='lat' dir='ltr'><strong>suat</strong></span> <span class='ocrx_word' id='word_1_677' title='bbox 3458 3464 3513 3523; x_wconf 88' lang='lat' dir='ltr'><strong>in</strong></span> 
     </span>
    </p>
   </div>
   <div class='ocr_carea' id='block_1_93' title="bbox 1913 3556 3512 3629">
    <p class='ocr_par' dir='ltr' id='par_1_93' title="bbox 1913 3556 3512 3629">
     <span class='ocr_line' id='line_1_93' title="bbox 1913 3556 3512 3629; baseline 0.001 -17"><span class='ocrx_word' id='word_1_678' title='bbox 1913 3559 2269 3615; x_wconf 86' lang='lat' dir='ltr'><strong>lirtnautento</strong></span> <span class='ocrx_word' id='word_1_679' title='bbox 2289 3558 2413 3614; x_wconf 73' lang='lat' dir='ltr'><strong>coeli</strong></span> <span class='ocrx_word' id='word_1_680' title='bbox 2443 3574 2584 3629; x_wconf 87' lang='lat' dir='ltr'><strong>pene</strong></span> <span class='ocrx_word' id='word_1_681' title='bbox 2608 3556 2864 3615; x_wconf 89' lang='lat' dir='ltr'><strong>omnibus</strong></span> <span class='ocrx_word' id='word_1_682' title='bbox 2886 3556 3063 3612; x_wconf 86' lang='lat' dir='ltr'><strong>stellis</strong></span> <span class='ocrx_word' id='word_1_683' title='bbox 3090 3558 3326 3620; x_wconf 87' lang='lat' dir='ltr'><strong>notiora,</strong></span> <span class='ocrx_word' id='word_1_684' title='bbox 3342 3563 3512 3613; x_wconf 84' lang='lat' dir='ltr'><strong>totam</strong></span> 
     </span>
    </p>
   </div>
   <div class='ocr_carea' id='block_1_94' title="bbox 1910 3648 3511 3719">
    <p class='ocr_par' dir='ltr' id='par_1_94' title="bbox 1910 3648 3511 3719">
     <span class='ocr_line' id='line_1_94' title="bbox 1910 3648 3511 3719; baseline 0.001 -15"><span class='ocrx_word' id='word_1_685' title='bbox 1910 3652 2168 3705; x_wconf 84' lang='lat' dir='ltr'><strong>militiam</strong></span> <span class='ocrx_word' id='word_1_686' title='bbox 2206 3659 2481 3706; x_wconf 88' lang='lat' dir='ltr'><strong>astrorum</strong></span> <span class='ocrx_word' id='word_1_687' title='bbox 2524 3651 2656 3704; x_wconf 91' lang='lat' dir='ltr'><strong>dicit</strong></span> <span class='ocrx_word' id='word_1_688' title='bbox 2684 3650 2749 3703; x_wconf 83' lang='lat' dir='ltr'><strong>ad</strong></span> <span class='ocrx_word' id='word_1_689' title='bbox 2785 3650 3028 3719; x_wconf 87' lang='lat' dir='ltr'><strong>regimen</strong></span> <span class='ocrx_word' id='word_1_690' title='bbox 3061 3648 3158 3704; x_wconf 91' lang='lat' dir='ltr'><strong>Dei</strong></span> <span class='ocrx_word' id='word_1_691' title='bbox 3194 3648 3511 3719; x_wconf 82' lang='lat' dir='ltr'><strong>pertinere,</strong></span> 
     </span>
    </p>
   </div>
   <div class='ocr_carea' id='block_1_95' title="bbox 1910 3740 3510 3815">
    <p class='ocr_par' dir='ltr' id='par_1_95' title="bbox 1910 3740 3510 3815">
     <span class='ocr_line' id='line_1_95' title="bbox 1910 3740 3510 3815; baseline -0.001 -17"><span class='ocrx_word' id='word_1_692' title='bbox 1910 3754 2260 3815; x_wconf 73' lang='lat' dir='ltr'><strong>qute&#39;magua</strong></span> <span class='ocrx_word' id='word_1_693' title='bbox 2306 3753 2362 3801; x_wconf 89' lang='lat' dir='ltr'><strong>et</strong></span> <span class='ocrx_word' id='word_1_694' title='bbox 2415 3743 2683 3799; x_wconf 86' lang='lat' dir='ltr'><strong>mirabilia</strong></span> <span class='ocrx_word' id='word_1_695' title='bbox 2726 3741 2983 3797; x_wconf 85' lang='lat' dir='ltr'><strong>homines</strong></span> <span class='ocrx_word' id='word_1_696' title='bbox 3035 3741 3307 3812; x_wconf 72' lang='lat' dir='ltr'><strong>ignorant.</strong></span> <span class='ocrx_word' id='word_1_697' title='bbox 3357 3740 3510 3797; x_wconf 77' lang='lat' dir='ltr'><strong>Unde</strong></span> 
     </span>
    </p>
   </div>
   <div class='ocr_carea' id='block_1_96' title="bbox 1910 3834 3511 3908">
    <p class='ocr_par' dir='ltr' id='par_1_96' title="bbox 1910 3834 3511 3908">
     <span class='ocr_line' id='line_1_96' title="bbox 1910 3834 3511 3908; baseline -0.002 -17"><span class='ocrx_word' id='word_1_698' title='bbox 1910 3837 2027 3907; x_wconf 88' lang='lat' dir='ltr'><strong>ipse</strong></span> <span class='ocrx_word' id='word_1_699' title='bbox 2069 3836 2330 3893; x_wconf 86' lang='lat' dir='ltr'><strong>Dominus</strong></span> <span class='ocrx_word' id='word_1_700' title='bbox 2368 3834 2445 3890; x_wconf 86' lang='lat' dir='ltr'><strong>ait</strong></span> <span class='ocrx_word' id='word_1_701' title='bbox 2480 3853 2493 3889; x_wconf 91' lang='lat'><strong>:</strong></span> <span class='ocrx_word' id='word_1_702' title='bbox 2544 3834 2817 3905; x_wconf 74' lang='lat' dir='ltr'><strong>Numquid</strong></span> <span class='ocrx_word' id='word_1_703' title='bbox 2860 3834 3004 3908; x_wconf 86' lang='lat' dir='ltr'><strong>nosti</strong></span> <span class='ocrx_word' id='word_1_704' title='bbox 3059 3834 3307 3895; x_wconf 85' lang='lat' dir='ltr'><strong>ordinent</strong></span> <span class='ocrx_word' id='word_1_705' title='bbox 3350 3834 3511 3901; x_wconf 70' lang='lat' dir='ltr'><strong>creti,</strong></span> 
     </span>
    </p>
   </div>
   <div class='ocr_carea' id='block_1_97' title="bbox 1908 3925 3512 3997">
    <p class='ocr_par' dir='ltr' id='par_1_97' title="bbox 1908 3925 3512 3997">
     <span class='ocr_line' id='line_1_97' title="bbox 1908 3925 3512 3997; baseline -0.004 -13"><span class='ocrx_word' id='word_1_706' title='bbox 1908 3940 1958 3984; x_wconf 90' lang='lat' dir='ltr'><strong>et</strong></span> <span class='ocrx_word' id='word_1_707' title='bbox 1995 3931 2155 3996; x_wconf 89' lang='lat' dir='ltr'><strong>ponis</strong></span> <span class='ocrx_word' id='word_1_708' title='bbox 2185 3929 2450 3993; x_wconf 80' lang='lat' dir='ltr'><strong>rationem</strong></span> <span class='ocrx_word' id='word_1_709' title='bbox 2477 3927 2686 3997; x_wconf 81' lang='lat' dir='ltr'><strong>ipsius?</strong></span> <span class='ocrx_word' id='word_1_710' title='bbox 2714 3926 2845 3981; x_wconf 89' lang='lat' dir='ltr'><strong>Item</strong></span> <span class='ocrx_word' id='word_1_711' title='bbox 2872 3926 3197 3981; x_wconf 89' lang='lat' dir='ltr'><strong>moraliter:</strong></span> <span class='ocrx_word' id='word_1_712' title='bbox 3225 3925 3325 3991; x_wconf 92' lang='lat' dir='ltr'><strong>Qui</strong></span> <span class='ocrx_word' id='word_1_713' title='bbox 3359 3940 3512 3979; x_wconf 86' lang='lat' dir='ltr'><strong>cont-</strong></span> 
     </span>
    </p>
   </div>
   <div class='ocr_carea' id='block_1_98' title="bbox 1906 4016 3508 4077">
    <p class='ocr_par' dir='ltr' id='par_1_98' title="bbox 1906 4016 3508 4077">
     <span class='ocr_line' id='line_1_98' title="bbox 1906 4016 3508 4077; baseline -0.002 -1"><span class='ocrx_word' id='word_1_714' title='bbox 1906 4032 2092 4077; x_wconf 81' lang='lat' dir='ltr'><strong>movet</strong></span> <span class='ocrx_word' id='word_1_715' title='bbox 2123 4031 2323 4077; x_wconf 85' lang='lat' dir='ltr'><strong>terram</strong></span> <span class='ocrx_word' id='word_1_716' title='bbox 2356 4022 2424 4075; x_wconf 83' lang='lat' dir='ltr'><strong>de</strong></span> <span class='ocrx_word' id='word_1_717' title='bbox 2464 4021 2589 4074; x_wconf 91' lang='lat' dir='ltr'><strong>loco</strong></span> <span class='ocrx_word' id='word_1_718' title='bbox 2631 4034 2756 4073; x_wconf 88' lang='lat' dir='ltr'><strong>suo.</strong></span> <span class='ocrx_word' id='word_1_719' title='bbox 2794 4018 3081 4073; x_wconf 88' lang='lat' dir='ltr'><strong>IIoutincm</strong></span> <span class='ocrx_word' id='word_1_720' title='bbox 3117 4017 3262 4072; x_wconf 83' lang='lat' dir='ltr'><strong>Deus</strong></span> <span class='ocrx_word' id='word_1_721' title='bbox 3290 4016 3359 4072; x_wconf 84' lang='lat' dir='ltr'><strong>de</strong></span> <span class='ocrx_word' id='word_1_722' title='bbox 3385 4016 3508 4072; x_wconf 89' lang='lat' dir='ltr'><strong>loco</strong></span> 
     </span>
    </p>
   </div>
   <div class='ocr_carea' id='block_1_99' title="bbox 1906 4109 3497 4184">
    <p class='ocr_par' dir='ltr' id='par_1_99' title="bbox 1906 4109 3497 4184">
     <span class='ocr_line' id='line_1_99' title="bbox 1906 4109 3497 4184; baseline -0.001 -18"><span class='ocrx_word' id='word_1_723' title='bbox 1906 4115 2028 4168; x_wconf 68' lang='lat' dir='ltr'><strong>vita:</strong></span> <span class='ocrx_word' id='word_1_724' title='bbox 2059 4115 2254 4184; x_wconf 90' lang='lat' dir='ltr'><strong>prioris</strong></span> <span class='ocrx_word' id='word_1_725' title='bbox 2286 4112 2605 4176; x_wconf 87' lang='lat' dir='ltr'><strong>commovit,</strong></span> <span class='ocrx_word' id='word_1_726' title='bbox 2637 4119 2694 4166; x_wconf 88' lang='lat' dir='ltr'><strong>et</strong></span> <span class='ocrx_word' id='word_1_727' title='bbox 2720 4109 3077 4166; x_wconf 87' lang='lat' dir='ltr'><strong>delectabiles</strong></span> <span class='ocrx_word' id='word_1_728' title='bbox 3105 4109 3497 4180; x_wconf 85' lang='lat' dir='ltr'><strong>cogitationes,</strong></span> 
     </span>
    </p>
   </div>
   <div class='ocr_carea' id='block_1_100' title="bbox 1906 4201 3507 4275">
    <p class='ocr_par' dir='ltr' id='par_1_100' title="bbox 1906 4201 3507 4275">
     <span class='ocr_line' id='line_1_100' title="bbox 1906 4201 3507 4275; baseline -0.002 -14"><span class='ocrx_word' id='word_1_729' title='bbox 1906 4208 2002 4261; x_wconf 79' lang='lat' dir='ltr'><strong>sed</strong></span> <span class='ocrx_word' id='word_1_730' title='bbox 2034 4206 2261 4270; x_wconf 72' lang='lat' dir='ltr'><strong>noxias,</strong></span> <span class='ocrx_word' id='word_1_731' title='bbox 2292 4205 2490 4275; x_wconf 84' lang='lat' dir='ltr'><strong>quibus</strong></span> <span class='ocrx_word' id='word_1_732' title='bbox 2520 4202 2673 4271; x_wconf 88' lang='lat' dir='ltr'><strong>quasi</strong></span> <span class='ocrx_word' id='word_1_733' title='bbox 2712 4202 2987 4259; x_wconf 89' lang='lat' dir='ltr'><strong>columnis</strong></span> <span class='ocrx_word' id='word_1_734' title='bbox 3028 4201 3295 4257; x_wconf 90' lang='lat' dir='ltr'><strong>incubans</strong></span> <span class='ocrx_word' id='word_1_735' title='bbox 3324 4215 3388 4255; x_wconf 88' lang='lat' dir='ltr'><strong>ac</strong></span> <span class='ocrx_word' id='word_1_736' title='bbox 3419 4217 3507 4257; x_wconf 86' lang='lat' dir='ltr'><strong>re-</strong></span> 
     </span>
    </p>
   </div>
   <div class='ocr_carea' id='block_1_101' title="bbox 1904 4292 3502 4369">
    <p class='ocr_par' dir='ltr' id='par_1_101' title="bbox 1904 4292 3502 4369">
     <span class='ocr_line' id='line_1_101' title="bbox 1904 4292 3502 4369; baseline -0.002 -17"><span class='ocrx_word' id='word_1_737' title='bbox 1904 4300 2196 4369; x_wconf 82' lang='lat' dir='ltr'><strong>quiescens</strong></span> <span class='ocrx_word' id='word_1_738' title='bbox 2239 4298 2291 4351; x_wconf 93' lang='lat' dir='ltr'><strong>in</strong></span> <span class='ocrx_word' id='word_1_739' title='bbox 2336 4298 2415 4352; x_wconf 81' lang='lat' dir='ltr'><strong>eis</strong></span> <span class='ocrx_word' id='word_1_740' title='bbox 2443 4294 2846 4361; x_wconf 87' lang='lat' dir='ltr'><strong>sustinebatur,</strong></span> <span class='ocrx_word' id='word_1_741' title='bbox 2894 4295 3199 4364; x_wconf 90' lang='lat' dir='ltr'><strong>concussit,</strong></span> <span class='ocrx_word' id='word_1_742' title='bbox 3248 4303 3303 4348; x_wconf 89' lang='lat' dir='ltr'><strong>et</strong></span> <span class='ocrx_word' id='word_1_743' title='bbox 3346 4292 3502 4349; x_wconf 81' lang='lat' dir='ltr'><strong>inﬁr-</strong></span> 
     </span>
    </p>
   </div>
   <div class='ocr_carea' id='block_1_102' title="bbox 1904 4388 3499 4456">
    <p class='ocr_par' dir='ltr' id='par_1_102' title="bbox 1904 4388 3499 4456">
     <span class='ocr_line' id='line_1_102' title="bbox 1904 4388 3499 4456; baseline -0.004 -11"><span class='ocrx_word' id='word_1_744' title='bbox 1904 4393 2103 4456; x_wconf 77' lang='lat' dir='ltr'><strong>mat-it,</strong></span> <span class='ocrx_word' id='word_1_745' title='bbox 2152 4400 2213 4446; x_wconf 92' lang='lat' dir='ltr'><strong>ut</strong></span> <span class='ocrx_word' id='word_1_746' title='bbox 2254 4405 2379 4445; x_wconf 90' lang='lat' dir='ltr'><strong>eum</strong></span> <span class='ocrx_word' id='word_1_747' title='bbox 2421 4389 2487 4442; x_wconf 82' lang='lat' dir='ltr'><strong>ad</strong></span> <span class='ocrx_word' id='word_1_748' title='bbox 2540 4388 2887 4442; x_wconf 81' lang='lat' dir='ltr'><strong>sanctitatem</strong></span> <span class='ocrx_word' id='word_1_749' title='bbox 2937 4388 3068 4441; x_wconf 78' lang='lat' dir='ltr'><strong>vita:</strong></span> <span class='ocrx_word' id='word_1_750' title='bbox 3106 4393 3499 4441; x_wconf 87' lang='lat' dir='ltr'><strong>commutarct.</strong></span> 
     </span>
    </p>
   </div>
   <div class='ocr_carea' id='block_1_103' title="bbox 1904 4477 3504 4553">
    <p class='ocr_par' dir='ltr' id='par_1_103' title="bbox 1904 4477 3504 4553">
     <span class='ocr_line' id='line_1_103' title="bbox 1904 4477 3504 4553; baseline 0 -19"><span class='ocrx_word' id='word_1_751' title='bbox 1904 4483 2006 4549; x_wconf 85' lang='lat' dir='ltr'><strong>Qui</strong></span> <span class='ocrx_word' id='word_1_752' title='bbox 2036 4483 2280 4553; x_wconf 81' lang='lat' dir='ltr'><strong>praecipit</strong></span> <span class='ocrx_word' id='word_1_753' title='bbox 2307 4480 2431 4543; x_wconf 88' lang='lat' dir='ltr'><strong>soli,</strong></span> <span class='ocrx_word' id='word_1_754' title='bbox 2458 4490 2513 4536; x_wconf 92' lang='lat' dir='ltr'><strong>ct</strong></span> <span class='ocrx_word' id='word_1_755' title='bbox 2542 4496 2651 4535; x_wconf 90' lang='lat' dir='ltr'><strong>non</strong></span> <span class='ocrx_word' id='word_1_756' title='bbox 2684 4481 2881 4533; x_wconf 89' lang='lat' dir='ltr'><strong>oritur.</strong></span> <span class='ocrx_word' id='word_1_757' title='bbox 2907 4477 3295 4534; x_wconf 83' lang='lat' dir='ltr'><strong>Peccatoribus</strong></span> <span class='ocrx_word' id='word_1_758' title='bbox 3320 4478 3504 4537; x_wconf 87' lang='lat' dir='ltr'><strong>cordis</strong></span> 
     </span>
    </p>
   </div>
   <div class='ocr_carea' id='block_1_104' title="bbox 1818 4567 3505 4645">
    <p class='ocr_par' dir='ltr' id='par_1_104' title="bbox 1818 4567 3505 4645">
     <span class='ocr_line' id='line_1_104' title="bbox 1818 4567 3505 4645; baseline -0.002 -15"><span class='ocrx_word' id='word_1_759' title='bbox 1818 4567 1875 4630; x_wconf 88' lang='grc' dir='ltr'><strong>Ι)</strong></span> <span class='ocrx_word' id='word_1_760' title='bbox 1902 4580 2154 4631; x_wconf 69' lang='lat' dir='ltr'><strong>czecitate</strong></span> <span class='ocrx_word' id='word_1_761' title='bbox 2183 4573 2484 4643; x_wconf 83' lang='lat' dir='ltr'><strong>percussis,</strong></span> <span class='ocrx_word' id='word_1_762' title='bbox 2518 4590 2625 4629; x_wconf 82' lang='lat' dir='ltr'><strong>non</strong></span> <span class='ocrx_word' id='word_1_763' title='bbox 2653 4574 2735 4629; x_wconf 91' lang='lat' dir='ltr'><strong>sol</strong></span> <span class='ocrx_word' id='word_1_764' title='bbox 2766 4571 3191 4644; x_wconf 75' lang='lat' dir='ltr'><strong>oriturjustitia:</strong></span> <span class='ocrx_word' id='word_1_765' title='bbox 3222 4570 3505 4645; x_wconf 83' lang='lat' dir='ltr'><strong>Christus,</strong></span> 
     </span>
    </p>
   </div>
   <div class='ocr_carea' id='block_1_105' title="bbox 1902 4664 3506 4739">
    <p class='ocr_par' dir='ltr' id='par_1_105' title="bbox 1902 4664 3506 4739">
     <span class='ocr_line' id='line_1_105' title="bbox 1902 4664 3506 4739; baseline -0.003 -14"><span class='ocrx_word' id='word_1_766' title='bbox 1902 4674 2019 4725; x_wconf 84' lang='lat' dir='ltr'><strong>sive</strong></span> <span class='ocrx_word' id='word_1_767' title='bbox 2054 4669 2338 4724; x_wconf 88' lang='lat' dir='ltr'><strong>stellarum</strong></span> <span class='ocrx_word' id='word_1_768' title='bbox 2368 4687 2380 4722; x_wconf 90' lang='lat'><strong>:</strong></span> <span class='ocrx_word' id='word_1_769' title='bbox 2415 4668 2467 4724; x_wconf 86' lang='lat' dir='ltr'><strong>id</strong></span> <span class='ocrx_word' id='word_1_770' title='bbox 2501 4677 2615 4739; x_wconf 76' lang='lat' dir='ltr'><strong>est,</strong></span> <span class='ocrx_word' id='word_1_771' title='bbox 2650 4667 2981 4727; x_wconf 88' lang='lat' dir='ltr'><strong>Sanctorum</strong></span> <span class='ocrx_word' id='word_1_772' title='bbox 3029 4664 3227 4725; x_wconf 86' lang='lat' dir='ltr'><strong>merita</strong></span> <span class='ocrx_word' id='word_1_773' title='bbox 3250 4708 3265 4732; x_wconf 95' lang='lat'><strong>,</strong></span> <span class='ocrx_word' id='word_1_774' title='bbox 3307 4666 3506 4737; x_wconf 81' lang='lat' dir='ltr'><strong>quibus</strong></span> 
     </span>
    </p>
   </div>
   <div class='ocr_carea' id='block_1_106' title="bbox 1902 4760 3508 4831">
    <p class='ocr_par' dir='ltr' id='par_1_106' title="bbox 1902 4760 3508 4831">
     <span class='ocr_line' id='line_1_106' title="bbox 1902 4760 3508 4831; baseline -0.002 -14"><span class='ocrx_word' id='word_1_775' title='bbox 1902 4763 1995 4817; x_wconf 87' lang='lat' dir='ltr'><strong>alii</strong></span> <span class='ocrx_word' id='word_1_776' title='bbox 2031 4762 2101 4817; x_wconf 91' lang='lat' dir='ltr'><strong>ab</strong></span> <span class='ocrx_word' id='word_1_777' title='bbox 2128 4762 2252 4817; x_wconf 89' lang='lat' dir='ltr'><strong>aliis</strong></span> <span class='ocrx_word' id='word_1_778' title='bbox 2293 4761 2578 4817; x_wconf 84' lang='lat' dir='ltr'><strong>distabunt</strong></span> <span class='ocrx_word' id='word_1_779' title='bbox 2608 4763 2662 4817; x_wconf 92' lang='lat' dir='ltr'><strong>in</strong></span> <span class='ocrx_word' id='word_1_780' title='bbox 2692 4761 2989 4817; x_wconf 89' lang='lat' dir='ltr'><strong>claritate:</strong></span> <span class='ocrx_word' id='word_1_781' title='bbox 3020 4760 3115 4831; x_wconf 91' lang='lat' dir='ltr'><strong>qui</strong></span> <span class='ocrx_word' id='word_1_782' title='bbox 3145 4760 3273 4816; x_wconf 89' lang='lat' dir='ltr'><strong>dum</strong></span> <span class='ocrx_word' id='word_1_783' title='bbox 3304 4760 3395 4815; x_wconf 89' lang='lat' dir='ltr'><strong>hic</strong></span> <span class='ocrx_word' id='word_1_784' title='bbox 3428 4761 3508 4814; x_wconf 80' lang='lat' dir='ltr'><strong>la-</strong></span> 
     </span>
    </p>
   </div>
   <div class='ocr_carea' id='block_1_107' title="bbox 1899 4850 3503 4927">
    <p class='ocr_par' dir='ltr' id='par_1_107' title="bbox 1899 4850 3503 4927">
     <span class='ocr_line' id='line_1_107' title="bbox 1899 4850 3503 4927; baseline -0.002 -16"><span class='ocrx_word' id='word_1_785' title='bbox 1899 4865 2051 4923; x_wconf 89' lang='lat' dir='ltr'><strong>tent,</strong></span> <span class='ocrx_word' id='word_1_786' title='bbox 2083 4857 2237 4927; x_wconf 88' lang='lat' dir='ltr'><strong>quasi</strong></span> <span class='ocrx_word' id='word_1_787' title='bbox 2283 4855 2617 4911; x_wconf 89' lang='lat' dir='ltr'><strong>clauduntur</strong></span> <span class='ocrx_word' id='word_1_788' title='bbox 2646 4853 2751 4910; x_wconf 88' lang='lat' dir='ltr'><strong>sub</strong></span> <span class='ocrx_word' id='word_1_789' title='bbox 2781 4853 3087 4926; x_wconf 78' lang='lat' dir='ltr'><strong>signaculo.</strong></span> <span class='ocrx_word' id='word_1_790' title='bbox 3120 4852 3227 4925; x_wconf 83' lang='lat' dir='ltr'><strong>Qui</strong></span> <span class='ocrx_word' id='word_1_791' title='bbox 3254 4850 3503 4908; x_wconf 79' lang='lat' dir='ltr'><strong>extendit</strong></span> 
     </span>
    </p>
   </div>
   <div class='ocr_carea' id='block_1_108' title="bbox 1898 4948 3502 5022">
    <p class='ocr_par' dir='ltr' id='par_1_108' title="bbox 1898 4948 3502 5022">
     <span class='ocr_line' id='line_1_108' title="bbox 1898 4948 3502 5022; baseline -0.002 -15"><span class='ocrx_word' id='word_1_792' title='bbox 1898 4952 2072 5007; x_wconf 66' lang='lat' dir='ltr'><strong>caelos</strong></span> <span class='ocrx_word' id='word_1_793' title='bbox 2103 4968 2254 5005; x_wconf 87' lang='lat' dir='ltr'><strong>suos.</strong></span> <span class='ocrx_word' id='word_1_794' title='bbox 2304 4952 2624 5022; x_wconf 80' lang='lat' dir='ltr'><strong>Aposmlos,</strong></span> <span class='ocrx_word' id='word_1_795' title='bbox 2658 4961 2712 5006; x_wconf 91' lang='lat' dir='ltr'><strong>et</strong></span> <span class='ocrx_word' id='word_1_796' title='bbox 2756 4961 2987 5005; x_wconf 68' lang='lat' dir='ltr'><strong>cmteros</strong></span> <span class='ocrx_word' id='word_1_797' title='bbox 3032 4956 3287 5016; x_wconf 79' lang='lat' dir='ltr'><strong>sanctos,</strong></span> <span class='ocrx_word' id='word_1_798' title='bbox 3331 4948 3502 5009; x_wconf 68' lang='lat' dir='ltr'><strong>cretes</strong></span> 
     </span>
    </p>
   </div>
   <div class='ocr_carea' id='block_1_109' title="bbox 1897 5040 3498 5117">
    <p class='ocr_par' dir='ltr' id='par_1_109' title="bbox 1897 5040 3498 5117">
     <span class='ocr_line' id='line_1_109' title="bbox 1897 5040 3498 5117; baseline -0.004 -18"><span class='ocrx_word' id='word_1_799' title='bbox 1897 5044 2128 5100; x_wconf 73' lang='lat' dir='ltr'><strong>effectos</strong></span> <span class='ocrx_word' id='word_1_800' title='bbox 2180 5044 2380 5117; x_wconf 89' lang='lat' dir='ltr'><strong>ubique</strong></span> <span class='ocrx_word' id='word_1_801' title='bbox 2435 5044 2828 5115; x_wconf 57' lang='lat' dir='ltr'><strong>praedicatione</strong></span> <span class='ocrx_word' id='word_1_802' title='bbox 2884 5041 3194 5109; x_wconf 81' lang='lat' dir='ltr'><strong>diﬂ&#39;ttttdit:</strong></span> <span class='ocrx_word' id='word_1_803' title='bbox 3245 5040 3362 5099; x_wconf 87' lang='lat' dir='ltr'><strong>sive</strong></span> <span class='ocrx_word' id='word_1_804' title='bbox 3416 5040 3498 5105; x_wconf 82' lang='lat' dir='ltr'><strong>eis</strong></span> 
     </span>
    </p>
   </div>
   <div class='ocr_carea' id='block_1_110' title="bbox 1899 5132 3500 5210">
    <p class='ocr_par' dir='ltr' id='par_1_110' title="bbox 1899 5132 3500 5210">
     <span class='ocr_line' id='line_1_110' title="bbox 1899 5132 3500 5210; baseline -0.004 -16"><span class='ocrx_word' id='word_1_805' title='bbox 1899 5138 2233 5208; x_wconf 78' lang='lat' dir='ltr'><strong>Scripturas,</strong></span> <span class='ocrx_word' id='word_1_806' title='bbox 2266 5154 2390 5210; x_wconf 77' lang='lat' dir='ltr'><strong>qua:</strong></span> <span class='ocrx_word' id='word_1_807' title='bbox 2425 5137 2690 5194; x_wconf 69' lang='lat' dir='ltr'><strong>caelorum</strong></span> <span class='ocrx_word' id='word_1_808' title='bbox 2724 5137 2948 5191; x_wconf 88' lang='lat' dir='ltr'><strong>nomine</strong></span> <span class='ocrx_word' id='word_1_809' title='bbox 2980 5136 3303 5205; x_wconf 83' lang='lat' dir='ltr'><strong>plerumque</strong></span> <span class='ocrx_word' id='word_1_810' title='bbox 3328 5132 3500 5202; x_wconf 84' lang='lat' dir='ltr'><strong>signi-</strong></span> 
     </span>
    </p>
   </div>
   <div class='ocr_carea' id='block_1_111' title="bbox 1897 5224 3501 5299">
    <p class='ocr_par' dir='ltr' id='par_1_111' title="bbox 1897 5224 3501 5299">
     <span class='ocr_line' id='line_1_111' title="bbox 1897 5224 3501 5299; baseline -0.003 -13"><span class='ocrx_word' id='word_1_811' title='bbox 1897 5232 2155 5299; x_wconf 82' lang='lat' dir='ltr'><strong>ﬁcantur,</strong></span> <span class='ocrx_word' id='word_1_812' title='bbox 2190 5230 2488 5285; x_wconf 86' lang='lat' dir='ltr'><strong>revelattdo</strong></span> <span class='ocrx_word' id='word_1_813' title='bbox 2519 5245 2711 5284; x_wconf 88' lang='lat' dir='ltr'><strong>eorum</strong></span> <span class='ocrx_word' id='word_1_814' title='bbox 2742 5228 3002 5285; x_wconf 87' lang='lat' dir='ltr'><strong>cordibus</strong></span> <span class='ocrx_word' id='word_1_815' title='bbox 3030 5224 3324 5296; x_wconf 87' lang='lat' dir='ltr'><strong>patefacit:</strong></span> <span class='ocrx_word' id='word_1_816' title='bbox 3355 5226 3501 5281; x_wconf 86' lang='lat' dir='ltr'><strong>sicut</strong></span> 
     </span>
    </p>
   </div>
   <div class='ocr_carea' id='block_1_112' title="bbox 1894 5319 3494 5391">
    <p class='ocr_par' dir='ltr' id='par_1_112' title="bbox 1894 5319 3494 5391">
     <span class='ocr_line' id='line_1_112' title="bbox 1894 5319 3494 5391; baseline -0.004 -12"><span class='ocrx_word' id='word_1_817' title='bbox 1894 5327 2009 5380; x_wconf 87' lang='lat' dir='ltr'><strong>ait:</strong></span> <span class='ocrx_word' id='word_1_818' title='bbox 2046 5324 2308 5390; x_wconf 84' lang='lat' dir='ltr'><strong>Quoniam</strong></span> <span class='ocrx_word' id='word_1_819' title='bbox 2349 5322 2529 5375; x_wconf 80' lang='lat' dir='ltr'><strong>videbo</strong></span> <span class='ocrx_word' id='word_1_820' title='bbox 2571 5322 2725 5375; x_wconf 67' lang='lat' dir='ltr'><strong>calas</strong></span> <span class='ocrx_word' id='word_1_821' title='bbox 2754 5337 2912 5391; x_wconf 86' lang='lat' dir='ltr'><strong>opera</strong></span> <span class='ocrx_word' id='word_1_822' title='bbox 2948 5319 3233 5389; x_wconf 75' lang='lat' dir='ltr'><strong>digitorum</strong></span> <span class='ocrx_word' id='word_1_823' title='bbox 3260 5325 3494 5372; x_wconf 87' lang='lat' dir='ltr'><strong>tuorum.</strong></span> 
     </span>
    </p>
   </div>
   <div class='ocr_carea' id='block_1_113' title="bbox 1895 5410 3493 5492">
    <p class='ocr_par' dir='ltr' id='par_1_113' title="bbox 1895 5410 3493 5492">
     <span class='ocr_line' id='line_1_113' title="bbox 1895 5410 3493 5492; baseline -0.006 -16"><span class='ocrx_word' id='word_1_824' title='bbox 1895 5422 2217 5492; x_wconf 73' lang='lat' dir='ltr'><strong>Egredietur</strong></span> <span class='ocrx_word' id='word_1_825' title='bbox 2240 5434 2408 5489; x_wconf 87' lang='lat' dir='ltr'><strong>super</strong></span> <span class='ocrx_word' id='word_1_826' title='bbox 2438 5417 2635 5472; x_wconf 85' lang='lat' dir='ltr'><strong>fluctus</strong></span> <span class='ocrx_word' id='word_1_827' title='bbox 2666 5416 2858 5470; x_wconf 89' lang='lat' dir='ltr'><strong>maris.</strong></span> <span class='ocrx_word' id='word_1_828' title='bbox 2883 5414 3060 5482; x_wconf 89' lang='lat' dir='ltr'><strong>Super</strong></span> <span class='ocrx_word' id='word_1_829' title='bbox 3083 5411 3271 5465; x_wconf 75' lang='lat' dir='ltr'><strong>smculi</strong></span> <span class='ocrx_word' id='word_1_830' title='bbox 3300 5410 3493 5482; x_wconf 88' lang='lat' dir='ltr'><strong>utique</strong></span> 
     </span>
    </p>
   </div>
   <div class='ocr_carea' id='block_1_114' title="bbox 1896 5503 3490 5581">
    <p class='ocr_par' dir='ltr' id='par_1_114' title="bbox 1896 5503 3490 5581">
     <span class='ocr_line' id='line_1_114' title="bbox 1896 5503 3490 5581; baseline -0.008 -12"><span class='ocrx_word' id='word_1_831' title='bbox 1896 5514 2050 5569; x_wconf 91' lang='lat' dir='ltr'><strong>istius</strong></span> <span class='ocrx_word' id='word_1_832' title='bbox 2087 5512 2339 5567; x_wconf 89' lang='lat' dir='ltr'><strong>homines</strong></span> <span class='ocrx_word' id='word_1_833' title='bbox 2370 5511 2675 5581; x_wconf 89' lang='lat' dir='ltr'><strong>inquietos,</strong></span> <span class='ocrx_word' id='word_1_834' title='bbox 2703 5508 2904 5573; x_wconf 88' lang='lat' dir='ltr'><strong>elatos,</strong></span> <span class='ocrx_word' id='word_1_835' title='bbox 2933 5514 2991 5560; x_wconf 89' lang='lat' dir='ltr'><strong>et</strong></span> <span class='ocrx_word' id='word_1_836' title='bbox 3022 5503 3306 5559; x_wconf 88' lang='lat' dir='ltr'><strong>turbidos:</strong></span> <span class='ocrx_word' id='word_1_837' title='bbox 3336 5511 3396 5557; x_wconf 92' lang='lat' dir='ltr'><strong>ut</strong></span> <span class='ocrx_word' id='word_1_838' title='bbox 3420 5503 3490 5558; x_wconf 88' lang='lat' dir='ltr'><strong>ad</strong></span> 
     </span>
    </p>
   </div>
   <div class='ocr_carea' id='block_1_115' title="bbox 1887 5596 3493 5670">
    <p class='ocr_par' dir='ltr' id='par_1_115' title="bbox 1887 5596 3493 5670">
     <span class='ocr_line' id='line_1_115' title="bbox 1887 5596 3493 5670; baseline -0.006 -8"><span class='ocrx_word' id='word_1_839' title='bbox 1887 5604 2399 5670; x_wconf 87' lang='lat' dir='ltr'><strong>mansuetudinem,</strong></span> <span class='ocrx_word' id='word_1_840' title='bbox 2442 5612 2499 5658; x_wconf 90' lang='lat' dir='ltr'><strong>et</strong></span> <span class='ocrx_word' id='word_1_841' title='bbox 2536 5598 2957 5670; x_wconf 84' lang='lat' dir='ltr'><strong>plaeabilitatem</strong></span> <span class='ocrx_word' id='word_1_842' title='bbox 2992 5606 3207 5651; x_wconf 89' lang='lat' dir='ltr'><strong>tumore</strong></span> <span class='ocrx_word' id='word_1_843' title='bbox 3237 5596 3493 5667; x_wconf 90' lang='lat' dir='ltr'><strong>deposito</strong></span> 
     </span>
    </p>
   </div>
   <div class='ocr_carea' id='block_1_116' title="bbox 1881 5686 3490 5762">
    <p class='ocr_par' dir='ltr' id='par_1_116' title="bbox 1881 5686 3490 5762">
     <span class='ocr_line' id='line_1_116' title="bbox 1881 5686 3490 5762; baseline -0.006 -8"><span class='ocrx_word' id='word_1_844' title='bbox 1881 5696 2294 5754; x_wconf 87' lang='lat' dir='ltr'><strong>conculccntur.</strong></span> <span class='ocrx_word' id='word_1_845' title='bbox 2342 5693 2446 5762; x_wconf 90' lang='lat' dir='ltr'><strong>Qui</strong></span> <span class='ocrx_word' id='word_1_846' title='bbox 2494 5691 2623 5746; x_wconf 73' lang='lat' dir='ltr'><strong>facit</strong></span> <span class='ocrx_word' id='word_1_847' title='bbox 2663 5698 2941 5743; x_wconf 86' lang='lat' dir='ltr'><strong>arcturum</strong></span> <span class='ocrx_word' id='word_1_848' title='bbox 2976 5729 2991 5755; x_wconf 93' lang='lat'><strong>,</strong></span> <span class='ocrx_word' id='word_1_849' title='bbox 3037 5686 3089 5742; x_wconf 89' lang='lat' dir='ltr'><strong>id</strong></span> <span class='ocrx_word' id='word_1_850' title='bbox 3129 5696 3246 5754; x_wconf 83' lang='lat' dir='ltr'><strong>est,</strong></span> <span class='ocrx_word' id='word_1_851' title='bbox 3281 5689 3490 5758; x_wconf 74' lang='lat' dir='ltr'><strong>primos</strong></span> 
     </span>
    </p>
   </div>
   <div class='ocr_carea' id='block_1_117' title="bbox 1881 5778 3475 5856">
    <p class='ocr_par' dir='ltr' id='par_1_117' title="bbox 1881 5778 3475 5856">
     <span class='ocr_line' id='line_1_117' title="bbox 1881 5778 3475 5856; baseline -0.009 -7"><span class='ocrx_word' id='word_1_852' title='bbox 1881 5790 1936 5850; x_wconf 90' lang='lat' dir='ltr'><strong>in</strong></span> <span class='ocrx_word' id='word_1_853' title='bbox 1967 5787 2370 5846; x_wconf 86' lang='lat' dir='ltr'><strong>resurrectione</strong></span> <span class='ocrx_word' id='word_1_854' title='bbox 2404 5780 2700 5838; x_wconf 71' lang='lat' dir='ltr'><strong>Ecclesim:</strong></span> <span class='ocrx_word' id='word_1_855' title='bbox 2743 5788 2801 5834; x_wconf 85' lang='lat' dir='ltr'><strong>ut</strong></span> <span class='ocrx_word' id='word_1_856' title='bbox 2832 5780 2943 5834; x_wconf 85' lang='lat' dir='ltr'><strong>sint</strong></span> <span class='ocrx_word' id='word_1_857' title='bbox 2984 5778 3246 5847; x_wconf 77' lang='lat' dir='ltr'><strong>gloriosi,</strong></span> <span class='ocrx_word' id='word_1_858' title='bbox 3288 5778 3475 5856; x_wconf 88' lang='lat' dir='ltr'><strong>splen-</strong></span> 
     </span>
    </p>
   </div>
  </div>
