3948 6334
379 279 489 342 659

1186 279 1538 342 ΑΡΡΕΝΒΙΧ
1576 282 1670 342 AD
1706 281 1953 342 TOMUM
1993 283 2350 346 SEPTIMUM
2389 287 2448 348 S.
2489 288 2879 349 HIERONYMI

3575 295 3677 358 640

383 399 580 458 dentes
599 398 753 456 velut
775 397 1060 466 meridies,
1083 398 1266 455 calore
1291 398 1576 455 charitatis
1601 399 1692 455 Dei
1724 400 1969 465 accensi,
2000 400 2054 464 Α
2079 402 2245 475 ipsum
2277 404 2536 476 ignorabit
2566 407 2746 462 anima
2774 423 2918 477 mea,
2947 415 2996 463 et
3023 407 3229 465 taedebit
3269 426 3350 466 me
3374 409 3496 467 vita:
3534 427 3675 468 mete.

383 505 440 550 et
470 495 593 550 lide't
628 496 831 551 lumine
861 496 1138 550 illustrati.

458 589 563 656 Qui
585 591 715 658 facit
734 606 943 661 magna,
959 601 1003 642 et
1028 587 1594 655 incomprehensibilia,
1610 598 1656 642 et
1681 590 1943 645 mirabilia
1958 607 1976 644 .'

384 697 605 750 quorum
648 699 750 736 non
795 692 870 735 est
920 697 1186 735 numerus.
1222 681 1470 751 Magnum
1521 691 1605 737 est
1654 683 1797 752 quod
1847 683 1978 737 facit

389 775 564 840 lletts,
595 784 656 829 ut
691 790 780 828 tas
799 774 1001 844 fragile
1036 774 1308 831 hominem
1349 775 1514 829 morti
1557 777 1853 831 obnoxium
1885 793 1980 846 per

385 864 661 920 Christum
705 867 755 920 in
798 881 950 936 spem
985 866 1159 922 beata:
1207 851 1628 924 resurrectionis
1656 872 1978 926 constituat.

389 956 460 1012 Et
488 957 748 1012 interiora
776 958 983 1014 Austri.
1014 957 1118 1014 Ubi
1149 958 1538 1015 candelabrum
1571 977 1693 1015 cum
1720 962 1975 1029 lucernis,

385 1048 723 1118 stqttiformis
749 1051 976 1122 spiritus
1003 1051 1194 1123 gratiae
1220 1051 1503 1119 videlicet,
1523 1065 1574 1110 et
1603 1054 1979 1127 intelligentia:

387 1141 786 1206 relucentibus,
819 1143 1143 1201 collocatur.

460 1234 520 1290 Si
550 1235 744 1290 venerit
771 1237 838 1290 ad
867 1253 976 1302 tne,
1006 1253 1111 1292 non
1151 1237 1333 1292 videbo
1361 1254 1518 1294 eum:
1549 1241 1595 1294 si
1624 1241 1841 1309 abierit,
1874 1258 1979 1296 non

384 1324 694 1397 intelligam.
731 1326 790 1384 Si
819 1339 1030 1398 repente
1059 1330 1363 1401 interroget,
1401 1333 1519 1401 quis
1546 1333 1874 1399 respondebit
1899 1335 1981 1389 ei?

393 1417 490 1475 Vel
519 1420 635 1491 quis
664 1421 836 1476 dicere
863 1433 1056 1494 potest,
1089 1421 1197 1478 Cur
1216 1424 1291 1478 ita
1321 1425 1488 1496 facis?
1519 1423 1683 1490 Deus,
1712 1429 1860 1499 cujus
1889 1427 1981 1481 ira:

385 1535 534 1574 nemo
561 1520 800 1576 resistere
823 1533 1008 1590 potest.
1039 1522 1168 1577 Plus
1195 1523 1362 1588 dicit,
1396 1524 1540 1593 qttod
1572 1523 1839 1579 venientis
1879 1524 1977 1578 Dci

386 1616 679 1680 prasentia
712 1614 804 1678 sit,
837 1615 1058 1684 quando
1084 1613 1290 1671 homini
1327 1618 1646 1686 innotescit,
1677 1628 1732 1672 et
1762 1618 1979 1688 quando

384 1706 678 1774 occulitur,
710 1708 868 1778 quasi
895 1708 1148 1764 abeuntis
1179 1710 1421 1766 absentia
1447 1711 1739 1766 indicatur.

2083 493 2259 549 Unum
2278 506 2352 549 est
2378 503 2520 569 quod
2550 500 2752 554 locutus
2776 515 2910 566 sum,
2941 510 2988 554 et
3011 501 3358 569 innocentem,
3380 512 3428 558 et
3458 504 3679 576 impium

2081 587 2189 658 ipse
2220 592 2494 643 consumit.
2542 590 2728 659 Plagis
2775 592 3034 646 Omnibus
3063 603 3227 662 atque
3273 593 3679 652 inﬁrmitatibus

2081 680 2418 736 circumdata
2448 695 2610 752 atque
2640 683 2863 738 obsrs~a
2888 725 2901 748 ,
2934 684 3141 754 repleta
3171 684 3314 742 fellis
3339 696 3504 757 atque
3540 687 3681 743 blas-

2083 773 2353 844 phemite,
2385 785 2441 829 et
2485 775 2856 832 amaritudine
2894 777 3072 831 anima
3115 794 3259 832 mea.
3295 779 3370 833 ita
3402 790 3459 834 ut
3485 779 3680 838 durum

2085 867 2316 922 verbum
2362 879 2416 924 et
2456 883 2714 938 asperum
2762 884 2826 923 os
2863 886 3042 925 mcum
3078 870 3264 925 dicere
3294 873 3678 943 compellatur,

2082 969 2136 1014 et
2169 958 2391 1015 tmdehit
2421 977 2506 1016 me
2556 964 2682 1016 vita:
2736 975 2892 1017 mete.
2942 963 3059 1032 Ego
3114 971 3296 1018 tamen
3351 963 3456 1018 hoc
3503 965 3682 1022 solum

2082 1054 2240 1117 novi,
2272 1052 2415 1123 quod
2447 1054 2604 1108 malis
2633 1055 2764 1110 vitae
2794 1055 3089 1126 praisentis
3123 1057 3346 1124 punior.

2155 1145 2218 1201 Si
2247 1146 2511 1219 ﬂagellat,
2564 1147 2763 1201 occidat
2795 1150 2951 1203 semel
2975 1163 2995 1203 :
3024 1157 3073 1202 et
3103 1165 3205 1202 non
3235 1148 3303 1203 de
3333 1149 3498 1214 pinnis
3529 1149 3683 1204 inna-

2082 1241 2307 1294 centium
2352 1241 2540 1295 rideat.
2594 1241 2736 1296 Dure
2788 1242 2880 1296 hic
2927 1243 3064 1296 satis
3109 1242 3325 1297 locutus
3365 1252 3450 1298 est
3491 1253 3680 1300 contra

2085 1331 2274 1386 Deum.
2321 1334 2375 1387 ltt
2411 1342 2526 1387 toto
2555 1333 2777 1403 quidem
2815 1333 2963 1389 libro
2995 1333 3136 1398 bne,
3173 1335 3356 1388 nullus
3398 1334 3550 1388 locus
3596 1344 3683 1392 est

2081 1426 2332 1495 asperior
2363 1427 2499 1491 isto,
2549 1439 2600 1483 et
2651 1427 2830 1483 altero
2875 1427 3133 1498 superius
3183 1427 3518 1499 positohuhi
3558 1428 3678 1482 ait:

2081 1520 2456 1589 Quamobrem
2490 1521 2658 1591 elegit
2680 1520 3034 1589 suspendium
3059 1519 3235 1574 anima
3260 1533 3408 1587 mea,
3442 1530 3496 1574 et
3529 1535 3677 1574 mor-

2084 1623 2190 1665 tetu
2219 1627 2342 1665 ossa
2373 1627 2496 1667 mea
2525 1630 2537 1666 :
2573 1611 2645 1668 de
2673 1611 2874 1682 quibus
2913 1611 3268 1667 sermonibus
3299 1610 3585 1682 respondit
3610 1610 3679 1667 ad

2083 1705 2251 1760 Deum
2283 1704 2336 1759 in
2369 1704 2476 1759 line
2509 1705 2636 1760 libri
2667 1724 2679 1760 :
2714 1721 2882 1760 unum
2917 1705 3134 1760 locutus
3181 1719 3336 1774 sum,
3386 1704 3535 1775 quod
3565 1706 3680 1760 uti-

458 1798 528 1854 Et
555 1801 651 1854 sub
679 1817 781 1871 quo
811 1812 1090 1858 curvantur
1128 1805 1219 1874 qui
1259 1815 1465 1874 portant
1495 1805 1690 1860 orbem.
1736 1807 1978 1875 Quantus
2009 1796 2058 1858 B
2087 1813 2208 1850 nam
2256 1811 2365 1852 non
2414 1796 2709 1864 dixissem,
2759 1807 2812 1852 et
2864 1797 3098 1852 alterum
3131 1798 3328 1866 quibus
3371 1797 3509 1852 ultra
3544 1797 3682 1854 nihil

389 1908 515 1966 ergo
536 1909 651 1948 sunt
675 1910 791 1966 ego,
820 1904 876 1950 ut
907 1897 1248 1968 respondeam
1275 1898 1346 1966 ei,
1378 1908 1426 1952 et
1456 1899 1644 1964 loquar
1673 1899 1835 1954 verbis
1859 1898 1984 1954 meis

385 2002 504 2042 cum
531 1989 631 2042 eo?
659 1987 765 2058 Qui
791 1989 949 2044 etiam
990 1991 1036 2045 si
1064 1990 1290 2046 habuero
1317 1993 1589 2063 quippiam
1607 1995 1844 2066 justum,
1877 2010 1982 2047 non

385 2081 730 2150 respondebo,
754 2083 845 2140 sed
877 2100 1048 2139 meum
1068 2086 1304 2159 judicent
1334 2085 1668 2156 deprecabor.
1696 2086 1982 2142 Pttrtantcs

387 2175 612 2240 orbem,
645 2177 824 2232 sancti
847 2186 999 2233 recte
1031 2177 1451 2248 intelliguntur:
1483 2183 1573 2250 qui
1602 2181 1833 2252 gloriam
1867 2196 1984 2236 me-

385 2266 619 2324 ritorum
663 2283 924 2336 suorum,
977 2273 1202 2341 magni,
1253 2281 1309 2328 et
1360 2282 1609 2343 potentes
1659 2283 1792 2329 sunt
1839 2273 1979 2345 apud

387 2359 584 2417 Deum.
607 2361 670 2416 Hi
699 2378 833 2434 ergo
861 2364 1043 2420 cordis
1073 2365 1381 2422 humilitate
1409 2367 1474 2421 ad
1508 2367 1978 2422 intert‘eniendutn

385 2469 486 2523 pro
527 2456 912 2523 peccatoribus
941 2457 993 2513 in
1023 2469 1323 2526 conspectu
1369 2461 1489 2531 eius
1519 2471 1649 2516 sunt
1679 2461 1978 2518 incurvati.

384 2547 468 2604 Ita
507 2548 680 2604 sancti
725 2559 942 2618 portant
987 2552 1281 2620 mundum,
1325 2553 1450 2608 dum
1491 2569 1615 2609 eum
1663 2570 1734 2610 ne
1765 2563 1888 2608 ruat
1915 2568 1978 2608 ac

385 2647 609 2708 pereat,
661 2644 970 2697 orationum
1004 2643 1325 2700 fortitudine
1364 2647 1657 2700 sustinent.
1691 2645 1972 2702 Columna:

384 2732 512 2789 θαιΙί
553 2734 967 2807 intremiscunt,
1014 2753 1080 2794 ac
1121 2746 1323 2809 pavent
1349 2739 1417 2793 ad
1447 2750 1633 2794 ttutum
1665 2739 1805 2809 ejus.
1833 2741 1980 2809 Apo-

381 2829 542 2896 stoli,
592 2831 904 2902 prophetae,
960 2849 1262 2906 omnesque
1299 2836 1584 2905 apostolici
1633 2837 1768 2906 viri,
1801 2835 1976 2891 sancti

384 2936 628 2992 quoque,
662 2935 718 2978 et
743 2925 930 2981 czetcri
962 2924 1156 2982 ﬁdeles
1187 2925 1522 2996 intelligendi
1556 2937 1721 2983 sunt:
1755 2927 1824 2984 de
1855 2931 1978 2998 qui-

382 3012 488 3067 bus
513 3023 596 3069 est
626 3013 841 3082 Petrus,
870 3016 1132 3084 Jacobus,
1161 3029 1216 3075 et
1237 3018 1503 3089 Joannes,
1534 3020 1624 3090 qui
1655 3020 1979 3076 videbantur

382 3117 506 3160 esse
526 3105 796 3162 columnae
821 3125 835 3164 :
864 3108 980 3163 sive
1019 3113 1196 3166 sancti
1226 3120 1355 3167 ante
1387 3112 1555 3167 Deum
1595 3113 1894 3182 iucurvati,
1923 3123 1991 3169 et'

2083 1892 2303 1949 addam.
2335 1892 2470 1948 Tota
2521 1892 2809 1949 altercatio
2857 1891 2964 1949 Job
3011 1909 3132 1948 cum
3178 1895 3373 1950 amicis
3424 1894 3514 1950 hic
3559 1904 3678 1964 est,

2082 1986 2226 2060 quod
2273 1986 2366 2044 ille
2415 2002 2477 2044 se
2512 1987 2753 2058 justum.
2802 1987 2882 2043 illi
2932 2003 3056 2044 eum
3101 1987 3326 2060 impium
3358 1989 3683 2060 pronuntia-

2081 2080 2234 2136 bant.

2155 2171 2317 2228 Terra
2345 2173 2470 2229 data
2497 2183 2572 2228 est
2600 2174 2656 2227 in
2683 2190 2869 2228 manus
2895 2172 3066 2247 impii.
3099 2171 3239 2230 Caro
3261 2171 3464 2229 Christi
3497 2173 3550 2230 in
3581 2189 3684 2246 po-

2083 2271 2331 2321 testatem
2368 2265 2630 2334 Herodis,
2659 2267 2778 2323 sive
2802 2265 2964 2322 Pilati
2989 2283 3004 2320 :
3033 2266 3118 2322 vel
3161 2267 3279 2338 ipse
3301 2265 3409 2324 Job
3437 2267 3490 2324 in
3521 2281 3680 2340 pote—

2080 2367 2280 2414 statem
2305 2357 2528 2415 diaboli.

2160 2454 2371 2509 Vultum
2395 2453 2662 2525 judicium
2687 2457 2803 2528 ejus
2827 2452 3015 2523 operit.
3044 2453 3200 2520 Quod
3225 2455 3273 2509 si
3306 2471 3414 2509 non
3444 2454 3538 2510 ille
3564 2466 3676 2523 est,

2077 2548 2192 2620 quis
2216 2564 2338 2618 ergo
2376 2549 2496 2602 est?
2539 2545 2664 2601 Dies
2710 2547 2813 2601 mei
2856 2547 3138 2602 velociores
3167 2546 3386 2616 {uerunt
3415 2564 3634 2603 cursore
3660 2565 3680 2604 :

2079 2644 2342 2710 fugerunt,
2373 2648 2421 2692 et
2447 2656 2549 2693 non
2581 2638 2822 2692 viderunt
2837 2638 3048 2693 bonum.
3069 2637 3496 2693 Pertransierunt
3523 2643 3681 2714 quasi

2079 2749 2234 2788 naves
2260 2750 2412 2806 poma
2455 2743 2719 2803 portantes
2742 2747 2761 2786 :
2798 2733 2932 2786 sicut
2962 2731 3141 2801 aquila
3180 2733 3359 2787 volans
3383 2731 3455 2785 ad
3480 2749 3674 2788 escam.

2080 2824 2299 2880 Vultum
2348 2825 2452 2881 hoc
2482 2824 2602 2878 loco
2635 2824 2836 2877 mentis
2862 2822 3132 2893 judicium
3153 2864 3168 2889 ,
3201 2822 3351 2894 quod
3392 2824 3488 2879 Dei
3530 2827 3682 2892 justo

2075 2915 2284 2986 judicio
2311 2925 2396 2972 est
2422 2923 2703 2984 opertum,
2731 2914 2998 2986 appellat.
3030 2913 3372 2970 Excaecanda
3393 2914 3564 2972 corda
3595 2930 3683 2970 sa-

2082 3008 2316 3064 tellitum
2336 3007 2487 3079 impii
2505 3007 2740 3064 diaboli:
2765 3023 2903 3079 quos
2924 3006 3088 3063 isthic
3112 3007 3328 3079 judices
3343 3009 3678 3078 nominavit,

2083 3110 2142 3158 ut
2167 3113 2419 3159 sanctum
2442 3103 2546 3160 Job
2569 3102 2898 3159 crudelitate
2926 3104 3112 3158 acrius
3141 3105 3473 3162 cruciarent.

385 3197 735 3265 procidentes
781 3199 1051 3271 adorant,
1100 3203 1194 3275 qui
1245 3215 1468 3276 portant
1509 3205 1734 3276 orbem,
1777 3177 1974 3274 idest,

2155 3195 2286 3251 Cum
2315 3197 2499 3252 dixero
2523 3212 2542 3251 :
2571 3196 2914 3269 Nequaquam
2961 3197 3033 3250 ita
3072 3198 3281 3268 loquar.
3326 3197 3684 3269 Nequaquam

382 3294 556 3344 tatum
590 3290 867 3347 hominem
899 3308 1057 3349 suum
1086 3314 1099 3350 :
1133 3312 1293 3368 quem
1326 3297 1470 3354 docti
1499 3300 1764 3355 minorem
1816 3316 1976 3356 mutt-

383 3382 513 3437 dum
550 3385 864 3454 appellunt:
909 3389 1226 3458 perfectinni
1259 3391 1446 3446 Crucis
1473 3392 1791 3462 itnponttnt,
1822 3402 1878 3449 et
1910 3409 1979 3448 ne

385 3493 484 3548 per
525 3480 712 3535 mundi
744 3482 1007 3539 vztnitates
1034 3485 1461 3554 cogitationibus
1498 3487 1744 3542 solvatur
1783 3501 1846 3543 ac
1886 3486 1979 3542 de-

388 3569 604 3639 ﬂectat,
640 3573 779 3626 intra
803 3589 864 3629 se
896 3590 1020 3630 eum
1047 3577 1476 3649 constringendo
1503 3593 1600 3649 per
1625 3578 1721 3634 Dei
1747 3578 1976 3649 gratiam

391 3672 606 3730 regunt,
633 3672 691 3718 et
714 3665 1020 3722 eontittent.

461 3753 532 3810 Et
559 3773 677 3811 cum
715 3757 1040 3814 invocantem
1076 3777 1155 3816 me
1193 3762 1506 3831 exaudierit,
1534 3780 1638 3819 non
1663 3763 1820 3819 credo
1843 3763 1982 3836 quod

389 3849 616 3904 audierit
639 3865 812 3905 vocem
840 3869 1025 3908 meam.
1052 3853 1154 3921 Qui
1192 3871 1280 3909 me
1308 3856 1474 3912 etiam
1510 3857 1828 3927 inculpabili
1868 3867 1983 3912 stu-

393 3939 612 3997 dcntem
677 3943 848 4008 vitae,
916 3945 1348 4018 impttgunntium
1412 3947 1680 4018 permittit
1744 3949 1980 4018 injurim.

396 4033 696 4090 Exandittts
719 4047 804 4092 est
832 4036 884 4092 itt
917 4037 1052 4104 hoc,
1081 4048 1140 4094 ιιι
1169 4040 1263 4096 Dei
1292 4041 1430 4096 bona
1455 4051 1750 4098 mereatur.
1777 4041 1896 4097 Non
1923 4057 1983 4097 sc

378 4138 562 4181 autem
595 4128 908 4186 νην-έῖοιξω
943 4127 1156 4201 credit,
1193 4147 1260 4189 eo
1290 4134 1430 4202 quod
1462 4135 1596 4188 mala
1628 4135 1899 4204 patiatur:

456 4236 481 4274 ι
499 4235 534 4274 n
577 4220 780 4276 turbine
805 4223 943 4277 enim
971 4234 1197 4281 conteret
1225 4243 1335 4294 me,
1380 4237 1428 4282 et
1473 4228 1844 4296 multiplicabit
1875 4229 1985 4282 eul-

391 4327 518 4367 nera
562 4330 676 4368 mea
723 4316 877 4369 etiam
918 4317 1029 4373 sine
1076 4336 1259 4375 causa.
1291 4320 1474 4377 Turbo
1514 4323 1766 4378 diabolus
1807 4331 1988 4393 potest

397 4406 662 4479 intelligi,
692 4410 783 4480 qui
815 4412 965 4466 velut
993 4414 1154 4469 turbo
1195 4414 1442 4471 incubuit
1488 4417 1542 4472 in
1584 4416 1718 4484 Job,
1763 4427 1822 4473 ut
1860 4432 1983 4473 eum

393 4510 655 4556 vastaret.

2081 3295 2153 3350 ita
2183 3295 2286 3361 ait,
2331 3293 2434 3348 hoc
2465 3301 2552 3348 est
2572 3333 2588 3355 ,
2627 3291 2850 3362 quando
2878 3291 3245 3359 compellente
3274 3291 3523 3348 cruciatu
3544 3334 3560 3357 ,
3593 3308 3684 3347 as-

2080 3401 2212 3458 pera
2241 3395 2430 3440 contra
2475 3385 2644 3438 Deum
2677 3385 2898 3454 loquor,
2941 3392 2998 3439 et
3025 3382 3202 3439 dura:
3234 3384 3430 3441 eodem
3467 3396 3674 3456 puncto

2080 3480 2410 3552 resipiscens
2453 3477 2693 3545 delinio,
2746 3493 2834 3534 me
2887 3477 2998 3532 Deo
3034 3479 3108 3533 ita
3157 3478 3306 3549 loqui
3357 3494 3466 3534 non
3512 3493 3685 3549 opor-

2081 3583 2194 3632 tere
2202 3614 2217 3629 .

2154 3667 2422 3723 Commqu
2445 3665 2633 3726 faciem
2663 3679 2851 3732 meam,
2875 3670 2925 3718 et
2947 3661 3128 3717 dolore
3157 3670 3422 3733 torqueor.
3455 3659 3688 3715 Verebar

2083 3762 2258 3817 omnia
2287 3776 2444 3833 opera
2487 3775 2603 3812 mea
2627 3773 2647 3813 :
2685 3760 2858 3812 sciens
2904 3755 3045 3829 quod
3083 3772 3187 3810 non
3232 3771 3474 3828 parceres
3512 3755 3687 3810 delin-

2082 3857 2257 3931 quenti
2281 3873 2297 3910 :
2324 3856 2366 3910 si
2397 3865 2574 3910 autem
2600 3864 2649 3909 et
2679 3854 2756 3908 sic
2799 3853 2987 3925 impius
3016 3870 3156 3919 sum,
3185 3869 3344 3922 quare
3377 3853 3574 3924 [rustra
3604 3852 3687 3907 la-

2084 3950 2260 4005 boravi
2276 3951 2301 4005 ?
2319 3948 2378 4004 Id
2408 3957 2516 4011 est,
2545 3963 2656 4019 pra:
2679 3946 2896 4002 doloris
2919 3945 3204 4002 nimietate
3230 3945 3502 4000 contralto
3525 3957 3690 4017 atque

2085 4042 2408 4107 contristor,
2441 4050 2497 4096 et
2537 4042 2590 4096 in
2639 4041 2762 4110 ipso
2807 4038 3150 4094 delinitiOnis
3192 4053 3328 4094 mea:
3369 4047 3688 4105 momento,

2085 4135 2280 4193 subitis
2308 4151 2373 4191 ac
2400 4135 2700 4205 repentinis
2721 4133 2972 4189 dolorum
2999 4133 3208 4189 aculeis
3232 4135 3304 4187 ita
3328 4148 3500 4188 vexor
3521 4145 3690 4204 atque

2085 4229 2413 4295 discrucior,
2458 4239 2515 4284 ut
2549 4242 2766 4284 rursum
2815 4226 3200 4282 amaritudinis
3243 4233 3298 4282 et
3333 4225 3476 4280 fellis
3517 4227 3690 4282 verba

2087 4322 2430 4394 depromam.

2163 4417 2224 4473 Si
2265 4416 2400 4471 lotus
2441 4419 2588 4486 fuero
2632 4414 2782 4484 quasi
2811 4413 2960 4485 aquis
2987 4413 3142 4480 nivis,
3186 4421 3232 4467 et
3275 4411 3522 4482 fulserint
3553 4412 3694 4467 velut

2091 4509 2446 4564 mundissima:
2489 4525 2673 4563 manus
2719 4524 2844 4562 mea:
2886 4523 2906 4562 :
2949 4518 3120 4562 tamen
3186 4505 3426 4560 sordibus
3465 4505 3692 4579 intinges

470 4593 594 4650 Non
631 4598 867 4653 concedit
902 4600 1216 4671 requiescere
1243 4603 1482 4674 spiritum
1513 4620 1701 4659 meum.
1727 4603 1981 4661 Asthma-
2012 4575 2066 4636 ι)
2093 4619 2193 4657 me.
2222 4601 2278 4657 In
2301 4601 2580 4657 ahlutione
2610 4615 2740 4671 ergo
2770 4615 3035 4670 aquarum
3063 4598 3228 4666 nivis,
3258 4597 3462 4652 candor
3483 4600 3694 4654 mentis

398 4685 544 4744 ticon
573 4703 635 4744 se
660 4689 876 4746 dicebat
899 4691 1151 4748 cliectum
1179 4713 1193 4749 :
1224 4695 1515 4751 inlirmitas
1545 4698 1690 4753 enim
1721 4706 1840 4765 est,
1869 4713 1990 4768 qua:

397 4779 451 4834 in
480 4779 831 4848 pultttouibus
849 4799 1159 4854 generatur.
1179 4787 1548 4844 Obstrnttntur
1565 4790 1746 4847 aditus
1770 4791 1988 4863 quidatn

397 4875 720 4944 pulmonum
739 4920 754 4944 ,
784 4893 922 4949 quos
945 4879 1118 4935 Graeci
1149 4897 1314 4950 poros
1333 4885 1631 4953 appellant,
1668 4896 1722 4942 et
1754 4886 1826 4941 ita
1857 4901 1990 4942 COll-

395 4976 742 5038 stringuntur
781 4980 943 5037 atque
977 4973 1377 5029 cunclutluutur
1418 4976 1471 5032 in
1522 4976 1902 5048 pulmonibus,
1937 4987 1994 5034 ut

397 5049 586 5116 dicunt
615 5061 811 5118 medici
833 5104 850 5130 ,
883 5073 943 5119 ut
984 5065 1247 5134 reddere,
1280 5067 1395 5122 sive
1421 5067 1670 5138 recipere
1710 5070 1993 5138 spiritum,

402 5155 690 5226 pulmones
719 5159 1057 5230 coangustati
1100 5175 1210 5214 ttou
1256 5161 1569 5226 sulliciant,
1617 5162 1785 5216 nimio
1831 5163 1993 5217 etiam

401 5246 594 5303 dolore
625 5264 748 5304 cum
784 5248 1039 5305 festinato
1069 5252 1311 5322 suspirio
1342 5252 1628 5324 repetitur,
1661 5263 1714 5309 et
1743 5254 1997 5310 c0ncisns

404 5339 564 5395 ﬂatus
593 5342 886 5398 emittitur.

474 5431 545 5488 Et
569 5436 749 5504 implet
776 5454 856 5492 nte
876 5440 1337 5494 amaritudinibus.
1357 5439 1420 5496 Si
1443 5441 1698 5512 fortitudo
1720 5442 1996 5513 qttwritur,

404 5527 795 5582 robustissimus
824 5541 918 5585 est.
954 5531 1015 5584 Si
1045 5533 1260 5602 wquitas
1293 5533 1507 5603 judicii,
1541 5550 1689 5586 nemo
1719 5537 1877 5589 audet
1905 5549 2001 5606 pro

407 5635 487 5671 me
519 5621 865 5677 testimonium
905 5624 1096 5680 dicere.
1139 5625 1200 5682 Si
1238 5625 1538 5699 justi/icore
1567 5642 1649 5680 me
1675 5628 1912 5695 voluero,
1944 5646 2002 5685 os

406 5725 574 5764 meum
635 5713 996 5769 condemnabit
1053 5733 1152 5772 me.
1214 5718 1278 5773 Si
1330 5719 1652 5772 innocentem
1696 5723 1998 5790 ostendero,

408 5817 618 5869 pravum
647 5821 727 5860 nte
766 5808 1135 5878 comprobabit.
1166 5809 1342 5867 Etiam
1369 5813 1414 5868 si
1440 5811 1661 5884 simplex
1689 5817 1868 5885 fuero,
1903 5816 2002 5872 hoc

2093 4695 2419 4759 ostenditur,
2451 4703 2508 4750 et
2547 4695 2599 4748 in
2629 4709 2820 4760 manu,
2850 4690 3118 4747 munditia
3145 4690 3352 4747 fructus
3373 4701 3694 4746 sanctorum

2094 4804 2320 4859 operum
2345 4789 2773 4844 demonstratur.
2800 4788 2866 4841 Et
2887 4796 3034 4842 recte
3056 4793 3235 4855 potest
3257 4783 3366 4839 nivi
3387 4783 3697 4854 baptismus

2094 4881 2423 4951 comparari.
2450 4881 2505 4936 ln
2539 4880 2718 4950 pluvia
2743 4895 2896 4950 ergo,
2923 4889 2979 4934 et
3007 4878 3182 4933 imbre
3201 4877 3462 4932 afﬂuente
3479 4891 3698 4932 sermo-

2097 4990 2220 5030 nem
2244 4975 2504 5029 doctrinte
2530 4973 2815 5045 legislator
2837 4971 3012 5027 voluit
3046 4971 3303 5026 indicare.
3329 4970 3384 5026 in
3409 4986 3536 5026 rore
3565 4987 3698 5027 vero

2099 5075 2155 5122 et
2183 5067 2235 5121 itt
2269 5067 2425 5136 nive,
2457 5081 2680 5121 sensum
2719 5080 2844 5120 cum
2879 5063 3277 5119 illuminatione
3311 5062 3396 5119 sui
3425 5064 3698 5120 interiora

2097 5161 2367 5214 viscerum
2401 5167 2804 5229 penetrantem.

2171 5254 2240 5309 Et
2265 5255 2698 5309 abominabantur
2727 5269 2808 5308 me
2843 5251 3143 5307 vestimenta
3179 5266 3309 5305 mea.
3345 5248 3532 5321 Neque
3560 5251 3700 5306 enim

2099 5348 2238 5413 viro,
2271 5349 2359 5421 qui
2388 5348 2574 5402 similis
2600 5347 2698 5400 ιιιεὶ
2728 5353 2836 5413 est,
2868 5341 3193 5414 respondebo
3217 5357 3236 5398 :
3264 5359 3359 5398 nec
3385 5343 3472 5412 qui
3497 5361 3700 5399 mecum

2101 5443 2155 5497 in
2175 5442 2381 5514 judicio
2407 5457 2470 5495 ea:
2496 5455 2643 5512 ecquo
2674 5439 2834 5508 possit
2863 5437 3061 5492 audiri.
3090 5435 3322 5491 Tantum
3348 5437 3492 5491 enim
3526 5438 3704 5492 malo-

2105 5553 2221 5591 rum
2262 5534 2392 5591 mihi
2427 5535 2637 5590 illatum
2666 5543 2747 5588 est
2777 5550 2790 5586 :
2825 5541 2882 5586 ιιι
2913 5530 3170 5600 squalore
3203 5528 3475 5595 vulneris,
3504 5539 3565 5586 et
3603 5545 3702 5602 pu-

2109 5627 2329 5684 tredinis
2351 5669 2366 5693 ,
2397 5627 2441 5680 si
2470 5626 2577 5682 dici
2607 5633 2821 5697 potest,
2852 5624 3018 5679 etiam
3050 5637 3171 5692 quae
3203 5621 3538 5676 insen5tbilia
3569 5629 3702 5677 sunt

2105 5723 2136 5777 (1
2179 5730 2468 5777 testentur.
3450 5759 3454 5764 .

2185 5814 2303 5871 Non
2334 5824 2404 5871 est
2432 5815 2520 5886 qui
2557 5822 2827 5884 utrumque
2852 5812 3018 5866 valeat
3047 5823 3306 5883 arguere:
3338 5805 3394 5862 id
3427 5813 3542 5876 est,
3576 5804 3698 5876 quis
