3948 6334
205 233 285 297 ιιι

1091 228 1571 287 COMMENTARII
1616 229 1681 286 IN
1722 226 1985 287 LIBRUM
2023 228 2166 287 JOB.
2210 227 2364 286 CAP.
2410 223 2504 285 Kl.

3339 222 3445 287 οη

206 358 270 408 est
296 347 375 419 qui
402 347 559 403 Deum
604 353 783 417 potest
824 341 1140 414 injustitize,
1172 344 1321 413 quasi
1365 341 1606 411 iniquum
1649 356 1740 395 ar-
1770 344 1822 403 Α
1848 340 2127 404 existimo,
2159 341 2285 411 quia
2327 341 2569 408 ejulante
2593 354 2679 404 eo,
2714 346 2768 393 et
2797 331 3066 409 rngicntc,
3093 338 3247 409 quasi
3298 342 3448 396 testi-

204 458 367 516 guere,
398 441 492 496 nisi
526 439 850 495 temerarius
893 445 949 492 et
976 435 1367 507 blasphemus?
1414 436 1534 504 quis
1570 445 1745 505 potest

204 536 317 592 velut
338 533 386 589 iu
411 550 551 589 reum
583 532 885 604 iniquitatis
912 548 1032 585 cum
1059 530 1382 585 ostensione
1405 543 1597 583 manus
1618 527 1747 581 dare

201 625 521 685 sententiam?
565 624 672 680 Job
720 639 850 680 vero
877 624 1027 692 juxta
1070 621 1164 675 Dei
1202 620 1607 686 tcsnnionium,
1639 632 1750 689 quo

198 718 340 775 fuerat
382 718 751 784 collaudatus,
797 730 864 770 eo
910 714 1053 783 quod
1101 712 1365 768 illllOCt‘lIS
1413 722 1596 777 esset,
1645 710 1749 765 sibi

199 811 405 866 conscius
433 824 562 864 vere
591 807 759 874 dixit,
807 806 951 876 quod
1001 821 1109 861 non
1155 812 1300 859 esset
1351 803 1493 858 ullus
1521 818 1749 867 eorum,

201 920 292 961 cum
336 902 525 972 quibus
570 902 960 967 altercabatur,
1006 899 1097 970 qui
1124 915 1247 955 eum
1288 907 1435 953 recte
1466 896 1633 967 pos-sit
1666 911 1751 949 ar-

198 1010 364 1068 guere:
407 995 527 1066 quia
560 994 656 1050 ille
686 993 935 1065 judicare
965 991 1197 1047 alterum
1224 989 1525 1061 justissime
1555 987 1748 1056 audet,

199 1090 321 1160 cujus
347 1105 428 1145 rea
458 1088 793 1146 conscientia
819 1087 890 1144 de
914 1087 1001 1144 his
1025 1101 1146 1159 quae
1170 1085 1225 1141 in
1247 1087 1480 1142 alterum
1507 1081 1750 1155 judicat,

199 1198 282 1239 non
307 1190 526 1238 leuetur.

258 1275 309 1332 Et
334 1293 516 1349 ponere
544 1292 756 1332 manum
784 1291 930 1332 suam
958 1276 1013 1329 in
1053 1272 1320 1328 ambobus.
1365 1272 1583 1344 Auferat
1615 1288 1646 1324 a
1675 1286 1755 1325 me

200 1371 361 1443 rirgam
383 1386 547 1435 suam,
574 1380 623 1423 et
651 1385 813 1439 pavor
840 1371 950 1441 ejus
980 1383 1082 1421 non
1111 1383 1191 1421 me
1214 1374 1423 1420 terreat.
1458 1364 1684 1435 Loquar,
1706 1370 1755 1416 et

201 1482 284 1519 non
314 1464 486 1519 timebo
514 1480 630 1518 eunt
654 1478 675 1519 :
705 1461 819 1517 Nec
860 1463 998 1517 enim
1026 1476 1238 1533 possunt
1277 1472 1510 1514 metuens
1540 1472 1759 1528 respon-

200 1556 317 1611 dere.
347 1554 614 1623 Securus,
666 1555 874 1626 inquit,
924 1562 980 1609 et
1025 1559 1341 1608 constanter
1389 1558 1517 1605 tunc
1567 1559 1757 1619 potero

184 1650 528 1729 _respondcre,
577 1647 624 1702 si
675 1647 792 1702 hinc
840 1646 948 1702 duo
975 1653 1229 1700 amoveat
1273 1659 1306 1699 a
1339 1658 1467 1699 me;
1501 1640 1756 1713 potentiae

1852 435 2092 489 monium
2126 434 2236 489 Deo
2265 444 2528 488 tormenta
2558 432 2880 489 reddebant.

1928 526 1989 581 lit
2014 526 2377 596 multiplicasti
2419 527 2552 579 iram
2586 535 2724 579 tuam
2754 526 3026 579 aduersum
3067 540 3176 592 me,
3208 534 3257 580 et
3284 541 3446 596 ptume

1852 618 2077 673 militant
2106 620 2158 673 in
2189 636 2288 674 nte.
2321 621 2495 686 Quare
2520 619 2583 672 de
2610 620 2759 673 vulva
2786 620 3013 674 eduxisti
3054 636 3153 687 me,
3208 621 3295 687 qui
3346 621 3452 675 uti-

1851 730 1971 767 nam
1999 727 2331 787 consumptus
2352 731 2537 785 essent,
2562 733 2624 769 ne
2648 716 2828 771 oculus
2850 734 2928 772 me
2956 717 3162 771 rideret.
3184 714 3448 785 Fuissem,

1850 807 1998 876 quasi
2052 823 2155 860 non
2213 824 2373 862 essent
2428 807 2493 862 de
2539 821 2686 863 utero
2730 808 3013 864 translatus
3063 808 3133 863 ad
3171 808 3448 867 tumulum.

1856 898 2133 966 Numquid
2159 916 2261 953 non
2294 902 2528 969 paucitas
2556 901 2759 965 dierum
2791 917 3019 955 meorum
3039 902 3248 972 ﬁnietur
3276 902 3452 956 brevi?

1855 989 2043 1045 Potest
2073 992 2150 1047 ira
2197 992 2293 1048 Dei
2346 993 2599 1049 diabolus
2624 972 2865 1065 'imelligi
2903 996 3101 1065 :cujus
3147 995 3451 1050 ministerio

1853 1083 1961 1139 Job
1991 1084 2222 1141 acerbos
2253 1087 2472 1143 dolores
2512 1088 2841 1158 patiebatur.
2878 1088 3056 1144 Pinna:
3095 1100 3275 1144 autem
3307 1088 3361 1145 in
3391 1104 3452 1146 se

1857 1179 2156 1235 militantes
2213 1179 2469 1235 dicuntur
2503 1198 2519 1235 :
2549 1181 2679 1250 quia
2718 1196 2819 1252 per
2862 1181 3152 1251 quemdam
3183 1188 3447 1235 malorum

1855 1272 2104 1326 ordinem
2128 1271 2503 1339 succedentes,
2533 1271 2770 1327 ofﬁcium
2801 1273 3108 1331 commissa:
3130 1273 3231 1328 sibi
3254 1274 3456 1329 crude-

1856 1362 2023 1417 litatis
2051 1373 2331 1419 exercent.

1931 1454 2146 1511 Dimitte
2175 1474 2294 1530 ergo
2324 1474 2423 1527 mc,
2474 1466 2531 1513 ut
2594 1460 2837 1533 plangam
2892 1458 3167 1529 paululum
3221 1459 3453 1515 dolorem

1859 1569 2047 1607 tnenm.
2098 1552 2153 1607 ld
2204 1563 2311 1619 est,
2369 1553 2609 1622 requiem
2661 1554 2731 1608 ab
2780 1555 2896 1609 istis
2938 1554 3271 1610 cruciatibus
3320 1555 3452 1610 mihi

1860 1647 2124 1712 concede,
2168 1657 2226 1702 ut
2258 1648 2513 1718 plangam
2546 1648 2944 1720 aliquantulum
2975 1649 3221 1705 dolorem
3266 1664 3455 1719 pinnae

198 1740 420 1798 videlicet
446 1756 558 1798 sua:
588 1738 1018 1814 magnitudinem
1042 1781 1057 1807 ,
1108 1748 1164 1795 et
1193 1738 1388 1794 borum
1419 1737 1755 1793 cruciatoum
1786 1741 1833 1803 Β
1863 1758 1982 1798 rum
2035 1757 2275 1797 mearum
2310 1758 2469 1813 quem
2518 1742 2573 1797 in
2617 1758 2850 1812 corpore
2881 1758 3004 1798 meo
3036 1742 3305 1811 susnueo,
3337 1744 3486 1818 sive-

201 1849 379 1907 pinnas.

793 1903 1024 1963 CAPUT
1062 1903 1136 1961 X.

255 2021 412 2077 Taedet
432 2021 659 2077 animam
680 2037 849 2076 meam
867 2020 986 2076 vita
1006 2036 1132 2074 metu
1152 2034 1172 2074 :
1195 2017 1455 2072 dimittant
1482 2014 1759 2071 adversum

196 2129 262 2168 uie
287 2113 532 2186 eloquium
583 2129 774 2170 meum.
828 2111 1037 2183 Loquar
1078 2112 1132 2165 in
1179 2110 1531 2163 amaritudine
1571 2106 1759 2160 animi:

198 2226 325 2277 mea,
350 2209 514 2264 dicam
542 2208 652 2264 Deo
675 2224 696 2264 :
728 2208 858 2264 Noli
885 2224 966 2261 me
996 2206 1363 2261 condemnare.
1400 2202 1421 2257 l
1430 2202 1583 2257 ndica
1608 2200 1755 2265 mihi,

192 2318 275 2359 cur
297 2320 371 2359 me
398 2305 467 2358 ita
500 2302 749 2375 judices.’
793 2300 1064 2373 Numquid
1106 2299 1299 2354 bonum
1329 2297 1421 2351 tibi
1458 2297 1679 2363 videtur,
1715 2296 1759 2349 si

194 2397 495 2452 calumnieris
516 2414 617 2461 me,
641 2405 689 2450 et
709 2395 980 2467 apprimas
1000 2411 1078 2447 me
1101 2409 1232 2460 opus
1256 2408 1506 2445 manuum
1529 2400 1756 2455 tuarunt,

191 2498 237 2540 et
252 2489 508 2543 consilium
534 2488 816 2560 impiorum
841 2486 1055 2558 adjuves
1074 2488 1099 2540 ?
1125 2483 1400 2554 Numquid
1423 2482 1560 2536 oculi
1581 2481 1762 2535 carnei

192 2582 272 2635 tibi
304 2591 451 2636 sunt:
479 2591 567 2635 aut
592 2581 726 2635 sicut
756 2579 894 2634 videt
938 2577 1125 2641 homo,
1159 2588 1205 2631 et
1233 2588 1287 2629 tu
1327 2574 1562 2629 videbis?
1594 2570 1765 2625 Num-

189 2677 300 2747 quid
329 2678 449 2731 sicut
491 2676 600 2731 dies
629 2673 857 2729 hominis
898 2672 1009 2726 dies
1040 2672 1139 2738 tui,
1170 2682 1217 2723 et
1245 2669 1370 2722 anni
1393 2667 1469 2722 tui
1498 2667 1631 2721 sicut
1658 2665 1763 2718 ltu-

192 2786 333 2824 tuana
359 2779 468 2825 sunt
496 2780 728 2839 tempora
753 2783 772 2821 :
803 2779 859 2821 ut
904 2782 1109 2838 qnceras
1136 2763 1462 2834 iniquitatent
1494 2776 1656 2813 meam
1674 2800 1688 2825 ,
1717 2768 1764 2812 ct

189 2873 437 2930 peccaturo
464 2880 632 2919 meum
659 2861 949 2917 scruteris?
978 2859 1046 2912 Et
1072 2858 1205 2911 scias
1236 2856 1359 2927 quia
1391 2854 1523 2908 nihil
1549 2854 1765 2925 impium

189 2954 378 3023 fectrim
401 2971 421 3009 :
447 2972 565 3010 cum
594 2955 662 3009 sit
691 2970 840 3007 nemo
869 2953 954 3023 qui
985 2950 1050 3004 de
1075 2966 1233 3003 manu
1259 2960 1347 3001 tua
1374 2946 1535 3018 possit
1565 2962 1764 3000 eruere.

188 3046 369 3103 Manus
396 3062 523 3114 tute,
574 3045 829 3111 Domine,
878 3045 1110 3117 fecerunt
1138 3057 1254 3108 me,
1287 3049 1334 3094 et
1384 3040 1765 3110 plusmnverunt

186 3157 258 3195 ne
286 3152 440 3197 totum
471 3144 523 3197 in
554 3142 776 3196 circuitu
796 3180 813 3203 ,
864 3148 910 3193 et
946 3140 1024 3191 sic
1054 3148 1264 3206 repente
1311 3134 1608 3206 prcecipitas
1640 3132 1761 3186 me?
1788 3136 1832 3198 C
1870 3142 2087 3197 umbra,-
2121 3161 2133 3196 ε

187 3232 434 3291 Memento
453 3279 468 3302 ,
505 3250 682 3306 quaeso
701 3272 717 3300 ,
749 3233 888 3302 quod
913 3232 1047 3285 sicut
1078 3230 1247 3284 lutum
1276 3226 1458 3297 feceris
1494 3241 1601 3286 me,
1632 3233 1679 3276 et
1712 3227 1765 3276 in

185 3325 427 3397 pulverem
451 3327 666 3381 reduces
694 3342 792 3381 me.
825 3322 1016 3378 Nonne
1041 3332 1173 3375 sicut
1200 3319 1285 3373 lac
1322 3318 1544 3372 mulsisti
1581 3331 1688 3381 me,
1718 3324 1765 3369 et

183 3426 306 3476 sicut
332 3439 539 3477 caseum
566 3438 648 3477 me
667 3416 998 3492 coagulasti?
1022 3416 1194 3482 Ριιιε,
1228 3424 1275 3469 et
1302 3414 1541 3467 carnibus
1572 3409 1767 3465 restisti

180 3530 253 3568 nte
277 3532 297 3571 :
338 3517 536 3571 ossibus
572 3524 622 3570 et
668 3516 839 3569 nervis
896 3509 1198 3583 compegisti
1244 3523 1344 3561 me.
1386 3503 1543 3573 Quod
1583 3511 1766 3557 autem

180 3608 325 3679 dicit,
354 3619 524 3665 totum
555 3626 617 3665 se
646 3607 701 3664 iu
739 3606 972 3663 circuitu
1003 3606 1227 3669 factum,
1254 3611 1444 3656 contra
1477 3596 1767 3652 haereticos

182 3703 389 3760 locutus
416 3714 525 3773 est,
567 3704 658 3775 qui
690 3702 878 3757 dicunt
909 3698 1141 3753 animam
1168 3695 1237 3751 ab
1266 3693 1375 3749 alio
1397 3693 1510 3748 Deo
1536 3695 1731 3745 laetam
1750 3728 1766 3755 ,

178 3805 230 3851 et
251 3813 454 3868 corpus
479 3798 547 3852 ab
576 3796 754 3851 altero
782 3796 1133 3865 plasmatum.

248 3890 426 3946 Vitam
452 3901 499 3946 et
523 3890 941 3945 misericordiam
986 3885 1212 3939 tribuisti
1261 3883 1423 3949 milii,
1456 3890 1507 3937 et
1544 3878 1771 3934 visitatio

172 3991 256 4037 tua
282 3986 560 4039 custodiuit
595 3984 837 4053 spiritum
866 3996 1054 4036 meum.
1084 3977 1229 4031 Licet
1257 3977 1367 4031 lucc
1389 3977 1520 4029 celes
1542 3974 1593 4027 in
1618 3972 1770 4026 corde

170 4089 256 4132 tuo
278 4096 298 4135 :
329 4091 503 4135 tamen
540 4081 651 4134 scio
687 4078 808 4149 quia
838 4076 1189 4130 universorum
1216 4070 1525 4124 memineris.
1560 4068 1620 4123 Si
1649 4083 1771 4138 pec-

169 4174 308 4241 cari,
347 4187 398 4228 et
432 4172 497 4226 ad
530 4172 715 4225 .‘toram
746 4168 1022 4241 perpecisti
1055 4165 1211 4232 milii,
1263 4179 1356 4217 cur
1396 4162 1458 4215 ab
1500 4161 1775 4231 iniquitate

166 4282 276 4318 mea
302 4264 563 4320 mundum
594 4280 675 4318 me
702 4279 813 4316 esse
842 4278 946 4315 non
978 4257 1208 4329 pateris?
1231 4252 1296 4308 Et
1319 4254 1363 4307 si
1384 4254 1575 4325 impius
1602 4255 1771 4322 fuero,

166 4374 236 4412 lat
265 4362 401 4412 milii
434 4368 543 4425 est,
573 4367 619 4412 et
649 4357 694 4411 si
718 4363 914 4430 Jttsl.:8.
943 4352 1059 4421 Ipsa
1108 4351 1284 4402 anima
1317 4356 1401 4401 est
1429 4345 1535 4399 vita
1566 4344 1651 4397 hic
1681 4359 1775 4413 ap-

163 4454 409 4521 pellata,
461 4469 565 4506 non
628 4452 736 4505 vita
785 4447 1023 4501 unione:
1072 4444 1194 4514 quia
1237 4448 1467 4512 possunt
1527 4447 1582 4493 et
1623 4445 1774 4491 actus

160 4548 363 4600 animae
398 4544 511 4599 vita
547 4544 873 4611 nuncupari.

229 4636 364 4692 Non
400 4635 579 4690 levabo
605 4643 795 4705 caput,
821 4638 1089 4684 saturatas
1119 4626 1405 4699 afﬂictione
1441 4634 1489 4679 et
1537 4622 1770 4679 miseria.

162 4728 227 4785 Et
254 4739 484 4802 propter
528 4726 845 4799 superbiant.
888 4721 945 4777 ιιι
988 4730 1105 4786 est,
1152 4727 1466 4776 contractus
1494 4716 1687 4770 dolore
1719 4723 1773 4769 et

156 4827 463 4881 tormentis
507 4823 819 4878 viscerum:
859 4827 1027 4889 caput
1074 4816 1143 4870 ad
1191 4816 1295 4870 ima
1328 4812 1632 4885 depositum
1664 4811 1775 4866 cle-

156 4932 283 4972 vare
332 4934 455 4972 non
505 4929 760 4987 pOssum,
815 4912 931 4967 sive
960 4908 1279 4967 confusione
1309 4917 1365 4960 et
1396 4918 1637 4961 mcerorc
1683 4918 1774 4957 re-

152 5010 363 5080 pletns.

226 5102 408 5169 Quasi
444 5102 657 5154 territam
686 5097 858 5166 capies
884 5110 982 5149 me.
1012 5092 1145 5148 Huic
1165 5105 1296 5161 ergo
1321 5088 1531 5155 bestiae,
1551 5087 1625 5141 ait
1646 5084 1772 5150 Job,

150 5211 209 5251 as
242 5196 447 5251 initas
476 5209 562 5248 me
591 5192 869 5246 hominem
904 5187 1164 5242 humilem
1196 5194 1250 5240 et
1276 5182 1570 5252 ahjccturn.

222 5288 608 5352 lieeersusque
661 5282 968 5336 mirabiliter
997 5295 1076 5333 me
1104 5279 1329 5330 crucias.
1362 5274 1529 5329 Deum
1562 5272 1779 5328 dicebat

148 5381 215 5436 ad
240 5399 305 5435 se
339 5377 585 5442 reverti,
611 5373 831 5447 quando
852 5388 976 5427 cum
1009 5370 1247 5439 antiquis
1274 5383 1443 5422 novas
1471 5380 1681 5437 poenas,
1724 5373 1780 5420 et

148 5478 517 5531 recentiores
541 5472 592 5525 in
621 5482 724 5523 suo
753 5480 986 5537 corpore
1017 5462 1288 5517 sentiebat
1310 5460 1650 5515 mirabiliter.

220 5571 536 5627 Instauras
566 5574 721 5621 testes
770 5572 885 5616 tuos
938 5571 1119 5615 contra
1160 5573 1261 5613 me.
1325 5555 1439 5611 Hoc
1468 5554 1625 5621 dicit,
1654 5552 1780 5624 quia

143 5667 585 5737 castigationes,
648 5671 704 5714 et
758 5663 1179 5728 pannum-iraa,
1233 5660 1398 5705 testes
1426 5657 1553 5703 sunt
1583 5645 1781 5699 divinae

134 5760 417 5848 iustitia.
464 5751 607 5829 Sive.
638 5747 935 5821 cruciatus.
955 5746 1102 5801 illius
1149 5741 1572 5817 idcirco-dium
1620 5746 1783 5798 testes

1508 5917 1511 5920 .
1550 5914 1639 5921 ..ς-.

1859 1851 2018 1907 quem
2052 1834 2293 1891 futurum
2319 1836 2373 1890 in
2407 1835 2620 1892 inferno
2653 1836 3037 1906 perhorresco.

1931 1929 2223 1997 Antequam
2262 1931 2470 1993 undam,
2504 1939 2549 1982 es’
2575 1946 2681 1983 non
2728 1940 2954 1984 revertar
2982 1930 3052 1983 ad
3089 1938 3278 1984 terrant
3318 1940 3457 1985 tene-

1861 2020 2095 2087 brosam,
2125 2030 2172 2075 et
2203 2029 2439 2093 opertam
2468 2022 2655 2077 mortis
2683 2023 2905 2093 caligine
2939 2038 2959 2078 :
2986 2033 3176 2077 terram
3213 2024 3458 2090 miseria’,

1861 2126 1911 2171 et
1942 2117 2268 2171 tenebrarum
2294 2133 2313 2172 :
2361 2118 2448 2171 ubi
2474 2117 2653 2171 umbro
2684 2118 2886 2181 mortis,
2912 2127 2958 2171 et
2978 2118 3157 2173 nullus
3187 2118 3339 2184 ordo,
3370 2118 3460 2172 sed

1861 2210 2198 2280 sempiternus
2222 2206 2412 2262 horror
2445 2207 2762 2263 inhabitans.
2807 2210 2961 2276 Quod
3004 2220 3207 2264 terram
3260 2209 3463 2265 infero-

1864 2317 1980 2357 rum
2009 2301 2388 2373 descripserit,
2422 2304 2554 2357 nulli
2582 2302 2808 2357 dubium
2842 2314 2956 2368 est;
3000 2305 3189 2358 nullus
3220 2302 3360 2358 ordo
3389 2303 3461 2358 ibi

1863 2406 1946 2449 est
1977 2396 2139 2449 vitaz:
2175 2397 2467 2449 tenebrosa
2499 2405 2602 2460 est,
2648 2406 2708 2448 ut
2747 2394 2881 2459 disi,
2918 2396 3281 2465 proculdubio
3311 2396 3464 2450 velut

1863 2504 2074 2553 earcer,
2108 2490 2158 2545 in
2183 2505 2341 2561 quem
2372 2502 2694 2561 peccatores
2728 2501 2785 2545 et
2825 2488 2978 2559 impii
3010 2490 3103 2560 qui
3133 2490 3311 2545 lucem
3334 2490 3461 2544 odio

1867 2584 2197 2650 halmerunt,
2234 2594 2291 2636 ut
2326 2583 2673 2637 tenebrarum
2708 2582 2829 2643 lilii,
2876 2581 3292 2637 contrudenlur.
3332 2582 3463 2649 Qua:

1866 2688 2013 2732 terra
2039 2677 2275 2748 caligine
2304 2678 2490 2731 mortis
2518 2688 2709 2746 Opertu
2756 2687 2840 2732 est
2869 2693 2884 2732 :
2920 2687 2979 2731 ut
3006 2676 3176 2732 clausi
3223 2677 3275 2730 in
3305 2684 3465 2731 nocte

1866 2780 2095 2835 a-terna,
2128 2772 2333 2825 nullum
2392 2771 2725 2837 jaanitentim
2762 2770 2943 2825 lumen
2992 2768 3288 2841 aliquando
3319 2770 3462 2839 aspi-

1866 2867 2033 2920 ciant.
2069 2862 2169 2921 Uhi
2193 2876 2275 2919 est
2327 2864 2542 2919 miseris
2573 2864 2769 2918 umbra
2820 2864 3037 2929 mortis,
3088 2878 3210 2933 qua:
3256 2864 3307 2917 in
3362 2864 3465 2918 hoc

1870 2959 1987 3012 loco
2020 2974 2192 3024 ιιωιιςυ
2244 2956 2613 3027 intelligenda:
2665 2966 2794 3011 sunt
2840 2975 2851 3010 :
2903 2957 3028 3026 quia
3083 2956 3224 3011 sicut
3260 2958 3465 3010 umbra:

1868 3066 2166 3118 corporum
2197 3066 2303 3104 non
2335 3060 2463 3104 sunt
2497 3050 2651 3120 longe
2679 3065 2706 3102 a
2733 3048 3081 3119 corporibus,
3113 3063 3234 3118 qua:
3266 3046 3470 3103 iaciunt

2171 3145 2240 3197 ita
2297 3159 2471 3213 ptetta'.
2525 3159 2631 3197 non
2665 3143 2826 3210 longe
2855 3159 2883 3195 a
2929 3156 3107 3197 tiu-rte
3151 3149 3301 3203 sunt,
3347 3156 3471 3210 qua:

1870 3236 2112 3291 inferunt
2144 3248 2401 3290 mortem.
2433 3234 2547 3289 Non
2592 3244 2842 3291 revertar
2871 3236 2937 3288 ad
2990 3234 3127 3288 hanc
3162 3233 3469 3288 mortalita-

1871 3338 2000 3391 trem,
2031 3326 2121 3383 ubi
2154 3336 2300 3383 tanta
2326 3329 2465 3381 mala
2496 3325 2694 3397 patior.
2724 3328 2959 3397 Spiritus
2984 3326 3228 3386 divinus.
3263 3326 3353 3390 qui
3385 3335 3473 3381 est

1873 3424 1923 3476 in
1956 3421 2180 3476 naribus
2209 3436 2346 3477 ιιιονε
2393 3424 2529 3488 Quia
2568 3437 2693 3477 eum
2722 3420 2973 3475 dolorum
3001 3421 3269 3492 angustiis
3298 3419 3469 3476 anlte-

1872 3516 2103 3583 lantem,
2155 3516 2597 3571 consolationum
2651 3516 2849 3570 robore
2877 3514 3123 3584 urgebat.
3157 3513 3291 3583 Quis
3338 3514 3471 3569 mihi

1874 3611 2079 3665 tribuat
2118 3621 2175 3663 ut
2204 3610 2256 3664 in
2290 3611 2501 3665 inl'erno
2528 3618 2787 3681 protegas
2818 3622 2929 3677 me,
2951 3614 3009 3663 et
3036 3606 3348 3662 abscondas
3374 3608 3473 3662 d0-

1874 3719 1974 3759 nec
2007 3713 2351 3773 pertranseat
2397 3704 2474 3757 ira
2510 3716 2624 3769 tua,
2657 3713 2706 3756 et
2746 3702 3049 3756 Constituas
3082 3699 3214 3755 mihi
3260 3708 3471 3769 tempus

1875 3799 1927 3851 in
1972 3814 2079 3867 quo
2111 3797 2425 3851 recorderis
2469 3795 2618 3849 mei?
2650 3793 2826 3849 Furor
2855 3793 2950 3847 irin
2984 3790 3078 3847 Dei
3125 3790 3467 3861 pertransiit,

1874 3905 2032 3961 quem
2064 3887 2235 3942 Adam
2271 3887 2548 3957 peccando
2577 3888 2907 3957 proluit-ruit,
2940 3884 3159 3956 quando
3188 3886 3471 3955 chirogra-

1878 3986 2039 4055 phum
2070 3983 2124 4037 in
2156 3994 2388 4037 mortem
2422 3981 2658 4036 ﬁliorum
2684 3982 2804 4051 ejus
2832 3982 3231 4049 conscriptum.
3260 3977 3469 4033 Christi

1875 4077 2083 4131 delevit
2108 4075 2395 4129 adventus.
2430 4073 2647 4130 Nemini
2677 4088 2815 4144 ergo
2842 4073 2910 4128 de
2936 4075 3141 4127 sanctis
3164 4071 3361 4126 mirum
3391 4073 3470 4126 vi-

1876 4172 2089 4229 deatur.
2116 4172 2205 4239 qui
2236 4169 2470 4223 adventu
2500 4167 2710 4221 Domini
2743 4178 2865 4220 sunt
2895 4165 3130 4219 absoluti
3154 4165 3222 4218 ab
3253 4162 3467 4233 inferis,

1878 4272 1935 4318 et
1966 4258 2382 4317 resurrectionis
2419 4260 2617 4315 Christi
2652 4259 2909 4328 exemplo
2953 4257 3006 4312 itt
3037 4273 3137 4328 spe
3178 4257 3356 4313 beata:
3383 4272 3473 4313 re-

1879 4357 2233 4413 surrectionis
2260 4370 2370 4409 sua:
2396 4364 2522 4408 sunt
2546 4353 2855 4408 constituti.

2481 4491 2709 4548 CAPUT
2751 4490 2843 4546 ΧΙ.

1949 4612 2282 4684 Respondent
2348 4617 2521 4664 autem
2591 4607 2801 4679 Soplmr
2852 4604 3217 4660 Naamatltites
3276 4604 3474 4660 dixit:

1882 4706 2151 4777 Numquid
2198 4705 2287 4775 qui
2327 4702 2495 4757 multa
2538 4701 2790 4772 loquitur,
2838 4716 2941 4754 non
2999 4697 3226 4754 audiet:
3265 4707 3352 4752 aut
3400 4700 3477 4752 uir

1879 4804 2115 4854 verbosus
2137 4796 2559 4869 justi/imbitur?
2602 4794 2774 4849 Veluti
2809 4793 2854 4848 si
2893 4792 3120 4847 dixisset
3153 4808 3165 4843 :
3201 4790 3470 4861 Numquid

1880 4903 2054 4963 potest
2081 4892 2162 4945 vir
2195 4892 2459 4945 verbosus
2488 4887 2839 4942 admiratimti
2888 4883 3101 4951 haberi,
3131 4894 3225 4938 aut
3272 4898 3475 4954 pra-co-

1883 4987 1974 5040 nio
2002 4983 2175 5037 laudis
2204 4981 2383 5038 eli'erri
2421 4999 2433 5034 :
2485 4995 2607 5035 cum
2662 4979 2733 5033 sit
2776 4981 3089 5034 ostensione
3128 4979 3310 5032 nimia:
3352 4991 3477 5029 vcr-

1882 5076 2127 5133 bositatis
2170 5074 2426 5130 odiosus?
2455 5074 2550 5129 sed
2582 5072 2759 5144 potius
2796 5072 2984 5127 audire
3009 5070 3168 5125 debet
3195 5085 3316 5138 qua:
3356 5085 3471 5123 me-

1882 5182 2069 5228 retur:
2117 5186 2218 5237 ne,
2252 5172 2487 5225 vanitate
2519 5170 2718 5236 elatus,
2750 5168 2926 5222 Solum
2965 5182 3025 5221 se
3074 5163 3345 5219 existimet
3386 5178 3475 5217 sa-

1886 5267 2146 5336 pientent.

1958 5358 2074 5412 Tibi
2104 5358 2202 5413 soli
2238 5355 2472 5411 tacebunt
2503 5353 2757 5418 homines,
2798 5362 2846 5407 et
2876 5368 2989 5405 cum
3037 5358 3246 5404 cazteros
3285 5347 3469 5401 irrise-

1886 5451 1980 5515 ris,
2009 5467 2041 5503 a
2082 5449 2229 5503 nullo
2265 5447 2649 5518 confutuberis?
2676 5444 2789 5498 Non
2836 5450 2963 5496 sunt
3017 5440 3134 5494 lucc
3171 5440 3475 5494 amicorum

1887 5542 2101 5611 solatia,
2152 5541 2247 5596 sed
2297 5540 2533 5594 hostium
2569 5538 2692 5591 tela.
2726 5534 2801 5587 Ita
2840 5542 2897 5586 ut
2942 5546 3085 5585 nunc
3129 5530 3372 5585 dicamus
3412 5529 3481 5585 de

1890 5636 2093 5691 vobis:
2146 5630 2277 5690 Filii
2327 5629 2594 5687 hominum
2629 5628 2807 5683 dentes
2848 5639 3048 5697 eorum,
3103 5639 3251 5680 arma
3304 5633 3351 5680 et
3401 5638 3487 5678 sa-

1893 5734 2052 5810 gnta.

1802 4535 1852 4595 Ι)

2883 5878 2913 5888 ιι
2931 5874 3165 5897 ”⁷⁴“ν-..4,οςμ
3199 5880 3275 5890 ..να-ς.
3302 5876 3353 5893 θ..
