3948 6334
468 280 576 340 643

1259 272 1615 335 ΑΡΡΕΝΒΙΧ
1644 273 1737 332 AD
1775 271 2014 332 'IOMUM
2055 273 2413 333 SEPTIMUM
2450 274 2511 333 S.
2553 271 2956 331 HIERONYMI.

3635 273 3731 335 ιιι

541 397 691 452 Dixit
722 395 857 449 enim
887 410 904 447 :
938 390 1111 448 Purus
1142 401 1214 446 est
1238 407 1406 446 sermo
1431 406 1595 454 meus,
1623 398 1669 442 et
1695 389 1917 444 mundus
1944 406 2059 443 sum
2086 394 2136 453 Α
2167 403 2485 464 perpetuum
2552 394 2806 449 timorem
2865 394 3189 458 incurreret,
3253 391 3461 462 Sophar
3507 391 3733 453 hortatur

470 492 523 546 in
542 498 823 560 conspectu
853 498 962 542 tuo.
1008 487 1123 542 Non
1152 488 1222 541 ita
1251 486 1407 553 dixit,
1456 486 1600 555 quod
1637 500 1801 553 purus
1845 496 2073 540 essetet

464 584 708 642 mundus
739 601 753 638 :
785 582 839 637 id
866 590 975 647 est,
1004 580 1156 653 quod
1191 578 1614 650 cogitationibus
1634 588 1692 634 et
1731 578 1913 634 verbis
1942 588 2070 633 ante

468 674 642 731 Deum
673 673 1054 731 immaculatus
1093 672 1396 734 existeret;
1435 668 1535 726 sed
1577 668 1742 738 dixit,
1782 670 1929 726 Nihil
1963 669 2062 725 im-

472 770 624 839 pium
651 766 777 824 feci.

542 863 711 931 Atque
739 862 938 916 utinam
962 860 1102 916 Deus
1123 860 1425 931 loqueretur
1448 869 1636 925 tecum,
1659 866 1709 912 et
1745 857 1973 930 aperiret
1994 859 2075 910 Iu-

473 953 559 1008 bia
586 971 680 1008 sua
713 954 827 1008 tibi.
856 954 991 1008 Dixit
1016 954 1167 1025 quali
1187 952 1397 1023 judicio
1416 950 1521 1007 Job
1544 950 1791 1006 debuerit
1811 952 2070 1005 condem-

473 1046 617 1104 nari.
654 1046 712 1103 In
756 1048 1033 1119 loquendo
1081 1047 1229 1102 enim
1282 1061 1473 1101 vocem
1503 1046 1621 1112 Dei,
1668 1044 1830 1115 cujus
1875 1059 2070 1098 sonum

475 1152 640 1193 aures
685 1138 1017 1209 suscipiunt,
1073 1145 1133 1192 ut
1176 1134 1439 1200 arbitror,
1493 1136 1665 1190 voluit
1704 1134 1965 1189 indicare.
2016 1134 2072 1187 In

474 1231 791 1299 aperiendis
828 1246 963 1287 vero
992 1230 1175 1299 labiis,
1205 1229 1358 1286 vocis
1391 1228 1807 1299 intelligentiam
1849 1228 2074 1283 demon-

475 1323 689 1379 Stravit.

549 1413 619 1471 Ut
647 1415 931 1471 ostenderet
962 1415 1054 1470 tibi
1084 1424 1279 1470 secreta
1308 1415 1598 1488 sapientiw,
1631 1425 1677 1469 et
1713 1415 1853 1483 quod
1894 1415 2072 1469 multi-

473 1505 597 1577 plex
625 1516 753 1562 esset
806 1505 892 1562 lea:
942 1510 1077 1580 ejus.
1126 1505 1320 1562 Cordis
1372 1507 1491 1576 ejus
1520 1506 1727 1572 abdita,
1758 1515 1817 1561 et
1866 1522 2069 1562 remon

463 1598 696 1670 judicia,
731 1599 1008 1671 inquibus
1038 1597 1316 1670 multiplex
1350 1608 1406 1655 et
1431 1598 1934 1669 imperscrutabilis
1961 1614 2066 1665 est,

471 1708 867 1765 cognosceres.

2176 502 2321 554 cum,
2352 487 2542 541 dicens
2577 506 2590 542 :
2622 488 2677 541 Si
2725 485 2841 540 haec
2889 485 3114 551 feceris,
3153 502 3276 557 qua:
3304 502 3464 555 supra
3501 488 3726 557 diximus,

2176 578 2285 633 eris
2315 580 2546 634 stabilis.
2574 578 2687 633 Hoc
2720 594 2856 633 sane
2882 578 3190 646 sciendum,
3216 579 3342 650 quia
3365 590 3450 633 est
3472 585 3731 636 commotio

2179 671 2229 723 in
2276 687 2380 739 qua
2431 682 2687 735 peccator
2742 686 3072 740 permanens
3128 673 3180 725 in
3243 669 3568 727 facinoribus
3612 673 3730 741 suis,

2177 775 2303 818 ante
2336 764 2526 819 faciem
2553 780 2661 819 non
2691 767 2961 819 consistit.
2997 764 3189 819 Facies
3216 776 3305 819 tua
3337 775 3595 836 tamquam
3616 782 3735 838 aqua

2178 871 2335 924 pura,
2368 865 2426 910 et
2454 856 2783 926 spoliaberis
2809 850 2997 919 sorde.
3031 869 3086 912 ct
3119 874 3225 913 non
3271 857 3506 913 timebis.
3531 858 3621 925 Qui
3664 868 3736 915 est

2175 950 2410 1006 sincera:
2449 962 2503 1007 et
2544 951 2847 1020 pnrifieatae
2887 954 3107 1020 Iﬂelllls,
3149 963 3205 1008 et
3243 953 3474 1007 mundus
3510 952 3574 1008 ab
3602 954 3734 1012 omni

2178 1043 2362 1108 sorde,
2395 1046 2652 1113 pertimet
2679 1046 2804 1100 νιιί.ι
2841 1062 2855 1099 :
2898 1047 3097 1113 quibus
3145 1045 3293 1099 velut
3332 1044 3533 1100 exuviis
3562 1061 3735 1114 exspo-

2176 1133 2361 1203 liatus,
2390 1146 2662 1205 tamquam
2708 1154 2743 1189 ο
2785 1138 3027 1191 tenebris
3055 1139 3285 1193 eductus
3318 1137 3555 1207 fulgebit.
3586 1137 3736 1194 Homo

2182 1229 2372 1283 faciem
2405 1229 2605 1283 mentis
2635 1244 2747 1284 sum
2779 1230 3038 1285 candoris
3074 1233 3310 1300 puritate
3340 1231 3633 1301 pra'ferens
3664 1248 3738 1287 ra-

2177 1319 2415 1373 diantem
2442 1320 2697 1389 populum
2724 1321 3000 1392 significat
3022 1322 3355 1385 Jndaaorum,
3380 1322 3473 1393 qui
3491 1321 3738 1380 Christum

2179 1421 2386 1481 patrem
2414 1412 2650 1480 quodam
2686 1414 2848 1467 modo
2876 1430 3031 1468 suum
3061 1416 3281 1469 occidit.

2249 1504 2481 1559 Miseria:
2515 1521 2719 1576 quoque
2749 1506 3085 1572 oblitisceris,
3110 1516 3159 1560 et
3191 1510 3344 1578 quasi
3374 1524 3613 1578 aquarum
3647 1526 3747 1581 qua

2178 1599 2555 1666 praeterierint,
2607 1616 2709 1653 non
2758 1600 3128 1655 recordaberis.
3192 1601 3250 1656 In
3306 1603 3536 1656 transitu
3591 1603 3746 1674 itaque

2176 1708 2465 1762 aquarum,
2505 1694 2721 1764 Sopbur
2774 1698 2878 1751 hoc
2928 1698 3042 1751 vult
3094 1697 3432 1769 intelligere;
3478 1698 3611 1768 quod
3651 1705 3746 1756 tam

545 1786 617 1840 Et
644 1784 961 1859 intelligeres
995 1785 1137 1857 quod
1168 1785 1328 1839 multo
1381 1785 1585 1840 minora
1612 1786 1843 1858 erigaris
1888 1784 1952 1839 ab
1995 1803 2074 1851 eo,
2107 1780 2154 1842 Β
2183 1785 2294 1838 cito
2315 1784 2524 1853 possint
2546 1785 2833 1841 discedere
2858 1787 2928 1843 ab
2952 1805 3018 1842 eo
3040 1788 3283 1855 dolores,
3310 1790 3355 1844 si
3383 1799 3559 1843 tamen
3580 1789 3676 1845 Job
3697 1806 3749 1847 se

471 1894 625 1949 quam
653 1888 878 1931 meretur
908 1877 1161 1947 iniquitas
1210 1885 1322 1931 tua.
1359 1877 1474 1932 lloc
1523 1888 1629 1943 est,
1662 1877 1816 1949 plura
1848 1878 1954 1946 pati
1986 1879 2080 1932 dco

472 1973 568 2029 bes
603 1982 900 2040 tormenta,
930 1988 1095 2043 quam
1128 1980 1181 2027 te
1211 1973 1484 2026 sustinere
1530 1972 1860 2041 proulauias.

559 2065 805 2120 Forsitan
844 2068 1061 2138 uestigia
1104 2064 1199 2120 Dei
1252 2066 1671 2136 comprelmrdes,
1715 2074 1761 2119 et
1802 2081 1963 2136 usque
2009 2065 2080 2119 ad

472 2160 757 2228 perfectum
795 2159 1198 2227 omnipotentem
1247 2159 1490 2229 reperies.
1549 2158 1789 2229 Vestigia
1842 2157 1934 2212 Dei
1991 2159 2080 2213 illa

470 2260 618 2317 sunt,
671 2251 892 2321 quando
919 2251 1233 2321 dignatione
1271 2252 1355 2305 sui
1398 2249 1716 2305 hominibus
1759 2250 2076 2304 innotescit.

474 2341 542 2398 Et
570 2342 694 2398 ideo
727 2353 855 2397 tunc
880 2359 1006 2397 eum
1053 2341 1404 2413 vcstigamus,
1436 2342 1657 2412 quando
1692 2356 1753 2398 se
1792 2342 1953 2398 nobis
1981 2343 2081 2395 ali-

473 2436 803 2505 quantulum
852 2435 1205 2490 inanifestare
1263 2435 1537 2505 dignatur.
1595 2434 1724 2491 Haec
1770 2443 1896 2491 sunt
1948 2449 2081 2503 ergo

478 2528 709 2599 vestigia
729 2528 845 2592 Dei,
865 2542 988 2583 cum
1011 2543 1136 2583 eum
1161 2528 1770 2600 iucomprehensibilem
1794 2527 2081 2583 intellexe-

475 2622 576 2690 ris,
609 2631 664 2677 et
693 2621 1016 2678 credideris.

549 2714 815 2769 Excelsior
842 2712 972 2769 cosio
1008 2723 1105 2778 est,
1140 2723 1187 2767 et
1226 2714 1352 2783 quid
1387 2715 1597 2786 facies?
1632 2715 1959 2787 Profundior
1995 2717 2078 2769 in-

472 2805 645 2876 ferno,
694 2816 741 2861 et
788 2806 924 2860 unde
979 2806 1303 2877 cognosces?
1351 2804 1579 2876 Longior
1626 2816 1778 2861 teme
1838 2824 2081 2861 mensura

471 2902 586 2971 ejus
613 2909 662 2953 et
684 2897 843 2954 latior
870 2899 1029 2952 mari.
1054 2898 1121 2954 Si
1141 2900 1443 2952 subverterit
1487 2899 1686 2967 omnia,
1716 2903 1793 2954 vel
1826 2900 1878 2953 in
1920 2916 2081 2953 unum

472 2995 815 3050 coarctaverit
862 3010 880 3048 :
930 2993 1042 3065 quis
1077 2992 1398 3048 contradicat
1443 2994 1533 3048 ei?
1580 2994 1658 3048 rel
1685 2995 1798 3064 quis
1838 2994 2007 3048 dicere
2038 2996 2082 3049 ei

475 3097 691 3163 potest:
719 3086 825 3145 Cur
867 3088 944 3142 ita
991 3087 1171 3159 facis?
1211 3088 1496 3145 Credimus
1553 3087 1697 3157 quod
1751 3088 1952 3158 ubique
1998 3096 2082 3143 est

478 3185 647 3249 Deus,
692 3196 749 3241 et
787 3186 931 3240 intra
961 3199 1087 3240 cum
1130 3184 1314 3239 omnia
1352 3200 1474 3254 quae
1501 3183 1571 3239 ab
1619 3197 1685 3238 eo
1740 3193 1925 3238 creata
1956 3195 2082 3238 sunt

482 3280 862 3333 continentur.

545 3368 671 3441 Ipse
696 3372 830 3425 enim
873 3370 1011 3425 norit
1042 3370 1312 3425 hominum
1341 3370 1637 3433 vanitatem,
1675 3380 1725 3425 et
1757 3369 1937 3424 videns
1978 3371 2083 3424 ini-

478 3465 725 3536 quitatem
776 3480 947 3519 nonne
988 3463 1329 3519 considerat?
1368 3463 1491 3534 Ipse
1527 3465 1676 3519 enim
1724 3469 1873 3518 novit
1916 3479 2082 3534 opera

480 3560 814 3631 iniquorum,
847 3569 902 3615 et
932 3558 1124 3615 videns
1152 3558 1357 3628 injusta
1390 3575 1497 3612 non
1526 3556 1787 3628 negligit;
1817 3558 1940 3627 quia
1973 3558 2081 3612 iui-

480 3667 617 3727 quos
642 3663 699 3709 et
724 3652 924 3723 impios
955 3652 1215 3707 vindicat.

560 3745 656 3801 Vir
680 3763 848 3801 vanus
874 3746 930 3800 in
959 3745 1251 3815 superbiam
1283 3744 1520 3816 erigitur,
1564 3751 1614 3797 et
1664 3750 1925 3810 tamquam
1962 3742 2081 3814 pul-

484 3839 590 3895 lum
623 3840 807 3911 onagri
841 3857 895 3893 se
924 3838 1141 3895 liberum
1176 3853 1352 3914 natum
1393 3848 1556 3909 putat.
1591 3839 1732 3894 Dicit
1762 3853 1884 3892 eum
1939 3839 2085 3907 pullo

488 3930 682 4004 onagri
712 3932 973 3996 similem,
1000 3930 1211 3988 ell‘reno
1239 3932 1448 3987 scilicet
1476 3931 1698 3987 animali
1726 3942 1782 3986 et
1808 3944 1944 4000 vago
1972 3947 1987 3983 :
2019 3945 2086 3984 eo

482 4027 628 4099 quod
652 4028 723 4081 ita
750 4026 1032 4082 existimet
1067 4024 1138 4082 de
1167 4040 1228 4082 se
1256 4023 1381 4089 Job,
1414 4026 1506 4095 qui
1542 4026 1609 4081 ad
1648 4023 1863 4080 nullum
1891 4023 2090 4078 debeat

489 4122 793 4190 pertinere.

558 4213 642 4268 Tu
670 4224 844 4268 autem
868 4213 1090 4283 ﬁrmasti
1130 4229 1220 4268 cor
1247 4222 1417 4279 tuum,
1461 4222 1507 4267 et
1537 4210 1831 4284 expandisti
1877 4213 1946 4265 ad
1969 4228 2089 4266 eum

489 4322 677 4362 manus
709 4318 847 4361 tuas.
881 4305 1140 4361 Firmasti
1171 4322 1268 4360 cor
1298 4314 1472 4373 tuum,
1502 4307 1615 4360 ait:
1644 4322 1749 4359 nun
1781 4313 1839 4358 ut
1871 4303 2088 4358 satisfa-

487 4416 648 4458 ceres
683 4405 792 4456 lteo
816 4417 914 4470 per
932 4400 1337 4471 pteniteutiam,
1363 4412 1419 4454 ut
1449 4398 1693 4454 auferret
1715 4400 1923 4467 plagam
1953 4398 2091 4452 lianc

489 4500 786 4567 pessimam
833 4497 887 4549 in
926 4497 1033 4548 tuis
1072 4494 1331 4550 carnibus
1383 4495 1723 4548 saevientem.
1773 4492 2088 4561 Expandisti

2182 1877 2476 1932 emendare
2502 1878 2775 1946 voluerit;
2804 1882 3266 1948 quemmlmndnm
3300 1898 3455 1952 aqum
3487 1883 3617 1937 intra
3648 1899 3748 1936 mo-

2183 1977 2422 2024 mentum
2476 1971 2542 2024 ad
2598 1971 2716 2025 loca
2774 1972 2884 2025 alia
2936 1972 3274 2039 dilbuntur,
3332 1982 3389 2028 et
3440 1974 3513 2027 ita
3551 1974 3749 2028 omnino

2182 2062 2422 2133 abstergi
2473 2062 2543 2116 ab
2587 2079 2655 2118 eo
2704 2077 2869 2131 posse
2925 2066 3099 2135 plaga:
3147 2064 3307 2134 lmjns
3363 2065 3633 2121 miseriam
3662 2083 3673 2120 :
3701 2074 3751 2121 ut

2184 2172 2405 2237 prorsus
2437 2158 2586 2211 tenui
2633 2160 2900 2213 memoria
2934 2158 3257 2214 recordetur
3280 2157 3424 2228 ejus,
3456 2158 3606 2229 quasi
3648 2171 3752 2229 qua

2182 2266 2291 2306 neu
2326 2251 2509 2305 fuerit.

2257 2341 2325 2395 lt‘t
2356 2344 2507 2409 quasi
2536 2344 2862 2397 meridianus
2888 2340 3067 2414 [algor
3099 2351 3372 2415 consurget
3398 2342 3496 2396 tibi
3516 2343 3581 2395 ait
3603 2356 3757 2407 respe-

2181 2455 2314 2492 ram.
2353 2438 2418 2491 Et
2447 2455 2561 2491 cum
2590 2448 2638 2491 te
2658 2447 3016 2510 consumptum
3048 2438 3333 2509 putaveris,
3376 2438 3557 2491 oricris
3583 2446 3635 2489 ut
3660 2434 3756 2489 Luc

2183 2532 2332 2602 cifer.
2387 2530 2762 2601 Spiritualiter
2808 2532 2889 2585 sic
2942 2531 3169 2600 intelligi
3222 2538 3451 2600 potest:
3495 2538 3759 2598 consurget

2185 2625 2280 2679 tibi
2316 2624 2381 2678 ad
2413 2638 2720 2693 vesperam,
2761 2622 2811 2676 id
2850 2637 2951 2688 est,
3000 2625 3053 2677 in
3105 2622 3582 2677 coiisummatiune
3623 2620 3758 2674 Iaho-

2187 2735 2305 2775 rum
2339 2719 2606 2773 malorum
2654 2729 2891 2782 luctum,
2924 2717 3231 2771 considatiu
3291 2716 3374 2770 sol
3416 2714 3639 2784 justitia:
3677 2708 3760 2767 tibi

2182 2815 2439 2869 Christus
2477 2814 2734 2868 adveniet
2768 2830 2782 2866 :
2816 2814 2933 2867 sive
2967 2822 3105 2882 pust.
3136 2819 3371 2866 "mrtem
3402 2824 3687 2878 resurgens
3715 2808 3759 2861 in

2182 2911 2434 2979 gloriam.
2462 2908 2594 2962 Item
2637 2906 2816 2973 aliter,
2851 2907 3012 2960 etiam
3047 2906 3098 2959 in
3129 2904 3232 2959 hoc
3281 2904 3513 2959 interitu
3554 2912 3643 2958 tuo
3669 2916 3763 2971 quo

2183 3002 2425 3074 quotidie
2454 3010 2600 3054 tanta
2642 2998 2937 3070 putredine
2975 2997 3341 3058 contabescis.
3377 3007 3432 3050 et
3477 2996 3684 3058 deﬂuis,
3711 3002 3761 3048 ut

2180 3097 2291 3169 jam
2323 3095 2548 3151 omnino
2579 3106 2961 3160 consumptum
3013 3103 3064 3147 te
3109 3091 3399 3146 arbitreris
3434 3108 3449 3145 :
3483 3091 3530 3145 si
3565 3088 3763 3155 feceris,

2134 3224 2148 3237 ι
2186 3208 2305 3263 qui:
2334 3191 2444 3260 jam
2493 3190 2626 3251 dixi,
2671 3204 2734 3243 ex
2786 3186 2960 3242 nihilo
3014 3188 3241 3240 cumino
3274 3188 3605 3256 penitusque
3654 3197 3768 3238 con-

2185 3292 2428 3353 sumpto,
2459 3294 2688 3352 repente
2713 3278 2912 3335 orieris
2936 3279 3266 3343 ntLuciier;
3292 3279 3381 3348 qui
3415 3294 3516 3347 per
3547 3276 3768 3332 occultas

2185 3390 2380 3431 cursus
2411 3374 2495 3429 sui
2539 3387 2711 3429 metas
2751 3372 2933 3443 polum
2958 3370 3238 3430 {circuiens
3265 3412 3281 3435 ,
3330 3381 3458 3440 post
3508 3368 3767 3426 biennium

2188 3472 2242 3525 in
2277 3471 2448 3540 ipsius
2477 3483 2690 3522 aurora:
2725 3466 2890 3520 rutilo
2918 3464 3116 3518 dmitnr
3143 3477 3435 3533 apparere.
3478 3462 3554 3517 Ita
3575 3476 3692 3531 ergo
3723 3466 3772 3513 et

2188 3566 2286 3620 tibi
2338 3572 2458 3634 post
2508 3570 2748 3627 noctem,
2803 3567 2859 3613 et
2911 3559 3164 3612 tenebras
3217 3556 3509 3611 densiores
3561 3552 3767 3610 diutime

2190 3647 2505 3712 teutatioiiis
2534 3653 2695 3709 istius
2724 3673 2736 3709 :
2769 3651 2817 3706 si
2845 3651 3033 3719 culpas
3060 3660 3178 3703 tuas
3207 3647 3558 3717 cognoveris,
3587 3644 3771 3718 poterit

2188 3750 2429 3807 evenire.

2260 3842 2331 3898 Et
2371 3842 2581 3897 habebis
2610 3841 2859 3911 ﬁduciam
2903 3837 3172 3911 proposita
3205 3836 3296 3889 tibi
3324 3851 3441 3904 spe,
3477 3844 3524 3887 et
3552 3832 3775 3903 defossus

2190 3954 2402 3994 securus
2426 3937 2676 3991 dormies.
2719 3934 3053 4005 Requiesces,
3080 3943 3125 3987 ct
3155 3949 3259 3985 non
3289 3932 3383 3984 erit
3419 3930 3514 4002 qui
3548 3937 3596 3981 te
3623 3937 3776 3980 exter-

2191 4042 2323 4088 reat.
2371 4031 2439 4086 Et
2462 4029 2873 4103 deprecabuntur
2902 4028 3087 4099 furiam
3117 4036 3259 4078 latim
3288 4023 3530 4091 plurimi.
3551 4017 3783 4076 Habebis

2148 4106 2151 4109 I
2196 4127 2337 4180 hanc
2365 4125 2636 4189 fiduciam,
2676 4132 2732 4173 ιιι
2777 4119 3028 4174 defossus
3059 4119 3112 4170 in
3166 4127 3363 4179 morte,
3398 4122 3690 4181 certusque
3718 4109 3778 4161 de

2199 4218 2609 4274 resurrectione
2637 4214 2886 4277 allectus,
2922 4226 3147 4265 securus
3183 4209 3448 4271 dormias,
3483 4205 3778 4276 requiescas

2196 4318 2249 4368 in
2283 4313 2523 4376 inferno,
2551 4308 2600 4362 in
2626 4324 2721 4378 spe
2743 4315 2910 4361 reita:
2937 4307 3051 4373 Spei
3081 4310 3436 4365 corrsnmtns,
3470 4305 3532 4353 et
3560 4312 3665 4350 non
3686 4294 3778 4348 erit

2195 4407 2312 4463 illic
2338 4405 2478 4461 plus
2509 4414 2680 4456 toi-tur
2712 4398 3062 4455 adrersarius
3093 4396 3369 4456 inimicus,
3401 4390 3498 4461 qui
3531 4402 3582 4444 te
3613 4398 3781 4443 exter-

2202 4510 2340 4566 reat,
2366 4508 2421 4553 et
2442 4497 2537 4551 tibi
2561 4510 2748 4566 poenas
2773 4491 3071 4547 infernales
3091 4487 3320 4557 inﬂigat,
3350 4487 3447 4539 sed
3471 4483 3652 4557 potius
3676 4479 3780 4549 qui-

485 4593 556 4648 a“
603 4608 727 4649 eum
762 4608 959 4649 "limus
991 4604 1111 4647 “las
1140 4608 1153 4646 ε
1190 4592 1242 4649 id
1290 4600 1395 4655 εει.
1430 4591 1567 4645 Γ³¹δ³
1597 4606 1825 4657 OI'erum
1875 4592 2090 4654 "terti".
2122 4580 2170 4632 υ
2197 4609 2431 4664 cumque
2465 4601 2611 4659 sunt,
2648 4602 2837 4659 preces
2883 4585 2975 4639 tibi
3020 4582 3297 4654 supplices
3343 4580 3598 4647 fundent,
3631 4573 3780 4628 uicis

487 4701 591 4741 ore
619 4687 912 4755 vaniIano
941 4684 1183 4740 dilatasti
1221 4703 1234 4737 :
1284 4687 1409 4753 quia
1448 4684 1632 4739 multis
1674 4682 1830 4750 locis,
1873 4684 2093 4736 nomine

492 4796 776 4847 manuum,
810 4795 978 4847 Opera
1008 4778 1393 4849 designantur.

566 4872 630 4929 Si
668 4873 989 4944 iniquitatem
1017 4887 1134 4943 qum
1162 4879 1234 4926 est
1289 4872 1344 4924 in
1395 4886 1551 4923 manu
1601 4876 1707 4929 tua.
1742 4867 2018 4922 abstuleris
2063 4884 2096 4921 (ι

487 4978 560 5034 te,
587 4976 760 5021 etnon
794 4966 1041 5018 manserit
1084 4964 1138 5018 in
1170 4963 1502 5017 tabernaculo
1537 4972 1625 5016 tuo
1648 4962 1928 5035 injustitia.
1959 4960 2093 5014 Cum

489 5061 923 5131 exprobratione
951 5057 1134 5124 arguit
1166 5055 1292 5122 Job,
1327 5056 1520 5110 dicens
1550 5072 1568 5108 :
1601 5053 1657 5109 Si
1688 5053 1945 5123 iniquitas
1974 5065 2096 5121 qum

488 5168 574 5213 est
609 5157 664 5211 in
695 5169 862 5210 mauu
889 5153 1075 5223 operis
1112 5151 1214 5219 tui,
1245 5159 1301 5204 et
1342 5148 1607 5219 injustitia
1640 5145 1693 5201 in
1744 5145 2096 5201 tabernaculo

490 5251 683 5308 cordis
709 5249 788 5305 tui
813 5265 919 5304 non
950 5246 1238 5303 manserit.

568 5345 710 5400 Tunc
741 5346 915 5399 levare
940 5342 1132 5417 poteris
1167 5341 1355 5410 {aciem
1389 5346 1530 5390 tuam
1566 5334 1757 5405 absque
1786 5334 2016 5400 macula,
2050 5341 2098 5386 et

485 5440 592 5496 eris
617 5437 844 5508 stabilis,
876 5447 924 5492 et
951 5453 1051 5490 non
1087 5433 1310 5488 timebis.
1339 5431 1597 5484 Sanctam
1634 5425 1889 5479 videlicet
1915 5426 2091 5495 possi-

489 5533 629 5588 dens
684 5530 1118 5594 conscientiam,
1170 5534 1225 5579 et
1292 5522 1521 5576 liberam
1580 5518 1647 5573 ad
1691 5517 2090 5587 deprecandum

494 5625 665 5681 Deum
691 5623 911 5692 erigens
940 5619 1134 5675 faciem
1170 5626 1339 5671 tuam.
1371 5614 1506 5668 Cain
1545 5609 1689 5665 enim
1723 5609 2008 5664 fratricida
2038 5610 2091 5664 in

493 5730 642 5774 terra
671 5715 808 5771 Naid
838 5713 1126 5774 habitavit,
1160 5709 1213 5764 id
1237 5720 1344 5773 est,
1378 5705 1653 5761 instabilis
1682 5701 1858 5757 factus
1888 5712 1993 5756 est.
2017 5702 2094 5758 Ne

483 5823 619 5887 ergo
639 5817 698 5871 et
719 5806 827 5871 Job
849 5802 1169 5880 hujusmodi
1190 5799 1552 5879 supplicium,
1581 5810 1748 5871 super
1777 5801 1958 5852 morte
1988 5809 2089 5854 sua

2205 4687 2426 4745 tartarei
2453 4685 2725 4741 cruciatus
2757 4680 2833 4735 tui
2860 4678 3204 4734 orationibus
3250 4681 3650 4743 temperentur.

2274 4783 2427 4838 Oculi
2452 4787 2623 4833 autem
2654 4777 2931 4841 impiorum
2966 4773 3220 4837 deﬁcient.
3250 4777 3299 4822 et
3329 4767 3585 4839 effugium
3611 4758 3784 4837 peribit

2200 4880 2262 4934 ab
2293 4880 2386 4947 eis,
2419 4886 2467 4929 et
2494 4890 2607 4945 spes
2638 4871 2849 4925 illorum
2888 4864 3203 4920 abominatio
3228 4863 3437 4915 animae.
3464 4859 3520 4914 Id
3556 4864 3661 4922 est,
3701 4868 3787 4907 ex—

2201 4969 2467 5043 Spcetatio
2491 4965 2771 5021 hominum
2799 4960 3088 5031 impiorum
3122 4956 3225 5010 hoc
3255 4956 3361 5008 line
3388 4949 3746 5007 concludetur
3767 4957 3787 4997 :

2200 5078 2260 5123 ut
2290 5068 2344 5119 in
2374 5074 2623 5130 tempore
2654 5057 2845 5110 aliena:
2886 5054 3100 5123 gloria‘,
3151 5049 3249 5117 ipsi
3284 5064 3390 5102 non
3422 5043 3789 5106 absolutionc,

2202 5160 2298 5218 sed
2329 5151 2736 5213 abominatiunc
2776 5148 2923 5219 digni
2956 5144 3321 5200 inveniantur.

2808 5280 3036 5341 CAPUT
3075 5278 3191 5335 XII.

2277 5403 2615 5477 Respondeas
2637 5408 2812 5453 autem
2857 5393 2979 5460 Job,
3013 5391 3146 5447 dixit
3178 5406 3196 5444 :
3233 5388 3377 5461 Ergo
3425 5404 3517 5443 nos
3548 5386 3671 5442 estis
3704 5378 3792 5438 soli

2198 5476 2453 5564 homines,
2486 5507 2533 5550 et
2559 5492 2819 5548 uobiscum
2849 5487 3103 5542 morietur
3131 5482 3436 5555 sapientia?
3475 5478 3551 5533 Et
3572 5476 3699 5532 milii
3724 5481 3792 5527 est

2198 5614 2287 5653 cor
2325 5594 2459 5649 sicut
2514 5601 2561 5646 et
2616 5586 2758 5641 robis
2807 5599 2827 5639 :
2882 5598 2972 5636 nec
3022 5578 3239 5650 inferior
3279 5575 3432 5630 vestri
3480 5589 3627 5627 sum.
3674 5565 3796 5635 Quis

2197 5695 2333 5753 enim
2365 5691 2477 5745 lucc
2506 5702 2619 5760 qua:
2640 5685 2802 5738 nostis
2829 5677 3083 5751 ignorat?
3111 5674 3214 5741 Qui
3243 5671 3510 5726 deridetur
3539 5668 3607 5722 ab
3637 5662 3795 5760 ant-ica

2196 5805 2291 5847 suo
2314 5788 2445 5845 sicut
2474 5753 2591 5857 θέο,
2628 5772 2886 5835 invocabit
2913 5770 3106 5840 Deum,
3146 5775 3194 5824 et
3222 5763 3459 5825 exaudiet
3511 5775 3661 5821 sunt.
3696 5753 3796 5823 De-
