3948 6334
228 270 312 329 685

1124 258 1601 319 COMMENTARH
1641 256 1709 315 lN
1750 254 2010 313 LlBRUiI
2052 256 2195 314 JOB.
2236 256 2393 313 CAP.
2436 254 2552 312 XII.

3377 256 3487 319 646

227 391 400 444 ridetur
426 386 558 441 enim
595 386 738 460 justi
774 384 1101 459 simplicitas.
1146 383 1257 437 iluc
1304 390 1387 435 est
1424 379 1628 443 dicere,
1657 375 1783 448 quid
1813 376 1864 435 A
1893 374 2118 438 inferni,
2152 384 2206 429 el
2249 373 2525 429 diabolum
2569 372 2860 429 habentem
2894 382 3214 444 potestatem
3265 375 3482 447 mortis,

223 498 303 538 vos
330 492 526 535 tantum
577 477 757 534 dicitis
797 480 1094 547 sapientes,
1129 483 1188 530 et
1233 473 1431 544 putatis
1467 470 1609 543 quod
1664 480 1784 540 post

221 588 300 630 vos
321 572 493 629 nullus
519 570 624 628 erit
654 569 916 640 sapiens?

276 663 492 735 Lampus
530 672 829 736 contempta
874 660 1015 734 apud
1064 661 1397 731 cogitationes
1437 659 1652 711 divitum
1691 673 1786 729 pa-

216 759 397 817 rataad
426 768 625 831 tempus
655 766 923 812 statutum.
962 754 1241 810 Abundant
1272 752 1606 807 tabernacula
1650 766 1785 820 pra:-

217 854 408 923 domtnt,
448 860 495 906 et
522 852 772 905 audacter
798 858 1081 924 provocant
1118 846 1309 913 Deum,
1349 863 1464 900 cum
1492 845 1600 910 ipse
1626 843 1783 898 dede--

217 948 273 1003 rit
296 946 458 1001 omnia
504 944 561 999 in
590 960 779 998 manus
821 959 1019 997 eorum.
1053 940 1386 1009 Lampatiem
1424 954 1486 994 se
1540 944 1783 991 contem-

218 1046 341 1110 ptam
370 1051 400 1092 a
427 1035 689 1091 divitibus
730 1034 859 1090 dicit
896 1053 910 1087 :
956 1034 1142 1103 utique
1172 1030 1440 1101 superbos
1470 1044 1567 1084 eos
1612 1027 1781 1081 deno-

219 1139 341 1195 tans,
366 1144 430 1185 eo
454 1128 599 1200 quod
634 1128 981 1199 despicerent
1001 1143 1125 1181 eum
1151 1124 1408 1180 afﬂictum
1430 1122 1778 1186 cruciatibus,

222 1231 269 1278 et
302 1221 651 1292 despectione
701 1219 1164 1292 propianorutn;
1209 1218 1299 1289 qui
1352 1226 1529 1273 tamen
1573 1230 1782 1285 magna:

220 1314 345 1382 ﬁdei,
372 1322 426 1370 et
450 1313 723 1369 bonorum
754 1328 985 1383 operum
1016 1312 1137 1367 oleo
1161 1312 1493 1365 intrinsecus
1524 1308 1777 1380 tulgebat.

218 1406 326 1464 Sive
350 1406 508 1463 etiam
551 1406 761 1476 lampas
809 1416 1123 1475 contempta
1160 1422 1190 1459 a
1214 1403 1494 1470 divitibus,
1528 1403 1782 1458 Citt‘iSlUs

218 1499 473 1566 aludzeis,
517 1504 608 1571 qui
647 1515 879 1571 surgens
913 1516 943 1555 a
983 1499 1213 1554 mortuis
1259 1498 1551 1568 splendore
1590 1497 1780 1568 gratiae

217 1606 316 1647 sua:
355 1592 681 1646 illuminavit
720 1592 1040 1648 universum
1074 1591 1361 1645 mundum.
1399 1589 1602 1643 Divites
1650 1603 1783 1642 veto

214 1685 317 1740 ideo
339 1683 501 1740 Judaei
531 1684 667 1741 dicti
711 1695 861 1749 sunt,
889 1685 1013 1754 quia
1040 1689 1371 1753 acceperunt
1397 1681 1614 1751 eloquia
1659 1680 1776 1735 Dei.

275 1775 516 1831 Nimirum
548 1778 811 1849 interroga
833 1780 1094 1850 juinenta,
1132 1784 1183 1829 et
1225 1774 1476 1828 docebunt
1506 1784 1575 1839 te,
1609 1788 1657 1828 et
1685 1790 1769 1826 ro-
1808 1770 1856 1833 Β
1883 1766 2108 1823 Inclusit
2160 1768 2301 1824 Deus
2354 1769 2468 1825 Noe
2520 1770 2573 1825 in
2631 1770 2838 1826 diluvio
2885 1789 2899 1825 :

217 1867 363 1923 iutilia
406 1867 551 1935 cteli,
609 1879 656 1922 et
709 1866 1014 1922 indicabunt
1054 1868 1166 1921 tibi.
1226 1866 1462 1938 Loquere
1508 1877 1678 1931 terrte,
1728 1874 1777 1919 et

211 1962 507 2033 respondebit
560 1961 683 2032 tibi,
751 1973 797 2017 et
844 1959 1132 2016 narrabant
1182 1962 1346 2032 pisces
1398 1963 1576 2014 maris.
1649 1959 1779 2024 Quis

210 2057 388 2128 ignorat
414 2054 549 2127 quod
580 2056 757 2110 omnia
806 2054 916 2109 haec
956 2071 1144 2108 manus
1190 2052 1405 2111 Domini
1445 2054 1668 2122 fecerit?
1708 2052 1777 2107 In

208 2149 338 2218 cujus
362 2163 514 2201 manu
533 2148 713 2201 aninta
735 2148 905 2201 omnis
932 2146 1164 2213 viventis,
1198 2158 1246 2200 et
1290 2146 1504 2217 spiritus
1528 2146 1779 2199 universa:

208 2241 357 2294 carnis
382 2241 620 2295 hominis.
664 2238 856 2295 Nonne
885 2240 1028 2293 auris
1050 2242 1198 2294 verba
1227 2239 1502 2310 dijudicat,
1527 2249 1574 2294 et
1603 2241 1777 2308 fauces

206 2335 490 2389 comedenti:
515 2335 795 2405 saporem?
826 2332 891 2389 lit
931 2333 1159 2404 antiquis
1190 2344 1263 2387 est
1306 2334 1580 2405 sapientia,
1629 2344 1676 2388 et
1722 2334 1776 2387 in

206 2425 346 2480 multo
365 2435 592 2495 wmpore
632 2426 930 2495 prudentia.
984 2425 1144 2492 Apud
1173 2425 1344 2495 ipsum
1386 2436 1459 2479 est
1492 2427 1770 2494 sapientia,

205 2528 247 2574 et
268 2520 527 2590 fortitudo,
560 2531 608 2575 et
631 2521 741 2590 ipse
761 2519 915 2574 habet
943 2520 1238 2584 consilium,
1277 2531 1324 2574 et
1353 2518 1773 2593 intelligentiam.

204 2614 337 2678 Quod
372 2614 551 2669 omnia
581 2614 648 2669 ad
678 2613 774 2669 Dei
808 2612 1207 2682 providentiam
1242 2624 1296 2666 et
1326 2612 1774 2682 gubernatioiiem

206 2705 507 2776 pertineant,
540 2708 705 2761 etiam
753 2721 874 2777 quae
903 2705 1297 2761 irrationabilia
1345 2715 1506 2775 atque
1535 2705 1773 2760 insensi-

205 2795 313 2853 hilia
339 2808 486 2865 sunt,
509 2799 744 2870 quadam
776 2799 987 2854 ratione
1011 2798 1255 2853 veritatis
1289 2798 1614 2868 interrogata
1664 2815 1778 2851 res-

204 2890 440 2959 pondent.
483 2889 803 2946 Secundum
841 2890 1132 2962 mysticum
1159 2890 1494 2945 intellectum
1544 2901 1778 2960 possunt

204 2985 429 3038 inquines
468 2982 756 3051 inconditi,
804 2994 861 3038 et
911 2981 1313 3037 irrationabiles
1365 2982 1641 3047 moribus,
1691 2981 1779 3051 juo

204 3086 363 3130 menta
397 3075 647 3146 intelligi.
684 3074 938 3131 Volatilia
977 3091 1111 3130 vero
1153 3075 1528 3146 intelliguntur
1569 3076 1776 3128 danun-

1887 488 2059 542 regno
2075 472 2465 527 dominationis
2483 469 2757 541 deposuit.
2782 470 3057 525 Destruxit
3079 470 3223 526 Deus
3236 470 3486 527 Christus

1888 561 2058 635 igitur
2085 577 2344 632 mortem,
2370 562 2497 617 dum
2529 563 2699 633 ipsam
2726 569 2786 617 ut
2814 562 2867 617 in
2895 577 2958 617 ea
2984 566 3118 617 mori
3144 562 3485 634 dignaretur,

1887 657 2149 726 suscepit,
2180 665 2237 711 et
2266 656 2394 710 dum
2441 656 2494 711 in
2528 670 2693 710 cruce
2721 653 2993 710 destruxit
3019 670 3220 726 corpus
3249 654 3482 726 peccati,

1887 761 2131 807 veterem
2155 750 2434 807 hominem
2466 760 2714 804 nostrum
2744 749 2856 805 illic
2886 748 3303 806 interﬁcientem
3331 765 3487 820 pere-

1887 844 1983 899 mit
2018 861 2031 897 :
2072 854 2130 899 ut
2156 844 2296 899 viam
2330 841 2487 899 nobis
2511 841 2563 898 in
2597 850 2863 899 :eteruum
2901 842 3238 899 restitueret.
3266 841 3357 899 Sic
3387 844 3488 899 ita-

1887 952 1992 1006 que
2020 936 2290 992 destruxit
2320 945 2574 1003 mortem,
2608 946 2665 991 et
2694 935 3016 992 illuminavit
3044 937 3211 993 vitam
3246 954 3261 992 :
3295 953 3484 1008 perse-

1885 1028 2169 1100 quentium
2209 1028 2510 1085 Ecclesium
2542 1030 2811 1085 destruxit
2850 1029 3111 1097 consilia,
3142 1032 3483 1087 molientium

1888 1130 1945 1174 ut
1983 1135 2179 1176 nomen
2209 1120 2327 1190 ejus
2350 1120 2656 1176 ell'oderent
2693 1121 2764 1176 de
2795 1121 2897 1176 sub
2938 1122 3101 1193 cmln,
3134 1122 3306 1179 Judtei
3337 1126 3486 1181 scili-

1886 1222 1972 1266 cet
2003 1219 2061 1267 ct
2087 1222 2299 1283 gentes.
2330 1212 2609 1268 Destruxit
2640 1211 2892 1282 dogmata
2914 1257 2929 1281 ,
2963 1223 3018 1269 et
3054 1214 3304 1272 diversos
3330 1234 3488 1273 erro-

1887 1319 1974 1359 res
2024 1304 2403 1359 haereticorum
2455 1303 2524 1359 ab
2571 1304 2863 1360 Ecclesia:
2908 1305 3280 1363 indisSolubili
3320 1318 3485 1367 recte

1886 1394 2011 1451 ﬁdei
2040 1396 2272 1452 aedilicio
2306 1415 2317 1451 :
2344 1397 2413 1452 de
2443 1397 2644 1468 quibus
2671 1396 2933 1453 Salomon
2963 1416 2975 1452 :
3006 1396 3249 1455 Civitates
3269 1402 3483 1474 fortium

1884 1490 2114 1544 ascendit
2134 1491 2360 1558 sapiens,
2382 1500 2431 1546 et
2447 1491 2699 1546 destruxit
2721 1490 3030 1547 munitiones
3050 1494 3185 1567 ejus.
3205 1494 3486 1554 Destruxit

1885 1591 1941 1637 et
1970 1598 2184 1637 omnem
2217 1583 2421 1638 cultum
2455 1583 2746 1638 idolorum.

1959 1673 2022 1730 Si
2077 1674 2346 1730 incluserit
2405 1675 2699 1745 hominem,
2758 1678 2938 1734 nullus
2990 1688 3063 1733 est
3111 1681 3202 1753 qui
3263 1685 3483 1753 aperiat.

2955 1770 3057 1827 Lot
3122 1774 3177 1829 in
3238 1777 3407 1848 Segor
3465 1795 3479 1834 :

1881 1859 2075 1916 Jonam
2133 1861 2189 1916 in
2239 1872 2432 1918 ventre
2469 1861 2577 1918 ceti
2628 1879 2644 1917 :
2699 1861 2992 1920 Jeremiam
3047 1877 3101 1923 et
3152 1867 3360 1925 Baruclt
3414 1886 3483 1929 ne

1882 1950 2283 2008 invenirentur.
2341 1953 2568 2009 includit
2606 1997 2621 2023 ,
2679 1964 2733 2011 et
2782 1956 2907 2012 illos
2970 1956 3040 2014 de
3100 1959 3295 2031 quibus
3349 1964 3484 2019 dici-

1884 2056 1969 2101 tur
2020 2064 2034 2101 :
2095 2045 2345 2103 Intmittct
2404 2048 2651 2122 angelum
2705 2067 2857 2106 suum
2921 2052 2974 2108 in
3031 2055 3251 2111 circuitu
3301 2059 3485 2113 timen—

1882 2136 2010 2191 tium
2045 2154 2194 2205 eum,
2248 2149 2298 2195 et
2342 2140 2524 2211 eripiet
2565 2157 2672 2196 eos.
2716 2141 2845 2199 Sive
2881 2144 2985 2200 sub
3025 2150 3292 2203 sententia
3336 2166 3481 2207 mor-

1883 2228 1953 2284 tis
1972 2228 2186 2299 judicio
2222 2230 2318 2286 Dei
2354 2232 2590 2303 positum
2637 2235 2912 2291 hominem
2947 2242 3068 2309 quis
3108 2250 3286 2311 potest
3322 2227 3482 2299 revo-

1881 2325 2045 2380 care?
2076 2324 2323 2382 Inclusus
2351 2338 2435 2383 est
2460 2326 2671 2383 Pharao
2712 2329 2764 2384 in
2804 2330 3002 2387 mediis
3042 2336 3245 2406 aquis:
3284 2336 3479 2394 inclusi

1882 2426 2011 2471 sunt
2044 2417 2257 2472 Datltan
2290 2425 2346 2474 et
2374 2419 2577 2474 Abiron
2607 2421 2714 2474 vivi
2750 2422 2801 2476 in
2838 2421 3059 2478 inferno
3092 2442 3107 2479 :
3136 2426 3367 2496 papulas
3394 2429 3476 2485 ls-

1881 2514 1994 2566 rael
2035 2513 2089 2568 in
2117 2528 2309 2568 eremo
2340 2529 2439 2585 per
2477 2514 2837 2585 quadraginta
2873 2534 3047 2573 annos
3090 2520 3330 2576 inclusus
3371 2533 3478 2580 est.

1881 2602 2106 2659 Includit
2152 2609 2292 2661 Deus
2338 2606 2617 2663 hominem
2666 2610 3110 2667 tribulationibus
3168 2630 3478 2685 excoquen-

1878 2696 2005 2751 dum
2039 2716 2051 2752 :
2082 2711 2170 2753 aut
2201 2711 2352 2756 certe
2377 2703 2820 2771 correptionibns
2863 2704 3247 2776 negotiandum
3281 2726 3475 2779 pecca-

1882 2802 2058 2847 torem
2095 2792 2264 2863 cingit
2293 2803 2353 2849 ut
2397 2796 2669 2850 emendet.
2703 2795 2836 2863 Quis
2867 2809 2951 2852 est
2983 2802 3071 2869 qui
3114 2800 3326 2869 coiiiam
3372 2804 3473 2861 de-

1880 2888 2117 2944 clinandi
2138 2890 2302 2945 veluti
2330 2893 2620 2962 quemdam
2652 2894 2858 2950 aditum
2889 2896 3121 2967 aperiat,
3154 2908 3211 2952 ut
3239 2903 3472 2955 evadat:

1879 2983 2019 3037 sicut
2048 2985 2162 3054 ipse
2189 2983 2312 3049 Job,
2343 2987 2433 3054 qui
2467 2987 2543 3040 ait
2571 3005 2583 3039 :
2613 2988 2893 3044 Conclusit
2917 3006 3003 3046 mc
3035 2992 3174 3048 Deus
3197 2995 3339 3064 apud
3369 2994 3475 3049 itii-

1878 3091 2067 3144 quum,
2117 3084 2173 3130 et
2219 3077 2469 3132 manibus
2522 3078 2811 3149 impiorum
2860 3084 3080 3139 tradidit
3132 3100 3241 3141 me.
3285 3087 3472 3143 Putest

204 3183 307 3234 nes,
336 3167 448 3224 sive
494 3170 665 3233 leves,
710 3178 767 3223 et
811 3167 945 3223 elati
983 3169 1231 3222 homines
1261 3181 1324 3221 ac
1377 3168 1595 3238 superbi
1624 3184 1638 3220 :
1681 3181 1776 3223 aut
1804 3166 1847 3229 (ᾖ
1880 3169 2043 3225 homo
2071 3170 2172 3225 hoc
2208 3171 2332 3226 loco
2362 3172 2608 3229 diabolus
2640 3176 2869 3246 intelligi
2918 3194 2932 3233 :
2962 3180 3051 3248 qui
3081 3195 3205 3235 cum
3238 3180 3478 3237 inclusus

200 3271 336 3318 certe
373 3263 657 3333 astrologi.
689 3260 861 3317 Terra
909 3263 1217 3331 voltiptuosi
1250 3263 1520 3330 homines,
1572 3271 1628 3316 et
1656 3276 1777 3316 car-

200 3355 361 3425 nales,
404 3356 494 3427 qui
539 3364 757 3411 terrena
800 3356 1039 3426 sapiunt.
1086 3354 1298 3422 i’isccs,
1352 3356 1679 3425 philosOpbi,
1724 3363 1778 3409 et

198 3462 371 3503 eorum
398 3451 629 3517 similes,
666 3450 756 3520 qui
786 3450 855 3504 de
882 3449 1047 3503 rebus
1078 3451 1288 3515 mundi,
1310 3458 1364 3504 et
1394 3449 1513 3520 ejus
1541 3450 1776 3520 qualita-

198 3540 328 3596 tibus
350 3543 689 3614 inquirendis
721 3543 875 3597 nimii
907 3551 1052 3597 sunt.
1088 3543 1259 3597 Aliter
1297 3561 1308 3596 :
1338 3541 1615 3610 Jumenta,
1651 3541 1776 3613 equi

195 3631 315 3688 boni
342 3644 487 3705 sunt,
521 3652 645 3706 qua:
678 3634 934 3689 animalia
979 3635 1030 3689 itt
1064 3632 1383 3689 haareditate
1428 3632 1640 3689 Domini
1678 3636 1777 3688 ba-

191 3722 429 3782 bitabuut
456 3744 471 3782 :
499 3726 702 3799 quibus
733 3725 914 3798 pluvia
948 3725 1251 3781 voluntaria
1285 3726 1557 3797 Evangelii
1590 3726 1659 3781 ab
1690 3727 1776 3781 in-

193 3818 417 3875 credulis
434 3829 719 3892 segregata
743 3828 851 3876 est.
878 3818 1137 3875 Volucres
1157 3835 1286 3874 vero
1306 3829 1431 3873 sunt
1451 3820 1540 3890 qui
1560 3835 1774 3873 sursuut

191 3911 352 3968 corda
398 3912 622 3981 habent,
667 3924 724 3969 et
771 3912 1016 3969 cmleSIia
1060 3922 1498 3981 Concuptseuttt;
1548 3911 1633 3967 vel
1683 3911 1776 3981 qui

194 4009 400 4061 obviam
430 4005 650 4062 Christo
682 4010 733 4061 in
768 4022 897 4061 aere
927 4022 994 4060 ex
1027 4005 1257 4059 tnortuis
1289 4005 1411 4058 ituri
1442 4013 1566 4059 sunt
1598 4020 1612 4059 :
1644 4018 1776 4057 cara

186 4113 490 4156 sanctorum
520 4103 833 4157 rectissime
867 4099 1204 4169 intelligitur.
1232 4115 1351 4167 ίιιυθ
1381 4115 1421 4152 τι
1442 4107 1643 4166 gnante
1678 4098 1778 4149 ltn'

187 4197 354 4264 mino,
382 4198 703 4253 exsultabit.
732 4197 918 4250 Piscosi
939 4210 1066 4247 vero
1090 4196 1178 4259 qui
1202 4194 1342 4248 inter
1366 4193 1562 4247 ﬂuctus
1589 4192 1774 4247 niUndi

190 4290 350 4346 istius
378 4300 838 4361 tempestatesque
878 4297 1150 4351 natantes,
1194 4297 1303 4340 tuta
1338 4287 1440 4339 sibi
1474 4285 1591 4339 loca
1621 4294 1778 4338 teter-

184 4383 373 4437 nitatis
402 4394 454 4438 et
482 4383 662 4455 quieta
696 4381 1057 4452 prosmciunt.
1102 4378 1194 4435 Vel
1236 4378 1313 4433 illi
1356 4379 1531 4449 pisces
1576 4378 1776 4433 intelli-

179 4476 348 4547 gendi
390 4488 548 4549 sunt,
583 4477 676 4548 qui
730 4492 825 4547 per
872 4490 1065 4545 aquam
1116 4473 1283 4528 vitam
1326 4473 1637 4541 accipiunt;
1682 4474 1769 4542 qui

1879 3261 2042 3318 fuerit
2068 3264 2121 3319 in
2156 3265 2392 3332 interno,
2429 3282 2529 3323 nec
2551 3282 2612 3323 se
2634 3269 2748 3338 ipse
2772 3267 3049 3339 liberavit,
3079 3274 3168 3343 qui
3198 3287 3258 3329 se
3277 3283 3476 3332 contra

1878 3358 2047 3415 Deum
2078 3358 2432 3415 fortissimum
2461 3361 2863 3419 detestabiliter
2889 3364 3211 3423 arbitratur.

1951 3452 2013 3508 Si
2039 3454 2349 3509 continuerit
2374 3472 2568 3524 aquas,
2604 3457 2782 3511 omnia
2813 3459 3176 3528 siccabuntur,
3207 3470 3254 3516 et
3281 3464 3325 3517 si
3353 3464 3478 3518 cmi-

1878 3545 2002 3601 serit
2029 3562 2149 3611 eas,
2180 3547 2474 3602 subvertent
2514 3557 2724 3603 terrain.
2759 3550 2915 3619 Quod
2956 3552 3153 3608 factum
3196 3555 3299 3610 sub
3338 3556 3476 3623 Noe,

1878 3642 2175 3695 secundum
2203 3640 2612 3710 Scripturarum
2650 3643 2811 3698 ﬁdem
2834 3688 2850 3711 ,
2879 3646 3105 3703 minime
3130 3648 3467 3706 dubitamus.

1878 3728 2036 3784 Modo
2058 3746 2187 3787 vero
2212 3731 2573 3803 spiritualiter
2599 3751 2752 3805 aqua:
2775 3735 3152 3794 dm-trinarum
3177 3741 3230 3794 itt
3253 3740 3473 3795 Judzeo-

1881 3837 2003 3877 rum
2041 3822 2255 3895 populis
2276 3826 2649 3892 continentur,
2680 3836 2737 3881 ut
2757 3828 2865 3882 sint
2896 3830 2977 3886 eis
3009 3831 3142 3901 legis
3163 3831 3387 3887 ﬂumina
3422 3835 3477 3890 in

1880 3916 2182 3986 desertum,
2215 3930 2271 3974 et
2321 3920 2499 3977 exitus
2525 3936 2786 3993 aquarum
2833 3924 2885 3979 in
2916 3926 3061 3980 sitim
3097 3944 3109 3980 :
3152 3937 3209 3983 et
3246 3928 3482 3984 habeant

1882 4020 1934 4064 ut
1985 4009 2106 4065 istm
2147 4026 2300 4080 aqua:
2343 4022 2586 4069 terrenas
2631 4016 2958 4085 cupiditates
3005 4027 3167 4086 atque
3208 4022 3475 4092 luxurias,

1879 4110 1934 4155 et
1988 4101 2374 4171 diSperdantur
2411 4119 2475 4158 ac
2515 4106 2903 4177 demoliantur,
2939 4110 2992 4165 in
3023 4121 3172 4166 terra
3219 4112 3482 4171 Ecclesia:

1881 4195 2220 4250 rationabilis
2252 4197 2433 4269 relicta
2467 4199 2700 4268 imagine
2726 4202 2929 4257 terreni
2963 4202 3230 4274 hominis,
3277 4205 3331 4263 in
3363 4209 3481 4279 Spi-

1882 4289 2132 4343 ritualem
2164 4288 2323 4344 vitam
2353 4304 2412 4344 se
2443 4293 2819 4348 convertendo
2849 4297 3157 4366 proﬁciant.

1955 4380 2109 4453 Apud
2157 4383 2326 4451 ipsum
2366 4394 2439 4437 est
2484 4383 2774 4454 fortitudo,
2813 4395 2861 4440 et
2890 4390 3176 4456 sapientia.
3214 4390 3328 4449 Hoc
3372 4406 3480 4462 est,

1893 4470 2064 4527 Filius
2097 4490 2217 4529 cum
2250 4473 2433 4542 Patre,
2467 4487 2521 4530 et
2549 4475 2788 4547 Spiritus
2815 4491 3061 4536 sanctus.

180 4573 467 4628 confestim
500 4573 571 4628 de
615 4571 767 4625 fonte
805 4569 1057 4639 baptismi
1102 4570 1333 4640 migrant
1370 4569 1436 4622 ad
1475 4566 1773 4636 Christum,
1805 4554 1861 4615 ί)
1959 4563 2082 4639 Ipse
2130 4568 2290 4635 uouit,
2323 4577 2371 4622 et
2407 4569 2778 4639 decipientcm,
2826 4583 2876 4626 et
2922 4590 3037 4628 eum
3076 4577 3163 4645 qui
3201 4576 3480 4648 decipitur.

175 4664 298 4719 sive
330 4665 396 4719 ad
429 4665 619 4731 Deum,
651 4674 711 4719 ut
740 4664 830 4717 alii
861 4663 1068 4718 dicunt.

250 4759 317 4813 Si
360 4758 697 4822 destruxerit,
739 4773 889 4810 nemo
931 4756 1119 4827 estqui
1165 4754 1403 4824 wdiﬁcet.
1438 4753 1779 4808 Manili-stunt

173 4862 259 4906 est
293 4850 557 4922 quidquid
593 4850 877 4920 sapientite
906 4863 1017 4903 sua:
1055 4846 1263 4917 judicio
1285 4845 1549 4915 dissipare
1595 4849 1781 4899 volue-

174 4945 270 5007 rit,
334 4959 401 4998 ac
446 4944 732 4999 destruere
777 4959 789 4996 :
838 4956 999 4995 nemo
1048 4939 1245 5009 poterit
1290 4937 1597 4992 fortitudini
1639 4938 1782 4991 illius

172 5041 328 5094 velut
380 5049 572 5110 potens
612 5038 889 5092 resistere.
942 5036 1091 5090 Sicut
1131 5033 1402 5087 destruxit
1446 5042 1675 5099 turrem,
1726 5037 1782 5086 et

170 5148 345 5202 regna
380 5136 670 5186 multarum
704 5132 970 5201 gentium,
1004 5128 1086 5183 vel
1122 5137 1288 5181 etiam
1332 5124 1657 5189 Jerusalem,
1687 5122 1780 5177 ubi

169 5236 453 5297 praecepta
484 5227 594 5296 ipsa
630 5225 831 5295 legalia
860 5234 1137 5292 tamquam
1168 5219 1376 5289 lapides
1408 5220 1594 5289 scripti
1627 5228 1775 5286 sunt,

168 5321 275 5374 sub
304 5318 602 5388 priesentia
630 5318 818 5388 gratia:
855 5330 969 5370 sua:
999 5311 1352 5369 diSSolvenda
1381 5327 1502 5367 esse
1525 5326 1783 5380 primum.

167 5413 357 5469 tiavit.
396 5411 482 5468 Sic
515 5414 720 5482 itaque,
744 5418 801 5464 et
829 5408 1130 5464 secundum
1153 5406 1255 5462 Job
1278 5405 1777 5476 prophetationem,

166 5506 363 5578 paries
398 5505 826 5571 inimicitiarum,
860 5505 947 5559 lex
990 5503 1179 5572 utique
1212 5508 1610 5571 praeceptorum
1632 5539 1645 5563 ,
1684 5513 1783 5568 per

162 5599 462 5657 Christum
495 5601 781 5655 destructa
809 5609 892 5653 est
919 5615 934 5663 ;
967 5598 1179 5651 utduos
1207 5595 1471 5652 Conderet
1514 5595 1565 5648 in
1602 5608 1782 5648 seme-

163 5693 317 5764 tipso
374 5693 427 5747 in
474 5709 647 5747 unum
711 5706 911 5746 novum
969 5688 1242 5744 hominem
1305 5702 1490 5758 pacem
1550 5684 1778 5741 faciens.

162 5787 468 5851 Destruxit
514 5795 679 5862 atque
723 5784 994 5843 reseravit
1045 5786 1184 5841 Deus
1235 5782 1486 5839 Christus
1539 5780 1777 5839 claustra

1887 4659 2128 4715 Noverat
2158 4662 2400 4729 Balaam,
2429 4667 2634 4732 Achab,
2664 4664 2859 4721 [Euam
2889 4667 3081 4724 falsum
3110 4684 3484 4731 surrecturum

1888 4754 2207 4825 pl‘OphBlillﬂ
2240 4776 2253 4811 :
2294 4756 2490 4813 Euam
2524 4757 2688 4826 novit,
2725 4760 2820 4816 sed
2850 4776 2945 4831 per
2968 4761 3084 4819 haec
3114 4767 3372 4822 meritum
3400 4786 3487 4837 p0-

1889 4847 1998 4917 puli
2022 4850 2325 4918 peccatoris
2348 4849 2592 4905 ostendit
2616 4869 2630 4906 :
2657 4859 2713 4907 ut
2740 4852 2793 4907 in
2814 4854 3176 4923 perditionem
3195 4860 3314 4929 ejus
3342 4862 3485 4918 falsa

1886 4942 2233 4997 Vaticinando
2255 4944 2633 5014 denuntiet,et
2664 4946 2718 5001 hi
2744 4947 2839 5019 qui
2868 4950 3052 5006 nolunt
3088 4954 3279 5010 audire
3310 4955 3479 5010 Deum

1888 5042 1942 5088 et
1969 5040 2260 5105 preptietas
2292 5052 2415 5091 vera
2449 5040 2722 5107 dicentes,
2746 5043 3351 5114 pseudoprophetarum
3384 5047 3484 5101 l'al-

1888 5128 1963 5183 sis
1989 5129 2467 5187 vaticinationibus
2503 5133 2823 5191 illudantur.
2869 5134 2995 5191 Filii
3032 5152 3247 5208 quoque
3278 5137 3472 5205 Israel,

1887 5225 2024 5278 sicut
2050 5225 2100 5278 in
2128 5225 2269 5279 libro
2289 5225 2538 5282 iudicum
2568 5228 2818 5299 legimus,
2861 5230 3178 5301 aequissimo
3212 5230 3305 5287 Dei
3335 5232 3489 5302 judi-

1886 5318 1973 5373 cio
1994 5318 2210 5388 decepti
2239 5330 2384 5375 sunt.
2419 5322 2484 5375 Et
2516 5338 2635 5377 cum
2676 5323 2829 5393 juxta
2871 5338 3033 5378 causa
3080 5335 3305 5394 propter
3344 5342 3485 5381 uxo-

1887 5425 2001 5465 rem
2028 5409 2233 5465 Levitis
2256 5421 2444 5467 contra
2468 5412 2860 5484 Bcnjaminitas
2884 5414 3201 5485 congregati
3226 5415 3480 5488 fuissent,

1885 5515 1943 5559 ut
1972 5504 2153 5560 scelus
2190 5505 2447 5561 adulterii
2478 5507 2801 5575 puniretur:
2839 5508 2891 5561 in
2928 5505 3063 5577 ipsis
3092 5507 3245 5577 prius
3280 5521 3365 5565 est
3391 5528 3484 5567 sa-

1883 5598 2093 5669 crilegii
2122 5598 2327 5654 crimen
2358 5600 2712 5665 vindicatum,
2743 5600 2868 5669 quia
2894 5599 3041 5667 prius
3064 5600 3168 5670 ipsi
3191 5604 3477 5660 emendari

1885 5689 2188 5744 debuerant
2220 5707 2231 5744 :
2266 5692 2349 5745 vel
2380 5700 2531 5745 certe
2562 5706 2679 5760 eos,
2707 5690 2801 5759 qui
2826 5690 2968 5746 idola
2999 5692 3051 5746 in
3087 5694 3338 5763 injuriam
3383 5697 3482 5757 Dei

1885 5783 2207 5858 adorabant,
2235 5782 2552 5844 interimere
2584 5801 2599 5842 :
2628 5784 2824 5857 quibus
2852 5787 3028 5859 majus
3058 5783 3162 5846 fuit
3187 5788 3374 5867 fratris
3396 5792 3482 5856 in.
