3948 6334
498 285 602 353 6ιῖ

1285 286 1634 350 APPENDIX
1673 291 1766 351 Al)
1806 287 2056 350 TOMUM

2190 288 2442 352 PTIMUSI
2485 297 2541 350 S.
2589 290 2996 356 ιιιΕιςολΥΜι.
3663 303 3744 370 eis

498 405 640 480 juria
695 425 858 480 quam
899 408 1039 479 Dei,
1083 417 1139 466 et
1177 408 1246 463 ob
1277 408 1330 463 id
1361 408 1510 480 prius
1549 409 1602 462 itt
1638 409 1745 463 illis
1769 407 2097 464 vindicatum
2129 414 2181 473 Α
2277 410 2609 468 Cotnntntans
2641 416 2837 471 labium
2888 420 3169 487 veracium,
3205 430 3254 476 et
3295 419 3577 478 doctrinam
3603 445 3745 486 senum

501 513 605 560 est.
632 503 792 560 Novit
827 512 1008 560 autem
1054 504 1315 559 Dominus
1355 511 1412 558 et
1453 503 1811 573 decipientem
1842 512 1897 558 et
1938 503 2099 558 dece-

497 610 649 669 ptum
675 615 770 667 per
791 599 1208 668 pra-scientiam,
1231 597 1373 668 qttod
1397 599 1561 654 etiam
1584 599 1652 653 de
1679 598 1833 662 Abel,
1857 608 1912 652 et
1937 597 2090 666 Cain,

500 704 552 748 et
580 693 769 757 Ualila,
803 703 858 748 et
886 693 1140 758 Samson,
1187 691 1282 765 qui
1309 695 1538 765 gratiam
1571 692 1808 766 Spiritus
1835 693 2010 749 sancti
2044 695 2096 749 in

501 793 714 855 septem
745 784 994 841 crinibus
1024 786 1254 858 mystice
1283 787 1618 858 possidebat,
1645 787 1876 859 intelligi
1897 796 2093 860 potest.

498 876 742 934 Noverat
779 877 971 950 utique
1011 879 1128 936 haec
1158 879 1343 936 omnia
1378 880 1520 937 Deus
1548 889 1840 952 antequam
1874 881 2090 949 lic-rent,

497 973 761 1042 praescius
789 971 1137 1040 futurorum;
1168 973 1264 1030 sed
1307 975 1556 1045 permisit
1582 987 1639 1030 ut
1679 975 1874 1040 homo,
1905 975 1998 1046 qni
2033 973 2097 1029 Ii-

495 1063 630 1120 bcro
678 1064 936 1121 utebatur
984 1065 1238 1130 arbitrio.
1279 1078 1560 1138 praecepto
1607 1067 1704 1122 Dei
1748 1067 2088 1134 inohediens,

495 1157 742 1228 insuper,
772 1171 829 1216 et
864 1159 1033 1215 Deum
1075 1176 1234 1231 posse
1260 1175 1320 1218 se
1351 1159 1464 1216 ﬁeri
1517 1161 1768 1228 credens,
1804 1177 1901 1230 per
1932 1159 2095 1230 justi-

491 1255 619 1309 ti.nn
642 1253 737 1309 Dei
764 1269 978 1323 pinnam
1005 1252 1391 1310 iuobedientia:
1416 1254 1739 1325 dignissime
1767 1253 2088 1308 sustineret.

493 1345 558 1402 lli
587 1362 783 1404 omnes
808 1359 993 1420 typum
1017 1347 1220 1403 Christi
1255 1347 1588 1404 habuerunt.
1618 1348 1672 1402 In
1705 1348 1938 1404 Samson
1961 1362 2093 1402 γι·το

486 1441 578 1510 qui
612 1440 828 1495 leonem
855 1442 1032 1496 tenuit
1061 1448 1117 1496 et
1143 1440 1367 1501 occidit.
1400 1447 1458 1495 ct
1486 1439 1537 1495 in
1566 1455 1660 1494 ore
1692 1440 1893 1495 mortui
1918 1437 2091 1492 leonis

497 1531 679 1588 favum
709 1533 888 1589 mellis
916 1533 1122 1589 invenit
1156 1550 1172 1588 :
1204 1533 1568 1606 signiﬁcatum
1601 1541 1706 1597 est,
1737 1532 1878 1600 quod
1915 1531 1970 1585 in
2001 1545 2090 1584 su-

487 1625 696 1696 pt'l'IJIS,
747 1627 802 1681 in
849 1643 1084 1698 quorum
1132 1643 1232 1681 ore
1276 1638 1438 1697 putor
1481 1627 1658 1680 fuerat
1709 1624 2086 1694 blasphemiae,

487 1726 638 1774 esset
671 1719 1018 1789 postmodum
1060 1718 1298 1775 dulcedo
1332 1720 1507 1774 laudis
1542 1731 1597 1774 et
1635 1719 1826 1789 gratia:
1867 1717 1985 1773 Dei.
2019 1715 2090 1771 Et

483 1822 538 1866 ut
565 1812 652 1868 ille
680 1812 910 1868 Samson
949 1812 1143 1867 sitiens
1181 1812 1253 1867 de
1303 1813 1492 1866 molari
1530 1811 1697 1866 dente
1725 1811 1864 1865 asini
1889 1851 1904 1874 ,
1932 1811 2086 1865 iuvo-
2120 1819 2164 1880 Β

484 1915 609 1959 cato
642 1904 777 1969 Deo,
827 1919 1022 1975 aquam
1059 1901 1248 1959 eduxit
1287 1913 1344 1958 ut
1376 1901 1587 1958 biberet
1616 1919 1629 1956 :
1661 1901 1738 1957 ita
1760 1912 1815 1958 et
1836 1899 2086 1956 Christus

485 1998 554 2052 de
587 1995 868 2053 immundo
895 2006 952 2053 et
996 1996 1133 2052 duro
1174 1996 1418 2067 gentium
1469 1995 1668 2065 populo
1706 1993 1811 2048 lide
1856 1993 2086 2049 creden-

485 2093 621 2148 tium
690 2102 965 2163 tamquam
1043 2091 1311 2161 rel‘rigerii
1381 2091 1584 2159 populo
1643 2095 1916 2141 saturatos
1975 2096 2080 2141 est.

484 2178 534 2240 Μ
557 2183 698 2238 ιχιιιςι
732 2199 946 2255 quoque
974 2182 1220 2252 ejusdem
1251 2180 1394 2235 asini
1427 2180 1493 2236 de
1521 2180 1677 2248 Cujus
1709 2178 1901 2233 molari
1930 2194 2083 2248 aqua:

490 2279 731 2347 eopio~a2
761 2274 1107 2336 el'ﬂuserant,
1139 2275 1342 2328 occidit
1371 2274 1521 2328 mille
1544 2273 1708 2327 viros.
1746 2274 1800 2326 In
1826 2269 2079 2333 tonsillis,

487 2381 542 2427 et
565 2370 838 2436 dentibus,
875 2385 988 2424 uris
1015 2367 1291 2438 eloquiqu
1318 2366 1667 2434 intelligitur.
1706 2364 1957 2420 Duclt'iua
1985 2363 2086 2434 ἱεῖς

486 2473 572 2519 tur
599 2477 816 2525 eorum,
871 2459 963 2531 qni
1005 2475 1071 2516 ex
1113 2459 1367 2530 gentibus
1413 2454 1786 2519 crediderunt,
1836 2454 2083 2525 perfecto

484 2559 726 2627 quodam
781 2569 1008 2610 numero
1037 2554 1243 2608 linitur.
1276 2552 1505 2609 Samson
1557 2567 1686 2607 vero
1732 2553 1919 2606 hostes
1955 2565 2082 2604 suos

482 2659 646 2720 atque
667 2644 1014 2703 adversarios
1038 2647 1214 2700 tribus
1243 2643 1420 2699 modis
1441 2643 1736 2709 interiecit,
1761 2653 1811 2696 et
1838 2640 2078 2696 occidit:

485 2743 611 2796 ιιιιιιι
645 2742 737 2795 alii
772 2755 879 2794 non
903 2737 1182 2794 credendo
1210 2744 1442 2808 pereunt
1471 2752 1485 2790 :
1518 2737 1610 2790 alii
1643 2750 1772 2790 vero
1803 2733 2080 2788 credendo

483 2832 630 2895 ﬁdei,
665 2835 970 2888 moriuntur
995 2843 1238 2902 peccato.
1268 2829 1418 2901 Opus
1448 2833 1551 2884 hoc
1580 2827 1815 2884 maxilla:
1846 2828 2080 2882 elevatio

480 2928 805 2996 njtlaCIIJltll'.
830 2926 907 2982 Ita
928 2929 1073 2980 enim
1092 2923 1440 2990 docu‘iua,et
1460 2921 1774 2992 prmdicatiu
1801 2917 2078 2990 Ettttugelii

483 3021 828 3090 tu'tgnilicata
860 3029 946 3075 est
971 3033 1135 3088 super
1154 3034 1375 3073 omnem
1404 3027 1630 3077 terram.
1659 3025 1717 3071 ut
1746 3031 1863 3070 eam
1887 3029 2080 3070 omnes

481 3129 672 3186 gentes
701 3113 902 3185 ubique
928 3112 1196 3168 eleVatam
1221 3113 1504 3168 mirentur.
1534 3112 1586 3166 In
1615 3111 1722 3166 illis
1749 3126 1880 3181 ergo
1901 3109 2080 3180 vulpi-

482 3208 582 3264 Ιηιπ
618 3210 904 3278 ﬁguratum
925 3213 1009 3261 est
1046 3220 1062 3258 :
1091 3215 1151 3259 ut
1179 3220 1277 3275 per
1310 3204 1535 3258 dolosos
1571 3214 1624 3258 ct
1651 3219 1800 3257 sana:
1825 3199 1949 3256 lidei
1978 3202 2078 3255 ini-
2104 3208 2150 3271 ο

485 3304 678 3369 mieos,
725 3317 952 3372 quorum
983 3298 1320 3370 principatus
1347 3299 1398 3353 in
1430 3299 1621 3354 eaudis
1649 3308 1732 3351 est
1752 3343 1766 3367 ,
1802 3312 1927 3366 pars
1959 3305 2080 3365 post

484 3408 695 3464 tergum
725 3393 933 3461 relicta,
961 3408 1088 3464 pars
1110 3396 1256 3449 circa
1284 3391 1493 3448 fructus
1527 3389 1751 3446 Christo
1781 3391 2079 3446 adversan-

485 3487 614 3543 tium
646 3497 971 3542 vastaretur.

555 3581 782 3636 Adducit
809 3579 1133 3636 consiliarios
1160 3579 1216 3634 in
1249 3579 1465 3634 stultum
1494 3577 1675 3649 linear,
1718 3585 1767 3632 et
1794 3576 2000 3650 judices
2023 3576 2076 3632 in

481 3685 763 3744 stuporem.
803 3672 873 3729 Ut
917 3672 1046 3728 fecit
1081 3680 1274 3728 contra
1315 3670 1698 3742 Egyptiorum
1727 3686 1914 3741 magos
1937 3714 1952 3738 ,
1981 3671 2074 3742 qui

482 3767 733 3823 timebant
779 3765 1089 3832 Pharaoni,
1142 3780 1325 3835 regem
1369 3763 1753 3818 Chaldaeorum
1804 3777 1910 3818 non
1952 3779 2076 3821 €893

479 3869 772 3916 venturum
812 3859 878 3913 ad
911 3859 1227 3914 vastandam
1260 3856 1586 3927 Egyptum,
1619 3859 1736 3912 sive
1762 3857 1936 3925 ipsum
1968 3855 2077 3911 Na-

480 3957 906 4010 buchodonosor
951 3953 1003 4006 iu
1045 3951 1344 4007 amentiam
1386 3961 1631 4019 vertens,
1666 3950 1761 4006 vel
1793 3949 2078 4007 Balthasar

477 4049 677 4104 timore
700 4046 1043 4103 eoncutiens.

552 4139 793 4194 Baltenm
842 4154 1023 4211 regum
1070 4137 1342 4206 dissolvit,
1381 4148 1426 4192 et
1473 4138 1744 4210 pra'cingit
1772 4142 1897 4209 fune
1926 4155 2072 4193 renes

476 4247 672 4286 eorum.
715 4229 772 4285 In
821 4232 1000 4285 balteo
1041 4229 1319 4300 regnantis
1363 4231 1537 4300 gloria
1588 4229 1915 4301 intelligitur
1953 4248 1967 4285 :
2017 4232 2070 4286 itt

474 4324 626 4391 fune,
662 4324 953 4395 ignntninii
983 4338 1150 4393 regno
1181 4321 1415 4393 depositi
1447 4343 1462 4378 :
1491 4326 1633 4380 sicut
1657 4325 1938 4382 Sedechia:
1966 4368 1980 4393 ,
2014 4335 2071 4382 et

478 4416 732 4473 blanasse
760 4415 1020 4486 contigit,
1056 4415 1168 4470 Deo
1203 4414 1452 4485 jubcnle.
1503 4415 1631 4471 Sive
1674 4419 1930 4487 populum
1976 4419 2070 4491 Ju-

479 4509 746 4571 dworum,
771 4509 861 4578 qui
892 4521 986 4577 per
1013 4506 1386 4562 inﬁdelitatem
1417 4522 1594 4576 suam,
1623 4527 1654 4562 a
1677 4509 1876 4564 ChriSIi
1902 4524 2066 4579 regno

2204 508 2470 579 auferens.
2525 505 2766 576 E/I'undit
2807 513 3182 582 despcctionem
3231 532 3390 587 super
3443 518 3745 592 principes,“

2202 619 2287 656 eos
2315 604 2401 673 qui
2428 607 2658 677 oppressi
2680 609 2887 676 fuerant
2915 609 3125 663 relerat.
3155 609 3288 665 Cum
3331 620 3548 681 prepter
3569 629 3747 685 peccata

2200 697 2433 751 rctnmis
2480 697 2960 767 promissionibus,
3005 712 3229 758 aeternae
3253 705 3519 774 gehennae
3544 705 3748 766 ﬂammas

2199 786 2470 855 adOptatis
2498 789 2634 847 dare
2667 793 3041 864 compellitur.

2273 880 2378 950 Qui
2405 885 2601 942 revelat
2630 888 2897 959 profunda
2928 888 2993 943 de
3019 888 3261 957 tenebris,
3293 901 3340 946 et
3370 890 3598 963 producit
3615 895 3663 950 in
3679 896 3748 952 lu-

2199 991 2308 1029 cem
2343 979 2578 1033 umbraut
2609 981 2813 1035 mortis.
2843 978 2946 1047 Qui
2973 981 3292 1052 multiplicat
3314 994 3522 1057 gentes,
3547 997 3589 1040 et
3611 989 3750 1058 perdit

2197 1085 2305 1134 ens,
2346 1080 2396 1124 et
2426 1071 2695 1125 subversas
2729 1071 2784 1124 in
2824 1073 3084 1145 integrum
3129 1076 3377 1130 restituit.
3420 1076 3522 1143 Qui
3552 1077 3753 1134 immutat

2199 1181 2286 1216 cor
2307 1166 2606 1238 principum
2646 1166 2828 1238 populi
2853 1177 3005 1222 terra:
3030 1211 3044 1236 ,
3071 1176 3118 1223 et
3146 1168 3341 1239 decipit
3366 1185 3453 1224 eos
3473 1211 3488 1237 ,
3518 1181 3571 1225 ut
3587 1172 3753 1241 frustra

2194 1257 2438 1311 incedant
2481 1275 2573 1330 per
2614 1260 2829 1314 invium.
2870 1259 3174 1333 Palpabunt
3201 1262 3354 1332 quasi
3389 1263 3443 1317 in
3478 1264 3690 1333 tenebris,
3713 1277 3752 1322 et

2195 1365 2297 1402 non
2330 1350 2386 1404 in
2419 1348 2570 1418 luce,
2614 1361 2663 1407 et
2691 1369 2867 1408 errare
2899 1370 2985 1408 eos
3011 1354 3165 1424 faciet
3185 1355 3338 1425 quasi
3365 1356 3551 1410 ebrios.
3582 1357 3754 1414 Umbra

2196 1446 2387 1499 mortis
2416 1443 2532 1514 ipse
2557 1445 2812 1503 diabolus
2839 1458 2922 1503 est
2947 1467 2960 1502 :
2994 1450 3084 1517 qtti
3116 1464 3224 1505 non
3254 1450 3496 1520 protegit
3517 1449 3753 1519 homines,

2191 1537 2290 1592 scd
2329 1539 2530 1607 premit
2577 1540 2629 1595 in
2673 1549 2903 1596 mortem
2953 1559 2967 1596 :
3018 1540 3106 1596 hic
3146 1543 3471 1614 producitur
3508 1543 3752 1614 inluceat,

2191 1630 2410 1699 quando
2434 1629 2506 1686 ab
2531 1630 2708 1688 anima
2738 1631 2881 1688 lideli
2912 1644 3222 1705 separatur.

2779 1769 3009 1829 CAPUT
3057 1770 3200 1829 XIII.

2264 1901 2398 1957 Ecce
2419 1904 2594 1958 omnia
2619 1904 2730 1960 huic
2750 1905 2878 1961 vidit
2904 1907 3088 1962 oculus
3124 1925 3298 1977 meus,
3325 1919 3376 1964 et
3410 1911 3605 1966 audivit
3631 1914 3756 1968 auris

2189 2005 2388 2061 mea,et
2417 1995 2650 2052 intellexi
2676 1997 2900 2070 singula.
2932 2000 3230 2057 Secundum
3252 2005 3522 2058 scientiam
3541 2015 3751 2075 vestram,

2189 2099 2235 2143 et
2267 2104 2361 2159 ego
2392 2090 2509 2143 novi
2543 2105 2563 2146 :
2608 2107 2699 2143 nec
2741 2091 2964 2163 inferior
3007 2095 3162 2148 vestri
3207 2113 3347 2151 sunt.
3389 2096 3502 2153 Sed
3527 2108 3677 2152 tamen
3698 2099 3754 2170 ad

2192 2180 2611 2255 Omnipotentem
2639 2185 2856 2254 loquar,
2901 2195 2952 2241 et
2981 2189 3253 2258 disputare
3280 2207 3401 2244 cum
3442 2188 3553 2246 Deo
3579 2194 3715 2264 cupio
3740 2208 3756 2245 :

2187 2275 2332 2346 prius
2372 2291 2459 2330 vos
2497 2279 2769 2332 ostendens
2802 2278 3142 2349 fabricatores
3180 2286 3461 2350 mendacii,
3488 2295 3532 2337 et
3559 2288 3756 2338 cu'tores

2186 2384 2545 2438 perversorum
2586 2369 2909 2443 dogntatum.
2957 2374 3122 2444 Atque
3176 2377 3375 2430 utinam
3421 2379 3681 2446 taceretis,
3711 2387 3758 2431 ut

2187 2463 2498 2530 putaremini
2542 2479 2651 2516 esse
2696 2464 2973 2535 sapientes.
3042 2467 3229 2521 Audite
3269 2484 3392 2541 ergo
3442 2471 3756 2524 correctiones

2187 2571 2348 2619 meas,
2373 2563 2419 2608 et
2443 2555 2705 2625 judicium
2741 2558 2998 2612 labiorum
3041 2576 3270 2614 meorum
3311 2563 3580 2616 attendite.
3613 2560 3759 2615 Num-

2183 2647 2310 2715 quid
2338 2643 2477 2700 Deus
2499 2647 2695 2718 indiget
2724 2660 2892 2704 vestro
2924 2654 3192 2705 mendacio
3223 2670 3240 2706 :
3274 2663 3328 2706 ut
3359 2669 3460 2725 pro
3484 2653 3573 2707 illo
3602 2654 3760 2723 loqua-

2184 2739 2314 2791 mini
2341 2739 2527 2794 dolos?
2548 2737 2821 2803 Numquid
2846 2744 3029 2812 facient
3059 2748 3171 2816 ejus
3194 2748 3455 2816 accipitis,
3487 2759 3534 2800 et
3561 2763 3650 2813 pro
3664 2745 3760 2800 Deo

2173 2831 2420 2902 judicare
2463 2832 2728 2888 nitimini?
2765 2836 2867 2888 Aut
2906 2839 3124 2905 placebit
3161 2841 3209 2892 ei
3251 2855 3404 2909 quem
3445 2843 3608 2894 celare
3644 2837 3760 2892 nihil

2182 2923 2385 2993 potest?
2404 2925 2506 2978 Aut
2536 2926 2844 2995 decipietur,
2873 2941 2926 2982 ut
2953 2929 3128 2996 homo,
3160 2934 3345 2987 vestris
3367 2932 3764 2999 fraudulentiis.’

2185 3015 2304 3071 Doti
2338 3027 2493 3073 erant
2523 3018 2574 3073 in
2608 3018 2736 3081 illis.
2770 3021 2894 3091 quia
2917 3024 3018 3079 sub
3043 3022 3223 3080 verbis
3264 3025 3649 3082 consolatoriis
3674 3025 3764 3080 ini-

2183 3107 2327 3163 ιιιίυο
2354 3125 2478 3164 cum
2497 3111 2662 3168 corde
2685 3114 2993 3182 pulsabant.

2256 3198 2382 3272 Ipse
2410 3219 2497 3258 vos
2523 3215 2730 3276 arguet,
2760 3210 3005 3277 quoniam
3028 3211 3080 3264 in
3117 3211 3424 3266 abscondito
3455 3211 3637 3284 faciem
3664 3213 3763 3283 ejus

2181 3294 2432 3366 accipitis.
2471 3293 2659 3350 Statim
2685 3306 2740 3350 ut
2769 3315 2822 3353 se
2847 3303 3198 3370 commoverit,
3229 3303 3456 3358 turbabit
3477 3320 3586 3370 vos,
3609 3312 3654 3356 et
3683 3313 3768 3356 ten

2180 3402 2270 3440 ror
2299 3387 2409 3458 ejus
2454 3388 2615 3441 irruet
2649 3405 2804 3461 super
2836 3408 2944 3446 eos.
2979 3391 3238 3447 Memoria
3262 3403 3435 3448 vestra
3457 3392 3768 3464 comparabi-

2180 3487 2264 3532 tur
2285 3479 2479 3545 cineri,
2509 3489 2555 3534 et
2585 3482 2881 3553 redigentur
2917 3484 2972 3538 in
2996 3485 3163 3539 lutum
3193 3487 3412 3542 cervices
3439 3498 3639 3542 vestra.
3668 3483 3769 3540 Ta-

2179 3580 2285 3626 cete
2314 3574 2579 3645 paulisper
2597 3615 2612 3638 ,
2647 3582 2699 3628 ut
2729 3575 2911 3646 loquar
2933 3576 3294 3648 quodcumque
3320 3577 3452 3632 milii
3486 3593 3630 3632 mens
3654 3592 3765 3644 sug-

2178 3666 2410 3736 gesserit.
2441 3666 2510 3722 Ut
2533 3681 2563 3720 a
2595 3665 2707 3722 Deo
2729 3667 3216 3740 arguamini,digni
3238 3673 3410 3725 estis:
3438 3666 3767 3732 abscondite,

2180 3760 2233 3813 id
2267 3768 2374 3826 est,
2404 3760 2558 3829 quasi
2596 3776 2664 3814 eo
2697 3762 3019 3831 ignorante,
3053 3776 3342 3832 personam
3373 3762 3497 3832 ejus
3544 3763 3598 3817 in
3625 3759 3768 3815 vobis

2179 3850 2245 3904 ad
2276 3868 2362 3907 me
2389 3850 2756 3907 damnandum
2784 3855 3054 3924 suscipitis
3080 3873 3094 3908 :
3121 3864 3397 3923 tamquam
3450 3869 3580 3910 eum
3612 3851 3770 3910 latere

2178 3946 2350 4014 [)OSSII
2377 3945 2603 4016 ahquid,
2636 3957 2694 4000 ut
2713 3948 2781 4000 ita
2806 3948 2856 4002 ei
2884 3947 3183 4018 subrepere
3210 3946 3416 4002 velitis.

2251 4037 2423 4105 Quare
2450 4037 2619 4092 lacero
2644 4055 2824 4093 carnes
2847 4055 2984 4093 meas
3007 4037 3244 4092 dentibus
3273 4040 3420 4094 meis.
3445 4035 3768 4105 Torquenti.

2177 4130 2276 4186 bus
2297 4147 2421 4186 eum
2447 4132 2627 4186 nimiis
2653 4133 3004 4198 cruciatibus,
3035 4147 3228 4187 manus
3251 4132 3333 4186 vel
3363 4132 3512 4186 labia
3537 4146 3629 4186 sua
3651 4129 3772 4182 den-

2177 4223 2319 4280 tibus
2359 4224 2654 4280 lacerabat.

2254 4317 2322 4373 Et
2345 4320 2572 4373 animum
2600 4334 2764 4373 meam
2789 4328 2936 4390 porto
2965 4318 3020 4372 in
3057 4319 3294 4372 manibus
3334 4318 3486 4374 meis.
3535 4316 3706 4372 Etiam
3732 4315 3774 4368 si

2174 4412 2415 4468 occiderit
2448 4427 2526 4465 me
2555 4427 2572 4463 :
2597 4411 2650 4464 in
2674 4411 2786 4482 ipso
2813 4409 3051 4478 sperabo.
3090 4409 3468 4464 Verumtamen
3498 4411 3612 4465 uias
3641 4421 3768 4463 mea:

2173 4509 2225 4562 in
2253 4516 2529 4578 conspectu
2555 4505 2670 4576 ejus
2695 4521 2943 4576 arguam,
2972 4512 3018 4558 et
3047 4506 3157 4576 ipse
3197 4505 3294 4559 erit
3332 4509 3572 4560 salvator
3612 4517 3766 4557 meus.

477 4601 767 4656 distinctus
792 4610 895 4657 est.
945 4598 1052 4654 Sed
1094 4608 1150 4654 et
1174 4615 1319 4654 nunc
1351 4601 1524 4654 renati
1553 4601 1604 4655 in
1636 4599 1860 4654 Christo
1889 4617 2066 4671 rcges,
2098 4605 2146 4665 ι)
2177 4601 2297 4657 Non
2339 4603 2475 4656 enim
2515 4599 2677 4654 veniet
2710 4600 2762 4652 in
2794 4608 3072 4671 conspectu
3117 4602 3232 4673 ejus
3259 4601 3432 4654 omnis
3470 4597 3765 4670 hypocrita.
3791 4645 3793 4648 .

472 4706 598 4752 sunt
624 4709 814 4750 omnes
839 4697 892 4749 in
916 4695 1266 4764 adoptionem
1301 4695 1540 4749 liliotum
1577 4697 1768 4750 aeterni
1804 4698 1946 4765 regis
1974 4712 2068 4750 Vn-

475 4787 604 4844 eati.
639 4785 774 4840 Vere
795 4785 865 4839 ab
901 4785 993 4839 illa
1024 4785 1247 4840 honoris
1277 4787 1618 4843 sublimitate
1646 4788 1844 4843 merito
1871 4790 2068 4842 distin-

473 4891 751 4953 gunntur,
807 4880 1136 4951 quicumque
1194 4895 1257 4936 ea
1311 4896 1436 4951 qua:
1481 4883 1816 4952 ptenitentia:
1867 4884 2067 4938 linilms

472 4973 634 5043 digna
665 4981 793 5027 sunt
815 5011 832 5036 ,
867 4979 1267 5042 perpetrarunt.
1310 4972 1464 5029 Sicut
1496 4976 1572 5028 ait
1599 4974 1868 5046 prOpheta
1911 4995 1924 5032 :
1959 4975 2066 5030 Pro

471 5082 605 5122 zona
630 5075 761 5122 reste
781 5065 1023 5138 cingeris.

549 5159 705 5216 Ducit
731 5160 1023 5215 sacerdotes
1045 5160 1320 5232 inglorios.
1357 5161 1424 5219 Ut
1450 5162 1593 5218 filios
1608 5163 1747 5234 Heli,
1777 5164 1864 5220 vel
1881 5164 2066 5236 plures

471 5253 612 5308 alios
643 5253 889 5322 ejusdem
921 5255 1120 5323 gentis.

542 5343 612 5398 Et
684 5349 956 5416 optimates
1008 5342 1334 5416 supplantat.
1392 5345 1510 5403 Non
1573 5348 1700 5404 dolo
1754 5349 2066 5420 supplantat

472 5437 639 5506 Deus,
670 5438 726 5492 in
747 5454 856 5509 quo
879 5448 1098 5493 nonest
1127 5438 1408 5510 iniquitas,
1437 5441 1532 5495 sed
1559 5441 1659 5497 hoc
1687 5442 1847 5496 modo
1869 5443 2065 5496 dicitur

468 5531 820 5600 supplantare
844 5569 859 5595 ,
891 5531 1018 5584 dum
1050 5531 1308 5601 injnStum
1345 5541 1581 5599 amovet,
1613 5546 1668 5589 et
1695 5534 1934 5602 iniquum
1967 5550 1979 5586 :
2009 5545 2062 5586 et

463 5626 518 5682 in
548 5627 724 5679 locum
747 5640 904 5695 quem
939 5637 1128 5681 tenete
1157 5628 1371 5682 videtur
1395 5621 1625 5698 quique
1655 5627 1935 5699 indignus,
1971 5631 2068 5681 lio-

459 5735 590 5776 num
619 5717 924 5792 hominem,
957 5718 1236 5797 ctjustum
1271 5719 1590 5793 substituit,
1619 5731 1675 5780 ut
1707 5720 1872 5780 Daiid
1895 5724 1960 5798 .in
1985 5725 2066 5780 lo-

459 5811 584 5882 cum
612 5810 819 5876 Saulis.
867 5878 874 5887 ,

2171 4695 2362 4749 Audite
2387 4709 2671 4748 sermonem
2710 4708 2881 4747 meum
2900 4735 2915 4760 ,
2949 4701 2996 4746 et
3035 4695 3316 4765 aznigmrtta
3346 4693 3609 4764 percipite
3629 4689 3768 4745 auri-

2173 4789 2266 4842 bus
2293 4787 2489 4841 restris.
2515 4786 2577 4842 Si
2604 4787 2753 4857 fuero
2774 4785 3082 4859 judicatus,
3115 4787 3224 4840 scio
3261 4787 3404 4856 quod
3423 4788 3610 4857 justus
3637 4785 3771 4839 iure-

2169 4883 2304 4937 niar.
2339 4879 2468 4948 Quis
2495 4889 2569 4933 est
2591 4880 2678 4949 qui
2692 4881 2957 4951 judicetnr
2983 4879 3220 4933 mecura?
3247 4877 3461 4932 Veniat.
3495 4879 3674 4946 Quare
3697 4886 3774 4929 ta-

2170 4991 2287 5029 cens
2322 4971 2687 5028 consummor.’
2715 4970 2838 5025 Duo
2871 4981 3068 5027 tantum
3107 4988 3170 5026 ne
3199 4972 3366 5041 facias
3393 4973 3557 5041 mihi,
3583 4983 3632 5026 et
3661 4981 3774 5026 tunc

2169 5085 2201 5122 a
2227 5069 2364 5139 facie
2390 5078 2481 5121 tua
2506 5082 2608 5121 non
2638 5065 2947 5121 abscondar.
2979 5066 3231 5121 Mannum
3262 5075 3410 5121 tuam
3443 5065 3612 5140 longe
3638 5069 3720 5138 fac
3745 5083 3775 5119 a

2172 5177 2251 5215 me
2275 5203 2288 5225 ,
2323 5171 2370 5214 et
2401 5159 2628 5230 formido
2655 5169 2743 5212 tua
2770 5175 2850 5213 me
2887 5177 2987 5213 non
3017 5169 3223 5215 terreat.
3280 5158 3427 5216 Voca
3460 5178 3579 5231 nte,
3616 5170 3665 5216 et
3689 5175 3773 5232 ego

2169 5253 2485 5322 respondebo
2508 5253 2600 5307 tibi
2629 5267 2649 5307 :
2673 5265 2764 5307 aut
2785 5261 2923 5308 certe
2947 5253 3150 5325 loquar,
3176 5262 3222 5307 et
3247 5261 3305 5307 tu
3328 5255 3605 5323 responde
3630 5255 3773 5309 mihi.

2173 5346 2403 5412 Quantas
2441 5345 2603 5401 habeo
2650 5347 2946 5417 iniquitates
2992 5359 3038 5401 et
3087 5357 3320 5418 peccata.
3367 5347 3560 5418 Ipsam
3619 5349 3776 5404 vitam

2172 5454 2344 5502 suam,
2365 5453 2485 5508 qua:
2506 5438 2644 5493 solet
2668 5441 2860 5492 anima:
2876 5439 3281 5507 vocabulndici,
3301 5451 3536 5511 portare
3557 5455 3621 5496 se
3639 5439 3776 5495 aitin

2172 5531 2421 5585 manilms
2439 5531 2580 5584 suis:
2609 5533 2710 5584 hoc
2723 5530 2922 5600 estjam
2943 5547 3080 5587 nunc
3096 5531 3150 5586 in
3177 5535 3472 5587 tormentis
3487 5533 3776 5589 deﬁciente

2166 5625 2345 5677 anima
2370 5635 2422 5677 ct
2450 5632 2702 5690 excutite,
2722 5623 2871 5676 velut
2888 5623 3212 5678 cﬂ'erendatn
3239 5635 3393 5695 porto
3418 5626 3478 5680 in
3501 5627 3775 5680 manibus.

2239 5718 2447 5771 Scelera
2487 5734 2618 5778 utea,
2647 5728 2692 5771 et
2725 5715 2914 5770 delicta
2944 5734 3052 5770 mea
3081 5719 3288 5769 ostende
3329 5717 3491 5771 nti/ii.
3545 5716 3613 5775 Ut
3643 5719 3776 5776 sc'tu

2164 5813 2396 5896 possim,
2423 5826 2584 5890 quam
2605 5811 2674 5871 ob
2696 5825 2914 5873 causam
2941 5810 3014 5869 ita
3035 5827 3121 5871 me
3149 5811 3384 5873 crucias.
