3948 6334
1060 311 1553 373 COMMENTARII
1591 309 1657 367 IN
1697 306 1959 366 LIBRUM
1995 309 2134 367 .IOB.
2176 309 2333 366 CAP.
2378 310 2518 368 XIV.

198 321 280 381 αθ
1060 316 1553 373 COMMENTARII
1591 316 1657 367 IN
1698 316 1788 366 LII

1899 316 1957 365 [Μ
1995 316 2134 367 JUB.
2176 316 2333 366 CAP.
2378 316 2518 368 XIV.
2648 316 2653 319 ⁷
3333 316 3440 375 630

251 438 340 493 Cur
366 434 541 509 faciem
565 440 710 487 tuam
738 430 1015 487 abscondis
1036 472 1051 497 ,
1077 440 1125 487 et
1152 433 1427 488 arbitraris
1453 449 1532 487 me
1568 431 1743 487 inimi-
1766 431 1820 493 Α
1846 428 2057 486 Cunctis
2085 431 2266 486 diebus
2293 432 2481 503 quibus
2509 447 2646 486 nunc
2667 430 2836 485 milito
2868 443 2886 485 :
2912 442 3153 500 exspecto
3170 433 3333 490 donec
3356 452 3439 491 ve-

198 547 287 589 cum
305 530 474 584 tuum?
519 523 712 583 Contra
742 525 929 596 folium
956 525 1098 597 quod
1131 536 1279 581 vento
1306 527 1535 599 rapitur,
1567 537 1736 580 osten-
1847 525 1955 578 niat
1980 523 2278 578 immutatio
2306 540 2440 579 mea.
2472 522 2529 581 Si
2560 522 2677 578 ﬂeri
2723 531 2903 594 potest
2931 523 3005 578 ait
3025 568 3039 593 ,
3075 532 3136 579 ut
3165 542 3320 594 aqua-
3353 542 3442 582 sa-

196 626 259 682 dis
291 622 553 693 potentiam
583 631 747 688 tuam,
780 629 826 674 et
864 620 1117 693 stipulam
1159 619 1353 675 siccam
1397 619 1740 693 persequeris.
1849 619 2101 675 Iutarium
2133 629 2530 690 prmceptorum
2581 619 2707 685 Dei,
2740 617 2811 674 de
2844 629 3162 675 sanctarum
3194 621 3442 692 Scriptu-

197 716 358 775 Scribis
379 714 507 770 enim
536 722 719 769 contra
742 729 823 769 me
848 712 1247 779 amaritudines,
1276 723 1323 768 et
1352 728 1650 767 consumere
1667 727 1747 766 me
1850 728 2035 768 rarum
2065 713 2203 768 mari
2251 712 2510 768 desinant
2558 713 2821 769 recedere
2840 755 2854 779 ,
2887 712 2977 768 cui
3013 714 3245 784 perenni
3276 715 3452 771 abun-

194 810 253 867 sis
275 808 476 881 peccatis
495 806 861 861 adolescentia
881 821 1027 862 mete.
1052 803 1288 861 Posuisti
1308 805 1364 859 in
1390 820 1542 861 nervo
1565 803 1749 875 pedem
1850 804 2036 861 dantia
2088 821 2196 861 non
2247 806 2510 863 deﬁciunt
2540 823 2556 861 :
2605 815 2661 863 et
2697 805 2743 862 si
2789 816 2971 876 potest
3001 807 3121 864 ﬁeri
3154 819 3210 863 ut
3241 809 3444 867 ﬂuvius

193 920 349 972 mn,
389 911 437 958 et
471 902 754 959 observasti
794 917 970 957 omnes
1009 902 1216 957 semitas
1244 915 1407 967 meas,
1462 909 1507 955 et
1537 898 1750 970 vestigia
1853 898 1995 955 sacri
2025 897 2393 968 baptismatis,
2420 897 2661 970 quadam
2691 899 2876 971 inopia
2904 899 3106 957 divinae
3129 901 3446 959 misericor-

192 994 347 1071 pedunt
368 1009 597 1050 meorum
618 992 983 1049 considerasti.
1016 991 1121 1061 Qui
1143 992 1295 1065 quasi
1321 990 1542 1059 putredo
1565 1006 1753 1045 consu-
1853 990 1958 1047 dia:
1984 992 2312 1061 exsiccetur,
2343 1000 2401 1048 et
2428 1007 2536 1048 non
2580 993 2779 1063 plenus
2802 993 2874 1049 sit
2904 994 3076 1065 gratia
3107 994 3236 1063 Dei,
3269 998 3453 1053 sancti

192 1089 370 1148 mdus
393 1105 535 1157 sum,
582 1096 632 1143 et
661 1089 814 1160 quasi
839 1087 1201 1143 vestimentum
1232 1086 1373 1158 quod
1406 1084 1691 1141 comeditur
1719 1098 1753 1137 a
1855 1098 2070 1156 quoque
2100 1084 2339 1157 Spiritus
2377 1085 2542 1142 donis
2593 1102 2700 1143 non
2751 1087 3021 1145 redundet
3055 1106 3070 1144 :
3119 1090 3191 1145 ita
3242 1092 3451 1162 poterit

192 1185 322 1241 tinea.
346 1181 478 1237 Dum
509 1181 582 1237 ita
610 1181 792 1252 puniri
836 1196 924 1237 me
951 1178 1249 1251 permittis,
1276 1194 1440 1251 quem
1469 1179 1624 1235 velut
1649 1177 1755 1232 ini-

192 1278 356 1335 micam
393 1275 719 1340 existimas,
767 1274 920 1331 dolet
957 1273 1089 1330 mihi
1117 1289 1185 1329 eo
1213 1272 1357 1344 quod
1396 1274 1514 1343 ipse
1548 1270 1755 1343 optime

191 1370 413 1437 noveris,
465 1368 596 1441 quia
642 1368 722 1424 illi
774 1368 957 1439 potius
1004 1368 1097 1439 qui
1153 1365 1255 1422 tibi
1302 1364 1610 1430 rcsdterit,
1657 1377 1757 1419 uo-

194 1476 369 1525 ocatur.

736 1532 969 1591 CAPUT
1008 1532 1153 1590 XIV.

248 1654 404 1711 Hosto
432 1660 586 1709 natus
614 1661 692 1708 est
730 1652 796 1707 de
832 1652 1047 1707 muliere
1065 1692 1079 1717 ,
1108 1648 1247 1705 brevi
1279 1648 1449 1704 vivens
1479 1656 1710 1715 tempore
1732 1661 1754 1702 :

190 1749 383 1819 repletur
420 1746 600 1803 multis
638 1745 884 1802 miseriis.
917 1743 1020 1813 Qui
1063 1743 1215 1816 quasi
1253 1744 1351 1813 ﬂos
1388 1741 1671 1814 egreditur,
1711 1748 1761 1793 et

1859 1179 2002 1248 lteri,
2031 1187 2090 1235 ut
2121 1181 2285 1235 homo
2327 1195 2450 1235 cum
2498 1192 2749 1238 mortuus
2801 1183 3002 1253 fuerit,
3036 1201 3145 1240 non
3182 1196 3453 1258 resurgat.

1940 1273 2156 1329 Vocabis
2200 1292 2309 1342 me,
2357 1284 2406 1330 et
2459 1292 2553 1348 ego
2602 1277 2928 1347 respondebo
2978 1278 3092 1334 tibi.
3147 1278 3306 1351 Operi
3337 1298 3449 1335 nta-

1862 1384 2027 1423 nuum
2050 1377 2259 1424 tuarum
2295 1372 2532 1443 porriges
2562 1372 2848 1427 dexteram.
2880 1372 3238 1429 Vocabuntnr
3268 1391 3461 1430 omnes

1862 1465 2064 1519 mortui
2094 1466 2145 1520 in
2176 1466 2481 1521 novissimo
2504 1467 2830 1522 saeculorum
2851 1509 2864 1532 ,
2900 1476 2956 1522 et
2986 1468 3041 1522 in
3072 1484 3208 1524 voce
3231 1471 3466 1525 areban-

1863 1556 1995 1628 geli,
2026 1567 2190 1629 atque
2219 1558 2273 1613 in
2304 1558 2430 1613 tuba
2484 1558 2579 1614 Dei
2629 1558 2700 1615 de
2754 1558 2978 1614 tumulis
3019 1561 3409 1618 excitabuntur
3441 1581 3456 1619 :

1866 1652 2375 1725 respondebuntque
2398 1653 2634 1711 universi
2664 1653 2768 1709 boc
2798 1654 2963 1711 modo
2983 1671 3107 1712 cum
3136 1656 3203 1713 ad
3236 1658 3461 1714 verbum

1868 1745 2167 1814 maiestatis
2208 1745 2330 1817 ejus
2368 1756 2531 1818 atque
2582 1748 2839 1817 potentiae
2863 1790 2879 1814 ,
2930 1749 3146 1805 cineres
3175 1764 3239 1803 ac
3270 1748 3467 1805 favillae

188 1843 459 1911 conteritur,
492 1851 539 1896 et
569 1840 703 1912 fugit
727 1840 866 1895 velut
891 1838 1094 1903 umbra,
1116 1847 1165 1892 et
1183 1852 1465 1908 numquam
1494 1836 1550 1890 in
1582 1834 1765 1889 eodem
1794 1835 1842 1895 B
1869 1836 2232 1892 humanorum
2258 1852 2554 1907 corporum
2602 1838 3045 1909 vivificabuntur,
3083 1849 3137 1897 et
3172 1852 3471 1914 exsurgent

191 1946 311 1992 statu
324 1941 603 2007 permanet.
627 1932 689 1990 ln
718 1931 857 1988 ﬂore
884 1930 989 1988 hoc
1011 1931 1134 1986 loco
1164 1927 1509 2000 fragilitatem
1539 1927 1763 1983 humani

200 2030 397 2102 generis
448 2026 844 2098 intelligamus,
889 2040 995 2082 non
1036 2023 1367 2097 fragrantem
1416 2022 1603 2079 odoris
1655 2019 1769 2091 pul-

190 2122 563 2191 chritudinem,
592 2129 649 2177 et
668 2119 955 2178 decorem.

249 2214 314 2272 Et
348 2216 563 2289 dignum
586 2214 734 2270 ducis
769 2230 926 2287 super
953 2209 1314 2286 hujuscemodi
1339 2210 1545 2281 aperire
1591 2208 1770 2263 oculos

185 2317 303 2375 tuos,
350 2320 398 2365 et
419 2309 678 2365 adducere
706 2325 824 2363 eum
851 2317 1018 2363 tecum
1047 2306 1101 2361 in
1131 2305 1414 2374 iudicium.
1448 2303 1577 2370 Quis
1604 2309 1771 2371 potest

186 2401 338 2474 {acac
360 2401 616 2459 mundum
640 2401 706 2457 de
728 2399 997 2455 immundo
1011 2396 1560 2469 conceptumsemine?
1581 2393 1772 2449 Nonne

184 2505 234 2553 tu
262 2499 348 2569 qui
379 2495 525 2553 solus
553 2496 647 2551 es?
688 2493 875 2550 Breves
917 2492 1028 2547 dies
1067 2490 1299 2545 hominis
1342 2498 1485 2554 sunt,
1525 2502 1775 2542 numerus

183 2593 422 2649 mensium
448 2595 565 2666 ejus
591 2589 740 2663 apud
770 2597 819 2644 te
855 2596 952 2644 est.
989 2584 1319 2643 Constituisti
1363 2582 1607 2639 terminos
1638 2583 1775 2654 ejus,

181 2689 260 2760 qui
294 2685 549 2759 prateriri
570 2700 675 2739 non
701 2690 969 2752 poterunt.
1006 2680 1119 2736 Hoc
1150 2687 1237 2736 est
1261 2677 1488 2750 dignum
1517 2676 1693 2743 ducis,
1719 2684 1778 2727 ut

181 2792 389 2852 propter
410 2779 710 2837 humanum
731 2790 926 2848 genus,
948 2773 1301 2845 Unigenitum
1325 2780 1476 2826 tuum
1501 2768 1777 2823 hominem

185 2872 329 2931 nasci
355 2872 515 2928 velis.
544 2870 672 2927 Sive
704 2869 901 2925 aliter:
943 2882 1031 2923 me
1071 2879 1289 2937 qumque
1319 2860 1591 2934 permittis
1627 2859 1781 2917 fabu-

182 2965 273 3024 lari
294 2976 502 3034 tecum,
532 2973 590 3022 et
613 2964 873 3022 evolvere
902 2961 1155 3017 miserias
1182 2973 1355 3016 meas.

248 3060 450 3118 Recede
472 3076 596 3132 ergo
617 3056 891 3132 paululum
917 3055 981 3111 ab
1010 3071 1093 3119 eo,
1120 3064 1175 3110 ut
1200 3054 1453 3128 quiescat,
1483 3052 1650 3107 donec
1682 3067 1782 3121 op-

184 3163 287 3214 tata
334 3157 530 3225 ueniat,
576 3164 624 3213 et
661 3153 797 3209 sicut
836 3151 1143 3209 mercenarii
1184 3150 1297 3205 dies
1334 3152 1471 3223 ejus.
1522 3147 1637 3202 Hoc
1675 3157 1781 3212 est,

1871 1945 1938 1987 ex
1970 1932 2201 1987 mortuis
2234 1931 2565 2004 incorrupti.

1947 2024 2026 2080 Tu
2072 2026 2282 2096 quidem
2312 2043 2520 2099 gressus
2566 2044 2706 2085 meos
2752 2029 3094 2086 dinumerasti
3117 2046 3136 2084 :
3167 2032 3259 2086 sed
3315 2048 3470 2103 parce

1874 2119 2098 2191 peccatis
2127 2120 2273 2175 meis.
2295 2119 2667 2193 Cogitationes
2695 2133 2753 2178 et
2777 2139 2945 2195 opera
2973 2124 3281 2195 juventutis
3311 2142 3469 2180 mete.

1946 2212 2183 2287 Signasti
2211 2215 2362 2286 quasi
2392 2217 2446 2269 in
2473 2214 2684 2271 sacculo
2712 2216 2902 2271 delicta
2942 2234 3089 2285 mea,
3140 2217 3232 2272 sed
3281 2218 3477 2272 curasti

1872 2303 2193 2375 iniquitatem
2248 2318 2435 2362 meant.
2500 2306 2740 2375 Saccus,
2792 2309 3158 2378 signiticativo
3218 2309 3475 2373 nomine,

1876 2397 2032 2467 quasi
2057 2406 2171 2452 tota
2204 2412 2386 2454 massa
2420 2401 2701 2468 peccatrix
2728 2403 3107 2471 generationis
3142 2402 3270 2457 Adm
3298 2404 3477 2458 dictus

1876 2492 2054 2549 videri
2087 2502 2269 2564 potest
2297 2511 2311 2547 :
2341 2494 2394 2548 in
2442 2509 2572 2565 quo,
2602 2496 2753 2565 quasi
2794 2495 2896 2551 sub
2922 2495 3203 2565 signaculo
3230 2497 3482 2568 imaginis

1879 2592 2019 2663 ejus,
2062 2592 2257 2664 genuit
2285 2590 2460 2649 Adam
2491 2591 2561 2647 ad
2605 2593 2930 2663 imaginem,
2967 2603 3023 2646 et
3064 2592 3480 2649 similitudinem

1882 2701 2058 2754 suam,
2093 2695 2261 2741 totam
2285 2684 2537 2741 sobolem
2568 2684 2716 2741 illius
2743 2686 2796 2739 in
2824 2686 2944 2756 ipso
2973 2685 3479 2755 prmvaricatricem

1883 2778 2130 2836 eﬂ‘ectam
2162 2798 2178 2835 :
2204 2793 2365 2849 quam
2398 2793 2493 2850 per
2521 2777 2693 2834 multa
2722 2778 2919 2834 saecula
2955 2778 3100 2834 Dens
3127 2779 3367 2834 clausam
3400 2789 3483 2835 te-

1885 2874 2002 2929 nuit
2031 2871 2138 2927 sub
2161 2880 2422 2943 pcccato,
2477 2878 2535 2927 et
2562 2879 2743 2926 tamen
2796 2871 2851 2926 in
2888 2871 3201 2927 novissimis
3247 2873 3483 2927 sarculo-

1886 2984 2007 3024 rum
2040 2966 2373 3035 temporibus
2399 3007 2416 3035 ,
2449 2964 2681 3021 vulnera
2714 2964 3043 3020 delictorum
3089 2979 3185 3019 sua
3232 2964 3487 3035 redemp-

1887 3062 2033 3118 tione
2057 3060 2288 3119 curavit.
2310 3058 2365 3116 Si
2392 3068 2575 3114 autem
2599 3058 2669 3116 de
2695 3061 2998 3130 semetipSo
3019 3058 3123 3115 Job
3153 3058 3259 3115 hoc
3283 3059 3488 3114 dixisse

1890 3154 2131 3223 videtur,
2163 3164 2221 3209 ut
2251 3152 2516 3220 arbitror,
2557 3151 2661 3207 iste
2712 3161 2798 3208 est
2841 3153 3155 3210 intellectus
3209 3172 3221 3207 :
3275 3152 3331 3209 Si
3383 3167 3487 3223 qua

189 3264 381 3307 amove
418 3264 449 3305 a
482 3263 571 3304 me
597 3246 874 3318 ﬂagellum
902 3254 1076 3312 tuum,
1111 3256 1290 3314 neque
1309 3255 1398 3297 me
1418 3238 1626 3296 diutius
1655 3252 1780 3309 per-
1814 3215 1862 3282 (ἶ
1895 3249 2082 3320 igitur,
2106 3246 2206 3314 ait,
2233 3244 2303 3301 ad
2328 3245 2499 3301 Deum
2539 3260 2639 3315 per
2667 3254 2842 3301 ιοιιηῃ
2886 3246 3150 3301 saeculum
3182 3247 3309 3314 γίιερ
3355 3215 3492 3301 ηιέεε

184 3343 365 3399 mittas
390 3341 576 3400 taliter
606 3338 826 3395 tentari.

247 3437 475 3513 Lignum
499 3436 655 3493 habet
679 3451 842 3506 spent.
875 3433 938 3491 Si
964 3432 1237 3506 pracisum
1265 3429 1447 3502 fuerit,
1473 3444 1686 3483 rursum
1706 3427 1786 3481 υἱ·-

182 3535 352 3603 rescit,
382 3544 437 3589 et
457 3533 591 3590 rami
616 3532 728 3604 ejus
751 3530 1035 3601 pullulant.
1065 3528 1128 3584 Si
1147 3526 1371 3583 senuerit
1397 3526 1453 3580 in
1477 3534 1614 3581 terra
1635 3524 1793 3579 radis:

186 3630 315 3701 ejus,
342 3637 395 3682 et
441 3628 496 3681 in
523 3626 736 3697 pulvere
759 3631 1022 3679 emortuus
1065 3619 1222 3693 fuerit
1265 3628 1482 3673 truncus
1523 3616 1692 3680 illius,
1721 3614 1791 3668 ad

185 3721 395 3777 odorem
423 3736 572 3790 aqum
590 3716 929 3793 germinabit,
963 3726 1012 3773 et
1036 3715 1192 3787 faciet
1222 3729 1426 3769 comam
1444 3754 1460 3778 ,
1482 3713 1633 3780 quasi
1674 3727 1791 3765 cum

191 3813 421 3884 primum
461 3814 759 3885 plantatum
792 3820 886 3867 est.
938 3808 1279 3865 Rationabile
1320 3807 1523 3879 lignum
1565 3805 1795 3862 creden-

183 3906 308 3964 dum
333 3918 447 3974 est,
472 3906 544 3965 de
573 3922 683 3979 quo
703 3904 910 3961 dicitur
937 3920 954 3958 :
982 3901 1080 3957 Est
1119 3902 1258 3956 enim
1284 3900 1459 3955 arbori
1489 3916 1630 3970 spes.
1682 3899 1796 3955 lloc

189 3999 377 4073 itaque
429 4000 637 4070 lignum
680 3998 968 4070 praecisum
1017 3994 1123 4050 fuit
1169 4009 1272 4065 per
1323 3992 1792 4048 inobedientiam:

184 4095 414 4166 quando
442 4092 727 4150 habitabat
747 4092 801 4147 in
830 4089 1013 4147 medio
1046 4088 1315 4159 lignorum
1347 4085 1606 4157 paradisi,
1628 4089 1800 4157 prius-

184 4204 351 4260 quam
378 4190 477 4246 Dei
505 4188 784 4246 sentenrtia
811 4195 1144 4253 moreretur,
1175 4199 1205 4237 a
1240 4198 1350 4254 quo
1393 4183 1447 4236 in
1474 4182 1799 4251 baptismate

184 4296 438 4344 vetustas
458 4284 804 4357 praeciditur,
835 4292 897 4339 ut
930 4282 983 4336 in
1008 4280 1137 4337 Jesu
1159 4278 1363 4336 Christi
1393 4281 1529 4334 novt
1565 4276 1800 4332 hominis

186 4377 316 4448 vita,
346 4396 450 4452 per
469 4376 937 4435 resurrectionem
962 4373 1089 4431 fidei
1107 4373 1417 4439 reviviscat,
1439 4379 1496 4428 et
1522 4371 1662 4427 rami
1682 4370 1801 4441 ejus

184 4471 490 4529 virtutibus
525 4472 797 4545 pullulent
846 4487 861 4526 ;
906 4469 962 4526 id
987 4479 1090 4539 est,
1119 4484 1283 4540 opera
1338 4467 1459 4539 ejus
1491 4475 1682 4522 sancte
1720 4466 1803 4521 vi-

186 4565 376 4623 vendo
410 4565 728 4636 proﬁciant.
1368 4567 1377 4576 ’

258 4660 450 4716 Homo
468 4676 591 4717 vero
626 4675 746 4715 cum
798 4666 1033 4713 mortuus
1073 4656 1262 4727 fuerit,
1309 4665 1359 4710 et
1389 4657 1619 4712 nudatus
1648 4662 1803 4724 atque

188 4765 546 4827 consumptus
570 4771 589 4810 :
619 4755 709 4809 ubi
752 4768 929 4825 quteso
974 4751 1088 4807 est?
1119 4751 1295 4807 Homo
1331 4759 1512 4806 autem
1565 4765 1673 4805 non
1711 4750 1805 4803 ba—

185 4848 333 4907 δεῦε
364 4865 524 4922 spem
572 4848 629 4905 in
655 4847 915 4913 Christo,
961 4845 1105 4901 sicut
1148 4852 1341 4915 gentes
1382 4857 1505 4913 qua:
1548 4842 1809 4912 ignorant

187 4941 401 5004 Deum.
434 4957 557 4999 cum
584 4951 835 4997 mortuus
863 4938 1055 5003 fuerit,
1082 4953 1189 4992 non
1216 4945 1442 4991 renatus
1468 4950 1566 5005 per
1599 4933 1809 5004 baptis-

186 5053 380 5102 mum,
404 5038 516 5093 vita
542 5036 711 5094 etiam
743 5034 1036 5090 destitutus
1066 5048 1131 5087 ac
1157 5028 1416 5103 praesenti
1445 5027 1809 5084 delectatione

186 5134 468 5200 nudatus,
499 5132 623 5188 sine
650 5130 820 5186 dubio
870 5127 1202 5185 sententiam
1250 5134 1473 5181 aeternae
1499 5122 1808 5180 damnatio-

184 5227 279 5286 nis
304 5225 584 5298 excipiet.

266 5320 564 5388 Quomodo
588 5318 637 5373 si
666 5315 914 5372 recedant
957 5329 1109 5387 aqua:
1138 5312 1200 5368 de
1229 5312 1387 5380 mari,
1412 5320 1464 5365 et
1494 5310 1684 5381 ﬂuvius
1714 5327 1806 5363 ra-

181 5419 485 5487 mfactus
529 5421 733 5469 arescat
757 5426 777 5466 :
804 5411 880 5464 sic
918 5411 1071 5464 homo
1115 5423 1232 5462 cum
1272 5406 1571 5469 dormierit,
1605 5421 1707 5458 non
1732 5420 1811 5457 re-

184 5517 417 5579 surges.
458 5505 634 5561 Donec
674 5512 929 5560 atteratur
969 5502 1183 5569 caelum,
1214 5515 1319 5554 non
1375 5496 1689 5569 evigilabit:
1722 5512 1813 5549 nec

188 5608 498 5671 consumet
526 5600 593 5656 de
629 5616 813 5655 somno
840 5614 956 5653 suo.
991 5596 1123 5664 Quis
1147 5595 1277 5649 mihi
1303 5594 1401 5647 hoc
1424 5591 1649 5661 tribuat,
1683 5599 1737 5644 ut
1762 5591 1814 5643 in

184 5695 433 5765 inferno
457 5702 698 5765 protegas
728 5708 830 5760 me,
853 5701 900 5747 et
926 5689 1215 5746 abscondas
1235 5705 1335 5752 me,
1367 5689 1527 5743 donec
1550 5695 1818 5759 pertrans-

183 5801 284 5848 eat
304 5790 475 5863 furor
522 5799 644 5844 tuus
670 5805 689 5845 :
712 5797 759 5845 et
796 5790 1080 5844 constituas
1111 5785 1239 5841 mihi
1261 5795 1463 5856 tempus
1487 5829 1500 5855 ,
1531 5784 1587 5839 in
1610 5800 1711 5856 quo
1742 5798 1822 5836 re-

183 5883 624 5943 corderismei?
666 5881 900 5938 Putasne
946 5892 1182 5937 mortuus
1227 5882 1381 5935 homo
1408 5893 1619 5934 rursum
1658 5875 1825 5931 vivet?

548 5980 827 6042 Panos.
873 5977 1114 6040 XXVI.

1891 3351 2115 3415 peccata
2143 3340 2431 3403 commisi,
2463 3341 2515 3395 in
2556 3356 2723 3395 unum
2754 3341 2936 3396 omnia
2982 3358 3078 3411 per
3105 3341 3321 3398 diversa
3354 3351 3488 3396 tvm-

1892 3450 2087 3507 parum
2139 3433 2312 3505 spatia
2355 3435 2735 3506 congregasti,
2786 3444 2844 3490 ut
2892 3424 3192 3491 secundum
3244 3437 3482 3507 rigorem

1892 3527 2116 3600 iustitiae
2149 3538 2254 3584 tua:
2285 3542 2384 3597 pro
2414 3528 2628 3584 cunctis
2668 3527 2828 3583 simul
2861 3527 2993 3582 mihi
3024 3529 3382 3584 retribueres.

1969 3621 2127 3677 Mons
2169 3621 2360 3676 cadens
2386 3620 2601 3692 deﬂuit,
2632 3630 2679 3675 et
2704 3636 2888 3675 saxum
2923 3623 3239 3693 transfertur
3279 3622 3343 3676 de
3379 3622 3493 3677 loco

1892 3730 2009 3773 suo.
2047 3712 2275 3784 Lapides
2319 3721 2572 3768 excavant
2615 3728 2787 3783 aquat,
2837 3721 2887 3767 et
2932 3711 3196 3767 alluvione
3240 3715 3494 3785 paulatim

1897 3818 2037 3865 terra
2078 3808 2424 3873 consumitur,
2473 3816 2524 3861 et
2575 3805 2810 3861 homines
2860 3823 2984 3879 ergo
3020 3807 3260 3861 similiter
3291 3809 3495 3878 perdes.

1898 3902 2139 3958 Montem
2172 3915 2303 3972 ergo
2342 3898 2503 3955 istum
2536 3898 2814 3954 diabolum
2835 3941 2849 3961 ,
2877 3899 2993 3953 sive
3024 3895 3294 3966 superbia:
3324 3899 3495 3952 liomi—

1899 4012 2023 4054 nem
2054 3995 2261 4052 sentire
2304 3995 2596 4060 debemus,
2632 3993 2723 4064 qui
2770 4002 2961 4048 contra
2994 3992 3185 4061 Deum,
3238 4003 3293 4047 ut
3340 4009 3497 4048 mons

1900 4091 2139 4147 elatione
2169 4088 2372 4145 mentis
2414 4088 2707 4152 tumescit,
2737 4096 2793 4141 et
2839 4084 2912 4139 ita
2942 4099 3002 4140 se
3031 4086 3314 4156 crigcndo,
3349 4086 3494 4141 cadit

1902 4184 1955 4239 in
1987 4198 2254 4254 praeceps,
2305 4191 2363 4236 ut
2393 4180 2635 4246 deﬂuat,
2684 4187 2739 4235 et
2769 4178 2982 4233 solutus
3014 4179 3065 4233 in
3100 4180 3382 4249 pulverem
3430 4181 3496 4234 ad

1902 4276 2131 4332 nihilum
2162 4274 2476 4331 deducitur.
2503 4273 2647 4330 Saxo
2694 4286 2825 4327 vero
2853 4271 2977 4325 illos
3008 4272 3300 4326 assimilari
3333 4283 3493 4340 puto,

1904 4371 1996 4440 qui
2022 4384 2144 4425 cum
2176 4369 2229 4424 in
2269 4378 2484 4424 natura:
2516 4367 2661 4422 bono
2707 4365 3007 4421 debuerant
3063 4375 3335 4439 tamquam
3366 4369 3502 4440 lapi-

1906 4462 2002 4519 des
2045 4462 2148 4519 soli
2194 4461 2362 4518 simili
2406 4459 2732 4516 fortitudine
2788 4475 3135 4531 permanere,
3183 4465 3506 4518 comnmtati

1908 4565 2036 4612 sunt
2061 4554 2344 4610 voluntate
2375 4553 2592 4624 propria
2624 4553 2677 4607 in
2704 4549 3066 4606 stoliditatem
3108 4554 3400 4622 quamdam
3437 4571 3499 4611 ac

1910 4649 2165 4707 duritiam
2193 4648 2396 4716 cordis,
2449 4656 2503 4702 et
2551 4646 2673 4702 ideo
2700 4647 3083 4703 detestationis
3121 4664 3235 4704 sure
3289 4653 3501 4707 habita-

1912 4743 2039 4801 cqu
2065 4742 2209 4815 quod
2258 4756 2317 4796 se
2346 4739 2554 4798 habere
2584 4738 2737 4811 quasi
2781 4739 2852 4794 de
2905 4739 3019 4795 suis
3062 4741 3272 4797 meritis
3306 4760 3511 4814 przrsu-

1914 4837 2157 4902 mebant,
2184 4832 2482 4905 dejiciendi
2512 4842 2639 4888 sunt
2666 4830 2733 4887 ad
2778 4831 2937 4902 digna
2986 4834 3090 4889 sibi
3142 4836 3280 4891 loca.
3340 4837 3509 4909 Aqum

1914 4937 2097 4985 autem
2131 4929 2251 4983 ista:
2295 4943 2416 5000 qua:
2447 4942 2669 4998 semper
2699 4925 2963 4982 inferiora
3013 4938 3224 4998 petunt,
3256 4947 3351 5001 per
3378 4950 3512 5002 quas

1918 5023 2081 5077 etiam
2112 5020 2389 5093 quondam
2419 5018 2569 5075 venit
2608 5018 2893 5087 interitus,
2927 5023 3271 5077 adversarius
3303 5026 3509 5094 signiti-

1917 5127 2043 5171 cant
2068 5124 2393 5187 potestates,
2426 5120 2483 5169 et
2507 5114 2775 5185 procellas
2802 5128 2867 5168 ac
2903 5114 3151 5169 turbines
3181 5116 3387 5170 mundi.
3417 5119 3511 5174 llm

1919 5225 2050 5279 ergo
2074 5224 2251 5280 aquae,
2278 5208 2530 5279 inquam,
2559 5222 2654 5262 eos
2686 5206 2937 5262 homines
2964 5211 3054 5278 qui
3086 5208 3192 5262 sibi
3232 5209 3513 5268 fortissimi

1919 5320 1985 5360 ac
2015 5304 2179 5359 solidi
2209 5311 2337 5358 sunt
2366 5302 2434 5357 de
2461 5316 2522 5356 se
2546 5310 2947 5371 praesumentes
2973 5341 2987 5365 ,
3022 5310 3075 5356 et
3098 5300 3435 5360 confidentes
3462 5308 3515 5362 in

1917 5399 2120 5454 virtute
2150 5412 2270 5465 sua,
2312 5395 2489 5462 unde,
2522 5403 2579 5449 et
2608 5394 2885 5464 lapidibus
2912 5408 3323 5465 comparantur,
3358 5400 3516 5458 inde-

1919 5490 2127 5548 sinenti
2158 5491 2311 5562 lapsu
2343 5499 2612 5545 atterunt.
2645 5488 2875 5544 Terram
2927 5504 3060 5544 vero
3101 5489 3223 5544 illos
3257 5508 3380 5548 esse
3411 5496 3522 5550 exi-

1920 5586 2107 5653 stimo,
2141 5586 2231 5655 qui
2264 5582 2599 5638 tentationes
2622 5622 2637 5647 ,
2670 5590 2726 5635 et
2764 5579 3004 5648 pericula
3040 5595 3147 5634 non
3187 5586 3519 5655 auferentes,

1923 5693 1983 5735 se
2027 5678 2311 5733 dimittunt
2357 5670 2696 5730 labefactari.
2752 5670 3014 5727 Homines
3072 5688 3206 5745 ergo
3274 5677 3527 5735 similiter

1926 5771 2164 5842 perdes:
2202 5768 2256 5823 id
2286 5775 2371 5824 est
2394 5808 2411 5834 ,
2439 5776 2661 5821 sanctos
2708 5771 2865 5831 tuos,
2901 5765 2993 5835 qui
3044 5764 3340 5839 imaginem
3375 5782 3521 5830 tuam

1929 5868 1983 5924 in
2014 5883 2075 5924 se
2101 5862 2444 5921 custodiunt.

3053 5960 3129 6023 21
