3948 6334
501 328 601 388 661

1275 324 1629 389 ΑΡΡΕΝυΙΧ
1667 324 1763 385 Δΐ)
1800 320 2049 381 ΤΟΜΠΜ
2090 336 2091 341 ‘

2213 315 2450 381 »τικυιι
2487 320 2545 379 s.
2586 318 3001 383 mmouvut.
3654 314 3744 390 ost

571 442 848 501 Roborasti
877 458 995 499 eum
1045 441 1346 513 paululum,
1373 453 1431 500 ut
1473 446 1530 500 in
1571 450 1879 517 perpetuum
1927 447 2094 494 trans-
2119 434 2343 508 Aquod
2375 437 2686 510 hujusmodi
2716 450 2966 497 ventrem
2991 439 3189 497 dolore
3232 436 3533 511 repleverit,
3566 442 3616 499 id
3650 457 3739 515 est,

495 537 617 592 iret.
664 535 780 593 Hoc
816 543 937 603 est,
990 535 1045 591 in
1088 536 1198 591 vita
1246 535 1352 591 ista
1393 547 1502 592 non
1550 531 1849 607 permisisti
1877 538 2099 588 sanctos

499 638 626 686 tuos
649 629 1048 686 tentatiouibus
1071 630 1344 700 superarit

564 721 883 778 [inmutabit
910 722 1100 794 [aciem
1121 726 1261 796 ejus,
1291 732 1344 778 et
1362 724 1569 781 emittes
1589 739 1731 779 eum.
1753 721 1813 779 Id
1842 728 1947 788 est,
1971 734 2097 777 cum

493 814 730 872 mortale
751 814 860 873 hoc
887 815 1358 873 immortalitatem
1388 816 1673 880 induerit.
1707 825 1761 872 et
1807 815 2099 882 incorrup-

493 908 730 965 tionem.
762 907 895 966 Sive
939 908 1125 979 aliter,
1174 908 1371 967 faciem
1416 910 1658 966 animam
1701 907 2093 980 intelligimus,

493 1016 617 1073 qua:
661 1016 784 1059 cum
841 1002 1151 1059 naturalem
1198 1003 1475 1074 receperit
1522 1003 1918 1070 serenitatem,
1964 1012 2100 1056 con-

492 1094 792 1167 templatur
816 1094 1052 1166 gloriam
1082 1094 1289 1152 divinat
1316 1095 1645 1165 majestatis,
1671 1106 1794 1166 qua
1819 1108 1945 1149 cum
1967 1106 2098 1149 oor-

487 1201 627 1260 pore
663 1201 767 1243 suo
808 1188 973 1243 simul
1024 1188 1193 1245 fuerit
1238 1188 1557 1260 gratulata:
1604 1187 1757 1244 nulla
1802 1185 2095 1257 perturba-

486 1281 640 1339 tione
663 1280 962 1353 cujuslibet
987 1282 1103 1337 vitii
1133 1282 1489 1338 sauciabitur.

565 1374 693 1431 Sive
747 1373 944 1430 nobiles
984 1374 1176 1444 fuerint
1209 1374 1309 1442 ﬁlii
1338 1376 1481 1447 ejus,
1528 1375 1636 1429 sive
1677 1372 1960 1448 ignobiles,
1990 1388 2095 1427 non

486 1468 765 1540 intelliget.
797 1466 915 1523 lloc
942 1478 1055 1531 est.
1087 1482 1197 1523 non
1226 1466 1323 1522 lilii
1349 1466 1557 1536 carnis,
1590 1465 1689 1522 sed
1714 1465 1810 1521 lilii
1843 1464 2045 1520 mentis
2075 1479 2090 1518 :

486 1558 545 1617 id
574 1571 683 1629 est,
714 1576 883 1633 opera
913 1562 1200 1617 virtutum.
1241 1560 1354 1616 Non
1385 1560 1704 1632 intelligunt
1746 1574 1880 1631 ergo
1913 1558 2096 1615 sancti

482 1654 541 1712 in
574 1654 679 1713 hac
696 1656 817 1712 vita
849 1664 979 1713 ante
998 1655 1191 1726 judicii
1218 1653 1390 1724 diem,
1417 1654 1607 1726 quales
1636 1669 1739 1725 pro
1765 1664 1922 1709 certo
1946 1651 2095 1708 ﬁlios

485 1749 769 1807 habeant:
798 1758 978 1806 utrum
1022 1749 1138 1805 Deo
1184 1749 1497 1820 placentes,
1527 1763 1598 1805 an
1648 1761 1756 1803 non
1791 1747 2089 1816 placentes.

2201 547 2266 589 ea
2294 535 2499 606 cogitet
2537 549 2660 606 quae
2700 537 2935 592 animam
2964 534 3087 606 ejus
3114 528 3443 591 discruciant
3462 577 3476 604 ,
3503 537 3578 592 vel
3621 539 3746 596 unde

2201 625 2426 683 dolores
2452 627 2705 695 corporis
2734 628 2932 685 merito
2959 626 3222 699 patiatur.

2271 717 2463 791 Argitis
2487 720 2657 775 verbis
2685 733 2806 775 estut
2842 720 2933 793 qui
2958 734 3063 776 non
3106 726 3181 776 est
3204 721 3420 791 aqualis
3465 721 3569 789 tibi,
3609 728 3649 777 et
3683 722 3751 777 ευ.

2201 815 2377 881 mis
2402 815 2543 887 quod
2570 814 2664 869 tibi
2684 826 2791 871 non
2814 816 3045 888 mellite
3077 814 3252 883 Quem
3283 815 3358 870 ite
3378 813 3627 882 dicendo,
3654 818 3753 872 vel-

2203 912 2261 964 ut
2284 908 2555 967 rebellem
2586 909 2813 982 Deoque
2852 911 3199 967 contrarium
3228 914 3402 965 uetat.
3439 909 3518 965 illi
3543 909 3637 965 hoc
3660 912 3752 965 lor-3

2200 1002 2369 1070 sitan,
2396 1004 2521 1073 quia
2551 1004 2612 1059 in
2651 1001 2991 1074 praecedenti
3042 1010 3306 1059 sermone
3342 1001 3531 1058 dixerit
3571 1002 3663 1061 Joh
3700 1003 3755 1060 ad

2206 1094 2375 1152 Deum
2420 1097 2565 1154 inter
2611 1098 2865 1155 cetera:
2916 1096 2987 1153 Et
3046 1096 3346 1154 arbitraris
3391 1108 3477 1153 me
3515 1094 3753 1154 inimicum

2202 1200 2354 1246 tuum
2363 1226 2377 1246 ο

2276 1285 2552 1352 Quantum
2600 1285 2656 1341 in
2705 1295 2754 1341 te
2783 1295 2878 1352 est,
2909 1280 3175 1340 concitasti
3226 1284 3491 1352 timorem;
3534 1294 3580 1339 et
3619 1283 3759 1339 tulisti

2203 1394 2378 1452 preces
2405 1392 2581 1434 eorum
2628 1377 2759 1435 Deo.
2793 1378 2927 1436 Tum
2962 1380 3162 1449 elatus,
3198 1380 3399 1450 inquit,
3436 1377 3648 1435 allectus
3688 1394 3757 1447 es,

2203 1483 2264 1530 ut
2303 1474 2501 1530 timore
2546 1473 2740 1529 divino
2769 1476 2993 1530 omnino
3023 1473 3102 1529 sis
3125 1487 3361 1539 vacuus,
3402 1480 3459 1529 et
3484 1472 3637 1529 Deum
3666 1472 3756 1543 jam

2201 1581 2306 1623 nec
2332 1565 2618 1637 deprecari
2650 1558 2898 1636 digneris
2930 1580 2945 1621 :
2981 1576 3207 1637 prepter
3236 1564 3383 1637 quod
3407 1565 3481 1620 ait
3505 1584 3517 1619 :
3541 1574 3592 1622 et
3616 1567 3757 1621 tulisti

2208 1672 2416 1734 preces
2438 1674 2627 1720 eorum
2660 1662 2795 1728 Dee,
2828 1662 2881 1717 id
2909 1670 3015 1728 est,
3044 1662 3202 1733 quasi
3247 1661 3349 1718 tibi
3396 1673 3506 1718 non
3547 1673 3761 1717 necessa-

2200 1756 2311 1813 rias
2340 1771 2371 1813 a
2396 1766 2451 1812 te
2478 1756 2772 1813 abstulisti.
3756 1754 3762 1759 ‘

482 1843 783 1901 RoboraSti
812 1860 937 1901 eum
971 1845 1288 1915 paululum,
1323 1853 1383 1899 ut
1431 1845 1485 1898 in
1530 1852 1858 1914 perpetuum
1910 1852 2091 1895 trans-

2262 1846 2459 1905 Docuit
2486 1851 2626 1906 enim
2643 1850 2893 1922 iniquitas
2921 1857 3015 1903 tne
3038 1860 3097 1903 es
3136 1856 3286 1903 tuum
3316 1856 3338 1903 ρ
3366 1856 3418 1902 et
3439 1847 3644 1901 imitaris
3670 1845 3755 1901 tu.

487 1938 619 2005 iret,
646 1938 953 1995 secundum
978 1938 1206 1995 formam
1241 1939 1389 1994 servi
1416 1952 1580 2009 quam
1611 1935 1929 2006 assumpsit.
1968 1935 2095 1990 limo

483 2030 709 2089 Christo
740 2032 855 2090 Deo
885 2048 994 2088 non
1021 2033 1199 2104 aptari
1234 2047 1398 2103 posse
1424 2032 1688 2089 arbitror.
1711 2031 1848 2088 Nam
1874 2043 1997 2087 cum
2027 2045 2094 2085 ex

483 2142 549 2183 ea
578 2136 734 2197 parte
764 2142 869 2199 qua
903 2127 1071 2185 homo
1098 2136 1205 2195 est,
1236 2128 1620 2185 inﬁrmuretur
1648 2127 1935 2199 proximus
1960 2142 2091 2196 pos-

490 2221 667 2289 sioni,
702 2220 1037 2292 evangelista
1084 2223 1205 2277 ait:
1239 2222 1499 2292 Apparuit
1533 2231 1708 2278 autem
1730 2221 1948 2292 angelus
1976 2217 2092 2274 Do-

481 2313 613 2368 mini
635 2313 699 2367 de
723 2313 850 2370 caelo
879 2316 1185 2386 confortans
1209 2329 1350 2369 eum.
1385 2312 1485 2369 Hic
1510 2328 1644 2385 ergo
1666 2312 1736 2368 ad
1766 2313 1933 2369 breve
1959 2321 2092 2368 tem-

485 2418 590 2477 pus
620 2404 1010 2461 administrata
1043 2406 1425 2476 redemptione
1453 2415 1640 2461 nostra
1672 2406 1726 2461 in
1758 2414 2089 2476 perpetuum

482 2498 621 2555 illud
653 2497 915 2556 sreculum
945 2499 1122 2557 oculos
1158 2508 1453 2570 penetrans
1500 2497 1782 2556 transivit.
1834 2499 2093 2555 immuta-

482 2591 568 2648 bis
599 2590 799 2647 faciem
828 2591 950 2663 ejus
981 2607 996 2646 :
1028 2591 1134 2647 hoc
1157 2600 1263 2660 est,
1293 2608 1418 2649 cum
1452 2600 1601 2647 totus
1640 2592 1808 2646 homo
1834 2591 1890 2647 in
1916 2592 2089 2647 Deum

481 2686 745 2742 transiit:
795 2686 948 2742 salva
1008 2697 1190 2742 tamen
1239 2687 1533 2756 utriusque
1584 2685 1908 2741 substantia:
1963 2700 2089 2755 pro-

483 2780 719 2851 prietate
744 2780 799 2834 in
830 2779 1045 2835 unitate
1070 2792 1347 2851 persons.

555 2875 796 2931 Attamen
828 2890 953 2929 caro
984 2877 1101 2947 ejus
1130 2872 1258 2929 dum
1299 2874 1450 2940 vivet,
1499 2873 1722 2941 dolebit,
1743 2882 1796 2929 et
1824 2875 1998 2929 anima
2025 2875 2092 2929 il-

484 2970 588 3024 lius
609 2984 765 3041 super
810 2969 1087 3038 semetipso
1133 2966 1349 3040 lugebit.
1379 2967 1459 3023 lla
1499 2984 1683 3023 veram
1714 2983 1937 3026 carnem
1965 2968 2086 3026 Sal—

486 3072 643 3116 vator
674 3069 864 3117 noster
891 3060 1210 3130 assumpsit,
1238 3069 1294 3116 ut
1316 3060 1555 3130 potuerit
1578 3061 1828 3118 dolorem
1858 3063 2085 3118 sentire.

2198 1956 2358 2016 guunt
2386 1942 2885 2011 blaspbmantinm.
2914 1939 3114 1996 Malum
3138 1940 3312 2011 igitur
3345 1940 3541 1995 mentis
3567 1945 3682 2006 tute,
3707 1952 3763 1993 es

2196 2046 2351 2096 tuum
2378 2037 2570 2093 didicit
2601 2037 2771 2108 loqui,
2804 2046 2859 2092 et
2891 2032 3098 2092 idcirco
3126 2035 3383 2091 imitatur
3407 2040 3461 2089 et
3501 2032 3763 2104 discipulus

2197 2147 2263 2189 es
2292 2132 2540 2198 illorum,
2577 2130 2669 2201 qui
2701 2130 2941 2199 linguam
2987 2130 3055 2185 ad
3090 2126 3577 2200 blasphemandttm
3623 2128 3765 2182 Deum

2197 2236 2420 2293 semper
2448 2224 2654 2279 habent
2682 2232 2950 2294 paratam.

2264 2313 2645 2372 Condentnabit
2688 2326 2739 2370 te
2787 2330 2845 2369 es
2894 2326 3079 2383 tuum,
3108 2324 3157 2369 et
3190 2326 3296 2370 non
3324 2326 3444 2386 ego,
3470 2320 3519 2368 et
3545 2312 3766 2368 labiatue

2197 2409 2579 2482 respondebunt
2602 2409 2720 2464 tibi»
2752 2408 2811 2466 id
2838 2418 2924 2466 est
2944 2451 2959 2476 ,
2985 2407 3185 2465 merits
3218 2418 3535 2465 sementim
3574 2414 3763 2461 tuorum

2198 2502 2458 2574 recipies.

2275 2595 2551 2669 Numquid
2576 2598 2777 2668 primus
2803 2595 2963 2652 homo
3002 2607 3057 2651 tu
3080 2604 3237 2651 tratus
3260 2610 3349 2662 es,
3388 2602 3441 2650 et
3482 2601 3594 2649 ante
3620 2594 3775 2648 θνητά

2197 2688 2357 2745 colles
2384 2690 2677 2762 fumans?
2704 2687 2851 2760 Ergo
2892 2694 3187 2761 antequam
3228 2688 3523 2758 generatio
3562 2684 3767 2740 humana

2191 2783 2481 2849 existeret,
2508 2794 2632 2839 esse
2661 2778 3141 2854 cmplstiﬁonans
3170 2782 3267 2839 tibi
3296 2781 3614 2853 plurimum,
3639 2776 3765 2849 quod

2198 2888 2311 2946 prae
2336 2876 2561 2932 caeteris
2606 2876 2924 2947 hominibus
2964 2878 3189 2946 sapias:
3234 2873 3333 2930 ubi
3380 2885 3626 2930 sermone
3658 2870 3771 2926 sub.

2196 2970 2516 3025 sannatorio
2544 2971 2716 3040 potuit
2744 2972 2984 3041 primum
3012 2968 3186 3025 Adam
3215 2968 3427 3024 dixisse
3457 2986 3469 3021 :
3500 2978 3652 3037 quem
3684 2963 3765 3017 uti-

2192 3077 2303 3132 que
2344 3062 2819 3132 sapientissimum
2879 3076 2907 3115 a
2960 3062 3074 3117 Deo
3128 3061 3394 3117 novimus
3436 3057 3655 3115 factum.
3700 3050 3768 3110 Ita

484 3154 589 3212 Vel
625 3157 806 3210 anima
839 3156 960 3225 ejus
1005 3153 1217 3220 doluit,
1247 3169 1371 3209 cum
1412 3154 1532 3209 ait:
1570 3153 1756 3210 Tristis
1783 3164 1860 3211 est
1908 3156 2088 3210 animo
2195 3172 2329 3229 ergo
2356 3157 2409 3211 in
2454 3165 2707 3213 sanctum
2746 3154 2855 3211 Iob
2878 3155 3181 3223 iuvabitur,
3230 3163 3295 3209 ut
3338 3153 3594 3209 diceret:
3632 3162 3770 3203 nunt-

485 3263 603 3302 mea
634 3263 792 3319 usque
823 3246 891 3300 ad
934 3254 1170 3302 mortem.
1201 3246 1328 3301 Sive
1361 3246 1627 3315 Ecclesia,
1652 3263 1776 3318 quae
1806 3261 1939 3303 caro
1967 3248 2089 3317 ejus
2113 3229 2163 3302 (Ἰ
2195 3250 2329 3320 quid
2356 3260 2411 3304 tu
2438 3262 2567 3305 me
2592 3258 2803 3320 patrem
2848 3248 3077 3305 humani
3104 3248 3357 3321 generis,
3385 3257 3442 3304 et
3461 3254 3587 3302 ante
3605 3241 3771 3301 suadis

485 3353 592 3411 est,
618 3343 767 3398 dolet
794 3357 919 3398 cum
944 3341 1220 3411 pressuris
1249 3342 1518 3411 premitur
1547 3343 1737 3398 saeculi
1771 3359 1785 3397 :
1815 3344 1942 3414 quia
1971 3342 2089 3412 ipsa

489 3436 743 3493 Ecclesia
777 3434 997 3491 ﬁliaest
1038 3436 1092 3488 in
1122 3449 1221 3498 eo,
1255 3434 1346 3504 qui
1378 3449 1473 3504 per
1500 3433 1662 3492 tidem
1693 3435 1947 3506 baptismi
1984 3434 2090 3489 ini—

485 3530 656 3585 tiatur
685 3528 738 3583 in
767 3528 1013 3584 Christo.
1050 3526 1119 3581 Et
1146 3541 1365 3581 rursum
1389 3536 1567 3582 mater
1590 3536 1699 3594 est,
1730 3542 1855 3582 cum
1877 3525 1971 3581 ille
1994 3528 2085 3597 qui

487 3621 753 3678 membris
777 3619 986 3677 Chrisu
1010 3619 1394 3691 incorporatus
1422 3628 1526 3687 est,
1579 3620 1810 3690 suscipit
1844 3618 2089 3675 ministe-

485 3719 626 3774 rium
657 3715 993 3788 baptizandi.

1082 3776 1311 3842 CAPUT
1368 3780 1483 3839 XV.

558 3904 905 3979 Respondeas
983 3912 1158 3959 autem
1223 3900 1450 3973 Eliphas
1521 3900 1853 3955 Tltemanites
1906 3900 2088 3955 diruit:

486 3999 759 4073 Numquid
795 4001 1001 4070 sapiens
1039 3996 1395 4069 respondebit,
1451 3996 1605 4067 quasi
1658 3996 1713 4049 in
1752 4004 1960 4051 ventum
2001 3993 2085 4049 ιο.

487 4110 669 4168 quens.
701 4092 818 4149 Hoc
839 4106 1003 4148 sensu
1032 4090 1251 4146 videtur
1290 4089 1504 4158 cepisse
1534 4106 1548 4142 :
1580 4089 1868 4159 quisquam
1905 4105 1975 4144 ne
2002 4103 2090 4144 sa-

478 4189 657 4259 piens,
691 4195 747 4242 et
771 4184 1079 4254 disciplima
1109 4182 1510 4253 philoSOphicze
1553 4179 1867 4248 studiosus,
1904 4182 1977 4237 ita
2006 4181 2092 4236 lu-

471 4297 602 4338 rore
635 4279 866 4349 rapitur,
893 4288 1056 4348 atque
1088 4275 1309 4330 insania
1347 4272 1691 4343 possidetur,
1719 4282 1777 4327 ut
1822 4274 1942 4328 sine
1975 4273 2090 4328 ullo

475 4376 695 4432 timoris
726 4373 820 4430 Dei
850 4371 931 4427 vel
981 4370 1269 4441 religionis
1301 4369 1544 4435 intuitu,
1589 4368 1669 4423 sic
1716 4367 2000 4438 loquatur,
2032 4378 2091 4423 ut

481 4482 633 4524 aurae
664 4465 818 4521 llatui
862 4463 1047 4519 simile
1076 4462 1176 4529 sit,
1209 4471 1485 4532 ventoque
1533 4460 1678 4532 quod
1736 4461 1980 4531 liquitur.
2009 4462 2092 4516 0b

485 4558 591 4614 hoc
621 4558 784 4629 igitur
816 4554 1045 4626 Eliphaz
1072 4563 1322 4610 sanctum
1348 4552 1451 4609 Joh
1474 4552 1647 4608 veluti
1675 4551 1870 4623 spiritu
1899 4567 2093 4623 super-

482 4653 590 4708 bire
618 4660 894 4722 ventoque
925 4649 1174 4705 timidum
1204 4647 1541 4718 redarguere
1566 4662 1735 4703 ausus
1759 4658 1864 4703 est.

556 4743 625 4799 Et
653 4742 884 4813 implebit
914 4742 1103 4796 ardore
1123 4739 1445 4795 stomachum
1476 4757 1650 4793 suum.
1685 4740 1911 4794 Nomine
1931 4740 2089 4795 πύου

482 4837 584 4904 ris,
628 4836 1060 4892 cxanhelantcm
1090 4832 1216 4887 felle
1255 4830 1551 4886 iracuntlitc
1573 4832 1814 4886 animum
1844 4831 1964 4901 ejus
1987 4848 2083 4889 vo-

484 4930 587 4986 luit
614 4928 878 4996 iudicare,
899 4926 990 4997 qui
1016 4924 1307 4982 adversum
1339 4925 1504 4981 Deum
1538 4931 1810 4993 tamquam
1834 4940 2088 4997 coaequa-

484 5024 591 5078 lem
620 5021 723 5077 sibi
751 5020 913 5075 irasci
957 5018 1389 5087 prrsumpserit.
1422 5017 1546 5071 Alia
1599 5016 1982 5087 interpretatio
2014 5022 2084 5074 ita

484 5116 695 5171 habet:
728 5112 793 5167 Et
823 5110 1051 5181 implebit
1101 5109 1282 5164 dolore
1329 5118 1554 5164 ventrem
1593 5126 1768 5164 suum.
1825 5110 2083 5168 Ventrem

482 5224 738 5278 capacem
767 5204 1057 5276 quemdam
1109 5202 1286 5258 sinum
1335 5204 1531 5258 animo
1578 5202 1783 5258 dictum
1814 5207 2090 5277 intelliga-

483 5317 652 5360 mus:
701 5299 827 5371 quia
883 5295 1351 5369 quemadmodum
1404 5296 1810 5365 rcccptaculum
1861 5298 2087 5369 aliquod

482 5410 566 5455 cst
598 5397 851 5467 corporis
900 5410 1009 5466 quo
1056 5392 1327 5448 viscerum
1379 5392 1563 5445 vitalia
1614 5394 1990 5461 continentur,
2034 5404 2092 5449 et

488 5496 591 5549 huc
621 5492 831 5548 ventris
854 5489 1077 5544 nomine
1100 5488 1482 5558 appellamus:
1514 5488 1585 5542 ita
1616 5488 1877 5543 virtutem
1901 5503 2093 5558 quam-

488 5587 612 5643 dam
643 5582 1129 5641 exercitationibns
1158 5582 1356 5636 anima:
1396 5581 1704 5651 capahilem
1738 5581 1825 5638 illa
1859 5583 2094 5638 transla-

485 5681 635 5736 tione
683 5695 777 5750 per
839 5676 1274 5734 demutationem
1330 5674 1568 5729 nominis
1616 5674 1796 5743 dixit,
1851 5692 1972 5746 qua:
2021 5691 2095 5731 eo

480 5776 649 5829 modo
690 5769 1120 5841 cogitationibus
1150 5767 1451 5836 repleatur,
1484 5782 1595 5836 quo
1625 5776 1813 5822 venter
1856 5767 2094 5824 hominis

518 5869 631 5925 scis
665 5865 938 5935 repletur.
994 5862 1319 5932 lncrepatur
1376 5875 1512 5930 ergo
1557 5860 1662 5917 Job
1712 5862 1782 5917 ab
1825 5861 2089 5933 Eliphaz,

2196 3343 2405 3399 tionem
2437 3344 2763 3414 angelorum
2795 3344 3193 3411 esseccepisti?

2272 3435 2546 3507 Numquid
2594 3435 2871 3490 consilium
2921 3435 3022 3490 Dei
3048 3436 3266 3499 audisti,
3296 3445 3352 3490 et
3376 3433 3597 3507 inferior
3624 3440 3667 3485 ω
3690 3430 3771 3483 erit

2196 3531 2314 3601 ejus
2343 3526 2907 3598 sapiemia?6ubinde
2930 3528 3178 3592 nimium,
3210 3535 3266 3582 et
3288 3527 3594 3597 jactuntom
3623 3520 3775 3592 arguit

2200 3638 2336 3679 vero
2386 3623 2497 3678 Deo
2538 3622 2883 3693 placentem,
2918 3633 2978 3679 ct
3018 3622 3377 3680 macerentur
3410 3623 3679 3690 increpet,
3702 3614 3777 3671 di-

2197 3729 2331 3770 cens
2358 3733 2371 3769 :
2395 3715 2540 3785 quod
2572 3731 2678 3771 non
2718 3715 2900 3769 solum
2947 3728 3113 3769 nosse
3146 3720 3307 3784 putet
3332 3713 3437 3769 Boi
3464 3711 3732 3768 cnsilium
3761 3722 3775 3758 ε

2199 3822 2395 3864 verum
2417 3811 2606 3874 etiam,
2630 3818 2693 3865 et
2722 3809 2957 3865 inierim
2979 3810 3055 3865 sit
3078 3808 3174 3863 ille
3209 3810 3333 3879 ejus
3370 3805 3664 3877 sapientia.
3685 3804 3777 3871 ὼρ-

2198 3911 2358 3970 paret
2387 3916 2520 3970 ergo
2548 3901 2769 3971 plenum
2795 3901 2964 3956 livore
3000 3903 3248 3955 animm
3266 3928 3285 3965 ς
3313 3897 3777 3972 exprobrationem

2192 3994 2378 4066 jacula
2410 3997 2467 4051 in
2510 3996 2790 4051 hominem
2815 3996 3024 4067 justum
3070 3998 3194 4052 sine
3232 4010 3405 4052 causa
3443 3992 3696 4065 dirigere,
3728 3993 3781 4041 ut

2194 4088 2466 4144 conviciis
2492 4089 2761 4146 obrueret
2792 4090 3171 4146 innocentem.

2278 4181 2420 4249 Quid
2466 4183 2602 4237 nosti
2648 4182 2785 4253 quod
2814 4183 3155 4255 ignoremus?
3198 4181 3340 4248 Quid
3664 4173 3783 4247 ᾳιοό

2202 4276 2546 4331 πεπίστευκε)
2600 4277 2907 4332 Plurimum
2954 4295 2967 4330 :
3026 4277 3190 4347 plane
3251 4277 3306 4331 in
3358 4276 3563 4346 privatis
3630 4273 3782 4341 ipsum

2202 4369 2372 4424 Deum
2406 4369 2582 4442 magis
2626 4380 2853 4427 noverat
2885 4412 2901 4437 ,
2927 4370 3133 4427 deinde
3156 4369 3462 4427 revela-da
3494 4369 3550 4425 ia
3589 4365 3784 4423 Christo

2201 4463 2470 4534 mysteria
2498 4466 2705 4536 spiritu
2733 4466 3076 4536 pervidebat.

2275 4557 2340 4612 Et
2370 4575 2539 4626 senes,
2563 4569 2608 4613 et
2630 4561 2840 4630 ’anliqui
2865 4570 2982 4615 sunt
3016 4561 3067 4614 in
3117 4561 3265 4615 nobis
3288 4561 3464 4616 multo
3489 4557 3773 4614 vetustiores

2118 4630 2176 4697 Ῑ)
2198 4666 2353 4722 quam
2380 4663 2552 4723 patres
2572 4654 2673 4706 tm”.
2713 4652 2916 4719 Senes,
2947 4662 3001 4706 et
3027 4654 3238 4724 antiqui
3276 4654 3577 4709 nobiscum
3606 4646 3778 4720 positi.

2200 4746 2292 4814 qui
2314 4744 2425 4814 jam
2455 4745 2571 4815 ipsa
2598 4744 2944 4816 longaevitate
2968 4746 3262 4816 plurimum
3295 4745 3626 4801 eruditionis
3650 4747 3789 4809 atque

2201 4836 2445 4894 scientia:
2475 4841 2754 4895 consecuti
2778 4850 2903 4895 sunt
2929 4858 2941 4895 :
2976 4839 3114 4896 nihil
3156 4851 3369 4896 temere
3390 4848 3593 4895 conm
3619 4837 3787 4895 Delon

2202 4942 2264 4988 ut
2292 4942 2351 4989 tu
2380 4931 2534 4996 facis,
2565 4932 2747 4989 dicere
2775 4944 3261 5005 praesumpserant.

2280 5025 2550 5097 Numquid
2575 5026 2775 5097 grande
2816 5036 2913 5093 est,
2959 5037 3017 5080 ut
3046 5029 3344 5083 consoletur
3392 5036 3448 5081 te
3474 5024 3665 5082 Deus?
3700 5018 3792 5077 Sed

2202 5120 2354 5175 verba
2379 5129 2467 5173 tua
2487 5135 2648 5192 praua
2670 5119 2768 5175 hoc
2787 5119 3082 5193 prohibent.
3110 5120 3466 5178 Manifestum
3493 5136 3595 5175 nec
3608 5112 3790 5189 gruit

2198 5224 2286 5269 est
2314 5213 2702 5283 omnipatenti,
2739 5229 2839 5270 nec
2866 5213 3097 5271 difﬁcile
3125 5215 3522 5271 misericordiae.
3550 5211 3677 5273 Dei,
3706 5208 3792 5261 IN‘

2204 5304 2404 5359 minem
2450 5305 2723 5361 consolari
2764 5322 2783 5362 t:
2829 5316 2889 5361 ut
2930 5307 3272 5364 invocantem
3330 5304 3631 5371 exaudiat,
3670 5308 3723 5355 et
3767 5310 3792 5348 δ

2203 5413 2460 5469 pressura
2508 5400 2874 5457 tribulationis
2917 5403 3143 5473 eripiat;
3197 5402 3295 5456 sed
3336 5411 3401 5456 tu
3444 5394 3794 5469 blasphemias

2203 5493 2490 5560 ructando,
2522 5495 2820 5550 exacerbas
2862 5495 3036 5566 magis
3064 5495 3234 5550 Deum
3280 5495 3335 5549 in
3385 5502 3611 5566 prun-tn
3637 5495 3790 5545 tum»

2202 5601 2365 5658 quem
2396 5596 2611 5655 poteras
2642 5586 2973 5655 humilitate,
3006 5597 3061 5644 et
3088 5586 3467 5644 satisfactione
3492 5583 3732 5656 placare.

2281 5680 2423 5747 Quid
2445 5680 2675 5735 teelerat
2713 5698 2801 5737 cor
2839 5684 3004 5749 tuum,
3049 5692 3099 5740 et
3136 5682 3287 5753 quasi
3332 5697 3533 5754 magna
3560 5676 3790 5748 capitali.

2205 5773 2453 5851 attonitos
2493 5771 2649 5827 habes
2679 5773 2896 5831 oculos?
2926 5776 3063 5842 Quid
3089 5785 3247 5832 tumet
3291 5782 3478 5830 contra
3511 5771 3673 5826 Deum
3701 5762 3793 5835 8115'

2204 5865 2339 5920 ritus
2360 5873 2500 5933 tuus,
2526 5871 2583 5918 ut
2608 5865 2848 5935 proferas
2883 5866 2949 5922 de
2977 5883 3066 5923 ore
3098 5876 3185 5924 tuo
3212 5862 3584 5941 hujuscemodi
3616 5869 3792 5916 sm
