3948 6334
451 317 557 374 653

1231 311 1578 374 APPENDIX
1618 312 1712 372 AD
1749 312 1995 372 TOMUM
2037 309 2394 373 SEPTIMUM
2434 312 2493 369 S.
2538 309 2942 372 lllERONYMl.

3645 308 3742 370 656

451 427 815 499 cogitationes
857 425 1082 482 nimium
1120 427 1518 498 superborum,
1568 427 1622 482 in
1656 426 2047 497 blasphemiam
2073 427 2124 488 Α
2153 426 2332 498 gimus
2361 426 2431 482 de
2460 426 2702 483 tenebris
2739 422 3098 482 inﬁdelitatis.
3125 423 3302 480 Homo
3334 420 3426 481 hic
3453 420 3655 493 impius
3681 423 3741 478 ad

450 529 842 592 proruperunt.

524 614 738 686 Operuit
782 613 968 683 faciem
1009 617 1125 686 ejus
1155 613 1463 669 crassitudo.
1505 613 1698 670 Facies
1729 612 2045 684 plerumque

445 707 563 778 ipsa
593 722 746 763 mens
772 707 966 761 animae
993 706 1334 778 intelligitur,
1368 717 1426 762 ut
1455 707 1530 762 ait
1561 706 1896 774 Apostolus:
1930 703 2046 759 Nos

443 809 617 854 autem
643 799 866 854 revelata
884 799 1020 871 facie
1041 799 1259 873 gloriam
1284 799 1497 854 Domini
1525 801 1872 872 speculantur.
1899 798 2045 853 llanc

443 891 697 948 diabolus
717 891 832 947 sive
859 892 1058 963 impius
1087 892 1252 948 homo
1275 893 1564 948 sanctitate
1587 908 1682 947 seu
1714 890 2040 956 humilitate,

441 999 698 1041 serenam
740 1000 846 1040 non
876 984 1074 1052 habet,
1105 986 1220 1042 sive
1250 986 1592 1056 perSpicuam
1611 1027 1626 1050 ,
1654 984 1749 1040 sed
1779 983 2045 1039 crassitu-

443 1077 572 1132 dine
601 1086 845 1147 opertam
878 1078 1150 1149 superbiae
1172 1122 1187 1147 ,
1221 1095 1342 1148 qua:
1371 1092 1519 1134 caeco
1551 1077 1718 1132 corde
1743 1077 1837 1145 sit,
1863 1085 1918 1132 et
1948 1077 2047 1132 ob-

444 1176 591 1224 tuso.
620 1167 740 1223 Alia
767 1167 938 1224 editio
966 1184 986 1223 :
1035 1167 1250 1242 Operuit
1293 1170 1478 1240 faciem
1523 1170 1632 1240 ejus
1681 1180 1945 1240 tamquam
1988 1169 2042 1221 in

443 1262 600 1334 adipe
621 1279 753 1330 suo;
774 1271 1052 1335 tamquam
1085 1262 1321 1320 diceret:
1345 1263 1600 1334 superbia
1621 1262 1876 1319 videlicet
1902 1271 2040 1328 atra,

439 1366 629 1411 auctor
668 1354 910 1410 omnium
953 1356 1244 1411 vitiorum:
1290 1371 1398 1411 non
1443 1354 1638 1422 tenui,
1679 1363 1733 1410 et
1763 1351 2044 1425 perlucida

438 1447 766 1504 humilitatis
791 1451 995 1506 virtute
1025 1450 1178 1506 velut
1208 1452 1447 1520 pretioso
1477 1452 1677 1505 amictu
1709 1463 1770 1504 se
1799 1446 2039 1513 vestivit,

440 1541 538 1597 sed
568 1541 637 1597 de
675 1541 854 1614 seipsa
882 1542 1011 1598 fecit
1037 1543 1088 1598 ei
1120 1543 1528 1612 quodammodo
1557 1541 1821 1608 derisum,
1845 1548 1903 1597 et
1922 1553 2044 1596 ves-

439 1637 725 1692 timentum
757 1637 1076 1703 obscurum,
1105 1652 1214 1708 quo
1244 1637 1556 1708 superbiam
1582 1649 1768 1692 crassa
1797 1636 2042 1690 excitate

439 1727 622 1783 cordis
652 1727 1001 1783 obtunderet.

514 1820 580 1876 Et
607 1822 671 1877 de
691 1821 939 1877 lateribus
961 1824 1071 1894 ejus
1096 1825 1282 1878 arvina
1304 1824 1578 1897 dependet.
1603 1823 1840 1878 Possunt
1867 1820 2037 1875 latera
2069 1831 2118 1892 Β

438 1915 581 1985 ejus,
625 1914 862 1970 ministri
894 1917 1012 1971 sive
1039 1917 1258 1973 sodales
1289 1918 1547 1989 intelligi,
1575 1917 1664 1988 qui
1689 1916 1809 1986 ejus
1832 1914 2040 1969 similes

440 2009 790 2064 exstiterunt.
825 2009 942 2064 Non
973 2009 1208 2066 absurde
1238 2012 1406 2067 etiam
1446 2025 1608 2065 aures
1641 2007 2038 2079 intelliguntur,

436 2120 558 2174 qum
585 2103 770 2171 utique
811 2104 864 2157 in
905 2103 1180 2160 audientia
1225 2105 1666 2176 impinguautur:
1697 2103 1840 2158 unde
1874 2101 2038 2158 nimia

434 2197 676 2252 surditas
705 2196 1122 2252 contumacibus
1151 2209 1478 2268 generatur,
1513 2195 1814 2252 secundum
1865 2194 1997 2250 illud
2023 2209 2036 2248 :

432 2291 798 2347 Incrassatum
819 2301 893 2345 est
923 2308 1014 2346 cor
1038 2293 1222 2364 populi
1251 2293 1427 2363 hujus.
1456 2291 1576 2347 Alia
1629 2291 1798 2347 editio
1826 2308 1838 2344 :
1892 2287 2041 2343 Fecit

435 2387 792 2458 capitapulum
809 2403 960 2460 super
985 2385 1441 2454 fernora.Videtur
1472 2384 1604 2440 mihi
1621 2385 1722 2439 iste
1741 2383 2040 2438 versiculus

436 2495 660 2538 sensum
705 2480 1081 2552 hujuscemodi
1126 2481 1445 2544 continere,
1475 2477 1622 2550 quod
1656 2479 1708 2532 in
1739 2476 1845 2532 hoc
1875 2475 2040 2546 impio

434 2575 772 2646 increpetur,
803 2574 928 2645 quia
964 2575 1175 2631 lrenum
1205 2572 1510 2644 disciplina:
1532 2613 1546 2638 ,
1581 2585 1689 2642 quo
1717 2569 1784 2624 ad
1814 2570 2041 2622 virtutes

429 2667 660 2723 retineri
694 2676 944 2738 poterat,
989 2656 1196 2722 habere
1227 2665 1490 2730 noluerit,
1524 2664 1621 2719 sed
1652 2661 1718 2716 ad
1751 2658 2038 2732 quamdam

430 2777 494 2820 se
528 2763 706 2833 potius
748 2761 1192 2831 dissolutionem,
1226 2761 1479 2831 deposito
1506 2759 1672 2813 animi
1705 2758 1912 2828 rigore,
1945 2755 2042 2812 de-

424 2857 646 2928 iecerit,
677 2866 736 2911 ut
767 2855 925 2927 quasi
955 2855 1071 2911 loro
1102 2855 1281 2910 laxato
1311 2855 1377 2909 ad
1409 2853 1772 2924 voluptatem,
1801 2858 1856 2907 et
1885 2851 2042 2906 luxu-

429 2951 568 3008 riam
603 2951 988 3008 deduceretur.

505 3044 776 3100 Habitavit
802 3045 859 3099 in
883 3044 1176 3099 civitatibus
1209 3044 1490 3112 desolatis,
1525 3053 1573 3097 et
1611 3043 1666 3097 in
1693 3040 1927 3096 domibus
1949 3041 2041 3094 de-

428 3141 616 3210 sertis,
655 3155 770 3211 qua:
810 3139 865 3193 in
916 3139 1142 3194 tumulos
1189 3147 1308 3194 sunt
1355 3139 1598 3194 redactcc.
1634 3137 2034 3193 llabitationem

2152 518 2334 574 lumen
2362 519 2701 591 ptenitentia:
2730 520 2920 576 venire
2951 519 3238 575 detrectat.

2223 615 2417 670 Ramos
2462 617 2572 688 ejus
2618 615 2864 686 arefaciet
2916 617 3151 684 ﬂamma.
3185 615 3241 669 ln
3287 611 3480 680 ramis,
3521 625 3742 683 operum

2150 707 2418 763 malorum
2460 706 2671 762 fructus
2715 706 3113 775 intelligamus,
3157 707 3299 761 sicut
3331 705 3592 763 Salomon
3635 702 3743 758 ait:

2150 796 2377 853 Fructus
2411 799 2687 871 impiorum
2735 807 2963 866 peccata.
2990 797 3100 853 Hos
3143 813 3274 854 vero
3300 797 3452 854 velut
3479 795 3650 868 ligna,
3678 794 3750 852 fe-

2151 908 2303 959 num,
2332 893 2589 963 stipulam
2621 892 2884 964 gehennae
2911 892 3051 964 ignis
3071 892 3342 948 absumet.

2221 986 2288 1041 Et
2325 989 2592 1059 auferetur
2611 987 2801 1057 spiritu
2830 987 2934 1042 oris
2959 987 3038 1042 sui
3070 986 3136 1040 ab
3164 1003 3244 1042 eo.
3277 985 3415 1053 Quia
3442 998 3574 1056 ergo
3600 983 3750 1040 furor

2147 1091 2340 1138 contra
2373 1081 2542 1137 Deum
2567 1080 2785 1136 animus
2804 1081 2922 1152 ejus
2951 1091 3061 1146 est,
3091 1095 3199 1150 quo
3224 1080 3390 1136 etiam
3421 1090 3476 1136 et
3498 1077 3751 1149 blasphe-

2147 1175 2286 1229 mias
2322 1174 2373 1228 in
2404 1188 2528 1230 eum
2557 1173 2765 1242 spirare
2791 1190 2896 1228 non
2928 1172 3162 1229 desinit:
3195 1173 3309 1228 oris
3337 1171 3442 1234 sui,
3473 1171 3573 1239 ait,
3601 1170 3746 1241 judi-

2147 1267 2234 1322 cio
2263 1264 2686 1322 condemnatur.
2715 1265 3029 1322 Secundum
3083 1265 3361 1337 antiquam
3393 1281 3527 1337 ergo
3559 1263 3751 1320 editio-

2148 1374 2273 1415 nem
2321 1359 2375 1414 in
2417 1359 2590 1430 stirpe
2637 1359 2752 1415 sive
2805 1359 3002 1415 fronde
3033 1401 3048 1426 ,
3100 1359 3365 1430 originem
3419 1360 3545 1414 vita:
3601 1357 3750 1429 impii

2152 1451 2447 1519 signiﬁcari
2477 1453 2751 1519 existimo,
2793 1468 2951 1522 quam
2977 1451 3217 1522 Spiritus
3247 1452 3344 1509 Dei
3363 1452 3648 1509 sententia
3670 1451 3751 1521 ju-

2149 1544 2316 1611 dieii,
2349 1553 2409 1600 ut
2437 1546 2702 1601 incubans
2743 1554 2944 1601 ventus
2990 1546 3262 1616 percutit:
3297 1554 3355 1600 ut
3394 1544 3546 1600 velut
3589 1545 3750 1600 arbor

2145 1638 2418 1695 arefactus
2450 1639 2650 1709 impius
2691 1638 2839 1695 illico
2886 1640 3184 1710 moriatur,
3215 1648 3271 1697 et
3313 1641 3387 1696 ita
3439 1639 3630 1696 omnis
3657 1639 3750 1697 llos

2146 1731 2372 1788 honoris
2394 1733 2511 1803 ejus
2541 1741 2596 1788 et
2623 1733 2813 1804 gloriae
2842 1733 3068 1789 defluat.

2219 1826 2340 1881 Non
2386 1827 2587 1881 recedet
2624 1827 2821 1898 frustra
2865 1843 3042 1882 errore
3070 1827 3311 1900 deceptus
3336 1869 3352 1895 ,
3379 1825 3524 1900 quod
3571 1825 3749 1899 aliqua

2144 1919 2311 1991 pretio
2336 1919 2669 1974 redimendus
2695 1920 2784 1974 sit.
2816 1919 2929 1976 Hoc
2972 1921 3136 1992 igitur
3162 1923 3267 1986 ait,
3304 1931 3455 1990 putat
3497 1920 3750 1977 fortassis

2143 2011 2412 2080 diabolus,
2436 2023 2491 2068 et
2519 2012 2685 2069 homo
2715 2012 2917 2082 impius
2947 2015 3131 2070 cordis
3159 2013 3357 2070 duritia
3384 2014 3439 2070 in
3467 2014 3751 2086 impietate

2142 2104 2464 2176 persistens,
2494 2105 2640 2176 quod
2690 2106 2832 2160 Deus
2861 2106 2912 2162 ei
2939 2122 3036 2178 pro
3073 2106 3188 2162 suis
3211 2109 3422 2164 meritis
3446 2125 3557 2163 non
3593 2109 3751 2163 retri-

2143 2198 2274 2253 buat
2305 2216 2315 2252 :
2351 2198 2478 2253 dum
2521 2199 2667 2255 Dens
2707 2215 3044 2270 nequaquam
3076 2202 3126 2256 ei
3161 2202 3352 2272 parcit,
3383 2211 3439 2257 et
3481 2202 3531 2257 si
3563 2201 3749 2257 verbis

2144 2291 2249 2347 hoc
2278 2292 2593 2362 potentibus
2639 2301 2800 2363 atque
2835 2294 3154 2364 compositis
3184 2304 3241 2349 ut
3269 2294 3515 2350 obtineat
3547 2293 3745 2363 depre-

2141 2394 2330 2450 cetur,
2377 2399 2498 2440 cum
2547 2386 2660 2455 jam
2706 2387 3008 2442 secundum
3059 2386 3153 2442 Dei
3197 2386 3402 2457 justum
3441 2386 3748 2457 judicium,

2139 2477 2490 2547 sempiternis
2519 2477 2770 2534 addictus
2797 2480 2870 2533 sit
2899 2477 3260 2534 cruciatibus.

2212 2568 2501 2641 Antequam
2532 2568 2642 2624 dies
2674 2573 2788 2642 ejus
2818 2571 3156 2640 impleantur,
3189 2570 3401 2642 peribit.
3433 2569 3598 2628 Tunc
3638 2569 3750 2628 dies

2141 2664 2568 2735 uniuscujusque
2602 2665 2814 2736 impleri
2843 2665 3066 2734 dicitur,
3095 2681 3217 2722 eum
3250 2667 3520 2722 bonorum
3565 2667 3745 2724 homi-

2143 2771 2270 2811 num
2299 2773 2360 2812 ac
2383 2758 2656 2812 malorum
2684 2759 2977 2814 retributio
3002 2760 3234 2816 venerit.
3266 2759 3366 2817 llic
3391 2776 3526 2832 ergo
3559 2762 3748 2829 homo,

2139 2849 2255 2906 sive
2279 2850 2552 2916 diabolus,
2581 2863 2709 2908 ante
2737 2852 3038 2925 perspicua:
3066 2857 3356 2911 sententia:
3381 2855 3555 2924 diem,
3585 2872 3745 2928 quam

2140 2943 2220 2998 eis
2249 2943 2506 2998 Dominus
2538 2945 2590 2998 in
2617 2943 2823 3015 judicio
2850 2944 3081 3002 daturus
3106 2958 3223 3004 est:
3253 2949 3501 3018 praesciit
3527 2949 3583 3004 in
3612 2965 3751 3021 pra-

2139 3035 2506 3094 destinatione
2538 3035 2648 3110 [Αι.
2677 3039 2959 3109 ρτίεεοίωε
2983 3038 3183 3110 peribit
3208 3057 3220 3093 :
3245 3042 3388 3097 sicut
3409 3041 3486 3106 in,
3515 3041 3669 3115 etc.j.

2212 3129 2280 3184 Et
2303 3147 2485 3185 manus
2511 3134 2625 3204 ejus
2647 3139 2899 3186 arescent.
2923 3130 3143 3187 Nullum
3188 3133 3375 3205 utique
3398 3132 3534 3190 boui
3560 3135 3751 3205 aperis

431 3249 565 3304 ergo
592 3232 910 3300 bestiarum,
943 3241 999 3288 et
1024 3233 1205 3288 avium
1244 3233 1646 3288 immundarum
1677 3232 1902 3301 spiritus
1934 3230 2037 3285 im-
2061 3219 2108 3282 C
2141 3223 2375 3280 fructum
2404 3225 2457 3278 in
2489 3239 2548 3279 se
2579 3223 2806 3281 habens.

432 3325 668 3382 mundos
688 3325 853 3380 dicit:
881 3327 971 3394 qui
1007 3326 1249 3380 habitam
1281 3327 1332 3380 in
1368 3324 1702 3392 hominibus,
1727 3339 1862 3394 quos
1890 3323 2036 3379 Deus

434 3417 698 3474 deseruit.
733 3419 831 3473 Hic
857 3419 1003 3472 enim
1037 3417 1246 3472 habitat
1274 3419 1330 3473 in
1361 3417 1675 3473 hominibus
1701 3415 1978 3472 derelictis
2005 3431 2037 3471 a

435 3513 547 3567 Deo
577 3529 590 3567 :
622 3523 676 3567 et
709 3513 780 3568 ob
811 3513 912 3567 hoc
951 3512 1202 3583 sepulcra
1231 3511 1356 3567 facti
1398 3521 1526 3567 sunt
1573 3520 1938 3568 mortuorum.
1973 3511 2040 3565 Et

434 3606 483 3662 si
505 3615 724 3676 peccata
767 3604 821 3660 in
862 3603 1156 3676 Scripturis
1186 3605 1384 3660 mortui
1427 3603 1721 3676 aliquando
1762 3603 2034 3668 dicuntur,

429 3699 749 3756 necessario
775 3713 1126 3770 peccatores,
1162 3708 1218 3754 et
1245 3698 1394 3769 impii
1423 3699 1612 3753 tumuli
1642 3706 1771 3753 sunt
1801 3707 2041 3753 mortuo-

433 3809 577 3850 rum.
597 3794 769 3866 Igitur
787 3796 840 3848 in
863 3793 1197 3860 civitatibus,
1219 3803 1395 3861 potest
1416 3793 1672 3864 generale
1693 3807 1892 3847 nomen
1915 3805 2040 3848 esse

435 3887 678 3942 omnium
713 3895 1060 3957 peccatorum
1083 3887 1136 3940 in
1159 3885 1412 3942 domibus
1430 3899 1564 3941 vero
1583 3884 1825 3956 speciale
1849 3883 2039 3939 unius-

439 3979 702 4050 cujusque
733 3980 1062 4049 peccaturis,
1091 3989 1152 4033 et
1180 3977 1357 4047 impii.

514 4072 639 4127 Non
668 4073 934 4142 ditabitur,
965 4087 1057 4126 nec
1081 4071 1419 4139 perseverabit
1438 4069 1730 4125 substantia
1751 4067 2042 4140 ejus.Sub-

440 4165 641 4224 stantia
673 4167 762 4222 hie
792 4181 897 4222 non
930 4182 1111 4221 rerum
1140 4164 1351 4220 divitiae
1373 4165 1739 4234 intelligenda:
1765 4173 1912 4232 sunt,
1943 4163 2041 4220 sed

439 4269 706 4332 peccata:
753 4258 820 4313 de
855 4258 1052 4323 quibus
1084 4258 1164 4312 ait
1192 4267 1414 4312 sanctus
1456 4256 1692 4326 Spiritus
1733 4255 1790 4311 in
1830 4257 2044 4323 Apoca-

439 4354 578 4424 lypsi
605 4352 852 4407 Joannis.
880 4351 1106 4415 Cecidit,
1144 4351 1327 4405 cecidit
1357 4348 1598 4420 Babylon
1627 4347 1804 4403 civitas
1830 4366 2040 4422 magna,

441 4456 489 4501 et
509 4451 652 4516 facta
675 4453 749 4500 est
769 4445 1122 4499 habitaculum
1135 4445 1532 4511 daemoniorum,
1556 4454 1604 4498 et
1622 4444 1859 4498 custodia
1877 4445 2043 4500 omnis

444 4540 659 4612 spiritus
705 4537 980 4592 immundi.
1022 4537 1176 4605 Quod
1226 4550 1408 4594 autem
1436 4539 1551 4602 ait,
1594 4553 1702 4591 non
1747 4537 2038 4594 dilabitur:

2211 3318 2452 3372 Ltcdetur
2483 3320 2632 3390 quasi
2662 3321 2809 3376 vinea
2836 3321 2887 3375 in
2919 3323 3089 3394 primo
3136 3323 3267 3393 [lore
3313 3324 3493 3377 botrus
3521 3323 3676 3390 ejus,
3705 3332 3755 3378 et

2139 3415 2292 3485 quasi
2324 3414 2458 3468 oliva
2489 3414 2770 3487 projiciens
2794 3418 2976 3487 ﬂorent
3006 3432 3182 3472 suum.
3207 3415 3263 3472 In
3293 3417 3452 3472 botro
3485 3418 3623 3472 nulli
3652 3416 3754 3472 du-

2140 3505 2290 3561 bium
2317 3547 2332 3572 ,
2392 3506 2534 3577 quod
2589 3505 2801 3563 fruetus
2827 3510 3010 3578 operis
3055 3510 3387 3581 intelligatur
3427 3510 3753 3578 praedictus.

2141 3596 2310 3669 Igitur
2360 3597 2551 3654 liorem
2600 3599 2783 3670 gaudii
2836 3602 3151 3672 temporalis
3182 3643 3196 3667 ,
3253 3601 3321 3657 ad
3374 3604 3754 3658 maturitatem

2141 3693 2352 3746 fruetus
2395 3693 2640 3762 perpetui
2674 3695 2979 3764 perducere
3009 3711 3115 3751 non
3148 3695 3388 3763 valebit,
3425 3713 3495 3754 eo
3527 3697 3678 3769 quod
3702 3698 3757 3754 in

2142 3797 2241 3854 Spe
2270 3785 2388 3855 ipsa
2417 3785 2695 3842 mendacis
2714 3787 2923 3858 gloriae,
2955 3789 3132 3846 calido
3160 3797 3324 3846 vento
3351 3791 3632 3860 superbia:
3655 3790 3760 3846 dis-

2143 3877 2433 3948 sipabitur.
2469 3879 2596 3936 Sive
2628 3879 2835 3952 frigore
2861 3883 3146 3939 charitatis
3175 3885 3293 3954 Dei,
3319 3884 3468 3940 velut
3498 3901 3531 3941 a
3562 3885 3758 3956 pruina

2142 3972 2402 4040 lmdetur,
2432 3973 2574 4028 sicut
2601 3974 2795 4030 eodem
2839 3991 3004 4032 sensu
3036 3978 3089 4032 in
3119 3976 3476 4048 sequentibus
3509 3981 3759 4034 arbitror

2143 4063 2372 4120 dictum.
2392 4065 2461 4120 Et
2487 4067 2640 4134 quasi
2670 4067 2814 4123 oliva
2849 4069 3149 4138 projiciens
3173 4068 3363 4124 florem
3392 4085 3579 4125 suum.
3598 4070 3759 4126 Oliva

2143 4157 2290 4213 enim
2317 4161 2369 4212 in
2395 4158 2698 4228 Scripturis
2723 4158 2949 4228 divinis,
2971 4169 3028 4218 et
3055 4163 3240 4226 vinea,
3269 4161 3571 4234 aliquando
3591 4165 3758 4219 homo

2144 4256 2356 4306 tantum
2388 4251 2762 4321 signiﬁcatur:
2794 4253 3088 4324 aliquando
3118 4255 3355 4326 populus
3409 4271 3511 4313 seu
3551 4257 3757 4326 bonus,

2145 4357 2242 4399 seu
2269 4345 2466 4400 malus.
2491 4344 2646 4413 Quod
2668 4357 2856 4405 autem
2885 4349 3061 4418 dixit,
3092 4351 3423 4420 vastabitur,
3451 4353 3576 4410 sive
3603 4369 3763 4410 ever-

2146 4443 2315 4504 tetur,
2347 4437 2418 4490 ita
2455 4435 2906 4510 intelligendum,
2939 4440 3080 4496 sicut
3124 4441 3180 4497 in
3221 4441 3558 4516 Apocalypsi
3589 4444 3766 4502 habe-

2148 4537 2269 4584 tur:
2304 4527 2407 4597 Qui
2434 4530 2612 4600 fecerit
2652 4531 2899 4586 mandata
2932 4531 3168 4599 Domini,
3194 4550 3298 4588 non
3336 4535 3562 4590 ltedetur
3590 4549 3763 4593 morte

446 4629 555 4685 hoc
597 4629 800 4684 dixisse
831 4628 965 4683 mihi
1004 4627 1239 4694 videtur,
1276 4644 1382 4685 non
1429 4629 1646 4700 Iungunt
1680 4637 1892 4700 tempus
1915 4628 2040 4695 erit,
2070 4622 2125 4683 D
2149 4623 2398 4677 secunda.
2432 4621 2605 4680 Vinea
2634 4639 2802 4696 ergo,
2832 4634 2889 4682 et
2915 4626 3081 4693 oliva,
3115 4627 3273 4698 plebs
3302 4628 3631 4685 Judasorum
3664 4645 3766 4702 po-

448 4737 558 4794 quo
607 4722 714 4777 vita
760 4721 880 4791 ejus
934 4722 987 4776 in
1039 4721 1244 4778 divitiis
1295 4722 1593 4779 facinorum
1650 4723 2038 4792 decrassetur,

446 4840 572 4881 cum
597 4827 758 4881 etiam
792 4824 1018 4881 collecta
1044 4826 1302 4882 vitiorum
1326 4826 1446 4899 ejus
1475 4828 1773 4885 substantia
1805 4845 1912 4886 non
1941 4832 2045 4887 erit

446 4944 826 5002 permansura.

521 5034 636 5090 Nec
680 5036 845 5088 mittet
887 5035 940 5088 in
973 5042 1161 5088 terram
1206 5034 1433 5089 radicem
1463 5051 1628 5089 suam.
1679 5035 1736 5091 ld
1781 5045 1885 5101 est,
1918 5037 2042 5110 quia

448 5149 724 5211 tamquam
754 5140 918 5194 arbor
944 5139 1130 5194 evulsa
1161 5139 1233 5192 sit
1277 5141 1616 5194 moriturus:
1659 5138 1779 5195 ideo
1812 5141 1866 5195 in
1899 5150 2044 5198 terra

445 5243 740 5299 viventium
767 5240 1116 5296 stabilitatem
1153 5250 1412 5295 mternam
1450 5241 1568 5295 sive
1609 5255 1797 5295 eorum
1821 5256 2048 5299 consor-

447 5344 579 5398 tium
612 5357 719 5396 non
748 5339 972 5396 habebit
997 5360 1011 5395 :
1041 5353 1106 5395 eo
1127 5338 1268 5410 quod
1310 5338 1396 5394 hic
1424 5338 1574 5409 prius
1598 5354 1755 5410 spem
1780 5342 1863 5397 vel
1901 5342 2049 5397 radi-

447 5462 565 5503 cem
593 5444 718 5500 ﬁdei
736 5458 842 5499 non
876 5441 1140 5513 praemisit
1165 5459 1178 5495 :
1207 5457 1394 5496 auram
1423 5443 1585 5499 etiam
1615 5445 1832 5513 salutis,
1863 5455 1920 5502 ut
1945 5447 2046 5503 sub

448 5543 643 5600 umbra
672 5542 815 5597 vivat
841 5539 1131 5610 refrigerii,
1158 5554 1268 5595 non
1294 5539 1536 5599 habebit.

523 5645 645 5702 Non
666 5643 864 5700 recedet
895 5642 956 5694 de
987 5639 1226 5695 tenebris.
1250 5640 1356 5694 Alii
1381 5641 1658 5713 dixerunt,
1687 5642 1811 5698 Non
1838 5644 2044 5718 eﬁugiet

445 5749 675 5805 tenebras
701 5762 723 5804 :
760 5745 814 5802 id
845 5752 950 5811 est,
979 5757 1170 5814 poenas
1207 5753 1440 5800 aeternas
1470 5745 1676 5811 subiit,
1705 5756 1761 5802 et
1787 5747 2046 5804 tenebras

441 5857 549 5901 non
580 5840 796 5899 evadet.
828 5837 948 5896 Non
972 5837 1190 5895 recedet
1217 5847 1399 5895 autem
1429 5837 1500 5895 de
1527 5839 1806 5897 tenebris:
1837 5842 2043 5902 intelli-

2149 4727 2256 4774 test
2285 4718 2540 4791 intelligi.
2579 4721 2703 4777 lla:c
2743 4720 2906 4792 igitur
2934 4721 3091 4779 vinea
3128 4723 3322 4794 perdet
3347 4765 3362 4788 ,
3393 4723 3510 4781 sive
3539 4725 3765 4783 amittet

2147 4810 2383 4866 fructum
2418 4811 2728 4866 sanctitatis
2754 4824 2916 4886 atque
2938 4813 3191 4885 justitias,
3219 4816 3311 4888 qui
3331 4814 3617 4872 Christum
3649 4817 3767 4889 pri-

2149 4923 2299 4963 mum
2329 4907 2617 4975 ﬁorem,et
2637 4909 2903 4981 optimum
2929 4921 3246 4968 sanctorum
3268 4913 3516 4968 omnium
3541 4913 3600 4968 in
3627 4929 3767 4986 agro

2149 5001 2287 5070 legis
2318 5001 2523 5057 habere
2551 5002 2746 5058 noluit.
2769 5001 2891 5074 Ipse
2919 5005 3064 5060 enim
3083 5006 3248 5062 dicit:
3285 5005 3399 5078 Ego
3424 5010 3526 5079 [los
3554 5009 3761 5081 campi.

2147 5092 2262 5149 Sed
2294 5103 2350 5147 ut
2383 5092 2620 5148 inﬁdelis
2641 5103 2808 5167 atque
2837 5097 3118 5153 incredula
3138 5138 3156 5166 ,
3182 5098 3350 5154 neilli
3384 5099 3520 5156 ﬁdes
3539 5099 3762 5157 Christi

2149 5189 2430 5258 ﬂagraret,
2461 5188 2692 5258 projecit
2722 5205 2845 5246 eum
2868 5205 2897 5245 a
2926 5191 3252 5262 semetipsa:
3286 5200 3344 5248 et
3368 5191 3498 5248 dum
3531 5191 3765 5264 projicit

2150 5291 2308 5337 extra
2340 5282 2576 5351 vineam,
2600 5291 2656 5338 et
2717 5298 2748 5339 a
2775 5299 2835 5340 se
2865 5285 3076 5340 excutit
3100 5283 3248 5341 velut
3279 5284 3472 5341 ﬂorem
3499 5326 3517 5351 ,
3547 5284 3677 5356 ipsa
3731 5299 3764 5341 a

2151 5375 2584 5447 patriarcharum
2629 5377 2814 5434 radice
2866 5379 3055 5436 evulsa
3083 5389 3190 5448 est,
3230 5388 3286 5436 et
3314 5378 3535 5436 Christo
3563 5378 3762 5437 fructu

2151 5482 2358 5527 nostra:
2384 5471 2577 5526 salutis
2599 5487 2849 5528 excussa.

2223 5563 2565 5638 Congregatio
2590 5567 2724 5621 enim
2765 5568 3052 5640 hypocriten
3083 5568 3301 5626 sterilis.
3330 5568 3634 5642 Raptorem
3658 5615 3674 5641 ,
3707 5577 3767 5628 et

2153 5658 2453 5715 violentum
2474 5661 2846 5717 simulatorem
2877 5673 3124 5718 sanctum
3151 5661 3257 5718 Job
3282 5661 3368 5718 his
3397 5663 3764 5720 sermonibus

2151 5751 2418 5823 denotat,
2462 5763 2518 5809 et
2543 5753 2678 5811 dicit
2703 5755 2872 5826 quod,
2905 5755 3030 5812 etei
3079 5771 3190 5814 non
3221 5756 3518 5828 proderunt
3541 5755 3763 5813 divitia:

2150 5859 2223 5904 ex
2249 5845 2537 5917 iniquitate
2559 5847 2841 5907 collectas:
2865 5851 2940 5906 ita
2959 5850 3105 5908 enim
3129 5850 3427 5910 adversum
3455 5849 3580 5918 Job,
3612 5858 3674 5908 et
3705 5850 3761 5906 in
