3948 6334
206 377 290 435 657
1090 369 1569 430 COMMENTARII
1605 373 1674 430 IN
1714 369 1981 431 LIBRUM
2018 371 2155 430 JOB.
2200 369 2354 427 CAP.
2397 371 2538 428 XVI.

3357 376 3462 432 638

203 494 354 568 primo
373 505 623 548 sermone
642 488 854 546 locutus
872 497 978 558 est,
999 487 1090 545 ubi
1114 488 1282 544 etiam
1307 489 1451 546 leoni
1473 497 1529 546 et
1553 489 1760 557 lemnae,
1787 489 1846 551 Α
1937 486 2009 541 Et
2055 487 2338 542 suscitatur
2386 487 2699 559 falsiloquus
2745 487 2990 543 adversus
3031 489 3217 558 faciem
3269 503 3464 555 meam,

198 590 498 660 leonumque
522 586 706 644 catulo
735 596 789 643 et
819 586 946 656 tigri
976 584 1336 658 comparavit.
1363 585 1474 643 Sed
1506 586 1618 644 Deo
1645 602 1764 642 ma-

196 683 262 754 gis
281 678 606 737 credendum
651 689 766 747 est,
801 679 892 749 qui
920 694 1048 736 eum
1082 678 1307 734 laudans
1337 694 1444 735 non
1477 679 1762 734 simulato-

194 791 288 832 rem
331 772 576 829 elfectum
620 771 799 838 dixit,
843 771 940 826 sed
986 765 1330 827 in’noeentem
1361 781 1416 827 et
1455 769 1760 843 simplicem

194 865 504 940 praedicavit.
532 864 688 933 Quod
719 875 899 920 autem
927 863 997 918 ait
1033 863 1282 934 Eliphaz.

252 957 308 1012 Et
336 958 462 1028 ignis
488 956 754 1012 deuorabit
791 956 1121 1012 tabernacula
1157 973 1366 1027 eorum,
1411 959 1499 1028 qui
1545 973 1758 1012 munera

196 1052 384 1107 libenter
409 1051 690 1122 accipiunt.
713 1049 771 1106 In
795 1062 1044 1106 sanctum
1069 1050 1172 1106 Joh
1203 1051 1400 1107 cadere
1427 1067 1536 1107 non
1558 1061 1756 1120 potest.

190 1145 304 1214 Quia
344 1145 456 1214 ipse
477 1186 492 1210 ,
523 1153 582 1200 ut
604 1143 720 1215 jam
750 1143 886 1210 dixi,
918 1144 1217 1200 secundum
1245 1144 1343 1199 Dei
1386 1144 1757 1200 testimonium

191 1238 246 1296 de
271 1239 439 1308 seipso
469 1238 542 1293 ita
575 1237 791 1294 locutus
825 1248 948 1295 est:
978 1246 1035 1295 et
1063 1239 1107 1294 si
1138 1241 1190 1292 in
1221 1237 1471 1294 manibus
1501 1239 1636 1294 meis
1665 1237 1761 1294 ad-

190 1333 325 1392 hasit
350 1332 578 1400 macula,
612 1347 739 1388 cum
761 1331 830 1388 de
861 1331 1178 1388 muneribus
1206 1331 1542 1404 loqueretur.
1572 1331 1757 1402 Ignem

189 1440 302 1482 vero
328 1423 655 1481 nominando
675 1466 690 1491 ,
729 1423 1036 1496 gehennam
1077 1432 1206 1494 puto
1235 1423 1564 1495 significavit
1585 1466 1600 1491 ,
1633 1422 1758 1493 quia

192 1518 535 1586 tabernacula,
568 1517 622 1572 id
658 1526 773 1586 est,
804 1533 1033 1588 corpora
1065 1517 1375 1587 iniquorum
1407 1524 1533 1571 sunt
1562 1530 1759 1571 consu-

185 1613 374 1670 menda.
408 1611 484 1667 De
523 1609 630 1666 hoc
684 1611 811 1682 igne
839 1619 894 1667 et
936 1609 1148 1682 Sophar
1194 1609 1249 1665 in
1295 1608 1756 1680 consequentibus

185 1706 280 1762 ait:
308 1704 592 1761 Devorabit
638 1718 762 1761 eum
789 1744 805 1773 ,
839 1702 894 1760 id
922 1713 1004 1760 est
1025 1744 1040 1770 ,
1086 1703 1308 1775 impium
1339 1703 1478 1775 ignis
1508 1703 1602 1775 qui
1643 1718 1754 1758 non

193 1797 530 1855 succenditur.

1867 582 2230 636 contradicens
2261 581 2410 634 mihi.
2446 579 2668 651 Collegit
2700 582 2932 652 furorem
2961 598 3114 636 suum
3149 582 3204 636 in
3235 597 3338 637 me.
3370 581 3474 639 IIic

1865 685 1958 730 aut
1982 675 2154 744 ipsum
2185 673 2413 745 Eliphaz
2438 672 2792 745 falsiloquom
2816 672 2982 740 dicit,
3015 673 3140 746 quia
3173 674 3473 745 exprobrat

1865 778 2060 824 sancto
2080 767 2206 836 Job,
2241 768 2385 837 quod
2431 767 2547 822 hare
2575 767 2646 824 ob
2679 777 3029 837 peccatorum
3072 768 3266 824 merita
3300 770 3473 824 susti-

1866 872 2046 931 neret,
2084 872 2178 918 aut
2220 862 2526 927 diabolum,
2555 863 2644 933 qui
2677 877 2801 918 eum
2833 861 3054 918 dixerat
3101 873 3465 933 peccatorem.

1865 959 2076 1023 Aliter,
2120 956 2482 1025 falsiloquus,
2524 955 2698 1013 Judas
2743 957 2824 1012 vel
2867 957 3102 1028 populus
3148 956 3467 1013 Juda'orum

1865 1049 2204 1122 intelligendi
2239 1058 2390 1115 sunt,
2419 1049 2514 1120 qui
2537 1059 2732 1105 contra
2763 1047 3048 1106 Christum
3076 1048 3276 1106 falsum
3301 1049 3472 1108 dede-2

1863 1155 1992 1202 runt
2023 1144 2418 1202 testimonium.

1936 1238 2006 1293 Et
2047 1239 2368 1294 comminans
2409 1239 2538 1292 ntihi
2579 1240 2850 1310 infremuit
2881 1251 3063 1296 contra
3108 1257 3188 1295 me
3217 1240 3460 1295 dentibus

1862 1331 1991 1386 suis.
2023 1329 2135 1387 Ore
2175 1331 2480 1386 amicorum
2510 1341 2704 1387 contra
2735 1342 2985 1387 sanctum
3028 1331 3133 1388 Job
3177 1331 3467 1403 disputan-

1863 1423 2021 1491 tium,
2053 1421 2312 1478 diabolus
2339 1422 2650 1479 minabatur
2683 1424 2832 1480 :sive
2854 1423 3026 1481 Judaei
3057 1423 3468 1481 infremuerunt

1862 1527 2060 1573 contra
2104 1518 2472 1573 Salvatorem.
2513 1517 2634 1574 Alia
2667 1518 2839 1573 editio
2869 1537 2883 1574 :
2917 1519 3144 1590 Sagitta:
3173 1522 3465 1593 piratarum

1861 1627 2014 1683 super
2041 1626 2122 1664 me
2143 1611 2465 1666 ceciderunt.
2492 1611 2688 1666 Piratze
2715 1611 2806 1666 isti
2825 1611 3029 1667 diaboli
3053 1622 3177 1668 sunt
3196 1613 3462 1679 ministri,

1861 1703 1980 1759 sive
2027 1703 2300 1773 homines,
2353 1703 2468 1759 sive
2491 1703 2771 1760 daemones
2803 1721 2816 1758 :
2848 1705 2939 1774 qni
2983 1712 3116 1760 tunc
3163 1707 3352 1777 piratae
3409 1708 3467 1765 in

1861 1794 2162 1865 Scripturis
2202 1805 2498 1865 vocantur,
2545 1795 2762 1868 quando
2815 1797 3080 1852 saeculum
3129 1797 3272 1854 istud
3311 1816 3464 1857 mare

244 1889 471 1962 Concepit
499 1889 733 1946 dolorem
759 1932 774 1958 ,
811 1901 860 1946 et
887 1891 1081 1964 peperit
1109 1890 1432 1962 iniquitatem
1452 1931 1468 1956 ,
1501 1900 1546 1945 et
1579 1900 1754 1946 uterus
1787 1891 1832 1952 Β
1860 1889 2198 1958 appellatur.
2229 1888 2450 1961 Sagitta:
2473 1906 2606 1945 vero
2636 1890 2859 1947 dolores
2881 1893 2968 1947 vel
2997 1893 3276 1949 cruciatus
3304 1893 3468 1950 intel-

191 1989 283 2059 ejtts
305 1996 558 2058 prwparat
596 1985 770 2042 dolos.
819 1985 989 2042 David
1026 2001 1242 2057 quoque
1289 1986 1634 2056 postmodum
1679 1985 1748 2042 de

183 2077 461 2146 hujusmodi
493 2077 565 2132 ita
591 2077 768 2134 dixit:
809 2077 944 2132 Ecce
971 2078 1215 2151 parturiit
1244 2079 1557 2150 injustitiam
1576 2118 1591 2143 ,
1625 2093 1748 2133 con-

183 2172 291 2244 cepit
331 2170 563 2225 dolorem
589 2212 605 2238 ,
660 2171 854 2244 peperit
899 2171 1244 2243 iniquitatem.
1293 2170 1458 2226 Dolor
1499 2187 1630 2241 ergo
1663 2179 1748 2226 est

180 2263 436 2333 iniustitia,
459 2272 516 2318 et
539 2264 821 2334 iniquitas.
846 2262 960 2318 Hoc
991 2279 1123 2333 ergo
1145 2263 1343 2334 impius
1367 2264 1580 2334 peperit
1600 2263 1746 2335 quod

179 2365 492 2426 conceperat,
525 2367 580 2411 et
606 2365 790 2412 tamen
837 2365 1028 2412 uterus
1056 2355 1236 2412 cordis
1264 2356 1385 2426 ejus
1416 2356 1577 2412 dolos
1610 2372 1746 2426 prac-

179 2463 345 2520 pmre
374 2462 477 2504 non
509 2448 736 2504 desinit.
765 2447 914 2516 Quos
944 2459 1074 2504 tunc
1096 2448 1226 2514 edit,
1252 2450 1470 2521 quando
1492 2465 1658 2520 opera
1693 2450 1745 2506 in

180 2542 354 2595 factum
385 2541 706 2613 procedunt.
743 2542 800 2598 In
839 2553 1112 2614 conceptu
1159 2545 1344 2611 itaque
1385 2544 1566 2616 iniqua
1596 2546 1744 2616 cogi-

184 2635 296 2689 tatio
323 2634 656 2705 intelligitur,
683 2635 822 2692 sicut
875 2637 928 2691 in
974 2645 1129 2706 partu
1158 2637 1380 2694 ell'ectus
1413 2638 1568 2693 malae
1594 2640 1742 2711 cogi-

175 2729 372 2783 tatinnis
419 2731 756 2801 agnoscitur.
802 2732 1108 2788 Adversum
1162 2731 1268 2788 Job
1319 2736 1434 2789 haec
1489 2735 1741 2789 universa

173 2822 369 2895 Eliphaz
392 2827 607 2883 locutus
632 2836 746 2888 est;
778 2827 874 2883 sed
894 2827 1005 2896 jam
1032 2829 1286 2898 superius
1313 2828 1577 2898 diximus,
1597 2829 1742 2900 quod

171 2919 647 2978 subministratione
671 2921 976 2993 prophetiae
1019 2938 1113 2994 per
1145 2938 1436 2994 personam
1469 2924 1594 2991 Joh,
1627 2923 1743 2978 dia-

171 3014 279 3070 bolo
337 3015 416 3070 vel
478 3015 708 3072 cuilibet
759 3015 965 3073 homini
1036 3016 1204 3088 impio
1274 3016 1414 3072 dicta
1490 3016 1604 3072 [nec
1659 3017 1738 3072 vi-

170 3106 271 3163 deri
311 3118 564 3180 possunt,
606 3109 753 3168 sicut
801 3117 857 3167 et
902 3108 1008 3164 alia
1051 3124 1173 3181 quas
1218 3109 1382 3165 amici
1419 3108 1537 3180 ejus
1574 3107 1738 3165 locuti

167 3210 296 3258 sunt.

718 3271 955 3332 CAPUT
993 3271 1139 3329 XVI.

226 3388 542 3462 Respondens
573 3397 748 3444 autem
783 3387 884 3443 Job
909 3433 923 3458 ,
964 3388 1098 3441 dixit
1145 3403 1164 3442 :
1211 3387 1401 3442 Audivi
1438 3391 1740 3460 frequenter

168 3482 284 3535 talia
318 3480 669 3538 Consolatores
708 3482 915 3536 onerosi
947 3497 1122 3536 omnes
1168 3497 1254 3534 vos
1286 3481 1429 3535 estis.
1467 3479 1738 3552 Numquid

165 3574 395 3632 habebunt
433 3578 592 3649 ﬁnem
631 3576 785 3631 verba
815 3586 1048 3643 ventosa,
1079 3583 1166 3628 aut
1201 3573 1401 3644 aliquid
1429 3573 1520 3628 tibi
1550 3574 1740 3628 moles-

165 3677 255 3722 tum
276 3679 346 3724 est
371 3671 414 3724 si
436 3667 974 3740 loquaris?Poteram
995 3678 1042 3722 et
1065 3684 1158 3741 ego
1175 3667 1370 3722 similia
1398 3667 1549 3721 vestri
1572 3666 1734 3736 loqui.

165 3763 310 3832 Atque
345 3765 539 3818 utinam
570 3771 698 3819 esset
738 3763 916 3816 anima
943 3770 1111 3816 vestra
1142 3779 1237 3831 pro
1277 3763 1454 3816 anima
1501 3761 1652 3815 mea!
1677 3759 1734 3816 Si

165 3870 280 3925 vos,
308 3858 508 3929 inquit,
535 3857 656 3913 haec
681 3873 803 3928 qua:
828 3855 1076 3912 suStineo
1106 3854 1429 3924 pateremini
1465 3873 1476 3907 :
1509 3869 1618 3909 non
1659 3853 1733 3908 ita

161 3953 295 4006 circa
333 3966 428 4007 vos
457 3965 705 4022 agerem,
758 3959 817 4006 ut
838 3965 934 4004 vos
964 3964 1090 4020 erga
1132 3965 1219 4003 me
1270 3962 1433 4018 agere
1469 3962 1578 4001 non
1613 3961 1734 4002 ces-

161 4045 304 4102 satis.

221 4134 518 4194 Consolarer
547 4148 595 4194 et
624 4155 718 4210 ego
747 4155 832 4193 uos
860 4137 1203 4205 sermonibus,
1232 4147 1278 4190 et
1303 4152 1555 4190 moverem
1578 4145 1732 4203 caput

159 4244 306 4284 meum
333 4247 481 4303 super
501 4248 612 4286 vos.
648 4229 968 4286 Roborarcm
997 4246 1083 4284 vos
1105 4245 1192 4284 ore
1231 4245 1341 4283 meo
1359 4270 1371 4294 ,
1405 4239 1452 4284 et
1480 4244 1733 4282 moverem

157 4320 283 4377 labia
318 4342 446 4394 mea,
494 4326 649 4397 quasi
685 4341 900 4396 parcens
940 4324 1103 4378 vobis.
1131 4323 1511 4379 Blandimento
1544 4325 1732 4393 utique

156 4427 446 4473 sermonum
478 4434 727 4472 meorum
769 4432 864 4471 vos
897 4416 1076 4484 potius
1106 4416 1435 4472 cohortarer
1469 4434 1483 4471 :
1519 4425 1731 4472 mentes

155 4508 301 4565 etiam
340 4522 552 4567 vestras
589 4510 1041 4566 tribulationibus
1082 4508 1296 4564 acerbis
1336 4519 1727 4576 exasperatas,

153 4614 216 4656 ne
251 4604 303 4658 in
343 4605 552 4673 lapsum
606 4603 969 4676 blasphemiae
995 4601 1289 4668 caderent,
1326 4602 1432 4658 levi
1473 4616 1729 4657 sermone

155 4707 204 4750 et
229 4699 435 4767 placido
466 4698 825 4754 sustinerem.

213 4788 318 4844 Sed
338 4791 458 4863 quid
477 4793 676 4864 agam?
703 4790 765 4847 Si
786 4791 986 4845 locutus
1008 4795 1181 4863 fuero,
1208 4807 1312 4844 non
1330 4790 1556 4862 quiescet
1579 4789 1731 4844 dolor

149 4895 311 4949 meus,
358 4885 473 4938 etsi
514 4896 747 4952 tacuero,
794 4899 897 4937 non
945 4884 1144 4938 recedet
1189 4900 1221 4936 a
1258 4898 1356 4936 me.
1389 4881 1446 4937 Id
1475 4892 1590 4952 est,
1616 4883 1732 4938 sive

149 4973 324 5045 loquar
367 4977 471 5033 ista
515 4991 662 5033 nunc
704 4977 899 5042 vobis,
944 4977 1063 5032 sive
1105 4977 1271 5032 etiam
1323 4986 1529 5031 taceam
1572 4993 1586 5030 :
1630 4976 1733 5031 hoc

144 5068 312 5123 solum
354 5085 440 5125 me
468 5084 637 5126 nosse
666 5068 972 5136 conﬁteor,
998 5068 1145 5140 quod
1185 5068 1495 5124 incessabili
1541 5067 1731 5124 dolore

144 5159 460 5219 discrucior.

209 5254 366 5311 Nunc
388 5268 564 5313 autem
587 5258 840 5330 oppressit
862 5273 943 5311 me
962 5256 1119 5312 dolor
1138 5274 1302 5323 meus,
1335 5266 1385 5312 et
1429 5258 1480 5312 in
1512 5257 1733 5311 nihilum

142 5348 325 5403 redacti
353 5361 470 5405 sunt
510 5368 690 5408 omnes
732 5361 879 5408 artus
919 5351 1036 5407 mei.
1066 5352 1181 5409 IIoc
1205 5351 1371 5408 etiam
1405 5353 1474 5408 de
1511 5351 1733 5408 Christo

141 5438 548 5515 intelligendum
581 5455 687 5502 est.

203 5536 370 5610 Ruga
404 5556 532 5597 mete
578 5541 928 5596 testimonium
975 5543 1153 5596 dicunt
1201 5551 1382 5597 contra
1435 5557 1533 5596 me.
1579 5539 1729 5596 Con-

142 5634 334 5689 tractio
355 5635 493 5692 cutis
527 5650 716 5707 quam,
752 5636 1068 5692 exsiccante
1098 5635 1291 5692 eadem
1321 5634 1496 5702 sanie,
1533 5635 1732 5705 patior,

135 5725 538 5795 quodammodo
580 5727 1032 5785 manifestatione
1075 5729 1159 5784 sui
1197 5729 1291 5784 dat
1325 5728 1618 5784 adwrsum
1648 5742 1736 5785 me

138 5819 532 5889 testimonium,
565 5832 620 5876 et
643 5823 802 5892 quasi
827 5822 1092 5894 loquitur,
1112 5831 1350 5896 quantos
1371 5823 1592 5881 dolores
1615 5822 1736 5880 sive

135 5910 412 5968 cruciatus
432 5916 763 5972 sustineam.

1853 1983 2088 2056 ligendi,
2122 1999 2259 2054 quos
2289 1985 2619 2053 patiebatur,
2649 1995 2709 2040 ut
2733 1984 2804 2039 ab
2831 1986 2910 2040 eis
2943 1985 3286 2042 transfossus
3319 1987 3467 2044 blas-

1853 2076 2068 2147 phemia
2092 2086 2419 2132 moreretur.
2440 2077 2507 2132 Et
2531 2077 2606 2132 ita
2620 2076 2838 2132 demum
2855 2093 3048 2133 aurum
3071 2087 3234 2151 atque
3257 2095 3464 2150 argen-

1851 2176 1962 2223 tum
1989 2168 2274 2238 sapientite
2307 2169 2453 2239 ejus,
2480 2178 2535 2223 et
2561 2168 2833 2234 scientiae,
2865 2181 3046 2225 vestes
3073 2185 3294 2242 quoque
3333 2188 3462 2243 prc-

1852 2264 2021 2318 tiosas
2061 2263 2352 2331 virtutum,
2383 2261 2502 2333 spei
2530 2272 2694 2333 atque
2736 2261 2862 2317 fidei
2895 2262 2949 2316 in
2986 2263 3180 2330 Deum,
3211 2264 3463 2322 auferent

1848 2361 1919 2415 ab
1943 2373 2034 2423 eo,
2067 2367 2123 2414 et
2143 2357 2341 2428 grandi
2374 2356 2554 2427 pretio
2577 2367 2897 2428 comparata
2931 2358 3178 2413 monilia.

1924 2453 2108 2509 Hostis
2139 2470 2284 2507 meus
2313 2451 2633 2507 terribilibus
2675 2451 2841 2504 oculis
2877 2467 2956 2504 me
3002 2452 3228 2507 intuitus
3268 2463 3364 2508 est.
3399 2454 3458 2508 In

1847 2549 2026 2605 oculis
2077 2546 2426 2604 terribilibus
2456 2546 2698 2600 animum
2732 2545 3034 2600 sauciantis
3063 2547 3116 2600 in
3149 2561 3211 2601 se
3253 2545 3463 2602 descri-

1847 2645 1927 2702 bit
1949 2642 2245 2700 invisibilis
2280 2641 2513 2709 inimici,
2555 2642 2645 2709 qui
2671 2641 2791 2696 sive
2819 2657 2916 2711 per
2950 2640 3195 2696 visiones
3235 2653 3461 2698 noctur-

1847 2752 1967 2803 nas,
2005 2736 2124 2791 sive
2153 2749 2249 2806 per
2297 2733 2603 2788 amicorum
2648 2733 2855 2789 vultum
2904 2732 3228 2799 terribilem,
3279 2735 3457 2791 minas

1846 2829 2185 2886 intenderet:
2211 2826 2543 2894 sicquedum
2560 2825 2666 2882 Job
2686 2827 2846 2883 amici
2864 2827 2983 2896 ejus
2997 2837 3188 2883 sancto
3208 2827 3447 2882 nefanda

1845 2923 2270 2995 reSponderunt,
2332 2923 2668 2990 nutibusque
2701 2921 2870 2977 etiam
2899 2938 3022 2978 cum
3063 2922 3320 2977 irrisione
3347 2921 3448 2978 de-

1845 3028 2075 3090 terrent,
2107 3020 2176 3075 de
2198 3018 2418 3075 Christo
2451 3017 2892 3086 intelligendum.

1916 3117 2249 3187 Aperuerunt
2288 3130 2446 3182 super
2471 3129 2550 3168 me
2591 3129 2685 3168 ora
2708 3127 2828 3179 sua,
2861 3122 2911 3168 et
2933 3111 3302 3182 exprobrantes
3333 3126 3452 3180 pcr-

1840 3221 2117 3268 cusserunt
2145 3210 2422 3266 maxillam
2457 3224 2647 3272 meam,
2699 3207 2879 3260 satiati
2925 3217 3047 3261 sunt
3085 3206 3254 3279 pinnis
3300 3205 3450 3259 meis.

1766 3279 1814 3348 (ἶ
1844 3306 2012 3377 Igitur
2056 3304 2110 3360 in
2142 3304 2392 3369 maxilla,
2417 3301 2636 3374 generis
2664 3310 2748 3355 est
2773 3299 3054 3363 nobilitas.
3103 3300 3222 3354 sive
3262 3299 3443 3354 honor

1843 3398 2063 3472 quidam
2111 3395 2456 3452 manifestus.
2507 3395 2575 3450 Et
2611 3393 2756 3450 sicut
2794 3393 2886 3448 alii
2917 3392 3198 3457 dixerunt,
3242 3391 3446 3447 acriter

1843 3500 1930 3548 est
1957 3505 2248 3562 percussus
2290 3491 2344 3544 in
2386 3491 2565 3561 genis,
2611 3488 2883 3542 intantum
2927 3495 2988 3540 ut
3030 3485 3099 3540 ab
3127 3484 3358 3551 honore,
3392 3495 3449 3540 et

1842 3586 2150 3651 nobilitate,
2175 3594 2227 3639 et
2250 3581 2457 3638 divitiis
2480 3580 2635 3636 fieret
2664 3580 2902 3646 alienus,
2927 3577 3148 3648 quando
3166 3578 3446 3632 maxillam

1842 3679 1968 3736 fidei
2016 3693 2130 3733 sua:
2191 3674 2558 3732 collideudam
2607 3672 2831 3726 diabolo
2881 3671 3097 3726 fortiter
3165 3669 3443 3740 praebuit,

1841 3788 2002 3846 quam
2052 3771 2146 3828 ille
2191 3768 2516 3840 perturbare
2559 3764 2822 3820 medendo
2869 3775 3098 3819 conatus
3143 3772 3261 3828 est,
3288 3764 3445 3832 quasi

1839 3867 2126 3939 quamdam
2175 3866 2398 3934 januam
2443 3862 2642 3918 divinae
2681 3859 3051 3915 confessionis
3101 3857 3398 3928 ellringeus
3425 3902 3440 3927 ,

1836 3963 1954 4017 sive
1981 3977 2104 4016 cum
2137 3959 2331 4014 falsum
2357 3955 2732 4011 testimonium
2755 3963 2952 4008 contra
2979 3951 3264 4008 Christum
3286 3950 3444 4005 dixe-

1838 4065 1987 4121 runt,
2015 4055 2129 4109 sive
2159 4051 2317 4119 illud,
2351 4049 2618 4118 Cruci/ige
2647 4065 2786 4102 eum.

1910 4147 2175 4204 Conclusit
2198 4161 2279 4199 me
2307 4143 2447 4199 Deus
2477 4141 2620 4215 apud
2642 4141 2900 4212 iniquum,
2924 4146 2971 4192 et
2998 4136 3234 4192 manibus
3251 4135 3440 4204 impio-

1836 4260 1957 4300 rum
1985 4257 2066 4296 me
2086 4240 2324 4294 tradidit.
2355 4237 2411 4294 Id
2435 4249 2539 4301 est,
2567 4234 2788 4290 diabolo
2818 4242 2875 4288 et
2899 4231 3106 4303 angelis
3133 4230 3276 4301 ejus.
3306 4229 3437 4286 Sive

1836 4335 1903 4393 de
1951 4333 2168 4391 Christo
2213 4328 2658 4402 intelligendum,
2710 4325 2930 4400 quando
2983 4325 3212 4381 traditus
3251 4333 3335 4380 est
3376 4323 3433 4378 in

1837 4427 2086 4485 manibus
2115 4425 2451 4482 Judaeorum.

1914 4519 2024 4592 Ego
2053 4519 2142 4574 ille
2160 4518 2426 4588 quondam
2467 4515 2743 4585 opulentus
2780 4523 2985 4582 repente
3017 4511 3266 4565 contritus
3294 4527 3438 4566 sum.

1835 4612 2025 4668 Tenuit
2047 4612 2291 4666 cervicem
2315 4626 2502 4673 meam,
2538 4607 2790 4678 confregit
2816 4621 2918 4673 me,
2951 4611 2997 4658 et
3030 4603 3207 4676 posuit
3231 4619 3309 4658 me
3340 4604 3440 4658 sibi

1755 4682 1806 4742 Β
1836 4706 1982 4778 quasi
2018 4706 2071 4758 in
2097 4705 2329 4774 signum.
2362 4701 2418 4758 Id
2446 4716 2552 4766 εει,
2578 4701 2646 4754 de
2681 4699 2848 4754 divite
2877 4695 3054 4753 Iactus
3081 4712 3288 4769 pauper
3313 4713 3327 4752 :
3353 4695 3440 4751 vel

1837 4799 2107 4862 Christus,
2137 4797 2206 4852 de
2238 4797 2351 4852 Deo
2378 4796 2542 4850 homo
2571 4803 2752 4848 natus.

1912 4889 2266 4945 Circumdedit
2287 4905 2365 4943 me
2394 4889 2587 4943 lanceis
2614 4889 2719 4941 suis
2757 4887 3191 4942 :convulnerauit
3238 4885 3438 4941 lumbos

1838 5000 2003 5039 meos.
2061 4981 2187 5037 Non
2216 4981 2464 5054 pepercit,
2494 4990 2541 5034 et
2580 4978 2769 5046 effudit
2805 4979 2858 5033 in
2883 4989 3023 5034 terra
3070 4981 3266 5034 viscera
3303 4993 3438 5033 mea.

1841 5078 2074 5134 Lancea:
2097 5077 2200 5132 hoc
2220 5075 2342 5130 loco
2363 5075 2679 5140 nominatae,
2697 5073 2946 5129 dolorum
2962 5073 3436 5141 compunctiones,

1837 5186 1971 5243 quas
1991 5169 2095 5225 Job
2125 5169 2452 5240 patiebatur,
2479 5168 2855 5240 signiﬁcanter
2873 5165 3256 5236 intelliguntur
3282 5182 3296 5219 :
3329 5165 3447 5222 sive

1837 5263 1907 5320 de
1950 5262 2169 5319 Christo
2201 5262 2576 5333 blasphemiae,
2628 5277 2765 5333 quas
2795 5274 2990 5332 passus
3020 5268 3107 5315 est
3144 5275 3172 5312 a
3212 5258 3440 5329 Judaeis,

1838 5358 2209 5428 intelligenda
2249 5366 2398 5412 sunt.
2445 5355 2551 5412 Job
2579 5371 2714 5412 vero
2747 5370 2856 5409 non
2883 5353 3060 5410 solum
3089 5352 3300 5408 deforis
3326 5360 3442 5410 toto

1836 5468 2071 5524 corpore
2110 5459 2548 5522 computruerat,
2590 5463 2785 5506 verum
2833 5447 3000 5503 etiam
3031 5445 3244 5517 putoris
3285 5447 3444 5504 sanie

1843 5546 2179 5618 liquescebat
2209 5563 2222 5600 ε
2256 5545 2328 5599 ita
2372 5553 2431 5600 ut
2453 5543 2572 5614 ipse
2602 5542 2706 5598 Job
2729 5539 2969 5607 diceret,
2998 5537 3227 5595 halitum
3261 5555 3444 5596 meum

1842 5637 2127 5694 exhorruit
2175 5653 2312 5693 uxor
2359 5650 2500 5691 mea.
2535 5633 2729 5689 Omnia
2770 5631 2914 5688 circa
2945 5632 3160 5688 lumbos
3194 5633 3314 5702 ejus
3347 5647 3446 5703 pu-

1843 5738 2118 5787 trueruut.
2153 5729 2281 5786 Sive
2307 5729 2376 5783 de
2416 5727 2638 5784 Christo
2663 5725 3101 5795 intelligendum,
3144 5725 3444 5782 convulne‘

1843 5825 1989 5880 ravit
2036 5823 2250 5879 lumbos
2280 5837 2455 5876 meos.
2500 5821 2639 5889 Quia
2670 5819 2852 5876 Judaei
2899 5835 3068 5890 usque
3091 5820 3160 5877 ad
3187 5819 3294 5876 hoc
3323 5836 3446 5891 per-

1843 5915 2012 5972 secuti
2044 5926 2171 5974 sunt
2198 5908 2501 5987 apostolos,
2537 5914 2628 5984 qui
2657 5908 2810 5982 quasi
2842 5911 2911 5970 de
2940 5903 3140 5970 lumbis
3174 5897 3441 5971 doctrinae
