3948 6334
493 319 600 377 0539

1290 317 1637 379 APPENDIX
1680 320 1770 375 AD
1809 315 2063 389 τοΜωι
2094 311 2452 387 SEPTIMUM
2492 319 2555 387 S.
2596 318 3005 383 HIERONYMI.

3664 322 3754 387 660

498 456 611 494 sum,
637 439 750 503 nati
782 435 1002 503 fuerant
1037 456 1049 493 :
1082 448 1139 499 ut
1161 453 1257 495 eos
1287 438 1512 497 vulnere
1541 436 1879 493 inﬁdelitatis
1908 436 2095 499 Chris-
2122 433 2178 505 Α
2271 433 2453 505 Terra,
2488 455 2549 493 ne
2577 440 2782 509 operias
2813 443 3114 515 sanguinem
3144 456 3337 508 meum,
3368 456 3530 521 neque
3557 440 3754 498 inveniat

504 545 617 589 tum
654 531 904 602 negando
961 529 1461 595 sauciarentzdttm
1502 530 1696 587 Petrus
1728 529 1896 597 dicit,
1924 530 2098 587 nescio

471 611 787 687 hominem.
838 627 907 689 Et.
948 625 1121 691 tenuit.
1171 626 1447 691 cervicem
1502 640 1706 692 meam,
1758 625 1872 681 sive
1919 634 1976 681 ut
2005 622 2096 679 alii

478 706 777 787 dixerunt,
810 730 981 787 tenens
1014 735 1214 787 causam
1243 736 1405 781 aream
1436 719 1655 777 divellit.
1686 718 1925 775 Proinde
1953 733 2097 775 nunc

499 814 872 885 intelligamus
919 826 1031 883 quo
1056 812 1240 869 lurore
1283 811 1534 875 diabolus
1578 827 1641 869 ac
1688 812 1886 867 virtute
1933 811 2094 868 istum

480 892 674 964 virum
704 907 1069 971 commoverit
1115 916 1279 975 atque
1315 905 1685 968 concusserit,
1728 905 1841 961 sive
1875 903 2093 969 confre-

480 1005 659 1071 gerit,
698 1007 754 1061 ut
780 1000 944 1065 etiam
976 1012 1189 1063 comam
1210 998 1532 1067 capillorum
1560 998 1681 1069 eius
1710 998 1875 1054 simul
1900 1012 2097 1073 appre-

495 1094 756 1156 henSam,
802 1094 873 1145 sit
913 1100 1145 1146 conatus
1194 1091 1459 1146 evellere.
1492 1088 1620 1146 Sive
1652 1090 1718 1147 de
1769 1089 1989 1145 Christo
2022 1089 2093 1145 ita

496 1185 909 1257 intelligendum
943 1202 956 1239 :
994 1196 1246 1257 tempore
1274 1184 1544 1255 passionis
1571 1200 1637 1239 ex
1677 1199 1779 1238 suo
1822 1182 2093 1255 permissu

496 1278 673 1339 tenuit
720 1272 1091 1342 adversarius,
1133 1284 1188 1331 et
1220 1289 1394 1348 usque
1426 1274 1493 1330 ad
1523 1274 1715 1329 mortis
1750 1273 2095 1341 dormitatio-

494 1387 621 1428 nem
667 1370 971 1435 inclinavit,
1015 1386 1175 1443 quem
1215 1369 1327 1435 jam
1362 1366 1708 1437 verberibus,
1753 1380 1803 1425 et
1834 1366 2093 1423 aflixione

498 1466 786 1522 clavorum
829 1464 1200 1534 confregerat,
1230 1470 1286 1518 et
1311 1463 1521 1535 signum
1552 1461 1747 1517 salutis
1792 1461 1844 1517 in
1876 1470 2093 1516 contra-

497 1561 634 1617 riam
660 1569 869 1637 partem
902 1563 1224 1637 posuerunt.

568 1651 838 1713 Conscidit
879 1667 959 1715 me
989 1646 1200 1704 vulnere
1251 1663 1411 1721 super
1451 1646 1637 1702 uulnus
1661 1662 1680 1701 :
1709 1645 1867 1702 irruit
1914 1648 1967 1702 in
2013 1664 2095 1703 me

497 1748 649 1819 quasi
669 1748 838 1821 gigas.
873 1744 1012 1803 Dum
1043 1744 1394 1813 languoribus
1424 1742 1559 1797 meis
1584 1750 1748 1817 atque
1777 1741 2093 1797 vulneribus

2202 530 2256 584 in
2288 531 2523 589 telorum
2550 532 2742 589 latendi
2773 531 2970 587 clamor
2999 550 3162 589 meus.
3184 531 3382 599 Totum
3414 532 3517 588 hoc
3538 540 3614 588 est
3632 534 3753 605 quod

2199 621 2353 692 dicit,
2399 640 2470 681 ne
2503 624 2830 697 innocentis,
2865 633 2921 681 et
2967 626 3106 681 bene
3145 624 3249 682 sibi
3297 622 3499 687 conscii
3538 626 3755 689 meritum

2200 717 2365 779 lateat
2398 738 2411 775 :
2458 720 2759 791 praesertim
2783 736 2905 776 cum
2935 721 3207 778 insontem
3234 735 3295 777 se
3325 720 3464 774 mala
3498 728 3634 777 tanta
3655 734 3759 792 pas-

2199 827 2318 866 sum
2365 812 2586 867 referat.
2630 811 2930 884 Sanguinis
2969 828 3101 868 vero
3146 813 3409 883 nomine,
3458 810 3584 868 "ita!
3626 812 3758 870 istius

2201 906 2490 975 praesentis
2519 915 2719 960 Statum
2753 905 2939 961 dicere
2968 903 3165 961 voluit.
3190 903 3303 961 Hoc
3330 914 3511 963 autem
3540 904 3651 960 loco
3669 907 3761 962 cla-

2200 1013 2407 1052 morem
2462 997 2739 1069 pesitum,
2793 998 2969 1077 ipsam
3031 997 3377 1063 sanctitatem
3434 999 3552 1071 eius
3598 1008 3763 1063 contra

2199 1102 2390 1160 pinnas
2419 1088 2566 1146 illius
2591 1089 2988 1149 rcciamantem
3017 1108 3031 1144 :
3059 1105 3183 1169 qua:
3205 1088 3407 1165 iniquis
3431 1091 3621 1147 merito
3647 1092 3763 1153 inte-

2198 1194 2394 1238 runtur
2434 1181 2502 1237 ad
2534 1181 2856 1252 vindictam,
2896 1184 3056 1253 iustis
3083 1190 3262 1238 autem
3292 1183 3364 1247 ad
3389 1185 3764 1256 probationem.

2199 1274 2503 1349 Aliquando
2533 1275 2697 1331 etiam
2723 1276 2774 1332 in
2806 1274 3105 1347 Scripturis
3132 1276 3344 1334 clamor
3371 1275 3595 1334 allectus
3616 1280 3765 1345 animi

2197 1363 2442 1423 intentus
2497 1366 2563 1421 ad
2614 1365 2785 1422 Deum
2846 1366 3189 1437 ostenditur,
3235 1368 3323 1424 vel
3362 1369 3534 1424 etiam
3587 1369 3767 1427 clamor

2197 1456 2497 1530 iniquitatis
2514 1460 2698 1531 populi
2721 1502 2735 1525 ,
2765 1458 2858 1530 qui
2879 1444 3299 1530 exSpectabstur
3318 1467 3382 1516 ut
3398 1458 3603 1516 faceret
3626 1477 3763 1529 uvas,

2198 1560 2252 1606 et
2274 1547 2405 1607 fecit
2433 1551 2643 1623 spinas.
2677 1550 2790 1607 Nec
2812 1553 2989 1613 omnis
3030 1552 3290 1631 iniquitas
3333 1554 3550 1619 clamor
3572 1554 3767 1629 dicitur,

2198 1642 2294 1697 sed
2322 1642 2414 1698 illa
2446 1659 2566 1716 quae
2600 1643 2817 1713 publice
2849 1644 2928 1699 lit.

2270 1734 2407 1791 Ecce
2432 1736 2574 1792 enim
2619 1737 2672 1791 in
2700 1736 2827 1792 caelo
2874 1738 3018 1793 testis
3045 1753 3209 1803 meus,
3233 1748 3282 1794 ct
3312 1739 3557 1805 conscius
3583 1756 3707 1797 meus
3724 1742 3769 1800 in

472 1839 775 1915 adduntur
820 1837 989 1911 plagre
1022 1834 1477 1902 innumerabiles,
1508 1833 1729 1890 dividor
1768 1842 1916 1895 totus
1944 1848 2093 1889 reso-
2122 1828 2173 1905 Β
2201 1832 2436 1886 excelsis.
2466 1832 2601 1898 Quia
2636 1831 2781 1887 Deus
2810 1832 2878 1887 de
2902 1848 2969 1887 eo
2999 1834 3369 1899 testimonium
3402 1836 3688 1909 perhibuit.

499 1934 646 1990 lutus
674 1944 836 2007 atque
881 1932 1254 1997 comminuer,
1285 1930 1355 1986 ita
1389 1939 1449 1995 ut
1470 1930 1675 1986 nullum
1721 1930 1776 1985 in
1808 1946 1894 1985 me
1923 1945 2094 1984 mem-

500 2027 724 2082 brorum
759 2024 1038 2085 residuum
1067 2026 1161 2093 sit,
1190 2022 1337 2098 quod
1367 2024 1544 2095 aliqua
1578 2022 1860 2079 soliditate
1892 2020 2099 2078 subsis-

501 2129 597 2174 tat.
636 2120 710 2179 De
737 2118 958 2174 Christo
981 2118 1145 2175 etiam
1177 2117 1258 2174 sic
1288 2116 1702 2187 intelligendum
1730 2133 1741 2171 :
1771 2115 1905 2171 Cum
1932 2114 2099 2171 .ludas

501 2212 690 2275 lcthali
717 2211 1006 2280 apostasia:
1033 2209 1261 2267 vulnere
1287 2218 1603 2287 peremptus
1632 2218 1737 2275 est,
1772 2223 1878 2264 non
1906 2222 2100 2279 peper-

498 2306 611 2361 cit:
643 2305 695 2359 in
742 2314 887 2361 tanta
939 2318 1175 2377 namque
1220 2302 1430 2358 smvitia
1473 2300 1842 2358 debacchatus
1887 2312 2005 2370 est,
2042 2309 2101 2357 ut

501 2399 682 2454 scelus
704 2397 846 2469 quod
874 2405 1057 2453 mente
1076 2404 1429 2466 conceperat,
1449 2397 1613 2451 etiam
1637 2410 1734 2451 ore
1758 2394 2097 2467 publicaret:

499 2492 584 2547 vel
600 2508 765 2564 super
778 2494 999 2547 vulnera
1015 2490 1196 2553 crucis
1210 2490 1487 2545 clavorum
1503 2488 1731 2547 vulnera
1748 2488 2096 2545 addiderunt.

577 2582 801 2640 Sacrum
828 2580 1011 2638 censui
1042 2599 1203 2653 super
1231 2591 1399 2637 cutem
1423 2599 1611 2649 meam,
1639 2592 1685 2637 et
1707 2583 1889 2651 operui
1916 2582 2089 2637 cinere

505 2694 715 2732 carnem
769 2694 955 2730 meam.
990 2675 1146 2749 Quod
1174 2674 1430 2731 similiter
1471 2675 1705 2747 dictum,
1740 2676 1807 2731 ad
1843 2675 2099 2733 humilia-

506 2772 710 2835 tionem
762 2770 915 2843 regni
945 2768 1065 2845 ejus
1115 2769 1392 2843 pertinere
1444 2766 1578 2825 mihi
1631 2769 1867 2827 videtur.
1918 2770 2099 2829 Cornu

503 2875 710 2931 autem,
753 2879 979 2935 regnum
1028 2863 1083 2919 in
1111 2861 1409 2934 Scripturis
1460 2874 1686 2920 vocatur
1716 2882 1728 2916 :
1760 2865 1918 2935 juxta
1943 2866 2098 2932 illud,

502 2953 776 3013 Exaltabit
825 2974 993 3012 cornu
1037 2952 1234 3013 Christi
1284 2958 1387 3015 sui.
1450 2957 1701 3015 Christus
1743 2974 1875 3015 vero
1927 2959 2099 3030 ipsam

505 3058 723 3119 gentem
757 3049 825 3104 de
870 3065 973 3129 qua
1017 3049 1287 3105 oriundus
1321 3059 1483 3117 erat,
1525 3065 1743 3107 saccum
1784 3052 2098 3124 appellavit.

494 3139 696 3196 (linere
737 3155 867 3196 vero
898 3142 1119 3215 operuit
1149 3141 1423 3223 principes
1471 3143 1812 3211 Iudaeorum,
1865 3162 1988 3202 cum
2019 3146 2091 3203 ab

2282 1921 2494 1979 Verbosi
2524 1924 2681 1977 amici
2702 1924 2824 1977 mei.
2858 1923 2961 1991 Qui
2989 1925 3154 1980 verba
3187 1944 3291 1981 nou
3326 1928 3392 1983 ad
3427 1929 3597 1985 Deum
3629 1930 3771 2002 perti-

2202 2016 2383 2071 nentia
2432 2016 2695 2091 loquitur,
2737 2017 3002 2073 verbosus
3044 2030 3308 2083 vocatur:
3344 2021 3437 2091 qui
3468 2037 3602 2079 vero
3630 2025 3770 2089 verba

2203 2112 2294 2167 Dei
2321 2112 2584 2183 lenuitur,
2618 2113 2883 2171 verbosus
2912 2130 3021 2169 non
3056 2121 3233 2184 potest
3261 2115 3513 2184 iudicari.

2273 2204 2356 2259 Ad
2381 2203 2551 2261 Deum
2567 2205 2735 2261 stillat
2757 2206 2944 2261 oculus
2968 2223 3138 2262 meus.
3167 2206 3302 2263 Cum
3336 2209 3599 2287 lacrymis
3626 2210 3773 2269 inter-

2201 2297 2372 2371 pellat
2397 2298 2594 2363 Deum.

2273 2391 2439 2463 Atque
2479 2392 2679 2447 utinam
2708 2394 2782 2448 sic
2820 2394 3152 2468 judicaretur
3186 2395 3263 2450 vir
3311 2412 3428 2451 cum
3471 2393 3587 2452 Deo
3617 2412 3635 2452 :
3666 2411 3777 2471 quo-

2203 2486 2357 2541 modo
2382 2486 2661 2557 judicatur
2706 2485 2851 2556 [ilius
2880 2489 3106 2544 hominis
3137 2505 3255 2555 cum
3286 2491 3491 2566 collega
3533 2508 3644 2548 suo.
3681 2490 3780 2549 liae

2207 2577 2341 2633 dicit
2374 2596 2387 2633 :
2415 2577 2633 2635 Utinam
2665 2579 2796 2641 mihi
2830 2589 2974 2637 esset
3000 2583 3155 2651 copia
3198 2596 3319 2642 cum
3363 2582 3588 2641 homine
3615 2583 3781 2655 dispu-

2207 2671 2377 2738 tandi,
2429 2681 2485 2726 ut
2539 2688 2629 2729 me
2678 2672 3026 2739 innocentem
3072 2676 3304 2747 probare
3344 2691 3587 2751 possem.
3630 2678 3779 2745 Deum

2203 2774 2384 2821 autem
2417 2781 2594 2821 meum
2649 2766 2778 2821 nolo
2809 2768 3013 2823 intrare
3045 2785 3258 2825 mecum
3293 2769 3347 2824 in
3388 2770 3676 2847 judicium,
3700 2771 3778 2843 qui

2204 2865 2257 2912 et
2300 2869 2557 2913 scrutans
2589 2856 2776 2925 corda,
2823 2868 2879 2913 et
2908 2875 3067 2916 renes
3116 2860 3260 2917 Deus
3295 2871 3382 2917 est
3413 2881 3424 2916 :
3459 2863 3621 2935 cujus
3651 2862 3777 2936 judi-

2205 2952 2350 3006 cium
2378 2949 2488 3006 t'alii
2518 2953 2745 3006 omnino
2775 2966 2881 3007 nou
2909 2962 3091 3023 potest
3127 2971 3142 3008 :
3176 2970 3351 3026 neque
3375 2955 3499 3027 ipse
3523 2956 3780 3014 consuevit

2206 3043 2405 3111 discuti
2438 3060 2465 3097 a
2494 3060 2794 3119 quoquam.

2280 3135 2413 3192 Ecce
2452 3139 2591 3193 enim
2638 3139 2808 3195 breves
2848 3140 2978 3195 anui
3019 3148 3311 3206 transeunt,
3360 3151 3412 3197 et
3436 3143 3669 3197 semitam
3704 3159 3785 3219 per

498 3234 578 3290 eis
624 3251 851 3307 regnum
899 3213 999 3308 pro
1028 3213 1338 3309 negationis
1379 3237 1670 3311 sacrilegio
1700 3238 1981 3295 transtulit
2031 3241 2098 3296 ad
2124 3213 2174 3279 (ἶ
2205 3247 2361 3302 quam
2383 3247 2486 3285 ηοη
2507 3242 2754 3300 revertar,
2783 3234 3015 3293 ambulo.
3042 3232 3117 3303 Ita
3139 3235 3582 3309 credebat,un
3607 3213 3780 3294 nec-ad

497 3335 712 3398 gentes.

574 3416 759 3476 Facies
780 3438 896 3479 mea
926 3421 1171 3477 intumuit
1201 3441 1231 3476 a
1254 3424 1402 3494 ﬂetu,
1436 3428 1485 3478 et
1510 3425 1772 3503 palpebra:
1814 3442 1940 3482 mete
1970 3429 2101 3483 cali-

496 3524 773 3587 gaverunt.
825 3512 1013 3571 Fletus
1061 3514 1179 3571 sive
1200 3515 1463 3589 lacrymae
1498 3516 1549 3575 in
1586 3516 1809 3574 homine
1849 3520 1916 3575 de
1945 3519 2100 3576 dolo-

496 3612 681 3679 ribus,
734 3611 855 3667 sive
901 3608 972 3669 de
1018 3608 1238 3666 tristitia
1285 3619 1653 3685 generantur;
1700 3613 1795 3667 sed
1839 3613 2097 3688 lacrymas

495 3703 792 3776 aliquando
839 3718 938 3777 per
967 3718 1141 3775 genas
1180 3718 1304 3767 cum
1340 3702 1562 3760 silentio
1607 3703 1898 3767 deﬂuunt:
1939 3707 2097 3763 ﬂetus

495 3811 632 3852 vero
660 3812 783 3859 curn
809 3795 1047 3853 habeant
1067 3796 1360 3869 lacrymas,
1396 3813 1502 3852 non
1534 3798 1651 3853 sine
1677 3812 1832 3867 voce,
1865 3810 1918 3855 et
1940 3816 2094 3856 com-

492 3889 741 3947 motiOne
771 3888 1025 3961 corporis
1057 3888 1259 3944 dantur
1289 3909 1301 3944 :
1338 3905 1499 3961 quem
1530 3889 1716 3946 lletum
1760 3892 1863 3949 Job
1893 3908 1953 3948 se
1997 3896 2095 3950 ha-

495 3984 684 4039 buisse
708 3991 964 4047 testatur,
988 3980 1080 4053 qui
1103 3982 1151 4038 ei
1180 3979 1251 4037 de
1272 3979 1535 4041 aerumnis
1564 3983 1784 4048 animm,
1809 3998 2093 4055 poenarum

499 4089 719 4151 quoque
765 4072 1103 4130 cruciatibus
1148 4068 1501 4128 nascebatur.
1537 4074 1665 4129 item
1712 4075 1915 4130 aliter:
1956 4077 2091 4133 Pro-

490 4162 703 4238 phetre,
724 4162 891 4231 iacies
910 4160 1003 4221 Dei
1022 4162 1408 4237 intelliguntur
1426 4182 1493 4220 eo
1514 4165 1659 4236 quod
1677 4169 1852 4222 sciant
1875 4166 2049 4223 l‘utura
2076 4189 2091 4226 :

492 4260 584 4333 qui
613 4276 735 4317 cum
771 4256 1141 4333 perditionem
1175 4256 1466 4330 impiorum
1495 4258 2006 4331 contemplarentur
2038 4262 2092 4319 in

492 4354 713 4428 spiritu,
728 4351 1025 4427 gemitibus
1045 4351 1322 4409 continuis
1342 4363 1438 4408 eos
1458 4348 1677 4408 ﬂevisse
1700 4353 2090 4426 intelligamus.

492 4448 648 4503 Oculi
678 4446 842 4503 etiam
872 4445 1249 4519 caligaverunt
1270 4444 1500 4512 Christi,
1531 4444 1656 4500 dum
1682 4456 1951 4523 martyres
1978 4447 2092 4504 sive

495 4534 668 4594 sancti
699 4537 752 4595 in
783 4534 1179 4593 teutatiouibus
1223 4536 1519 4593 titubantes
1552 4536 1860 4595 conturbati
1900 4550 2031 4596 sunt
2073 4558 2087 4597 :

495 4628 590 4686 sed
614 4628 790 4701 gratia
824 4628 918 4685 Dei
949 4628 1163 4687 liberati
1191 4628 1245 4685 in
1277 4630 1481 4687 lumine
1505 4640 1948 4703 permanserunt.

568 4719 702 4777 Hice
720 4735 905 4795 passus
925 4740 1040 4778 sum
1067 4722 1259 4795 absque
1278 4725 1548 4795 iniquitate
1577 4738 1762 4781 manus
1789 4742 1935 4795 meae,
1970 4742 2087 4783 cum

490 4814 734 4871 haberem
759 4817 982 4870 mandas
1006 4817 1076 4870 ad
1110 4815 1279 4870 Deum
1310 4830 1505 4885 preces.
1531 4816 1724 4874 Nullus
1765 4828 2082 4877 sanctorum

485 4908 563 4965 ita
606 4904 840 4963 mundos
885 4912 1049 4977 atque
1088 4907 1488 4975 immaculatas,
1537 4909 1746 4982 absque
1794 4910 1945 4968 omni
1999 4914 2084 4970 vel

488 5001 717 5057 minima
745 4998 869 5057 labe
895 4999 1241 5073 cogitationis
1268 5016 1460 5073 preces
1488 5004 1555 5059 ad
1597 5002 1770 5062 Deum
1803 5005 1989 5076 habet,
2026 5017 2087 5065 ut

484 5094 762 5152 mediator
790 5090 915 5161 Dei,
962 5096 1019 5151 et
1054 5092 1340 5152 heminum
1391 5095 1554 5153 homo
1602 5096 1761 5155 Jesus
1806 5098 2082 5169 Christus,

484 5186 579 5258 qui
609 5192 893 5260 peccatum
938 5198 1052 5244 non
1096 5186 1254 5257 fecit,
1289 5199 1388 5246 nec
1417 5189 1575 5246 dolus
1612 5189 1865 5248 inventus
1902 5202 1987 5249 est
2028 5191 2082 5249 in

480 5288 585 5338 ure
614 5281 756 5351 eius.
786 5280 932 5350 Quas
961 5279 1147 5351 utique
1171 5291 1368 5352 preces
1386 5292 1553 5354 atque
1581 5285 1864 5340 orationes
1886 5294 2083 5341 secun-

480 5370 609 5430 dum
634 5366 941 5441 hominem,
988 5380 1151 5446 quem
1180 5375 1509 5445 assumpsit,
1562 5376 1630 5431 ad
1660 5376 1831 5433 Deum
1875 5374 2081 5435 habere

477 5465 811 5525 credendum
863 5475 948 5523 est
980 5486 991 5521 :
1021 5478 1146 5523 cum
1190 5469 1490 5525 secundum
1538 5462 1880 5525 divinitatem
1918 5483 2075 5527 suam

475 5570 603 5617 cum
628 5556 788 5617 Patre
809 5559 928 5635 ipse
949 5558 1228 5618 exaudiat.
1247 5558 1377 5617 Sive
1398 5564 1594 5627 sancti,
1618 5563 1712 5634 qui
1736 5576 1833 5632 pro
1855 5564 2075 5621 nomine

471 5654 595 5725 eius
640 5648 784 5726 ps’ssi
828 5656 961 5710 sunt
989 5650 1108 5709 sine
1147 5654 1433 5724 iniquitate
1479 5651 1802 5710 rebellionis
1834 5652 1920 5711 vel
1966 5654 2077 5712 cri-

474 5740 645 5800 minis
674 5740 911 5816 alicujus
935 5755 965 5800 a
996 5745 1443 5817 persecutoribus
1467 5745 1634 5803 occisi
1661 5763 1676 5802 :
1708 5757 1971 5820 quantum
2002 5750 2071 5808 ad

472 5834 596 5895 illos
628 5844 1039 5911 perseeutores,
1066 5843 1243 5912 gratis
1275 5844 1436 5902 murti
1463 5840 1652 5901 traditi
1684 5854 1834 5901 sunt.

2203 3324 2434 3379 mortale
2457 3339 2656 3395 corpus
2687 3341 2868 3391 suum,
2903 3342 3003 3384 nec
3033 3328 3100 3383 ad
3130 3337 3405 3385 tormenta
3434 3332 3678 3403 corporis
3703 3330 3777 3386 sui

2200 3431 2343 3477 esset
2374 3418 2574 3479 lterum
2603 3436 2948 3478 reversurus.

2776 3511 2818 3569 C
2838 3513 3008 3570 \PU'I‘
3044 3513 3209 3572 XVII.

2272 3604 2505 3677 Spiritus
2526 3623 2665 3661 meus
2681 3606 3057 3674 attenuabitur,
3080 3619 3129 3663 et
3157 3609 3265 3673 dies
3288 3611 3388 3666 mei
3415 3611 3777 3677 breviabuutur.

2200 3697 2315 3757 iloc
2344 3698 2499 3762 dicit,
2532 3699 2678 3770 quod
2706 3701 2756 3754 in
2788 3699 3058 3757 brevitate
3087 3700 3214 3757 vita:
3245 3719 3381 3772 sum,
3414 3707 3650 3778 spiritus
3678 3711 3783 3777 ejus

2198 3793 2400 3849 sensim
2439 3801 2752 3849 attenuatus
2792 3793 3076 3851 defecerit.
3453 3780 3463 3787 ’

2272 3889 2339 3945 Et
2358 3891 2527 3946 solum
2555 3891 2681 3945 mihi
2717 3900 2946 3969 superest
2987 3895 3299 3968 sepulcrum.
3356 3894 3489 3965 Quia
3532 3913 3678 3954 mors
3697 3904 3771 3954 est

2199 3985 2321 4042 linis
2343 3987 2589 4043 onmium
2619 3994 3043 4043 tormentorum.

2271 4078 2395 4134 Non
2425 4079 2650 4150 peccavi,
2681 4089 2728 4134 et
2767 4080 2823 4134 in
2850 4079 3291 4137 amaritudinibus
3330 4092 3572 4145 moratur
3616 4084 3783 4141 oculus

2196 4189 2361 4228 meus.
2407 4171 2607 4228 Verum
2641 4181 2745 4239 est,
2795 4172 2940 4244 quod
2979 4172 3091 4229 Deo
3127 4173 3361 4246 placitus
3404 4192 3515 4233 non
3549 4177 3778 4252 peccavi.

2196 4265 2264 4323 Et
2298 4267 2425 4324 licet
2455 4265 2629 4339 possit
2665 4266 2753 4323 hic
2799 4265 2950 4323 locus
2983 4266 3055 4322 ita
3100 4267 3355 4342 intelligi,
3400 4271 3546 4343 quod
3583 4272 3636 4327 in
3680 4269 3781 4326 Deo

2196 4358 2414 4432 quidem
2445 4374 2554 4415 non
2587 4358 2919 4431 peccaverit,
2950 4368 3006 4415 et
3030 4369 3207 4416 tamen
3241 4364 3396 4433 quasi
3440 4365 3494 4419 in
3520 4365 3642 4434 ipso
3667 4378 3782 4433 pec—

2194 4453 2422 4519 caverit,
2469 4466 2660 4524 pcenas
2692 4450 3184 4523 blasphemantium
3220 4455 3481 4524 patiatur.
3537 4455 3607 4512 Et
3656 4455 3783 4513 forte

2195 4547 2454 4619 quoniam
2499 4563 2530 4603 a
2568 4544 2683 4609 Deo
2725 4547 2779 4602 in
2821 4548 3073 4621 praesenti
3109 4548 3385 4618 laudatur,
3435 4568 3549 4608 non
3604 4565 3782 4623 peccs-

2194 4650 2347 4697 verat
2389 4659 2403 4695 :
2441 4639 2537 4696 sed
2579 4638 2635 4695 in
2674 4640 2970 4711 praeteritis
3014 4639 3403 4703 adolescentia:
3451 4643 3780 4716 temporibus

2192 4751 2452 4810 peccasse
2481 4751 2590 4791 non
2622 4745 2805 4814 negat.

2261 4825 2455 4882 Libera
2500 4841 2599 4894 me,
2640 4833 2688 4880 et
2710 4841 2844 4900 pone
2880 4840 2963 4880 me
2980 4828 3138 4899 juxta
3175 4835 3246 4900 te,
3271 4836 3321 4884 et
3348 4828 3577 4900 cujusvis
3606 4842 3781 4883 manus

2189 4928 2379 4995 pugnet
2408 4924 2589 4973 contra
2608 4934 2709 4973 me.
2744 4917 2857 4974 Sub
2900 4929 3055 4974 scuto
3081 4917 3246 4990 igitur
3284 4920 3645 4989 protectionis
3691 4918 3778 4981 Dei

2188 5012 2360 5070 latere
2389 5020 2544 5085 optat
2575 5032 2587 5066 :
2622 5029 2730 5087 quo
2763 5012 2999 5068 munitus
3031 5022 3195 5087 atque
3239 5014 3520 5082 defensus,
3550 5012 3781 5071 saevien-

2189 5117 2298 5163 tem
2328 5105 2539 5162 hostem
2570 5121 2677 5162 non
2711 5108 2916 5163 timeat.

2258 5200 2360 5258 Cor
2385 5215 2563 5254 eorum
2591 5198 2743 5277 longe
2773 5200 2940 5273 fecisti
2959 5217 2992 5253 a
3020 5200 3297 5274 disciplina
3328 5216 3347 5256 :
3377 5209 3656 5281 propterea
3683 5217 3779 5259 non

2186 5292 2574 5349 exaltabuntur.
2606 5291 2744 5359 Quia
2790 5291 2856 5347 ad
2896 5291 3069 5348 Deum
3110 5293 3230 5348 inec
3258 5293 3501 5367 loquitur
3529 5292 3643 5351 Joh
3672 5312 3684 5349 :
3714 5291 3776 5348 de

2185 5383 2401 5440 diabolo
2426 5383 2636 5453 utique,
2669 5392 2722 5437 et
2746 5383 3076 5439 satellitibus
3092 5385 3210 5454 ejus
3228 5395 3631 5453 praeesserunt
3659 5399 3776 5458 pec-

2183 5484 2300 5531 cata
2333 5494 2347 5531 :
2381 5476 2580 5546 quippe
2611 5490 2710 5545 pro
2740 5476 2942 5550 quibus
2973 5491 3186 5547 pmnam
3217 5476 3599 5535 obdurationis
3627 5490 3779 5534 accc-

2185 5580 2400 5642 perunt.
2431 5568 2606 5626 Causa
2638 5569 2808 5640 igitur
2832 5568 2901 5625 de
2929 5568 3126 5642 quibus
3155 5569 3457 5642 loquimur,
3484 5588 3589 5644 qua
3624 5573 3774 5629 elon-

2181 5665 2293 5736 gati
2321 5672 2466 5733 sunt,
2491 5674 2548 5719 ut
2578 5676 2686 5719 non
2711 5664 3191 5736 apprehenderent
3214 5664 3562 5739 disciplinam
3584 5710 3600 5733 ,
3649 5667 3769 5739 quis

2179 5756 2570 5813 exultationem
2604 5756 2762 5811 home
2791 5766 2999 5813 naturae.
3027 5772 3140 5815 suae
3168 5757 3437 5830 debitam,
3489 5760 3771 5818 voluntate

2177 5854 2392 5926 propria
2429 5849 2802 5927 perdiderunt.
