3948 6334
518 321 625 382 665

1304 327 1654 387 APPEIVDIX
1692 327 1786 385 AD
1825 328 2078 388 TOMUM
2116 328 2471 391 SEPTIMUM
2507 332 2569 392 S.
2610 331 3017 396 HIERONYMI.‘

3679 339 3768 406 ω(

599 441 876 519 Numquid
896 456 1109 519 propter
1139 457 1189 503 te
1208 447 1592 519 derelinquetur
1620 457 1794 515 terra,
1819 459 1867 503 et
1897 448 2119 520 traitsfe-
2144 449 2199 514 Α
2223 450 2348 521 quia
2382 450 2606 507 verbum
2634 451 2778 523 quod
2823 450 3074 523 procedit
3109 451 3180 509 de
3208 454 3322 510 ore
3372 453 3500 523 Dei,
3554 456 3768 529 accipere

524 546 708 592 rentur
756 555 914 608 rupes
971 538 1037 594 de
1081 538 1198 594 loco
1243 540 1374 595 suo?
1419 538 1717 612 Tamquam
1766 540 1813 595 si
1862 540 2116 597 diceret:

529 632 798 704 numquid
832 640 1058 703 prepter
1089 641 1142 689 te
1170 632 1411 689 mundus
1438 633 1503 689 ad
1528 643 1798 691 rectorem
1820 650 1979 692 suum
2011 649 2121 691 non

528 724 827 795 pertinebit
860 732 957 779 :ut
987 726 1032 780 si
1072 739 1209 796 quos
1254 733 1571 795 peccatores
1618 727 1932 794 invenerit,
1980 728 2122 783 sicut

528 825 584 871 et
616 816 875 886 teipsum,
910 831 1017 872 non
1049 817 1258 887 puniat.
1286 816 1474 873 Terrae
1503 833 1638 874 vero
1681 827 1737 875 et
1778 819 1995 890 rupium
2025 833 2122 876 no-

527 909 675 965 mine
704 909 1111 981 metaphoricos
1136 909 1399 967 universa
1428 911 1722 968 multitudo
1761 912 2119 984 populorum,

526 1012 584 1060 et
611 1003 813 1059 excelsi
842 1005 1047 1075 quique
1087 1006 1276 1061 mundi
1319 1015 1376 1062 et
1404 1007 1666 1077 superbi,
1714 1022 1779 1063 ac
1827 1015 2079 1080 potentes
2104 1054 2119 1079 ,

530 1110 765 1169 possunt
797 1101 1051 1171 intelligi.
1077 1100 1319 1157 POSsunt
1349 1118 1514 1173 rupes
1540 1145 1556 1168 ,
1604 1113 1660 1159 et
1694 1104 1892 1158 animat
1942 1103 2124 1159 homi-

530 1210 688 1264 num,
714 1206 774 1250 ιιι
802 1206 974 1263 terra,
1006 1210 1135 1252 caro
1158 1198 1398 1251 humana
1424 1195 1675 1268 intelligi.
1706 1196 1815 1252 Sed
1846 1204 1902 1253 et
1948 1196 2125 1267 angeli

527 1298 752 1358 propter
795 1287 1181 1346 celsitudinem
1237 1297 1451 1345 natura:
1506 1304 1619 1345 suae
1681 1290 2126 1364 eminentemque

528 1381 818 1448 honorem,
843 1398 1010 1451 rupes
1036 1384 1144 1440 dici
1176 1392 1429 1455 possunt.

607 1473 800 1530 Nonne
855 1477 950 1531 tua:
1006 1476 1157 1551 impii
1213 1477 1573 1548 exstinguetur
1627 1491 1647 1533 .‘
1700 1492 1795 1531 nec
1839 1476 2131 1548 splendebit

536 1572 753 1642 ﬂamma
807 1570 944 1641 ignis
999 1571 1161 1645 ejus?
1212 1570 1360 1628 Luce
1416 1571 1735 1628 lelicitalem
1794 1582 2126 1642 praesentem

532 1677 696 1732 quant
727 1675 948 1718 sanctus
973 1662 1077 1718 Joh
1106 1663 1386 1734 gloriosus
1407 1664 1623 1734 agebat,
1643 1664 1991 1735 signiﬁcavit.
2020 1665 2126 1720 sic-

538 1765 599 1811 ut
628 1767 685 1813 et
708 1753 967 1812 Salomon
991 1758 1063 1812 ait
1091 1775 1103 1810 :
1145 1755 1349 1811 Lumen
1373 1773 1493 1812 vero
1513 1758 1794 1828 impiorum
1830 1759 2129 1831 exstingue-

2225 560 2331 600 non
2383 554 2649 602 meretur.
2705 546 2775 601 Et
2824 546 3031 604 idcirco
3071 546 3175 602 sub
3216 545 3439 603 nomine
3494 560 3772 622 costarum,

2226 636 2463 692 thoracis
2494 637 2828 694 munimenta
2866 637 3290 709 signiﬁcantur:
3336 640 3529 711 quibus
3569 657 3624 698 se
3647 644 3775 703 velut

2223 729 2459 801 quadam
2483 729 2849 786 obduratione
2873 731 3207 800 construxit,
3234 739 3293 786 ut
3320 746 3444 787 eum
3468 732 3612 788 cibus
3629 734 3775 795 divini

2224 822 2428 895 eloquii
2456 838 2565 880 non
2595 822 2777 879 adeat.
2799 821 2929 880 Sive
2958 824 3124 880 etiam
3154 823 3450 895 impiorum
3480 826 3672 897 plagam
3692 828 3776 887 de-

2223 918 2438 975 scribit.

2297 1011 2518 1067 Devoret
2542 1011 2990 1082 pulchritudinem
3003 1013 3135 1069 cutis
3157 1017 3271 1087 ejus
3288 1055 3303 1077 .
3333 1024 3382 1069 et
3412 1027 3661 1071 consumat
3683 1017 3781 1074 bra-

2227 1102 2345 1159 chia
2374 1102 2517 1159 illius
2546 1105 2893 1177 primogenita
2914 1122 3079 1161 mors.
3128 1104 3588 1162 Pulchritudinem
3625 1110 3745 1165 cutis
3763 1149 3778 1176 ,

2227 1197 2281 1254 id
2310 1205 2415 1264 est,
2449 1209 2774 1255 ornamenta
2801 1198 3065 1254 virtutum
3086 1240 3101 1264 .
3127 1207 3185 1254 et
3230 1197 3454 1255 brachia
3476 1240 3492 1265 ,
3549 1198 3787 1257 fortitudi-

2227 1307 2355 1349 nem
2378 1292 2535 1363 regni
2561 1293 2700 1365 ejus,
2727 1292 2965 1350 confecit
2994 1293 3248 1350 diabolus
3280 1311 3295 1348 :
3337 1293 3431 1368 qui
3476 1293 3593 1350 ideo
3613 1296 3784 1365 primo.

2227 1385 2409 1457 genita
2434 1400 2586 1441 mors
2615 1386 2922 1457 appellatus
2949 1394 3035 1442 est
3067 1402 3081 1440 :
3114 1387 3235 1457 quia
3258 1400 3356 1457 per
3377 1387 3554 1458 ipsum
3580 1388 3783 1458 primum

2230 1480 2455 1537 intravit
2479 1495 2631 1537 mors
2655 1481 2709 1536 in
2740 1480 2932 1537 orbem
2965 1491 3238 1537 terrarum
3265 1522 3281 1549 ,
3331 1491 3386 1538 et
3433 1482 3551 1554 ipse
3588 1491 3665 1539 est
3685 1497 3785 1540 sua)

2231 1578 2429 1631 mortis
2456 1575 2736 1634 inventor.

2301 1668 2577 1724 Avellatur
2602 1670 2667 1725 de
2693 1669 3030 1726 tabernaculo
3056 1686 3152 1724 suo
3177 1670 3377 1738 ﬁducia
3398 1673 3537 1743 ejus,
3582 1680 3627 1727 et
3651 1672 3791 1727 calcet

2232 1779 2390 1832 super
2408 1778 2528 1817 eum
2547 1764 2702 1836 quasi
2722 1780 2817 1820 rex
2842 1764 3109 1821 interitus.
3140 1763 3298 1821 llunc
3343 1765 3514 1837 igitur
3541 1764 3793 1823 interitum

537 1858 641 1905 tur.
661 1847 817 1905 Hanc
835 1849 999 1921 igitur
1021 1853 1348 1906 exstinctam
1371 1850 1510 1906 dixit
1541 1869 1554 1905 :
1578 1852 1797 1920 quando
1823 1851 1930 1909 Job
1956 1852 2128 1909 desti-
2159 1855 2205 1916 Β
2234 1856 2513 1914 diabolum
2542 1872 2665 1915 esse
2696 1858 2858 1925 dixit,
2891 1860 2984 1931 qui
3014 1868 3100 1914 est
3126 1874 3224 1916 rex
3268 1875 3439 1931 super
3468 1874 3652 1917 omnes
3675 1860 3794 1915 ﬁlios

535 1950 688 1999 tutus
717 1954 806 2000 est
833 1947 979 2000 omni
1003 1943 1263 2001 felicitate
1292 1945 1574 2016 praiseuti.
1608 1944 1764 2014 Quod
1791 1957 1972 2002 autem
2005 1947 2084 2001 ait
2112 1965 2127 2004 :

534 2036 651 2095 Nec
676 2039 989 2108 splendebit
1011 2039 1233 2097 flamma
1262 2041 1404 2113 ignis
1432 2040 1552 2112 ejus
1582 2057 1594 2095 :
1625 2040 1681 2097 id
1705 2050 1813 2110 est,
1848 2056 1956 2096 non
1987 2038 2132 2098 redi-

534 2132 617 2189 bit
635 2134 703 2189 ad
731 2136 1012 2205 pristinam
1043 2137 1381 2193 felicitatem.

607 2224 729 2282 Lua:
754 2227 1135 2285 obtenebrescet
1164 2231 1222 2284 in
1259 2228 1599 2284 tabernaculo
1630 2227 1781 2284 illius
1800 2270 1815 2297 ,
1839 2238 1887 2285 et
1917 2230 2132 2285 lucerna

536 2337 656 2393 quae
682 2338 841 2393 super
863 2340 979 2379 eum
1007 2334 1104 2393 est,
1132 2325 1513 2398 exstinguetur.
1539 2324 1657 2380 Non
1687 2326 1868 2381 solum
1892 2363 1908 2391 ,
1930 2324 2132 2396 inquit,

534 2428 862 2489 praesentem
907 2418 1224 2475 felicitatem
1271 2418 1523 2491 amittet,
1568 2417 1666 2475 sed
1706 2419 1870 2475 etiam
1912 2418 2004 2473 lux
2048 2433 2136 2474 re-

532 2513 869 2569 cordationis
892 2513 1011 2581 Dei,
1042 2529 1164 2586 qua:
1191 2520 1310 2570 erat
1338 2514 1392 2570 in
1425 2513 1776 2570 tabernaculo
1805 2512 1987 2568 cordis
2016 2511 2135 2583 ejus
2174 2526 2183 2533 ’

533 2605 1006 2678 obtenebrabitur,
1031 2618 1086 2662 ut
1107 2607 1156 2663 ei
1188 2607 1332 2663 Deus
1359 2606 1572 2664 scilicet
1593 2607 1646 2662 in
1673 2605 1990 2661 memoriam
2026 2620 2136 2661 non

529 2702 812 2770 ascendat,
843 2710 898 2758 et
919 2718 1019 2773 pro
1049 2701 1247 2757 merito
1270 2700 1498 2757 lucerna
1529 2700 1888 2772 protectionis
1908 2698 2133 2766 divinae,

536 2809 659 2865 qua:
685 2810 851 2864 super
879 2809 1004 2851 eum
1036 2794 1233 2856 fuerat.
1261 2795 1670 2866 exstinguetur.

610 2890 965 2946 Arctabuntur
993 2905 1199 2963 gressus
1228 2890 1432 2944 virtutis
1478 2891 1593 2960 ejus
1622 2929 1640 2957 ,
1700 2896 1747 2943 et
1793 2886 2139 2959 prtecipitabit

543 3001 665 3041 eum
688 2983 966 3039 consilium
996 2998 1169 3038 suum.
1204 2981 1274 3038 Ut
1305 2981 1576 3051 superbus
1623 2980 1910 3037 conlidens
1939 2979 1993 3035 in
2021 2981 2139 3034 vir-

542 3086 655 3134 tute
684 3091 782 3133 sua
814 3087 965 3133 recte
993 3075 1251 3132 incedere
1280 3074 1598 3141 arbitratur,
1652 3073 2015 3130 concludetur
2042 3073 2141 3128 tri-

538 3168 882 3225 bulationum
914 3168 1208 3240 angustiis,
1232 3176 1290 3225 et
1320 3166 1611 3238 pressuris,
1645 3173 1707 3222 ut
1743 3164 1871 3222 inde
1913 3166 2140 3222 omnino

540 3263 697 3319 exire
723 3279 829 3319 non
869 3265 1068 3334 possit.

613 3353 843 3412 Immisit
874 3357 1014 3411 enim
1042 3357 1097 3410 in
1127 3365 1233 3411 rete
1262 3355 1417 3426 pedes
1442 3371 1584 3422 suos,
1617 3364 1665 3409 et
1692 3355 1747 3410 in
1772 3354 1989 3410 maculis
2027 3358 2141 3427 ejus

540 3451 797 3508 ambulat.
831 3451 981 3507 Betis
1012 3450 1233 3506 nomine
1264 3457 1431 3520 atque
1485 3449 1825 3504 macularum
1856 3447 1995 3518 ejus,
2022 3448 2141 3504 ine—

544 3543 771 3601 vitabile
814 3544 1017 3599 malum
1064 3541 1404 3613 signiﬁcatur
1433 3558 1447 3596 :
1480 3540 1624 3612 quod
1665 3542 1855 3596 volens
1910 3540 2145 3611 quisque

544 3654 774 3707 exuere,
809 3643 928 3710 ipso
958 3637 1250 3695 conamine
1280 3636 1603 3709 impeditur,
1638 3644 1805 3707 atque
1834 3635 2144 3707 implicatur

552 3745 617 3793 ut
640 3745 880 3791 covruat.

616 3828 896 3885 Tenebitur
916 3828 1098 3899 planta
1122 3827 1264 3882 illius
1288 3826 1470 3898 laqueo
1492 3867 1507 3889 ,
1563 3836 1612 3879 et
1644 3824 1937 3881 exardescit
1966 3835 2144 3880 contra

542 3940 664 3981 eum
693 3924 829 3977 sitis.
858 3921 1111 3993 Laqueus
1153 3921 1243 3975 hic
1276 3921 1394 3990 ipse
1443 3918 1702 3975 diabolus
1751 3934 1860 3975 non
1909 3919 2145 3976 absurde

543 4015 810 4084 sentitur,
838 4015 928 4084 qui
959 4013 1024 4068 ad
1048 4011 1510 4084 supplantandum
1563 4010 1881 4066 calcaneutn
1905 4056 1918 4080 ,
1953 4026 2146 4080 pecca-

540 4117 693 4165 tores
722 4109 1004 4173 observat,
1036 4115 1091 4162 et
1117 4107 1235 4175 ipse
1259 4103 1619 4159 nihilominus
1648 4101 1767 4158 sitis
1804 4104 2024 4158 nomine
2050 4119 2144 4173 ap-

545 4202 784 4274 pellatur
815 4218 829 4255 :
882 4216 951 4255 eo
979 4199 1127 4271 quod
1155 4199 1301 4255 velut
1324 4198 1380 4253 in
1405 4196 1591 4268 aliquo
1620 4195 1769 4252 bono
1799 4206 2038 4254 aestuans
2070 4198 2145 4253 si-

545 4300 649 4354 tiat
679 4296 916 4351 hominis
948 4304 1200 4351 mortem.

618 4388 936 4469 Abscondita
958 4400 1034 4443 est
1063 4390 1118 4442 in
1149 4399 1293 4444 terra
1317 4389 1499 4460 pedica
1525 4393 1671 4464 ejus,
1705 4398 1754 4444 et
1796 4386 2043 4454 decipula
2078 4388 2146 4442 il-

545 4482 647 4537 lius
673 4496 829 4552 super
857 4481 1114 4537 semitam.
1146 4481 1305 4537 Latet
1336 4483 1490 4538 illum
1528 4481 1729 4554 quibus
1769 4480 1985 4548 insidiis
2013 4496 2139 4552 per-

546 4573 693 4630 ditus
713 4575 832 4629 sive
864 4576 915 4627 in
942 4571 1248 4643 semetipso
1278 4573 1548 4644 pedicam,
1580 4590 1685 4645 qua
1745 4573 2010 4645 praepedit
2050 4587 2144 4643 pe-

2234 1950 2507 2021 superbite
2541 1967 2556 2006 :
2586 1951 2679 2006 sed
2704 1965 2875 2022 super
2908 1962 3159 2008 sanctum
3190 1951 3316 2021 Job,
3348 1962 3405 2009 ut
3432 1967 3556 2010 eum
3577 1964 3794 2025 proster-

2234 2051 2417 2108 neret,
2446 2044 2666 2100 calcare
2695 2060 2804 2100 non
2838 2046 3035 2116 potuit.

2310 2136 2565 2193 Habitent
2591 2138 2647 2192 in
2675 2137 3012 2194 tabernaculo
3033 2138 3177 2195 illius
3211 2140 3340 2195 socii
3382 2140 3498 2211 ejus
3524 2180 3539 2205 ,
3591 2140 3674 2210 qui
3713 2156 3797 2196 non

2236 2239 2335 2287 est.
2360 2231 2533 2296 Socii.
2569 2233 2793 2290 sodales
2813 2275 2829 2301 ,
2863 2234 2980 2290 sive
3013 2232 3114 2289 lilii
3134 2277 3150 2302 ,
3185 2242 3245 2289 ut
3267 2248 3440 2305 supra
3471 2233 3665 2289 dictum
3709 2243 3796 2302 est,

2236 2326 2473 2385 ministri
2500 2327 2708 2385 diaboli
2733 2336 2863 2384 sunt
2895 2344 2908 2382 :
2959 2329 3053 2398 qui
3083 2326 3191 2383 hoc
3216 2326 3338 2382 loco
3377 2342 3492 2382 non
3532 2340 3650 2382 esse
3687 2324 3802 2381 dici-

2238 2433 2348 2489 tur,
2375 2432 2581 2478 etcum
2622 2424 2695 2477 sit
2737 2429 2949 2477 naturae
2991 2434 3107 2477 sua:
3138 2419 3478 2491 proprietate
3505 2417 3800 2484 subsistens,

2241 2525 2421 2572 tamen
2452 2532 2559 2572 non
2592 2523 2697 2580 est,
2725 2525 2787 2572 ut
2812 2515 2927 2572 dixi
2972 2533 2983 2569 :
3012 2515 3138 2587 quia
3170 2514 3624 2586 praevaricatione
3656 2511 3806 2569 factus

2239 2620 2324 2667 est
2348 2610 2564 2667 alienus
2584 2601 2629 2665 a'
2646 2610 2777 2666 Deo.

2308 2712 2633 2779 Aspergatur
2656 2705 2710 2761 in
2737 2705 3073 2761 tabernaculo
3094 2707 3205 2778 ejus
3231 2704 3474 2778 sulphur.
3516 2701 3592 2761 Ut
3625 2700 3809 2759 fumum

2240 2802 2333 2859 hic
2361 2803 2561 2859 sentiat
2592 2801 2987 2874 gehennarum.

2314 2895 2569 2951 Deorsum
2588 2897 2788 2952 radices
2828 2898 2941 2968 ejus
2963 2895 3255 2950 siccentur:
3295 2909 3511 2949 sursum
3552 2900 3713 2947 autem
3745 2896 3811 2943 at-

2246 2998 2448 3043 teratur
2491 2989 2670 3044 messis
2691 2992 2832 3063 ejus.
2860 2988 3054 3043 Messis
3104 3001 3270 3058 opera
3304 2994 3541 3057 possunt
3583 2982 3803 3053 intelligi,

2245 3099 2367 3155 qua:
2400 3084 2549 3139 foras
2579 3086 2744 3155 atque
2768 3083 2821 3139 in
2852 3082 3131 3154 publicum
3160 3097 3227 3136 ex
3267 3078 3624 3136 interioribus
3650 3090 3808 3133 erutu-

2245 3176 2465 3247 pentia,
2495 3176 2564 3232 de
2610 3175 2736 3232 ﬁdei
2777 3175 2962 3232 radice
3001 3184 3359 3246 consurgunt.
3405 3172 3588 3229 Aliter
3619 3189 3631 3225 :
3662 3170 3813 3227 Deor-

2164 3259 2212 3324 C
2244 3285 2364 3327 sum
2391 3269 2603 3326 radices
2631 3268 2747 3341 ejus
2771 3269 3071 3336 siccentur,
3134 3267 3185 3323 id
3219 3276 3325 3333 est,
3357 3282 3528 3338 opera
3550 3306 3566 3334 ,
3610 3280 3724 3338 qua:
3767 3263 3814 3318 in

2245 3364 2348 3420 hoc
2369 3365 2573 3419 saecqu
2600 3364 2960 3434 perpetravit,
2983 3362 3334 3419 inveniantur
3381 3371 3601 3418 mortua
3627 3402 3643 3428 ,
3688 3373 3815 3415 mor-

2246 3455 2458 3526 tuisque
2492 3454 2751 3511 ariditate
2792 3454 3016 3513 similia.
3065 3455 3293 3512 Sursum
3343 3465 3535 3511 autem
3582 3459 3817 3509 atteratur

2245 3551 2443 3607 messis
2463 3550 2586 3621 ejus
2614 3566 2629 3617 ;
2660 3550 2711 3605 in
2735 3548 2921 3605 futuro
2951 3550 3139 3622 utique
3160 3547 3479 3605 mercedem
3528 3546 3723 3604 laboris
3746 3543 3819 3601 sui

2247 3643 2471 3701 minime
2501 3653 2894 3715 consequatur.

2319 3737 2575 3793 Memoria
2594 3738 2739 3794 illius
2768 3745 2941 3813 pereat
2967 3738 3031 3792 de
3060 3744 3220 3791 terra.
3243 3733 3300 3790 Id
3331 3744 3444 3803 est,
3465 3734 3604 3790 nihil
3630 3746 3815 3789 memo-

2246 3831 2327 3887 ria
2354 3845 2450 3888 sua
2480 3830 2702 3903 dignum
2748 3838 3008 3902 operetur
3039 3846 3055 3886 :
3088 3832 3173 3886 vel
3197 3827 3360 3885 etiam
3410 3826 3679 3884 memoria
3712 3824 3815 3896 eius

2245 3932 2434 3996 pereat
2464 3925 2533 3980 de
2558 3934 2699 3979 terra
2733 3924 3054 3979 viventium.

2320 4015 2391 4071 Et
2414 4033 2519 4071 non
2548 4016 2837 4072 celebretur
2880 4030 3068 4069 nomen
3102 4016 3216 4087 ejus
3246 4014 3301 4068 in
3322 4014 3539 4087 plateis.
3583 4011 3640 4068 In
3670 4009 3821 4081 platea

2246 4109 2513 4165 sedebant
2538 4124 2724 4180 reges,
2759 4110 2900 4164 inter
2926 4121 3063 4179 quos
3116 4114 3272 4178 aptat
3301 4120 3429 4161 eum
3463 4106 3663 4160 famam
3689 4100 3824 4171 justi-

2247 4203 2336 4259 tite
2379 4218 2489 4258 non
2535 4201 2755 4257 mereri.
2812 4201 3013 4264 Plateaa
3038 4199 3271 4255 virtutes
3317 4197 3738 4268 intelliguntur:
3780 4190 3823 4245 in

2245 4296 2446 4368 quibus
2475 4293 2741 4363 sapientia
2765 4292 3096 4349 liducialiter
3123 4292 3258 4363 agit,
3287 4301 3342 4347 et
3362 4291 3625 4347 circumit
3653 4285 3823 4343 civita-

2246 4396 2357 4445 tem
2391 4388 2489 4444 Dei
2515 4386 2823 4443 Jerusalem
2859 4401 2874 4440 :
2917 4384 2971 4439 in
3003 4399 3106 4454 qua
3135 4384 3508 4438 sacramentis
3538 4379 3732 4438 divinis
3758 4384 3827 4429 at-

2247 4499 2354 4553 que
2384 4479 2661 4555 mysteriis
2705 4482 2878 4537 latum
2922 4486 3009 4533 est
3040 4476 3457 4547 Scripturarum
3511 4474 3826 4532 mandatum.

2251 4573 2616 4631 Vehementer
2647 4571 2812 4644 igitur
2835 4572 2889 4628 in
2929 4569 3015 4626 his
3049 4569 3247 4642 plateis
3292 4568 3486 4624 ludent
3535 4580 3734 4635 senes,
3783 4569 3828 4616 et

545 4667 646 4724 des
673 4681 825 4732 suos,
859 4666 1025 4723 habet
1053 4667 1434 4723 absconditam
1461 4685 1475 4722 :
1502 4667 1556 4723 id
1586 4677 1671 4722 est
1701 4710 1718 4737 ,
1748 4666 2138 4738 obligationetn
2168 4659 2223 4720 D
2247 4682 2406 4729 anus.
2439 4675 2495 4721 et
2517 4665 2775 4721 infantes.

548 4761 778 4829 peccati.
805 4770 864 4816 et
891 4761 948 4814 in
978 4758 1188 4815 saevitia
1231 4761 1671 4817 conversationis
1717 4775 1832 4814 sme
1858 4801 1873 4826 ,
1929 4774 2033 4828 qua
2082 4774 2142 4815 se

539 4867 691 4910 recte
723 4865 872 4926 putat
900 4854 1182 4921 incedere,
1217 4855 1426 4909 erroris
1458 4853 1622 4910 istius
1667 4855 1798 4910 latet
1828 4854 2101 4926 decipula.

619 4944 864 5020 Undique
891 4948 1151 5003 terrebunt
1186 4964 1305 5003 eum
1333 4948 1660 5019 formidines,
1695 4957 1741 5002 et
1764 4947 2023 5002 involvent
2056 4963 2144 5014 pe-

545 5043 636 5098 des
682 5044 815 5114 ejus.
870 5042 995 5098 Sive
1049 5043 1290 5097 dolores.
1345 5042 1630 5111 Superbus
1668 5041 1881 5097 scilicet
1929 5050 2144 5097 terrore

543 5143 789 5192 venturae
839 5134 1171 5190 calamitatis
1233 5148 1453 5204 semper
1521 5133 1834 5189 terrebitur.
1902 5132 2142 5187 Possunt

547 5232 713 5284 etiam
748 5226 1094 5295 formidines,
1129 5229 1231 5281 hoc
1274 5227 1397 5281 loco
1425 5241 1535 5282 non
1579 5225 1902 5282 aﬂ‘ectiones
1959 5225 2141 5281 cordis

542 5321 814 5392 intelligi:
845 5321 941 5377 sed
976 5320 1082 5390 ipsi
1105 5320 1289 5389 potius
1312 5318 1548 5375 ministri
1586 5317 1813 5375 diaboli.
1864 5317 1930 5372 lli
1983 5317 2143 5388 igitur

548 5415 739 5468 multis
768 5414 946 5468 modis
972 5421 1187 5469 terrere
1217 5424 1465 5468 sanctum
1494 5410 1625 5477 Job,
1654 5421 1715 5466 ut
1756 5409 1838 5466 eis
1889 5409 2140 5478 cederet,

548 5506 886 5563 institerunt.

616 5601 928 5655 Attettuetur
948 5599 1085 5670 fame
1108 5599 1267 5653 robur
1297 5599 1432 5671 ejus,
1458 5608 1505 5652 et
1528 5597 1704 5652 inedia
1729 5596 1940 5651 invadat
1973 5606 2143 5652 costas

540 5694 704 5749 illius.
752 5691 941 5748 Putest
987 5694 1162 5747 fames
1187 5702 1243 5747 et
1292 5692 1409 5763 ipse
1449 5690 1703 5748 diabolus
1747 5689 2016 5760 intelligi:
2049 5691 2142 5759 qui

542 5785 856 5856 huiusmodi
885 5786 1084 5842 famem
1119 5788 1339 5855 patitur,
1362 5801 1467 5858 qua
1494 5800 1790 5857 numquam
1819 5784 1888 5841 de
1910 5785 2142 5842 necibus

540 5881 826 5939 hominum
856 5889 1159 5939 saturetur.
1197 5880 1323 5941 Sive
1371 5892 1428 5939 et
1470 5883 1587 5953 ipse
1636 5883 1832 5939 famem
1883 5883 2139 5953 patitur;

2320 4758 2561 4829 Expellet
2587 4775 2702 4813 eum
2728 4757 2792 4812 de
2820 4758 2936 4812 luce
2959 4757 3014 4812 in
3032 4757 3286 4821 tenebras,
3311 4763 3359 4811 et
3385 4754 3455 4812 de
3483 4754 3612 4810 urbe
3633 4746 3831 4819 transfe-

2246 4862 2324 4907 ret
2347 4867 2484 4906 eum.
2516 4851 2594 4907 De
2625 4850 2728 4907 hac
2761 4850 2948 4918 utique
2975 4849 3098 4904 luce
3132 4848 3471 4919 temporaria
3516 4849 3762 4904 mittetur
3787 4842 3831 4896 in

2245 4955 2482 5002 aeternas
2512 4944 2772 5000 tenebras
2809 4941 3111 4998 inferorum
3143 4960 3156 4996 :
3203 4941 3328 5000 sive
3374 4943 3554 4998 etiam
3603 4940 3673 4996 de
3699 4942 3831 5009 parte

2248 5037 2414 5093 sortis
2443 5050 2759 5094 sanctorum
2807 5033 3175 5093 retrudendus
3204 5034 3259 5093 in
3298 5033 3566 5092 tenebras
3616 5042 3833 5090 tormen-

2250 5141 2368 5188 lOl'll
2377 5147 2451 5187 m.

2320 5222 2445 5280 Non
2484 5224 2582 5280 erit
2608 5240 2783 5279 semen
2829 5225 2977 5293 eius,
3008 5237 3172 5293 neque
3216 5219 3500 5292 progenies
3550 5220 3609 5274 in
3658 5213 3834 5291 populo

2247 5333 2364 5373 suo.
2393 5318 2506 5371 Hoc
2547 5315 2704 5384 dicit,
2737 5314 2880 5387 quod
2911 5315 3296 5385 posteritatem
3321 5314 3610 5384 indignam
3643 5319 3831 5365 memo-

2246 5412 2329 5467 ria
2359 5409 2538 5483 geutis
2560 5425 2708 5477 suae,
2748 5410 2833 5465 vel
2877 5409 3065 5477 patriai
3114 5406 3463 5478 derelinquat
3493 5424 3512 5473 ;
3546 5401 3831 5461 secundum

2249 5507 2380 5563 illud
2438 5504 2733 5574 psalmistze
2776 5520 2788 5557 :
2838 5501 3121 5559 Generatio
3169 5512 3438 5557 rectorum
3494 5499 3832 5555 benedicetttr.

2247 5599 2433 5655 Talem
2478 5597 2644 5669 igitur
2696 5598 3111 5668 generationem
3158 5595 3215 5651 in
3264 5595 3472 5668 papulo
3520 5611 3626 5650 suo
3680 5588 3836 5647 noluit

2246 5706 2547 5764 procreare
2581 5708 2593 5744 :
2630 5689 2773 5745 unde
2802 5688 2857 5745 in
2900 5690 3005 5745 hac
3053 5699 3219 5762 gente
3262 5687 3542 5760 spirituali
3592 5687 3833 5761 glorians-

2249 5797 2359 5852 tur,
2396 5796 2451 5842 et
2476 5787 2669 5857 patria.

2325 5879 2439 5937 Nec
2465 5878 2589 5935 ullte
2614 5878 2848 5949 reliquiae
2872 5878 2928 5933 in
2981 5877 3279 5949 regionibus
3307 5881 3444 5951 ejus.
3490 5878 3832 5935 Manilestnm
