3948 6334
264 363 359 425 665

1155 330 1633 396 COMMENTARII
1666 328 1734 386 IN
1775 324 2036 386 LIBRUM
2074 323 2216 383 JOB.
2260 320 2415 381 CAP.
2459 320 2605 381 XIX.

3423 306 3530 369 666

263 486 354 539 at,
391 466 532 543 quod
560 471 751 523 sancto
779 460 885 519 Job
911 454 1051 515 nihil
1077 448 1430 511 remanserit.
1464 442 1831 516 Spiritoaliter
1854 443 1912 505 Α
2004 438 2271 494 Destruxit
2299 452 2381 491 me
2405 434 2661 505 undique,
2690 441 2736 487 et
2758 445 2933 504 pereo,
2964 435 3012 484 et
3037 427 3186 503 quasi
3222 426 3412 482 evulsis
3434 441 3526 479 ar-

1415 540 1427 543 -
1750 533 1762 543 .
1939 532 1952 543 .
2032 531 2044 543 .
2103 531 2116 543 .
2167 541 2175 543 _
2582 541 2622 543 η
2683 524 2851 543 nu”
2900 536 3066 543 ub-
3118 519 3317 543 ,mm-
3380 516 3504 543 mu-

262 533 424 627 autem
446 564 522 619 sic
550 552 993 630 intelligendum:
1028 547 1211 605 nullas
1232 540 1493 615 reliquias
1518 533 1832 610 generatio-

260 664 335 723 nis
362 673 466 717 sua:
493 654 715 711 habebit
744 647 944 719 impius
977 644 1032 700 iu
1062 641 1267 700 futuro.

320 753 382 811 In
408 751 488 807 die
511 752 626 823 ejus
653 741 929 817 stupebant
952 733 1245 794 nouissimi.
1279 729 1337 787 Id
1357 737 1463 799 est,
1495 729 1550 784 in
1584 735 1832 797 tempore

259 838 600 905 damnationis
638 837 781 909 ejus.

319 936 587 1007 Etprimos
606 929 813 987 invadet
829 926 1041 982 horror.
1072 920 1131 978 ld
1160 927 1267 987 est,
1292 915 1468 975 inﬁmi
1497 924 1553 971 et
1577 923 1833 984 proceres

258 1003 611 1092 terrebantur:
641 1023 789 1098 quod
811 1031 922 1087 est,
951 1032 1111 1089 reges
1134 1004 1675 1087 potentesctmagni.
1702 1003 1834 1060 Sive

256 1124 515 1186 novissimi
543 1130 600 1178 et
626 1118 825 1193 primi,
859 1116 1118 1172 homines
1143 1120 1200 1167 et
1226 1106 1440 1180 angeli:
1485 1098 1664 1159 sancti
1693 1112 1829 1171 quo-

254 1238 345 1296 que
364 1228 418 1277 et
446 1225 766 1291 peccatores
796 1228 905 1269 non
934 1206 1177 1266 absurde
1206 1202 1611 1271 intelliguntur.

317 1289 586 1372 Hac—sunt
608 1325 733 1383 ergo
763 1303 1103 1364 tabernacula
1122 1298 1310 1372 iniqui,
1363 1305 1411 1351 et
1435 1296 1533 1349 iste
1554 1290 1698 1346 locus
1717 1289 1835 1360 ejus

253 1410 333 1487 qui
353 1410 552 1483 ignorat
578 1404 764 1461 Deum.
808 1396 1133 1457 Enarrautis
1184 1388 1587 1450 maledictionis
1619 1393 1839 1441 senten-

254 1481 613 1561 tiam—videtur
642 1498 799 1563 dare,
826 1503 885 1551 et
903 1493 1054 1564 dicit,
1089 1490 1179 1546 ubi
1201 1484 1514 1560 hujnsmodi
1542 1481 1832 1552 superbus,

253 1598 463 1657 scilicet,
495 1592 810 1663 impiosque
839 1586 1187 1644 habitaturus
1220 1582 1330 1637 sit:
1355 1576 1452 1634 sed
1476 1576 1580 1632 Job
1608 1571 1832 1644 iniquus

253 1708 351 1752 non
378 1698 476 1758 est,
511 1702 677 1763 quem
709 1692 918 1743 rectum
946 1691 1004 1739 et
1028 1680 1376 1735 innocentem
1407 1671 1554 1729 Deus
1576 1666 1831 1741 appellat.

833 1817 1062 1879 CAPUT
1094 1813 1240 1874 XIX.

313 1945 648 2020 Respondeas
676 1950 850 1999 autem
877 1937 980 1995 Job
1000 1979 1017 2005 ,
1063 1934 1233 1990 dixit:
1286 1929 1562 2001 Usquequo
1596 1921 1838 2020 afﬂigitis

250 2014 463 2098 animum
488 2053 682 2103 meam,
715 2031 1085 2089 etatteritisme
1104 2021 1470 2081 sermonibus?
1490 2014 1839 2075 Manifestum

249 2147 322 2195 est
344 2183 358 2207 ,
387 2135 515 2209 quia
547 2127 1002 2203 respousionibus
1030 2122 1332 2179 amicorum
1360 2129 1585 2173 suorum
1616 2109 1834 2166 attritus

253 2230 337 2296 sit,
363 2235 419 2284 et
445 2224 691 2283 afflictus
718 2221 836 2279 sive
863 2218 1120 2290 fatigatus
1138 2214 1232 2279 sit,
1275 2222 1332 2269 et
1361 2209 1701 2266 destructus.

308 2322 387 2379 En
412 2320 594 2379 decies
613 2315 933 2389 confunditis
955 2329 1060 2382 me,
1085 2318 1135 2367 et
1176 2324 1281 2365 non
1303 2303 1625 2367 erubescitis,
1659 2297 1841 2371 oppri-

247 2428 428 2474 mentes
447 2430 560 2471 me.
587 2412 715 2469 Dies
728 2411 943 2479 decem,
969 2421 1066 2480 pro
1088 2412 1208 2461 toto
1236 2410 1488 2474 tempore
1514 2393 1838 2453 nominavit.

249 2511 351 2571 Sed
394 2509 679 2584 quomodo
708 2507 763 2563 in
801 2504 953 2562 brevi
985 2514 1233 2568 numero,
1266 2498 1319 2554 in
1352 2490 1684 2567 Apocalypsi
1727 2503 1843 2544 ma-

240 2605 323 2677 jor
350 2618 619 2662 numeros
640 2598 905 2673 temporis
927 2594 1300 2666 intelligitur:
1349 2589 1425 2646 ita
1446 2597 1503 2645 et
1532 2589 1589 2643 in
1620 2585 1724 2640 hac
1749 2597 1843 2640 ea-

243 2697 357 2755 dem
420 2710 646 2754 summa
692 2690 909 2750 numeri
961 2690 1142 2745 minus
1184 2683 1535 2756 signiﬁcatur
1564 2724 1577 2749 ,
1637 2685 1697 2733 ut
1737 2677 1843 2732 hoc

245 2790 414 2848 solido
437 2802 700 2857 numero,
730 2792 787 2842 et
812 2782 1060 2856 perfecto
1088 2786 1366 2844 manente,
1395 2788 1494 2846 pro
1521 2769 1844 2828 diversitate

247 2884 486 2943 locorum
506 2883 570 2940 in
589 2878 887 2952 Scripturis
916 2874 1139 2938 divinis,
1182 2886 1327 2927 nunc
1361 2866 1624 2938 majorem
1651 2875 1846 2919 nume-

245 2994 378 3050 rum,
409 2993 565 3034 nunc
592 2976 858 3032 minorem
888 2966 1194 3041 signiﬁcari
1222 2962 1553 3020 noverimus.

311 3075 366 3132 Ν
366 3091 515 3149 stupe
530 3082 587 3131 et
611 3073 658 3128 si
678 3068 937 3143 ignoravi,
956 3079 1155 3120 mecum
1172 3062 1271 3117 erit
1294 3056 1593 3131 ignorantia
1616 3067 1751 3108 mea.
1778 3051 1845 3106 At

243 3185 326 3226 vos
352 3144 540 3225 contra
562 3160 944 3235 meerigimini,
961 3168 1009 3214 et
1035 3154 1256 3229 arguitis
1275 3166 1357 3207 mc
1378 3147 1666 3223 opprobriis
1694 3144 1842 3201 meis.

1932 531 2044 587 beri
2064 529 2275 587 abstulit
2303 544 2446 601 spem
2461 541 2651 583 meam.
2683 524 2879 594 Domo,
2900 536 3093 594 regno,
3118 519 3346 586 familia,
3379 516 3529 583 filiis,

1930 625 2140 693 amicis,
2172 622 2406 679 sanitate
2435 617 2803 692 corporismei
2828 615 3118 672 destitutus
3146 629 3269 670 sum
3296 630 3310 667 :
3344 611 3419 667 ita
3446 610 3534 666 his

1931 718 2186 777 omnibus
2211 715 2439 784 ablatis,
2491 713 2671 786 perire
2693 727 2778 766 me
2799 708 2964 766 video
3010 706 3169 779 cujus
3196 704 3365 763 etiam
3406 715 3535 775 spes

1933 812 2063 869 vita:
2094 825 2229 867 mete
2266 809 2417 865 velut
2445 808 2609 864 arbor
2638 805 2820 861 ablata
2851 811 2960 860 est.

2006 903 2187 961 Iratus
2220 911 2295 960 est
2329 910 2512 958 contra
2553 916 2631 954 me
2661 901 2811 972 furor
2838 900 2953 971 ejus
2977 936 2992 961 ,
3039 903 3089 950 et
3128 894 3205 949 sic
3235 907 3314 947 me
3352 889 3536 946 habuit

1934 1000 2080 1073 quasi
2109 998 2307 1055 hostem
2338 1011 2511 1052 suum.
2536 993 2717 1051 Furor
2737 990 2832 1047 Dei
2859 988 2965 1045 hoc
2989 988 3115 1044 loco
3136 991 3323 1058 potest
3345 982 3539 1040 diabo-

1935 1096 2024 1153 lus
2046 1096 2164 1167 ipse
2204 1091 2460 1164 intelligi,
2490 1090 2580 1163 qui
2603 1088 2821 1144 beatum
2848 1084 2952 1141 Job
2973 1080 3215 1139 diversis
3245 1077 3445 1145 modis,
3479 1075 3537 1133 id

1937 1197 2043 1257 est,
2074 1185 2465 1258 blasphemiis,
2496 1191 2552 1238 et
2578 1179 2762 1237 carnis
2792 1181 2909 1249 ejus
2933 1174 3268 1234 cruciatibus
3298 1172 3536 1228 insecta-

1938 1285 2121 1341 batur.

2012 1376 2187 1436 Simul
2209 1382 2452 1431 venerunt
2480 1371 2710 1427 latrones
2736 1373 2850 1445 ejus
2877 1410 2891 1437 ,
2927 1376 2974 1423 et
3001 1370 3233 1439 fecerunt
3262 1361 3363 1417 sibi
3390 1360 3529 1416 uiam

1939 1491 2031 1549 per
2053 1490 2155 1529 me.
2185 1469 2361 1528 Furor
2392 1467 2513 1535 Dei,
2539 1465 2795 1523 diabolus
2818 1471 2947 1530 est;
3003 1461 3246 1516 latrones
3275 1469 3407 1513 vero
3435 1453 3542 1510 mi-

1940 1544 2103 1626 nistri
2134 1565 2254 1637 ejus
2277 1571 2441 1619 sunt:
2496 1563 2599 1617 hoc
2638 1567 2720 1616 est
2746 1554 2890 1629 quod
2915 1554 3029 1620 ait,
3059 1561 3115 1609 et
3154 1550 3402 1607 fecerunt
3427 1544 3535 1602 sibi

1940 1663 2084 1719 viam
2112 1675 2209 1732 per
2231 1673 2355 1715 me:
2386 1655 2603 1728 quando
2624 1666 2747 1709 eum
2776 1694 2791 1719 ,
2824 1647 2909 1703 vel
2936 1642 3289 1700 facultatibus
3316 1637 3531 1708 mundi,

1942 1755 2028 1812 vel
2069 1754 2305 1811 sanitate
2356 1747 2607 1821 corporis
2655 1742 3051 1817 spoliaverunt.
3112 1735 3271 1795 Unde
3309 1734 3537 1808 pulchre

1862 1839 1914 1903 Β
1939 1847 2143 1905 dictum
2173 1854 2291 1903 est:

2013 1942 2083 1997 Et
2109 1939 2415 1997 obsederunt
2434 1939 2488 1993 in
2515 1950 2642 2011 gyro
2667 1928 3056 1989 tabernaculum
3086 1941 3274 1983 meum.
3308 1922 3522 1979 Fratres

1940 2054 2079 2094 meos
2106 2035 2259 2107 longe
2285 2034 2405 2106 fecit
2425 2051 2456 2087 a
2487 2047 2588 2098 me,
2610 2039 2658 2085 et
2688 2028 2800 2083 noti
2827 2026 2927 2081 mei
2954 2023 3103 2096 quasi
3116 2020 3277 2077 alieni
3311 2034 3537 2074 recesse-

1940 2138 2063 2186 runt
2083 2145 2116 2183 a
2141 2143 2237 2182 me.
2281 2123 2683 2197 Dereliquerunt
2705 2137 2785 2175 me
2812 2116 3091 2190 propinqui
3109 2115 3235 2178 mei,
3265 2123 3312 2169 et
3334 2111 3429 2185 qui
3456 2124 3535 2168 me

1944 2231 2188 2280 noverant
2215 2221 2362 2276 obliti
2390 2228 2509 2273 sunt
2530 2217 2653 2273 mei.
2686 2212 2945 2285 Inquilini
2972 2212 3158 2266 domus
3182 2224 3330 2274 mete,
3358 2216 3405 2262 et
3446 2222 3545 2261 au-

1942 2315 2082 2372 eilla:
2108 2329 2236 2369 mea:
2261 2313 2397 2369 sicut
2424 2311 2652 2365 alienum
2679 2306 2974 2362 habuerunt
3003 2320 3108 2371 me,
3138 2313 3188 2357 et
3222 2302 3375 2375 quasi
3402 2316 3551 2375 pere-

1942 2411 2124 2483 grinus
2150 2408 2229 2481 {ui
2263 2408 2317 2461 in
2348 2403 2517 2460 oculis
2555 2418 2761 2458 eorum.
2795 2399 3014 2456 Servum
3040 2413 3211 2452 meum
3235 2394 3412 2451 uocaui
3429 2436 3446 2462 ,
3496 2399 3547 2449 et

1944 2522 2048 2561 non
2068 2501 2371 2573 respondit:
2402 2516 2489 2555 ore
2527 2496 2740 2571 preprio
2767 2492 3083 2568 deprecabar
3122 2491 3295 2546 illum.
3343 2487 3401 2543 Id
3431 2496 3539 2558 est,

1945 2598 2077 2656 foris
2100 2593 2339 2653 insidiati
2369 2601 2515 2649 sunt.
2543 2591 2672 2647 Sive
2692 2584 3183 2646 circumdederunt
3214 2581 3270 2637 in
3300 2595 3436 2655 gyro
3464 2588 3546 2635 ta-

1945 2690 2299 2750 bernaculum
2327 2688 2484 2758 ejus:
2513 2684 2619 2741 hoc
2644 2692 2750 2748 est,
2777 2684 2833 2738 in
2860 2695 3097 2752 corpore
3120 2680 3241 2749 ejus
3266 2684 3542 2732 tormenta

1947 2792 2267 2860 posuerunt.
2303 2783 2553 2841 Animam
2579 2793 2711 2837 vero
2735 2776 2999 2836 inclinare
3022 2774 3091 2831 ad
3120 2782 3407 2847 peccatum
3434 2785 3543 2827 non

1945 2891 2263 2956 potuerunt.

2020 2975 2266 3033 Halitum
2283 2991 2450 3031 meum
2476 2971 2742 3030 exhorruit
2773 2983 2908 3026 uxor
2930 2984 3062 3023 mea.
3077 2966 3156 3023 lta
3172 2973 3320 3021 totus
3340 2961 3549 3020 intrin-

1947 3089 2111 3133 secus
2154 3070 2365 3145 potroi,
2398 3070 2601 3142 inquit,
2657 3076 2716 3123 ot
2761 3066 2966 3122 halitus
2999 3064 3229 3120 fetorem
3263 3074 3363 3116 nec
3407 3071 3549 3114 uxor

1949 3184 2069 3226 mea
2096 3167 2376 3225 sustinere
2405 3163 2642 3236 potuerit
2675 3182 2687 3219 :
2717 3161 2805 3217 ubi
2834 3158 3010 3232 potuit
3039 3155 3188 3222 ﬁeri,
3243 3152 3390 3225 quod
3418 3167 3552 3222 apo-

246 3262 450 3320 Putatis
489 3276 608 3328 me,
643 3256 841 3328 inquit,
869 3254 1127 3325 ignorare
1152 3249 1347 3313 Deum,
1391 3244 1532 3298 sicut
1560 3248 1615 3295 et
1635 3237 1841 3294 dicitis.

1960 3274 2127 3321 stema
2153 3261 2404 3318 habuerit
2443 3261 2498 3315 in
2531 3255 2868 3323 visceribus,
2922 3251 3064 3323 quod
3116 3260 3290 3306 totum
3339 3245 3549 3302 ventris

241 3354 508 3426 Numquid
538 3349 749 3407 amicos
771 3347 928 3404 decet
945 3342 1213 3401 insultare
1242 3336 1550 3409 oppressis,
1580 3348 1611 3388 a
1642 3330 1843 3403 quibus

245 3450 414 3521 magis
436 3445 776 3505 tribulantes
803 3439 996 3497 solatia
1029 3431 1459 3509 praestolamur?
1491 3430 1607 3485 Non
1639 3425 1845 3483 esthoc

241 3556 375 3615 Opus
414 3540 729 3598 amicorum
761 3533 1036 3600 ﬁdelium,
1065 3528 1166 3587 sed
1195 3533 1284 3584 est
1309 3524 1494 3596 potius
1534 3521 1844 3578 subsanna-

242 3635 316 3695 tio
345 3633 730 3694 irridentium.

307 3729 515 3786 Saltem
549 3740 689 3781 nunc
714 3722 990 3793 intelliglte
1008 3734 1028 3775 :
1048 3718 1170 3789 quia
1191 3715 1332 3771 Deus
1357 3728 1462 3769 non
1484 3725 1633 3784 (equo
1652 3706 1846 3775 judicio

240 3824 491 3898 tif/fixerit
507 3837 618 3889 me,
634 3829 684 3875 et
704 3817 929 3892 ﬂagellis
945 3815 1053 3871 suis
1073 3830 1154 3869 me
1174 3810 1417 3867 cinxerit.
1434 3806 1568 3861 Ecce
1587 3801 1845 3869 clamabo,

240 3919 338 3974 vim
364 3920 616 3989 patiens,
647 3923 696 3969 et
723 3928 873 3967 nemo
896 3909 1094 3965 audiet.
1148 3902 1518 3977 Vociferabor,
1561 3907 1609 3955 et
1649 3914 1753 3952 non
1775 3905 1848 3950 est

239 4010 577 4084 quijadicet.
604 4006 705 4062 Ille
725 4003 943 4061 dicebat
971 4015 1031 4057 se
1061 4000 1246 4069 inique
1268 3996 1539 4052 sustinere
1570 3989 1848 4047 molestias

240 4111 691 4161 tormentorum:
720 4097 801 4154 illi
822 4110 955 4153 vero
977 4103 1173 4165 utpote
1186 4092 1432 4162 iniquum
1463 4088 1574 4159 pati
1606 4098 1708 4141 suo
1728 4098 1850 4139 me-

241 4197 346 4254 rito
372 4193 772 4268 loquebantur.
824 4189 895 4245 Et
924 4195 1116 4260 potant
1163 4184 1313 4257 quod
1357 4183 1411 4238 in
1459 4180 1564 4236 hoc
1613 4175 1850 4233 articulo

241 4288 398 4345 istius
423 4266 637 4344 sensus
663 4283 962 4346 erraverit,
987 4289 1044 4335 et
1076 4279 1198 4333 ideo
1225 4272 1574 4347 postmodum
1603 4269 1754 4325 dicat
1781 4266 1849 4323 ad

242 4377 458 4437 Deum:
502 4375 839 4448 lnsipienter
897 4374 1116 4429 locutos
1159 4383 1314 4438 sum,
1346 4375 1404 4425 et
1429 4381 1550 4437 quas
1572 4363 1711 4419 ultra
1735 4376 1855 4417 mo-

240 4473 370 4531 dum
396 4470 744 4532 exeederent
772 4466 1064 4525 scientiam
1092 4479 1291 4521 meam.

312 4566 578 4624 Semitam
587 4579 752 4618 meam
773 4559 1151 4632 circamsepsit,
1183 4567 1228 4611 et
1246 4556 1468 4611 transire
1490 4568 1593 4607 non
1617 4566 1847 4624 possum.

1948 3357 2066 3431 ejus
2098 3358 2277 3413 sinum
2311 3352 2584 3417 tenuerit,
2629 3359 2685 3404 et
2709 3346 2838 3404 inde
2869 3342 3144 3416 loquendo
3171 3340 3401 3395 odorem
3432 3335 3551 3392 feti-

1947 3454 2076 3511 dum
2100 3451 2171 3508 de
2194 3448 2502 3521 purulentia
2530 3440 2782 3516 profundi
2815 3439 3062 3495 vulneris
3091 3434 3360 3506 expuerit.

2021 3548 2094 3601 Et
2114 3544 2324 3600 orabam
2337 3538 2615 3613 ﬁliosuteri
2635 3539 2754 3591 mei.
2783 3533 2943 3590 Stulti
2969 3545 3170 3603 quoque
3194 3524 3547 3600 despiciebant

1949 3654 2049 3694 me.
2072 3637 2129 3694 In
2143 3632 2437 3706 Scripturis
2465 3630 2685 3696 divinis,
2722 3625 2819 3682 ﬁlii
2840 3623 3195 3695 appellantur
3208 3621 3375 3677 etiam
3402 3632 3536 3687 pro-

1951 3741 2200 3804 nepotes,
2227 3728 2382 3785 etilli
2412 3725 2504 3797 qui
2536 3722 2781 3794 longiore
2804 3718 2954 3775 serie
2982 3716 3096 3773 nati
3128 3723 3275 3769 sunt.
3311 3708 3551 3767 Proinde

1950 3823 2169 3899 quando
2195 3823 2336 3879 filios
2359 3819 2497 3876 uteri
2530 3818 2613 3873 sui
2641 3814 2799 3882 dixit,
2856 3812 2912 3867 in
2946 3827 3005 3866 se
3029 3807 3184 3880 quasi
3217 3806 3284 3861 ad
3313 3804 3549 3869 fontem,

1950 3895 2007 3976 et
2022 3917 2088 3972 ad
2105 3916 2376 3987 originem
2398 3908 2872 3990 postetjtatissuce
2899 3899 3141 3973 respexit
3168 3916 3179 3951 :
3210 3896 3356 3953 unde
3388 3895 3438 3951 ei
3460 3910 3553 3949 co-

1951 4012 2266 4086 gnationum
2286 4008 2507 4064 familia:
2523 3989 2689 4060 veluti
2708 4000 2871 4056 rivuli
2897 4001 3276 4052 manaverunt.
3295 3989 3477 4045 Putuit
3497 3996 3555 4044 et

1952 4082 2077 4163 illos
2099 4103 2240 4160 uteri
2272 4102 2355 4157 sui
2386 4099 2529 4155 filios
2571 4097 2756 4152 dicere
2776 4137 2791 4163 ,
2819 4107 2955 4164 quos
2987 4086 3236 4144 doctrina
3262 4082 3553 4154 sapientiae

1953 4214 2093 4271 sum,
2122 4208 2399 4268 tamquam
2423 4194 2635 4251 semine
2667 4191 2734 4246 de
2765 4197 2922 4243 utero
2943 4181 3126 4241 cordis
3150 4181 3234 4235 sui
3283 4179 3553 4234 formave-

1955 4303 2041 4352 rat
2065 4337 2079 4360 ,
2137 4292 2347 4347 habens
2377 4289 2435 4346 in
2463 4302 2523 4344 se
2555 4302 2651 4356 per
2680 4282 2908 4356 gratiam
2939 4278 3035 4335 Dei
3067 4278 3298 4332 formam
3338 4272 3551 4346 gratiae,

1953 4398 2011 4448 et
2040 4386 2385 4455 disciplinam
2413 4381 2678 4438 naturalis
2707 4377 2845 4449 legis
2875 4377 2930 4431 in
2963 4373 3217 4430 veritate.

2026 4478 2096 4534 Et
2124 4495 2243 4535 cum
2273 4477 2336 4532 ab
2357 4477 2429 4533 eis
2458 4475 2801 4535 recessissem,
2836 4467 3173 4524 detrahebant
3205 4462 3351 4519 mihi.
3406 4459 3550 4516 Abo-

1955 4573 2139 4628 minati
2156 4581 2273 4627 sunt
2286 4568 2637 4642 mequondam
2653 4563 2939 4620 consiliarii
2956 4561 3076 4626 mei,
3092 4566 3141 4613 et
3159 4572 3313 4630 quem
3327 4556 3553 4610 maxime

242 4662 357 4733 Qua
406 4672 609 4719 rem”
657 4656 848 4726 "mue
872 4663 1035 4726 atque
1063 4651 1309 4709 illum“
1362 4646 1753 4721 proﬁciscebar
1782 4643 1848 4699 ad
1878 4643 1932 4707 D
1955 4667 2260 4742 diligebam,
2309 4673 2572 4720 aversatus
2590 4669 2665 4717 est
2696 4676 2794 4716 me.
2847 4658 2959 4714 Hoc
2987 4655 3131 4712 forte
3151 4654 3274 4709 vult
3301 4650 3555 4722 intelligi,

246 4756 485 4829 gloriam
513 4752 838 4810 meritorum
855 4764 1127 4805 meorum.
1150 4745 1302 4801 Hanc
1320 4741 1849 4815 igiturignominiam

242 4847 530 4920 passionis
557 4844 721 4916 hujus
747 4840 1131 4911 circumsepsit
1155 4849 1318 4911 atque
1345 4834 1681 4902 interclusit,
1703 4845 1761 4890 ut
1787 4834 1854 4889 ad

243 4941 395 4998 illam
425 4938 671 5011 gloriam
701 4936 993 5008 pervenire
1023 4949 1131 4989 non
1158 4932 1387 5004 possim.

311 5036 385 5092 Et
412 5037 473 5091 in
504 5030 644 5090 calle
669 5047 782 5087 meo
807 5027 1045 5086 tenebras
1086 5030 1261 5102 posui.
1297 5026 1351 5083 Id
1374 5033 1482 5093 est,
1516 5024 1570 5080 in
1601 5025 1849 5081 tramite:

244 5130 349 5187 hoc
372 5139 486 5195 est,
518 5126 806 5198 castigata:
826 5125 932 5181 via:
953 5137 1112 5192 mete,
1135 5137 1241 5193 qua
1270 5120 1420 5177 velut
1441 5136 1537 5189 per
1562 5129 1770 5176 arctum
1800 5127 1855 5175 et

242 5233 551 5294 angustum
578 5230 735 5276 certa
761 5231 858 5288 spe
887 5216 955 5271 ad
978 5215 1189 5287 justum
1230 5214 1623 5271 retributorem
1656 5227 1855 5285 perge-

243 5316 370 5373 bam
401 5359 421 5384 ,
478 5314 741 5372 tenebras
764 5312 823 5370 in
846 5325 916 5368 eo
936 5311 1175 5368 miseria:
1204 5309 1389 5381 hujus,
1439 5318 1494 5366 et
1523 5308 1855 5365 calamitatis

241 5412 460 5470 inveni.

319 5506 596 5578 Spoliavit
622 5518 704 5559 me
731 5501 901 5578 gloria
928 5516 1063 5568 mea,
1103 5508 1152 5556 et
1174 5499 1386 5555 abstulit
1413 5514 1664 5554 coronam
1685 5498 1749 5553 de
1770 5514 1860 5552 ca-

244 5602 353 5674 pite
379 5615 533 5654 meo.
567 5594 759 5653 Gloria
790 5609 877 5651 me
905 5593 1058 5664 regni
1087 5591 1355 5663 privavit:
1391 5590 1515 5647 ﬁdei
1544 5605 1761 5663 quoque
1791 5590 1854 5646 fi-

253 5692 485 5750 duciam
538 5688 805 5745 abstulit:
856 5700 1019 5758 quam
1047 5685 1118 5743 de
1145 5685 1266 5757 ipso
1291 5685 1445 5756 apice
1471 5684 1669 5739 mentis
1700 5698 1857 5752 meae,

247 5788 345 5859 qui
369 5794 461 5844 est
483 5796 700 5842 natura:
722 5783 1013 5842 rationalis
1033 5792 1219 5856 caput,
1250 5782 1401 5839 velut
1430 5779 1663 5838 honoris
1695 5793 1862 5837 coro-

251 5888 382 5939 nam
411 5876 680 5938 detraxit.
855 5873 863 5879 “
914 5873 934 5881 ”
987 5872 1014 5880 ”
1418 5874 1428 5879 ’

1955 4776 2016 4818 se
2045 4761 2098 4815 in
2130 4774 2321 4815 eorum
2354 4756 2689 4812 oblivionem
2715 4754 2931 4808 venisse
2956 4791 2972 4818 ,
3028 4762 3077 4806 et
3104 4747 3172 4805 ab
3203 4761 3392 4804 eorum
3423 4743 3556 4802 ειπε-

1955 4852 2140 4910 ctibus
2166 4862 2220 4907 et
2249 4849 2511 4907 cordibus
2535 4848 2849 4904 recessisse.

2030 4944 2172 5000 Pelli
2206 4961 2332 5000 mea:
2348 4988 2363 5012 ,
2392 4942 2712 5014 consumptis
2734 4937 2975 4994 carnibus
2997 4979 3011 5003 ,
3035 4935 3256 4992 adhtesit
3281 4949 3338 4988 os
3365 4948 3556 4987 meum.

1959 5038 2041 5097 Ad
2069 5046 2270 5093 tantam
2304 5034 2614 5091 ariditatem
2639 5047 2769 5088 caro
2795 5032 2914 5103 ejus
2947 5029 3289 5091 devenerat,
3323 5033 3383 5080 ut
3426 5022 3561 5077 nihil

1962 5133 2017 5189 in
2036 5148 2103 5187 eo
2129 5131 2378 5187 humoris
2406 5129 2754 5195 remanserit,
2782 5138 2836 5183 et
2862 5127 2931 5181 ob
2954 5119 3399 5192 bocagglutiuata
3426 5130 3563 5188 quo-

1963 5224 2260 5281 dammodo
2286 5222 2449 5279 fuerit
2472 5223 2637 5294 pellis
2663 5220 2786 5292 ejus
2812 5219 3031 5275 ossibus
3052 5215 3168 5271 suis
3195 5229 3208 5266 :
3242 5211 3385 5266 hanc
3409 5208 3562 5265 infir-

1964 5319 2209 5377 mitatem
2244 5332 2556 5373 marasmon
2583 5313 2773 5370 dicunt
2802 5309 3019 5367 medici.

2039 5410 2108 5466 Et
2122 5410 2371 5466 derelicta
2383 5420 2501 5465 sunt
2519 5404 2881 5463 tantummodo
2895 5402 3031 5456 labia
3048 5400 3190 5454 circa
3205 5398 3302 5452 den
3312 5407 3384 5452 tes
3405 5412 3562 5451 meos.

1968 5504 2049 5561 Ad
2079 5505 2183 5560 hoc
2233 5502 2378 5559 enim
2413 5501 2687 5566 diabolus,
2718 5494 3065 5563 consumptis
3094 5490 3358 5547 carnibus
3387 5488 3564 5546 sancti

1968 5597 2096 5664 Job,
2123 5595 2262 5652 labia
2291 5595 2411 5664 ejus
2430 5594 2641 5665 integra
2670 5586 2984 5659 dereliquit,
3015 5594 3072 5642 ut
3105 5584 3333 5640 haberet
3353 5582 3564 5655 positus

1969 5691 2027 5748 in
2077 5687 2404 5757 tormentis,
2455 5685 2654 5758 quibus
2681 5690 2868 5755 posset
2915 5679 3079 5736 facile
3136 5675 3564 5746 blasphemare:

1970 5782 2128 5855 quasi
2160 5781 2344 5838 cordis
2370 5776 2708 5851 blasphemia
2737 5790 2844 5832 non
2888 5774 2994 5830 sit:
3029 5788 3128 5845 pro
3154 5786 3258 5842 qua
3311 5772 3431 5842 ipse
3464 5768 3569 5855 Job

1973 5852 2118 5933 sicut
2144 5890 2244 5947 pro
2287 5873 2499 5930 caeteris
2537 5869 2781 5943 peccatis
2825 5868 3142 5927 holocausta
3172 5865 3287 5925 Deo
3312 5880 3410 5938 pro
3440 5852 3570 5922 ﬁliis
