3948 6334
353 257 464 323 667

1147 257 1493 325 APPENDIX
1533 262 1624 323 At)
1665 260 1909 329 τοωωι
1947 263 2303 331 ὃΕΡΊΊΜυΜ
2343 264 2402 324 S.
2448 264 2857 333 HIERONYMI.

3542 269 3655 333 ,ϐω

359 372 476 426 suis
496 371 586 433 die
608 373 842 442 septimo
866 372 1152 441 eliciebat,
1172 372 1281 437 Sed
1305 374 1692 441 ideodiaholus
1716 377 1956 451 linguam
1986 390 2036 462 Α
2137 379 2204 439 Et
2235 382 2412 445 scitote
2437 400 2543 445 esse
2572 384 2860 458 judicium.
2899 383 3023 453 Qua
3061 383 3270 453 judicio
3294 383 3433 460 justi
3459 384 3656 459 iudicis

364 462 708 532 reservavit,
747 472 806 531 ut
834 465 1143 539 intelligere
1170 477 1388 537 posset,
1430 466 1474 527 si
1503 466 1626 545 Job,
1681 467 1752 533 ab
1782 468 1965 535 cordis

2094 473 2163 531 lei
2188 485 2387 545 putere
2407 473 2478 533 de
2499 476 2995 541 subeauuatoribus
3020 475 3279 547 indicari.

363 557 799 628 simplicitatem,
846 558 1234 631 blasphemiam
1266 559 1532 633 proferret
1566 563 1619 621 in
1652 563 1831 626 labiis.

441 650 762 713 Miseremini
790 653 889 711 mei
913 694 925 717 ,
965 654 1276 713 miseremini
1311 655 1433 717 mei,
1478 654 1664 715 saltem
1694 672 1782 715 vas
1806 656 1965 719 amici

356 728 466 798 mei
484 760 502 797 :
530 745 649 814 quia
672 760 857 798 ntanus
890 743 1100 801 Domini
1130 746 1295 823 tetigit
1326 763 1424 803 me.
1460 746 1676 813 Manum
1697 762 1834 823 ergo
1860 748 1966 807 Do-

366 837 500 901 mini
530 837 826 915 αριιοιιεινὶι
851 839 1021 905 ipsum
1055 839 1263 909 [tlagam
1284 856 1444 910 quam
1475 840 1807 915 patiebatur,
1840 858 1962 919 quae

354 931 502 1003 facta
526 940 613 1001 est
644 932 853 989 Domini
886 942 1180 1007 pillei-late.
1223 935 1458 1007 Tetigit,
1502 951 1602 1011 pro
1632 935 1850 1011 amisit,
1882 935 1965 1003 in-

362 1025 722 1098 telligendum
749 1035 852 1091 ρει.

2660 606 2889 665 CAPUT
2927 607 3051 664 XX.

2136 742 2474 816 Respondeas
2495 751 2667 797 autem
2690 742 2900 816 Saphar
2932 742 3325 811 Naamathites,
3352 745 3488 801 dixit
3514 762 3533 805 :
3563 745 3661 809 Id-

2066 836 2202 899 circo
2228 836 2565 909 cogitationes,
2588 852 2715 897 mea:
2732 836 2888 909 varice
2910 836 3194 907 succedunt
3221 838 3343 909 sibi,
3366 848 3412 905 et
3442 856 3586 903 mens
3606 841 3659 896 in

2067 928 2270 997 diversa
2301 931 2521 1001 rapitur.
2578 928 2728 999 Ideo,
2774 930 2972 998 inquit,
3023 936 3215 999 testae,
3246 940 3301 983 et
3326 929 3663 1008 cogitatione

2064 1023 2398 1083 conturbor:
2426 1025 2550 1093 quia
2578 1023 2716 1083 dicis
2750 1032 2802 1082 te
2830 1023 2946 1079 lucc
2974 1023 3114 1093 mala
3147 1022 3267 1094 sine
3297 1040 3460 1091 causa
3489 1041 3518 1080 a
3550 1027 3661 1089 Deo

358 1180 365 1189 ,
438 1118 611 1195 Quare
628 1118 992 1189 persequintini
1033 1136 1114 1181 me
1143 1119 1275 1174 sicut
1297 1117 1462 1188 Deus,
1485 1129 1535 1177 et
1556 1120 1800 1187 carnibus
1841 1122 1963 1191 meis
2059 1116 2241 1188 judice
2270 1116 2566 1195 sustinere,
2600 1132 2721 1181 cum
2752 1116 2821 1185 de
2851 1119 2961 1177 Deo
2989 1116 3127 1172 nihil
3152 1116 3435 1183 sinistrum
3465 1117 3666 1183 debeat

373 1212 728 1266 saturamini?
765 1212 915 1267 Fecit
948 1214 1092 1266 Deus
1121 1214 1263 1267 circa
1291 1229 1375 1267 me
1403 1213 1454 1268 in
1484 1213 1709 1283 judicio,
1739 1215 1825 1273 cui
1861 1214 1961 1271 soli

367 1306 496 1371 licet
520 1306 703 1365 omnia
725 1308 778 1360 in
804 1321 970 1379 opere
999 1322 1098 1360 suo
1124 1324 1137 1361 :
1168 1322 1263 1369 vos
1288 1322 1455 1377 quare
1476 1307 1802 1381 praesumitis
1822 1308 1966 1365 sicut

368 1401 542 1470 Deus,
585 1411 642 1455 ιιι
669 1400 923 1473 adligatis
954 1400 1275 1463 innoxium:
1328 1400 1471 1477 quod
1500 1399 1602 1470 ipsi
1629 1409 1835 1467 iaptum
1866 1415 1963 1471 pro

366 1494 779 1567 dispensatione
809 1509 905 1551 sua
930 1494 1213 1569 competit,
1258 1507 1347 1551 aut
1374 1496 1525 1565 quasi
1552 1494 1963 1573 dispensatione

365 1597 548 1649 vestra
573 1589 815 1665 indigeat
843 1589 1027 1645 Deus?

439 1684 568 1753 Qui:
592 1683 719 1745 mihi
736 1683 950 1757 tribuat,
982 1690 1034 1745 ut
1064 1684 1363 1741 scribantur
1384 1698 1646 1749 sermones
1667 1682 1804 1739 mei?
1828 1681 1959 1751 Quis

2064 1225 2355 1287 Suspicatu-

2138 1301 2439 1359 Doctrinam
2464 1322 2565 1377 qua
2587 1321 2664 1365 me
2691 1305 2867 1375 arguis
2888 1305 3124 1374 audiam,
3151 1314 3197 1361 et
3223 1307 3448 1376 spiritus
3474 1305 3667 1375 intelli-

2064 1400 2249 1468 gentia:
2274 1412 2401 1451 mea:
2426 1396 2751 1472 respondebit
2804 1395 2953 1451 mihi.
2986 1395 3220 1463 Audiam
3254 1396 3475 1467 quidem
3508 1407 3561 1453 te
3590 1398 3668 1459 in-_-

2064 1498 2381 1562 crepantem
2416 1504 2478 1545 ac
2513 1490 2932 1560 redarguentetu
2960 1505 3047 1543 me
3078 1508 3091 1544 :
3142 1490 3272 1565 quia
3300 1488 3445 1546 forte
3478 1489 3534 1545 in
3569 1490 3669 1545 do-

2064 1583 2276 1650 loribus
2334 1576 2575 1656 positum~
2619 1584 2915 1669 obiurgare
2962 1600 3067 1640 non
3100 1584 3377 1639 debeam:
3414 1585 3547 1640 mihi
3602 1585 3668 1655 de

2071 1679 2186 1734 Deo
2212 1719 2228 1745 ,
2282 1677 2428 1749 quod
2461 1686 2545 1732 est
2587 1677 2963 1749 iustissimum
3006 1678 3342 1746 respondere
3379 1680 3667 1735 convenit:

365 1765 496 1831 mihi
524 1777 608 1831 det
632 1819 647 1842 ,
673 1788 729 1830 ut
756 1785 1029 1831 emerentur
1049 1779 1101 1829 in
1130 1775 1262 1829 libro
1281 1776 1417 1847 style
1449 1776 1640 1845 ferreo,
1690 1785 1735 1839 et
1761 1772 1964 1855 plumbi
1996 1798 2039 1860 η
2068 1773 2192 1842 quia
2224 1788 2332 1827 non
2360 1787 2551 1842 posses
2574 1772 2643 1827 ab
2668 1787 2734 1825 eo
2765 1772 2837 1826 ita
2871 1771 3075 1842 puniri,
3096 1771 3198 1825 nisi
3216 1786 3372 1826 esses
3399 1771 3669 1827 malorum

366 1868 586 1939 lamina,
635 1871 713 1929 rel
764 1871 893 1937 cette
936 1870 1252 1941 sculpantur
1304 1872 1357 1937 in
1384 1870 1530 1934 silice
1558 1872 1581 1931 ξ)
1610 1868 1880 1945 Quoniam
1933 1884 1962 1924 a

366 1961 517 2017 nullo
550 1961 774 2027 homine
809 1962 985 2037 potuit
1013 1962 1258 2019 invenire
1288 1962 1579 2031 solatium,
1608 1965 1883 2023 convertit
1907 1978 1967 2021 se

368 2056 436 2121 ad
469 2057 645 2119 Deum
677 2099 692 2123 ,
746 2067 797 2127 et
828 2057 1287 2125 resurrectionem
1313 2054 1549 2121 futuram
1587 2057 1878 2135 prophetat
1909 2058 1962 2127 in

370 2148 593 2219 Spiritu,
629 2148 721 2213 ubi
769 2163 869 2222 pro
898 2149 980 2215 his
1012 2150 1167 2211 tuatis
1211 2150 1493 2221 pra‘tnium
1522 2152 1594 2207 sit
1621 2161 1965 2231 recepturuS,

369 2251 423 2297 et
452 2241 571 2296 haec
594 2240 746 2301 duris
795 2240 1067 2314 insculpta
1101 2242 1373 2315 lapidibus
1422 2250 1573 2316 optat
1615 2245 1837 2313 inscribi
1863 2289 1876 2313 .
1911 2253 1969 2319 ut

362 2349 645 2395 sermones
679 2336 981 2407 prephetize
1012 2336 1063 2399 in
1095 2345 1285 2403 aetates
1316 2338 1647 2405 saeculorum
1693 2339 1963 2411 prolixio-

365 2440 454 2483 res
480 2436 868 2500 permaneant.

431 2518 555 2575 Scio
581 2521 718 2583 enim
742 2521 881 2603 quod
906 2520 1200 2594 redernptor
1212 2540 1357 2580 meus
1378 2524 1515 2595 vivit,
1537 2533 1583 2579 et
1602 2526 1655 2585 in
1689 2527 1967 2593 novissimo

363 2614 449 2679 die
477 2615 541 2670 de
570 2627 705 2671 terra
745 2626 1073 2671 surrecturus
1103 2636 1243 2677 sum.
1281 2618 1349 2674 Et
1376 2636 1583 2677 rursum
1605 2620 1969 2687 circumdabat

361 2708 496 2782 pelle
520 2727 633 2765 mea
655 2750 671 2778 ,
730 2720 777 2766 et
819 2711 873 2767 in
896 2727 1053 2765 carne
1078 2727 1191 2769 mea
1216 2712 1395 2773 videbo
1424 2711 1611 2773 Deum.
1661 2714 1771 2785 Hoc
1803 2716 1968 2791 igitur

368 2803 560 2875 clypeo
591 2802 838 2859 Ecclesia
865 2846 879 2870 ,
932 2820 1056 2875 qum
1085 2804 1521 2861 lucarnationem
1558 2805 1835 2881 Unigeuiti
1872 2806 1970 2879 Dei

371 2911 556 2953 veram
591 2898 905 2969 confitetur,
932 2906 987 2951 et
1014 2898 1480 2967 resurrectionem
1511 2909 1850 2969 mortuorum
1883 2916 1969 2958 ve-

371 2989 591 3046 rissime
642 2990 814 3045 credit
848 2990 1116 3060 futuram,
1152 3006 1210 3049 se
1242 2992 1455 3063 munit,
1501 3002 1557 3047 et
1601 2994 1857 3073 protegit,
1914 3002 1969 3057 et

366 3083 621 3140 inimicos
647 3097 776 3138 suos
799 3084 1100 3154 convincit,
1131 3093 1301 3156 atque
1323 3083 1577 3139 debellat.
1611 3084 1712 3155 Ubi
1738 3095 1865 3142 sunt
1886 3085 1968 3143 illi

2066 1864 2343 1932 conscius,
2384 1871 2439 1921 et
2464 1864 2766 1927 multorum
2797 1863 3088 1931 criminum
3124 1878 3278 1927 reus.

2142 1956 2261 2023 Hoc
2281 1958 2388 2019 scio
2417 1974 2450 2011 α
2474 1956 2758 2029 principia,
2784 1973 2849 2013 ex
2866 1974 2970 2029 quo
2988 1959 3192 2030 positus
3222 1966 3295 2019 est
3335 1956 3491 2021 hama
3516 1974 3672 2031 super

2070 2060 2300 2110 terram:
2356 2051 2495 2121 quod
2533 2050 2649 2111 laus
2678 2052 2957 2125 impiarum
3008 2051 3170 2111 brevis
3191 2052 3287 2125 sit,
3321 2062 3364 2107 et
3418 2052 3671 2124 gaudium

2069 2143 2356 2215 hypocri‘w
2381 2144 2449 2209 ad
2476 2144 2640 2205 instar
2670 2145 2868 2216 puncti.
2920 2143 3037 2203 Jam
3073 2158 3219 2203 nunc
3247 2144 3414 2217 cmpit
3447 2146 3502 2205 in
3529 2158 3671 2203 San-

2068 2249 2213 2303 ctum
2239 2238 2343 2301 Job
2372 2238 2686 2301 maledictis
2713 2238 2896 2301 invehi
2927 2258 2939 2295 :
2964 2255 3123 2313 quem
3147 2249 3203 2297 et
3225 2238 3455 2310 impium
3481 2250 3675 2310 aperte

2069 2337 2301 2408 asserit,
2351 2347 2404 2395 et
2457 2336 2826 2409 hypocritam,
2857 2351 2926 2392 eo
2951 2335 3096 2413 quod
3128 2335 3476 2400 simulaverit
3504 2350 3569 2390 se
3584 2335 3673 2408 ju-

2068 2440 2234 2497 stum,
2264 2439 2317 2493 et
2348 2444 2491 2493 nunc
2519 2431 2570 2491 in
2589 2429 2761 2489 Deum
2788 2428 3017 2491 rebellis
3044 2428 3341 2491 exstiterit.

2140 2523 2205 2581 Si
2222 2524 2510 2585 ascenderit
2538 2538 2700 2594 usque
2721 2523 2787 2581 ad
2813 2521 2998 2585 caelum
3014 2523 3261 2596 superbia
3282 2524 3421 2597 ejus,
3452 2530 3502 2585 et
3516 2529 3676 2591 tam

2070 2615 2183 2688 siut
2210 2614 2366 2679 nubes
2416 2616 2661 2687 tetigerit.
2713 2613 3005 2679 Manifesta
3055 2623 3112 2679 et
3160 2624 3309 2673 certa
3342 2613 3676 2689 hyperbole,

2071 2708 2351 2773 hominem
2378 2711 2581 2775 elatum
2614 2709 2798 2777 nimis,
2836 2717 2891 2767 et
2917 2709 3183 2773 tumidum
3212 2708 3370 2777 dicit.

2146 2802 2310 2871 Quasi
2336 2801 2713 2879 sterquiliniunt
2734 2802 2788 2855 in
2818 2800 2923 2873 fine
2951 2803 3218 2874 perdatur,
3246 2810 3293 2859 at
3320 2801 3411 2870 qui
3433 2815 3559 2865 eum
3607 2799 3678 2867 ttiv

2071 2896 2257 2949 derant
2289 2936 2303 2961 ,
2337 2897 2507 2959 dicent
2537 2894 2623 2955 ubi
2648 2895 2771 2955 est?
2820 2896 2921 2957 Cui
2951 2895 3311 2966 sterquilinio
3337 2894 3680 2965 assimilatas

2070 3006 2130 3057 es
2158 3006 2253 3061 per
2280 2988 2490 3055 omnia,
2511 2997 2567 3045 ct
2597 2991 2710 3060 ipse
2740 2997 2794 3053 te
2815 3005 2958 3049 nunc
2976 2988 3257 3061 conspicis
3282 2987 3674 3062 putrefactum.

2074 3083 2139 3145 Et
2187 3084 2284 3156 qui
2337 3081 2612 3151 quondam
2646 3082 2898 3143 viderant
2933 3093 2984 3137 te
3030 3089 3353 3153 regnantem
3385 3080 3438 3135 in
3470 3080 3677 3159 gloria,

363 3177 453 3249 qui
488 3177 695 3245 dicunt,
745 3191 843 3231 nos
892 3177 945 3231 in
1000 3177 1405 3235 resurrecuone
1435 3178 1537 3236 alia
1583 3193 1812 3263 corpora
1866 3180 1962 3234 ha-
1992 3198 2041 3263 ο
2074 3193 2218 3233 nunc
2247 3177 2498 3247 inquiunt
2529 3177 2814 3239 insultanti
2847 3192 3019 3239 Voce:
3079 3176 3182 3239 Ubi
3209 3184 3296 3243 est
3329 3175 3423 3239 ille
3453 3176 3678 3248 sapicth

364 3269 625 3323 bituros?
676 3267 901 3325 audiant
933 3269 1096 3324 istum
1128 3269 1350 3336 virum;
1405 3284 1501 3331 ore
1531 3268 1628 3325 Dei
1662 3269 1964 3349 laudatum,

371 3362 652 3418 dicentem
680 3378 694 3416 :

443 3453 609 3520 Quem
656 3454 862 3507 visurus
913 3470 1027 3507 sum
1071 3470 1164 3526 ego
1216 3456 1346 3524 ipse.
1394 3454 1506 3526 Ego
1541 3454 1657 3535 ipse
1680 3453 1782 3510 Job
1816 3496 1830 3522 ,
1881 3454 1973 3525 qui

369 3547 423 3603 in
475 3555 722 3602 stercore
763 3545 953 3619 jaceo,
1013 3557 1067 3600 et
1119 3555 1264 3605 totus
1310 3549 1591 3609 vulnerum
1622 3548 1775 3607 sanie
1820 3564 1975 3605 eom-

372 3649 628 3723 putresco
657 3658 668 3693 :
715 3655 840 3712 ego,
878 3642 1095 3713 inquam
1120 3640 1223 3696 Job
1245 3686 1260 3710 ,
1287 3641 1398 3723 iam
1431 3651 1724 3714 corruptus
1747 3684 1764 3710 ,
1815 3652 1976 3720 atque

372 3733 700 3795 vulneribus
730 3733 1057 3799 dissolutus,
1104 3734 1158 3788 in
1194 3732 1298 3789 hac
1328 3750 1494 3791 carne
1524 3735 1767 3802 mortali,
1802 3735 1979 3803 incor-

371 3834 529 3897 rupta
562 3825 969 3886 resurrectione
992 3826 1172 3880 futura
1200 3826 1536 3899 gloriﬁcatus
1551 3826 1748 3883 videbo
1768 3828 1973 3885 Deum:

373 3927 428 3973 et
459 3927 516 3973 ut
546 3917 882 4001 espritneret
904 3917 1074 3989 ipsius
1104 3919 1187 3971 sui
1217 3920 1464 3990 corporis
1492 3919 1973 3999 instaurationem,

379 4011 583 4069 idcirco
614 4014 690 4066 ait
717 4030 729 4066 :

450 4103 521 4163 Et
550 4106 685 4160 oculi
709 4107 808 4160 mei
828 4108 1151 4179 conspecturl
1174 4116 1315 4173 sunt,
1347 4117 1394 4164 et
1419 4108 1693 4164 nonalius.
1731 4109 1976 4193 Reposita

368 4208 450 4263 est
468 4200 577 4254 luce
597 4217 712 4270 spes
735 4217 847 4254 mea
874 4202 927 4255 in
945 4201 1063 4256 sinu
1082 4218 1214 4255 meo.
1234 4199 1620 4267 Consummata
1642 4212 1769 4259 sunt
1790 4203 1976 4259 omnia

377 4293 435 4348 in
468 4294 589 4348 sinu
611 4310 755 4349 meo.

452 4386 624 4455 Quare
649 4404 769 4460 ergo
800 4405 936 4442 nunc
965 4388 1164 4445 dicitis:
1192 4406 1562 4462 persequamur
1585 4390 1744 4451 eum?
1771 4388 1977 4461 thuid

382 4495 526 4536 nunc
554 4480 743 4550 agitis,
778 4483 852 4534 ita
896 4495 951 4535 ut
982 4488 1255 4552 tamquam
1303 4496 1499 4549 vanum
1529 4527 1543 4551 ,
1576 4480 1825 4553 nihilque
1851 4497 1978 4543 cre-

2075 3273 2323 3333 tissimus
2348 3271 2653 3340 hominum,
2691 3281 2747 3329 et
2779 3271 3199 3342 potentissimus
3231 3285 3421 3343 regum
3448 3269 3472 3323 t

2145 3364 2300 3429 Velut
2323 3365 2579 3427 santuium
2591 3364 2805 3423 avolans
2823 3380 2929 3425 non
2949 3364 3238 3425 inuenietur
3251 3379 3270 3418 :
3301 3362 3523 3423 transiet
3546 3362 3679 3437 sicut

2075 3458 2204 3517 cisio
2227 3468 2499 3523 nocturna,
2534 3458 2882 3521 Manifestum
2900 3465 2981 3521 est
3001 3457 3262 3525 sicutait:
3296 3455 3512 3525 Deiecit
3537 3456 3681 3527 velut

2076 3555 2350 3607 somnium
2387 3553 2684 3624 surgentis.

2149 3646 2345 3711 Oculus
2361 3648 2451 3725 qui
2472 3664 2588 3711 eum
2610 3646 2828 3715 uiderat,
2858 3662 2959 3711 non
2988 3646 3177 3707 videbit
3197 3663 3216 3701 :
3242 3661 3405 3717 neque
3427 3645 3573 3703 ultra
3600 3644 3682 3697 in—

2082 3742 2306 3805 tuebitur
2324 3758 2441 3809 eum
2477 3741 2624 3806 locus
2654 3758 2799 3799 suus.
2836 3738 2895 3805 Id
2927 3749 3035 3811 est,
3060 3740 3236 3805 honor
3252 3738 3407 3809 impii
3438 3754 3556 3803 non
3585 3752 3681 3811 ps.

2081 3837 2211 3899 terit
2236 3835 2503 3907 reparari,

2151 3928 2278 3994 Filii
2313 3929 2427 4000 ejus
2470 3936 2764 3987 atterentur
2791 3935 3038 4000 egestate.
3092 3925 3219 3989 Sive
3265 3939 3398 3995 ergo
3427 3924 3683 3995 carnales

2082 4022 2175 4085 ﬁlii
2198 4022 2343 4093 eius,
2390 4022 2515 4085 sive
2542 4036 2709 4092 opera
2737 4038 2862 4091 qua:
2895 4022 3186 4093 aliquando
3214 4020 3452 4085 ﬁliorum
3506 4018 3688 4089 πρωὶ,

2081 4131 2150 4174 ne
2173 4115 2522 4187 appellantur
2547 4154 2563 4185 ,
2615 4114 2730 4177 sire
2760 4112 2837 4175 illi
2866 4114 2961 4184 qui
2998 4128 3121 4177 eum
3155 4123 3432 4185 tamquam
3464 4122 3686 4183 patrem

2080 4208 2285 4273 fuerint
2314 4207 2528 4273 imitati,
2562 4222 2661 4279 per
2690 4206 2788 4273 Dei
2813 4208 3142 4275 sententiam
3165 4204 3234 4263 ad
3257 4203 3390 4271 nihil
3422 4203 3686 4275 redigas:

2081 4310 2190 4369 tur,
2223 4301 2366 4373 quod
2391 4301 2501 4371 jam
2527 4301 2578 4367 in
2600 4299 2727 4363 filiis
2752 4299 2883 4368 tuis,
2908 4298 3225 4363 carnalibus
3250 4294 3518 4373 operibus
3548 4310 3688 4367 quot

2079 4411 2186 4468 que
2217 4396 2325 4450 tuis
2348 4411 2415 4450 ex
2443 4404 2599 4466 parte
2620 4393 2773 4459 videi?
2802 4408 2927 4457 esse
2952 4392 3304 4462 COmpletum.

2154 4490 2219 4553 Et
2247 4506 2429 4551 alarius
2449 4488 2595 4553 illius
2618 4488 2834 4553 reddent
2862 4488 2910 4551 ei
2934 4487 3173 4553 datorem
3192 4501 3366 4551 suum.
3395 4483 3512 4549 llvc
3535 4484 3685 4539 enim

379 4575 601 4630 dentem
632 4575 779 4630 velut
807 4576 976 4630 Deum
1005 4591 1110 4629 non
1138 4575 1393 4634 timeam:
1428 4577 1541 4631 sive
1564 4576 1689 4663 quia
1715 4575 1978 4661 religione
2005 4578 2060 4653 1)
2084 4595 2346 4654 operatus
2388 4590 2473 4645 est
2514 4581 2657 4649 unde
2709 4582 2912 4647 malum
2936 4580 3189 4647 vindictae
3212 4621 3231 4649 ,
3265 4586 3538 4648 operante
3594 4576 3689 4647 Dei

381 4669 562 4725 divina
589 4668 692 4723 sim
722 4668 933 4724 alienus
955 4710 970 4735 ,
1024 4670 1281 4740 persequi
1328 4669 1509 4725 velitis
1530 4712 1545 4737 ,
1573 4669 1835 4724 aculealis
1885 4684 1974 4729 me

380 4763 582 4818 vestris
610 4762 968 4832 perfodiendo
996 4765 1361 4819 sermonibus.

450 4856 521 4911 Et
547 4858 773 4912 radicem
817 4857 957 4919 verbi
1008 4860 1325 4920 inveniamus
1366 4867 1546 4913 contra
1590 4874 1732 4912 eum.
1764 4856 1973 4925 Videtis

379 4967 535 5024 ergo,
568 4953 690 5024 quia
724 4968 932 5007 mecum
971 4967 1076 5007 non
1113 4962 1168 5009 ut
1194 4953 1307 5007 veri
1335 4952 1493 5007 amici
1520 4951 1751 5009 fideliter
1780 4951 1971 5023 agitis:

377 5046 474 5101 sed
505 5058 562 5102 ut
590 5047 768 5103 dolosi
796 5048 864 5104 de
892 5048 1029 5104 meis
1051 5049 1402 5104 sermonibus
1431 5047 1562 5102 mihi
1597 5046 1822 5123 laqueos
1844 5063 1974 5103 eun-

377 5141 646 5196 cinnatis:
677 5142 1120 5215 quandoquidem
1140 5142 1209 5197 de
1235 5144 1370 5212 ipsis
1391 5141 1574 5197 verbis
1589 5141 1725 5199 mris
1739 5143 1974 5198 occasio-

380 5249 526 5302 nem,
580 5236 725 5291 velut
749 5235 1040 5306 quamdam
1071 5236 1311 5291 radicem
1344 5234 1791 5312 reprehensionis
1823 5237 1976 5291 inve-

383 5329 502 5384 nire
531 5330 751 5401 cupitis.

451 5420 640 5493 Fugite
666 5439 786 5499 ergo
815 5439 848 5478 a
875 5423 1007 5494 facie
1034 5424 1228 5496 gladii:
1270 5425 1516 5496 quoniam
1545 5425 1684 5480 ultor
1721 5425 1977 5503 iniquitas

378 5526 487 5573 tum
512 5518 717 5590 gladius
748 5528 842 5574 est.
876 5518 989 5574 Hoc
1019 5518 1179 5583 dicit:
1212 5520 1256 5574 si
1290 5520 1636 5585 recesseritis
1663 5519 1729 5575 ab
1753 5520 1978 5590 impresi

375 5612 531 5668 sione
586 5627 700 5669 mea
724 5655 737 5675 ,
795 5613 1036 5685 gladium
1063 5613 1229 5683 justtc
1262 5616 1548 5672 sententia:
1583 5614 1675 5681 Dei
1731 5612 1983 5691 poteritis

377 5705 636 5761 evadere.
670 5704 899 5762 Gladius
928 5716 1016 5762 est
1044 5707 1188 5781 enim
1212 5708 1393 5793 lingua
1427 5709 1595 5789 regis,
1637 5715 1696 5773 et
1722 5720 1831 5773 JtOn
1861 5719 1980 5777 car-

380 5796 541 5866 nalis,
579 5807 637 5854 ut
663 5797 928 5868 Salomon
962 5799 1114 5867 dicit.

2074 4677 2293 4750 iustitia
2312 4722 2327 4750 ,
2356 4678 2604 4748 recipere
2634 4686 2960 4743 mereretur.

2156 4770 2289 4837 Ossa
2327 4773 2444 4844 ejus
2467 4769 2817 4840 implebantur
2844 4768 2981 4829 uitiis
3009 4764 3371 4833 adulescentia:
3398 4767 3539 4838 ejus.
3577 4765 3691 4825 ttae

2081 4866 2175 4927 ait,
2208 4863 2349 4934 quod
2385 4879 2411 4915 a
2449 4862 2738 4931 iuventute
2769 4876 2886 4929 sua,
2921 4876 2986 4929 ex
3024 4874 3136 4932 qua
3156 4856 3412 4929 graviora
3457 4863 3691 4929 precata

2080 4960 2429 5023 committere
2458 4958 2691 5028 cmperit
2727 4974 2741 5013 :
2769 4956 2820 5023 iu
2843 4955 3053 5027 eisdem
3084 4954 3329 5027 peccatis
3359 4953 3477 5019 suis
3508 4964 3689 5021 usque

2082 5056 2135 5117 in
2169 5062 2449 5119 senectam
2479 5052 2843 5124 permanserit
2872 5067 2887 5105 ς
2912 5063 3013 5121 pro
3040 5048 3237 5119 quibus
3261 5060 3562 5119 numquam
3597 5061 3691 5103 tm-

2081 5148 2249 5207 luerit
2278 5147 2565 5229 pmnitere.
2600 5143 2666 5199 Et
2700 5141 2908 5205 idcirco
2929 5142 3196 5215 sequitur.

2159 5240 2225 5298 Et
2251 5256 2365 5309 eum
2388 5256 2445 5301 ep
2469 5241 2523 5299 in
2547 5236 2754 5307 pulvere
2781 5234 3060 5301 dormiant.
3093 5232 3149 5299 id
3176 5248 3223 5287 οη
3241 5241 3279 5303 ι,
3307 5240 3429 5303 post
3451 5241 3688 5295 mortem

1978 5328 1985 5333 ’
2084 5335 2339 5388 vitiorum
2374 5347 2495 5403 quae
2520 5342 2604 5386 est
2632 5330 2683 5383 in
2714 5329 2894 5383 anima
2926 5345 2936 5381 :
2966 5328 3085 5381 sive
3114 5341 3283 5396 usque
3311 5326 3374 5377 ad
3407 5335 3642 5393 mortem
3668 5366 3687 5395 ,

2084 5442 2205 5498 qua:
2235 5426 2293 5487 lit
2326 5440 2421 5503 per
2452 5422 2847 5491 resolutionem
2886 5418 3134 5495 corporis
3171 5417 3352 5486 huius.
3387 5416 3522 5481 Ossa
3557 5430 3689 5487 ergo

2088 5521 2191 5575 hoc
2220 5520 2343 5583 loco
2373 5520 2543 5590 ipsam
2566 5523 2908 5581 senectutem
2940 5530 3048 5587 putt
3076 5521 3160 5573 est
3195 5511 3487 5577 absurdum
3520 5510 3690 5573 inici:

2085 5614 2284 5675 texisse
2309 5630 2323 5669 :
2346 5612 2544 5685 quibus
2568 5608 2930 5671 veternnsitas
2953 5619 3237 5671 annorum,
3264 5613 3315 5671 et
3340 5603 3578 5659 durities
3599 5601 3695 5661 se-f

2087 5708 2162 5777 nti
2191 5708 2302 5783 iam
2335 5714 2661 5776 praematura
2695 5700 3055 5781 signiﬁcetur-
3091 5698 3220 5767 Elite
3262 5711 3388 5761 assa
3431 5696 3550 5775 eius
3585 5697 3688 5761 ima

2090 5800 2383 5873 plebuntur
2409 5798 2553 5854 vitiis
2584 5793 2996 5862 adolescentiae,
3019 5801 3126 5851 etc.
3160 5790 3219 5848 Si
3240 5804 3364 5864 qua:
3384 5789 3552 5869 igitur
3576 5790 3690 5849 vir-
