3948 6334
359 253 458 312 671

1153 254 1499 315 ΑΡΡΕΝΒΙΧ
1536 258 1631 318 AD
1667 258 1917 319 TOMUM
1954 259 2312 323 SEPTIMUM
2348 260 2415 326 δέ
2451 265 2861 328 BIERONYMI.

3555 270 3668 331 072

357 380 522 446 atque
541 373 801 446 expulsus
825 381 933 431 est.
956 374 1082 433 Sive
1107 373 1364 432 eductum
1393 374 1463 432 de
1478 376 1958 449 vagina,paratum
1985 380 2036 440 Α
2062 394 2237 437 mones
2265 397 2427 453 meos,
2456 390 2503 438 et
2532 384 2672 458 agite
2700 385 3075 455 paenitentiam.
3105 385 3376 445 Sustinete
3406 404 3508 457 me,
3537 399 3592 444 ut
3616 393 3669 444 et

359 483 580 541 semper
607 469 675 525 ad
706 468 1127 526 interimendum
1157 468 1453 541 fugientem
1481 484 1543 526 se
1561 514 1577 543 ,
1604 468 1968 541 signiﬁcatum

360 576 486 620 esse
527 563 860 620 noverimus.
888 562 1209 620 Vulnerabit
1251 579 1375 620 eum
1417 563 1611 635 sagitta
1654 577 1827 619 antea.
1869 560 1971 619 Ais

363 656 630 714 diutinum
653 667 740 714 est
768 674 785 713 :
822 658 946 714 huic
977 657 1204 714 metallo
1228 656 1479 714 diabolus
1507 667 1873 728 comparatur,
1905 671 1972 712 eo

363 747 508 821 quod
531 749 597 805 ad
621 748 1042 807 interimendum
1074 766 1370 821 numquam
1404 750 1654 820 deﬁciat,
1689 766 1789 807 nec
1817 765 1974 806 sene-

366 851 515 898 ctute
543 842 723 914 aliqua
749 853 1125 911 consumatur,
1149 843 1240 916 qui
1269 844 1435 900 etiam
1466 843 1724 917 fulgurat,
1758 842 1861 898 hoc
1890 851 1975 899 est

365 935 717 1008 transﬁgurat
741 951 803 994 se
832 937 889 994 in
918 938 1171 1010 angelum
1194 938 1357 994 lucis.

448 1028 688 1099 Vadent,
731 1039 781 1086 et
820 1030 1025 1088 venient
1065 1047 1222 1106 super
1256 1047 1372 1088 eum
1417 1030 1712 1088 horribiles.
1756 1028 1814 1086 ld
1857 1039 1970 1097 eat,

370 1121 505 1179 socii
544 1122 688 1192 ejus.

442 1214 636 1272 Omrtes
664 1215 886 1273 tenebrte
913 1217 1230 1273 absconditae
1255 1226 1376 1273 sunt
1406 1216 1461 1272 in
1491 1214 1657 1272 oculis
1697 1218 1836 1289 ejus.
1865 1213 1974 1270 Te-

370 1306 556 1363 nebrae
588 1309 641 1363 in
667 1305 771 1364 hoc
802 1308 926 1364 loro
947 1308 1317 1380 intelligenda:
1342 1317 1470 1365 sunt
1493 1316 1737 1380 peccata,
1770 1307 1887 1363 sive
1912 1321 1974 1363 ea

370 1415 494 1471 quas
511 1402 806 1458 commissa
830 1402 901 1457 ab
922 1403 1095 1472 impio
1120 1410 1270 1470 sunt,
1299 1401 1416 1460 sive
1437 1401 1828 1459 committenda
1851 1411 1979 1457 sunt

368 1491 429 1549 in
471 1492 640 1550 corde
666 1493 811 1565 ejus,
855 1504 913 1552 et
952 1494 1186 1567 affectu,
1218 1506 1275 1552 et
1302 1495 1727 1567 cogitationibus
1767 1497 1976 1551 latent:

373 1601 499 1658 quae
530 1586 654 1644 ideo
684 1588 741 1644 in
761 1589 993 1646 secretis
1016 1589 1218 1647 mentis
1238 1591 1358 1661 ejus
1380 1589 1703 1646 abscondita
1728 1589 1980 1645 dicuntur

375 1693 531 1746 esse,
560 1681 689 1752 quia
736 1682 841 1738 illis
867 1681 1047 1750 favet,
1082 1684 1271 1756 eisque
1313 1685 1608 1754 plurimum
1654 1683 1977 1739 delectatur.

2071 474 2164 544 ego
2190 473 2396 546 loquar,
2423 483 2473 529 et
2495 484 2611 548 post
2629 491 2761 542 mea,
2782 477 2828 531 si
2846 476 3123 546 videbitur,
3152 478 3305 534 verba
3329 480 3511 536 ridete.
3542 479 3680 537 Post

2074 572 2221 620 tanta
2248 569 2493 624 convicia
2523 584 2631 624 non
2660 580 2743 626 est
2775 580 3106 639 commotus,
3137 584 3197 627 nt
3220 573 3424 629 acerbe
3446 588 3681 645 respon-

2073 659 2227 717 deret
2258 679 2270 715 :
2304 664 2431 734 quin
2460 665 2641 736 potius
2668 666 2975 737 deprecans
2995 682 3094 725 eos
3128 668 3453 741 alloquitur,
3481 681 3536 725 et
3563 669 3678 737 ait,

2074 762 2134 809 ut
2162 755 2494 812 audientiam
2540 759 2825 829 praebeant
2867 760 3217 817 sermonibus
3257 763 3377 831 ejus
3403 806 3418 831 ,
3473 762 3685 834 quibus

2077 854 2355 923 perceptis
2383 863 2439 910 et
2466 855 2739 927 cognitis,
2788 858 3044 914 noverint
3083 871 3144 914 se
3174 873 3341 930 super
3372 866 3522 913 tanta
3561 857 3688 916 oris

2075 949 2158 1004 sui
2190 949 2555 1005 amaritudine.
2599 951 2868 1020 pmoitere
2908 951 3132 1009 debere.

2150 1040 2421 1117 Numquid
2462 1054 2646 1100 contra
2685 1043 2949 1101 hominem
2989 1046 3282 1114 disputatio
3316 1062 3430 1101 mea
3465 1053 3541 1102 est
3572 1061 3593 1100 :
3627 1052 3689 1100 ut

2076 1137 2262 1191 merito
2302 1154 2407 1192 non
2448 1138 2661 1194 debeam
2703 1139 3051 1195 contristari?
3078 1141 3323 1196 Primum
3368 1138 3503 1194 mihi
3547 1136 3690 1195 illud

2077 1240 2163 1286 est
2190 1233 2368 1303 oneri,
2396 1242 2451 1289 et
2476 1233 2632 1288 valde
2665 1235 2976 1301 molestum,
3006 1243 3171 1308 atque
3201 1233 3466 1291 horribile
3500 1251 3513 1288 :
3555 1233 3691 1305 quia

2080 1337 2188 1379 non
2215 1339 2338 1380 cum
2363 1323 2606 1392 homine,
2641 1325 2735 1382 sed
2766 1340 2889 1382 cum
2917 1325 3034 1384 Deo
3069 1327 3204 1383 mihi
3231 1341 3397 1383 causa
3422 1324 3692 1396 loquendi

2079 1424 2164 1473 est
2196 1434 2211 1471 :
2237 1417 2328 1472 cui
2352 1416 2713 1474 castiﬁcatam
2731 1419 2998 1489 justitiam
3024 1418 3448 1489 exhibebam,ut
3474 1430 3698 1474 merce-

2080 1508 2202 1564 dem
2232 1508 2394 1580 hujus
2421 1511 2606 1582 operis
2646 1520 2969 1579 repensaret
2999 1529 3013 1566 :
3045 1512 3188 1569 Ecce
3230 1526 3377 1568 nunc
3408 1522 3697 1582 tamquam

2080 1615 2210 1657 reus
2247 1602 2538 1661 criminum
2575 1603 2832 1660 omnibus
2870 1603 3081 1676 afﬂigar
3115 1605 3377 1662 miseriis.
3410 1605 3511 1663 Hic
3550 1601 3698 1661 dicit

2081 1709 2142 1751 se
2172 1696 2401 1766 tristari,
2428 1699 2553 1768 quia
2583 1698 2688 1755 scit
2712 1697 2881 1753 Deum
2906 1698 3043 1755 nihil
3073 1699 3276 1768 injuste
3298 1698 3540 1769 operari.

449 1773 729 1830 Devorabit
781 1791 897 1832 eum
950 1777 1086 1851 ignis
1137 1778 1226 1847 qui
1268 1793 1370 1833 non
1417 1777 1771 1833 succenditur.
1826 1775 1978 1832 Hunc

2153 1789 2419 1845 Attendite
2442 1807 2541 1858 me,
2562 1800 2612 1847 et
2636 1791 2997 1864 obstupescite,
3030 1802 3078 1848 et
3106 1794 3438 1865 superponite
3466 1791 3698 1863 digitum

376 1869 558 1942 ignem
590 1885 695 1926 non
728 1870 967 1927 absurde
988 1872 1349 1943 intelligimus
1377 1886 1503 1928 esse
1529 1871 1859 1943 gehennam,
1885 1871 1978 1938 qui

379 1977 489 2019 non
518 1965 763 2021 materiis
782 1964 1130 2035 quibusdam,
1163 1974 1218 2020 et
1244 1965 1463 2037 pabulis
1490 1965 1648 2035 vivit,
1679 1973 1736 2020 ut
1756 1962 1976 2033 ardeat,

376 2057 473 2115 sed
502 2072 601 2129 per
627 2061 867 2130 seipsum
896 2067 957 2115 ut
975 2068 1199 2117 creatus
1221 2068 1305 2116 est
1328 2060 1537 2131 vigens,
1567 2066 1762 2115 cuneta
1788 2074 1909 2130 qua:
1930 2058 1982 2115 ei

381 2153 588 2226 injecta
617 2155 824 2213 fuerint
846 2166 1191 2214 concremat.
1227 2157 1371 2229 Ergo
1401 2159 1503 2213 iste
1532 2158 1673 2229 ignis
1696 2156 1982 2213 devorabit

389 2246 616 2319 impium
664 2249 754 2319 qui
808 2258 1082 2321 tamquam
1126 2249 1470 2305 rationabilis
1511 2249 1584 2304 ita
1627 2265 1750 2305 eum
1787 2250 1984 2321 glutiet

381 2347 547 2412 atque
574 2342 895 2399 absorbebit
915 2384 932 2410 ,
965 2352 1024 2400 ut
1048 2343 1103 2399 in
1131 2357 1199 2399 eo
1232 2343 1463 2400 teternis
1501 2344 1839 2400 cruciatibus
1874 2353 1981 2401 tor-

379 2444 638 2508 queatur.

452 2527 736 2601 Afﬂigetur
764 2529 980 2586 relictus
1007 2530 1062 2585 in
1110 2530 1447 2586 tabernaculo
1472 2548 1593 2589 suo.
1621 2531 1703 2587 Ob
1731 2530 1985 2602 impieta-

378 2628 490 2679 tem
519 2622 776 2679 videlicet
806 2639 963 2679 suam
996 2623 1218 2695 iniquus
1248 2625 1666 2697 derelinquetur
1696 2642 1723 2681 a
1756 2626 1892 2695 Deo,
1927 2636 1985 2682 ut

380 2715 439 2773 in
486 2716 838 2774 tabernaculo
882 2717 1133 2789 corporis
1174 2720 1255 2773 sui
1304 2720 1483 2790 ι)ωηίς
1529 2721 1815 2792 perpetuis
1858 2734 1987 2776 cru-

381 2811 578 2870 cietur.

453 2905 775 2964 Revelobuut
804 2909 921 2965 caeli
946 2908 1276 2979 iniquitatem
1303 2908 1440 2979 ejus,
1471 2916 1516 2962 et
1545 2917 1685 2963 terra
1713 2920 1986 2981 consurget

385 3001 661 3057 adversum
703 3020 838 3057 eum.
872 3002 930 3058 in
962 3002 1336 3058 testimonium
1364 3001 1553 3072 utique
1582 3014 1743 3057 erunt
1769 3003 1983 3073 angeli,

384 3101 443 3149 et
469 3096 645 3150 sancti
677 3093 967 3164 homines,
1012 3104 1072 3149 ut
1112 3093 1369 3149 noverint
1401 3094 1544 3163 quod
1574 3108 1766 3166 pmnas
1797 3093 1985 3165 justis-

389 3188 529 3244 sime
558 3189 823 3258 patiatur.

460 3282 712 3354 Apertum
738 3284 835 3336 erit
878 3298 1087 3355 germen
1112 3282 1297 3338 domus
1321 3285 1491 3342 illius.
1528 3282 1586 3339 In
1614 3282 1826 3353 judicio
1858 3282 1984 3351 Dei,

383 3376 602 3448 quando
630 3376 829 3446 impius
850 3376 1303 3432 condemnandus
1324 3389 1429 3443 est,
1463 3392 1571 3433 non
1594 3377 1770 3433 snlum
1795 3393 1987 3434 omnes

383 3470 746 3540 cogitationes
769 3469 960 3524 cordis
987 3469 1105 3540 ejus
1138 3488 1152 3524 :
1186 3483 1376 3525 verum
1405 3471 1570 3525 etiam
1601 3469 1871 3541 principia
1906 3469 1990 3524 in-

388 3562 740 3619 terfectarutn
772 3561 1188 3634 cogitationum,
1221 3562 1332 3621 Deo
1360 3562 1642 3635 pandenda
1664 3572 1990 3634 sunt,atque

384 3655 594 3712 clarius
620 3655 740 3711 luce
769 3654 1195 3711 manifestanda.

459 3750 780 3806 Detrahetur
796 3750 851 3803 in
874 3749 960 3804 die
983 3752 1179 3822 furoris
1206 3749 1322 3805 Dei.
1352 3749 1408 3805 In
1428 3750 1517 3807 die
1534 3750 1723 3821 judicii
1741 3750 1992 3807 mittetur

389 3849 445 3906 in
471 3851 726 3907 tenebras
757 3854 1088 3908 exteriores.
1134 3853 1323 3909 Potuit
1369 3861 1426 3907 et
1468 3851 1584 3908 dies
1615 3852 1777 3922 impia
1820 3850 1991 3907 fuisse

384 3940 509 4012 Job,
543 3944 762 4015 quando
789 3945 941 4017 plaga
968 3960 1263 4015 percussus
1292 3953 1400 4014 est,
1431 3954 1486 4001 et
1507 3943 1777 4001 conclusit
1804 3942 1993 3999 elocu-

387 4038 593 4094 tionem
626 4053 780 4094 suam
803 4080 820 4107 ,
855 4049 910 4094 ut
940 4038 1152 4095 diceret
1183 4056 1199 4095 :

462 4128 592 4186 Ha’c
637 4140 711 4186 est
746 4147 869 4201 pars
912 4130 1141 4185 hominis
1180 4129 1329 4204 impii
1370 4145 1402 4183 a
1439 4126 1587 4183 Deo?
1610 4127 1711 4182 Hic
1741 4127 1898 4196 quasi
1928 4144 1994 4181 ex

389 4222 628 4294 abrupto
650 4223 917 4289 ostendit,
938 4224 1086 4295 quod
1116 4223 1168 4279 in
1193 4234 1444 4280 sanctum
1468 4222 1573 4280 Job
1601 4222 1858 4278 universa
1879 4221 1997 4277 lucc

387 4315 613 4373 dixerit.
645 4316 801 4384 Quod
840 4325 1025 4373 autem
1054 4316 1308 4388 sequitur
1337 4335 1351 4372 :

468 4407 534 4463 Et
566 4408 845 4465 luereditas
873 4410 1145 4465 uerborum
1170 4413 1284 4483 ejus
1310 4425 1341 4462 a
1369 4407 1612 4464 Domino.
1646 4407 1703 4464 id
1731 4417 1836 4477 est,
1865 4422 1998 4479 ope-

392 4514 514 4556 rum
549 4504 843 4557 retributio
875 4519 891 4557 :
925 4500 1018 4556 alii
1045 4502 1115 4557 ita
1150 4510 1453 4568 verterunt,
1484 4498 1553 4555 Et
1586 4500 1860 4557 hwreditas
1884 4518 1995 4555 rer-

2082 1885 2163 1938 ori
2181 1891 2370 1938 vestro.
2399 1883 2554 1953 Quod
2583 1884 2657 1941 sit
2694 1884 2840 1941 istud
2868 1895 3177 1953 secretum,
3212 1896 3269 1941 ut
3299 1887 3442 1941 Deus
3471 1884 3659 1941 bonus
3677 1922 3697 1951 ,

2080 1974 2335 2047 etjustus
2370 1991 2500 2048 erga
2536 1994 2623 2032 me
2656 1978 2838 2033 taliter
2879 1985 3142 2048 aperetur
3175 1995 3189 2027 :
3216 1976 3532 2050 praesertim
3564 1988 3700 2031 cum

2083 2069 2203 2140 ejus
2226 2069 2602 2126 testimOnium
2632 2069 2702 2127 de
2732 2086 2819 2126 me
2840 2070 3043 2126 bonum
3075 2069 3327 2127 habeam.

2158 2162 2225 2217 Et
2256 2172 2366 2235 ego
2405 2164 2621 2234 quando
2660 2164 2970 2220 recordatus
3000 2164 3181 2235 fuero,
3224 2164 3534 2235 pertimesco
3582 2178 3605 2219 :
3652 2170 3702 2219 et

2084 2259 2310 2313 concutit
2362 2275 2569 2313 carnem
2621 2273 2790 2313 meam
2841 2266 3058 2313 tremor.
3094 2255 3229 2314 Cum
3275 2258 3424 2314 enim
3477 2257 3700 2328 plagam

2085 2348 2228 2405 hanc
2268 2351 2482 2419 cogito,
2526 2365 2690 2421 quam
2738 2349 2886 2421 juste
2908 2351 3104 2406 vivens
3148 2350 3442 2407 sustineo:
3488 2350 3704 2422 Deique

2083 2442 2348 2515 judicium
2368 2485 2385 2511 ,
2414 2443 2507 2514 qui
2537 2443 2807 2499 neminem
2840 2443 3116 2499 insontem
3144 2441 3368 2515 afﬂigit,
3392 2442 3685 2509 reetirdor,

2086 2537 2312 2593 nimium
2345 2536 2680 2608 pertimesco
2728 2538 2833 2594 hoc
2871 2539 3045 2607 ipsum
3080 2536 3290 2608 optime
3328 2536 3482 2601 seio,
3513 2535 3705 2592 nullus

2087 2629 2293 2700 patitur
2321 2631 2522 2686 tnalum
2552 2631 2791 2702 aliquod,
2827 2630 2932 2686 nisi
2965 2631 3081 2699 ipse
3107 2629 3443 2700 permiserit.
3475 2626 3703 2684 Nemini

2086 2723 2255 2780 infert
2281 2724 2508 2789 malum,
2542 2725 2645 2779 nisi
2680 2724 2883 2779 inferre
2920 2723 2969 2779 ei
3000 2723 3117 2792 ipse
3154 2722 3514 2789 iustissimum
3543 2720 3701 2793 judi-

2086 2816 2247 2871 carit.
2277 2814 2385 2872 Sed
2422 2815 2540 2871 haec
2586 2815 2690 2871 Job
2732 2816 3113 2887 contigerunt,
3156 2828 3213 2869 ut
3242 2821 3532 2886 appareret
3566 2812 3703 2869 foris

2088 2906 2401 2963 hominibus
2427 2908 2569 2980 quod
2605 2908 2939 2963 intrinsecus
2964 2916 3086 2963 erat
3106 2916 3230 2963 ante
3254 2907 3445 2963 Deum.

2163 3003 2335 3072 Quare
2361 3019 2483 3076 ergo
2509 3003 2657 3075 impii
2691 3004 2892 3070 uiuunt,
2924 3002 3179 3057 sublevati
3201 3010 3345 3068 sunt,
3379 3000 3701 3072 contortuli-

2086 3113 2184 3169 que
2220 3096 2457 3152 divitiis?
2484 3097 2670 3153 Semen
2710 3113 2893 3152 eorum
2921 3105 3190 3166 permanet
3218 3111 3395 3149 coram
3421 3095 3497 3149 ais
3520 3109 3543 3152 .'
3576 3109 3702 3164 pro.

2013 3183 2059 3248 Ο
2090 3188 2399 3260 pinquorum
2428 3189 2579 3244 turba
2605 3197 2655 3244 et
2679 3198 2921 3261 nepotum
2946 3189 3001 3242 in
3030 3196 3307 3261 conspectu
3342 3202 3546 3241 eorum.
3584 3185 3700 3240 Do-

2088 3296 2202 3335 mus
2242 3297 2417 3335 eorum
2463 3298 2660 3336 secura?
2688 3290 2832 3347 sunt,
2860 3290 2911 3335 et
2945 3289 3147 3352 pacata:
3180 3296 3199 3335 :
3225 3289 3270 3334 et
3303 3296 3408 3334 non
3446 3287 3520 3334 est
3551 3280 3703 3351 rirga

2090 3371 2191 3428 Dei
2214 3390 2371 3443 super
2400 3375 2541 3429 illos.
2573 3373 2676 3429 Bos
2708 3390 2886 3430 eorum
2916 3375 3172 3448 concepit,
3205 3381 3253 3428 et
3281 3389 3383 3428 non
3408 3372 3658 3427 abortieit
3681 3388 3702 3427 :

2095 3483 2251 3521 t'acca
2276 3470 2512 3541 peperit,
2536 3476 2586 3521 et
2611 3484 2712 3523 non
2741 3476 2820 3523 est
2844 3469 3047 3541 priuata
3068 3467 3176 3537 [ctu
3198 3482 3310 3521 suo.
3337 3464 3705 3537 Egrediuntur

2089 3563 2242 3634 quasi
2270 3579 2449 3634 greges
2487 3561 2689 3635 parvuli
2736 3579 2937 3628 eorum,
2978 3571 3028 3617 et
3064 3562 3293 3633 infantes
3315 3575 3496 3637 eorum
3520 3560 3706 3614 casul-

2094 3662 2205 3710 tant
2248 3655 2465 3726 lusibus.
2512 3654 2706 3710 Tenent
2747 3667 3049 3726 tympanum
3077 3663 3126 3708 et
3160 3652 3420 3707 citharam
3436 3636 3469 3715 ,ί
3492 3658 3539 3704 et
3570 3666 3703 3721 gau-

2093 3744 2214 3803 dent
2241 3748 2310 3803 ad
2347 3750 2573 3803 sonitum
2613 3750 2817 3820 organi.
2858 3746 3074 3802 Ducunt
3109 3747 3163 3801 in
3212 3745 3359 3801 bouis
3390 3744 3502 3799 dies
3530 3757 3703 3797 suos:

2093 3850 2140 3896 et
2167 3842 2220 3895 in
2249 3854 2440 3912 puncto
2466 3842 2535 3895 ad
2552 3842 2763 3912 inferna
2784 3842 3119 3896 descendunt.
3153 3839 3252 3907 Qui
3277 3840 3521 3895 dixerant
3559 3838 3704 3893 Deo:

2095 3937 2277 3990 recede
2303 3952 2335 3990 a
2362 3936 2531 4001 nobis,
2565 3946 2610 3991 et
2641 3938 2913 3991 scientiam
2941 3937 3145 3990 uiarum
3181 3946 3391 3989 tuarum
3430 3933 3705 3988 nolumus.

2099 4030 2231 4096 Quis
2270 4042 2344 4084 est
2375 4030 2733 4101 omnipotens,
2771 4038 2828 4084 ut
2853 4031 3135 4084 serviamus
3162 4029 3210 4085 ei
3229 4029 3253 4082 ἒ)
3289 4024 3359 4080 Et
3386 4025 3515 4098 quid
3557 4027 3709 4079 nobis

2098 4124 2328 4195 prodest,
2350 4125 2395 4178 si
2414 4124 2730 4179 oraverimus
2753 4124 2946 4180 illum?
2974 4124 3040 4179 Et
3060 4123 3200 4178 alius
3222 4122 3293 4178 ita
3319 4121 3460 4177 dixit
3485 4139 3502 4176 :
3526 4121 3709 4189 Quare

2097 4218 2375 4288 impiorum
2399 4229 2734 4289 prosperatur
2760 4220 2899 4274 vita?
2919 4218 2985 4274 Et
3012 4218 3159 4274 alius
3185 4215 3322 4272 dixit
3345 4233 3361 4271 :
3394 4215 3576 4282 Quare
3604 4231 3706 4269 non

2098 4313 2315 4384 respicis
2355 4313 2425 4369 ad
2452 4314 2635 4386 iniqua
2664 4314 2913 4385 agentes?
2940 4311 3287 4384 Respondete
3330 4308 3495 4379 mihi,
3540 4308 3709 4364 obse-

2099 4422 2195 4464 cro
2223 4408 2317 4465 :Si
2346 4423 2448 4480 ego
2478 4408 2695 4480 impius,
2737 4416 2793 4463 et
2826 4407 3114 4462 immemor
3155 4405 3425 4461 bonorum
3466 4416 3702 4473 Operam

2100 4501 2398 4558 secundum
2424 4501 2720 4571 justitiam,
2742 4501 2881 4556 sicut
2908 4514 3004 4555 vos
3021 4499 3329 4565 afﬁrmatis,
3351 4496 3471 4552 haec
3494 4496 3708 4568 patior:

396 4591 580 4647 borum
610 4594 798 4663 ejusab
816 4594 1081 4666 episcopo,
1100 4595 1225 4664 quia
1242 4592 1705 4664 quemadmodum
1736 4593 1997 4649 Dominus
2021 4588 2074 4649 D
2098 4611 2267 4666 quare
2296 4596 2446 4665 impii
2481 4595 2694 4661 vivunt,
2728 4602 2785 4650 et
2814 4592 3084 4649 sublevati
3114 4604 3260 4662 sunt,
3294 4589 3712 4660 confortatique

396 4701 430 4743 a
461 4687 839 4743 dominatione
862 4704 1048 4744 rerum
1078 4689 1323 4743 omnium
1357 4689 1530 4744 scitur
1562 4689 1675 4743 :ita
1707 4689 1994 4759 episcopus

397 4793 469 4837 eo
495 4779 641 4851 quod
670 4780 1083 4850 superintendat
1122 4783 1175 4836 in
1209 4796 1426 4837 omnem
1457 4791 1791 4849 creaturam,
1821 4782 1999 4837 veris-

397 4875 536 4933 sime
563 4874 788 4932 dicitur.
820 4874 947 4932 Non
978 4876 1124 4931 enim
1150 4876 1294 4932 Dens
1308 4876 1623 4947 perturbata
1649 4886 1829 4932 tuente
1849 4891 1998 4931 cum-

400 4979 692 5041 m0tusque
721 4966 1013 5039 puniturus
1042 4980 1124 5024 est
1156 4978 1507 5039 peccatores,
1538 4983 1663 5024 cum
1693 4969 1767 5023 sit
1791 4969 1999 5024 incom-

398 5060 712 5127 mutabilis,
749 5062 987 5117 sicutait
1015 5061 1081 5116 ad
1117 5062 1342 5133 Moysen
1376 5059 1543 5132 :.Ego
1575 5077 1689 5115 sum
1725 5062 1816 5132 qui
1845 5076 1960 5115 sum
1981 5102 1996 5128 ,

399 5167 506 5209 non
554 5154 733 5209 solum
782 5155 1182 5225 sempiternus,
1228 5170 1416 5210 verum
1464 5155 1630 5210 etiam
1671 5156 2004 5210 aeternaliter

400 5246 567 5303 mitis.
596 5247 808 5304 Deinde
831 5249 931 5304 ista
962 5249 1032 5304 de
1067 5250 1178 5304 Ι)εο
1202 5249 1679 5320 antltropOpatbos
1706 5249 1813 5305 dici
1842 5251 1998 5305 intel-

403 5339 677 5411 ligamus,
727 5357 832 5396 non
884 5340 1105 5413 proprie
1167 5342 1473 5397 secundum
1529 5342 1998 5397 inconvertibilem

397 5432 763 5490 substantiam
786 5433 928 5504 ejus,
951 5436 1050 5489 sed
1082 5434 1366 5489 translatis
1394 5433 1705 5489 nominibus
1728 5434 2004 5504 passibilts

397 5536 669 5584 creaturas
699 5526 767 5583 ad
795 5536 1101 5584 creaturam
1127 5542 1236 5583 non
1263 5528 1540 5583 conditam
1558 5568 1574 5595 ,
1604 5542 1704 5584 nec
1729 5536 1995 5601 creatam,

397 5619 497 5678 sed
526 5626 709 5694 potius
738 5620 986 5677 omnium
1009 5620 1393 5678 conditi-iectu.

983 5717 1216 5776 CAPUT
1253 5717 1401 5775 XXI.

477 5810 818 5887 Respondeas
841 5820 1015 5868 autem
1042 5808 1166 5882 Job,
1197 5811 1332 5867 dixit
1362 5828 1378 5863 :
1414 5808 1622 5883 Audite,
1653 5826 1859 5883 quaeso;
1890 5818 2000 5868 ser-‘-

2101 4689 2351 4745 divitiis?
2385 4690 2497 4745 Hoc
2519 4706 2676 4761 ergo,
2717 4690 2963 4761 inquam,
3018 4688 3271 4752 obsecro,
3323 4684 3708 4755 respondete:

2103 4781 2374 4850 Numquid
2402 4797 2526 4847 vos,
2554 4782 2647 4851 qui
2682 4781 2851 4837 Deum
2880 4791 3074 4836 contra
3105 4794 3193 4834 me
3216 4779 3421 4848 jusmm
3454 4773 3715 4831 defendi-

2105 4880 2176 4935 tis
2215 4879 2267 4932 in
2297 4878 2402 4933 hoc
2427 4877 2573 4946 loco,
2603 4876 2865 4947 injustum
2909 4874 3110 4929 notatis
3144 4891 3158 4928 :
3188 4884 3248 4927 ut
3292 4873 3343 4926 in
3371 4884 3462 4926 me
3488 4869 3711 4939 iniquus

2106 4972 2251 5026 ultor
2272 4971 2365 5038 sit,
2397 4980 2452 5026 et
2480 4971 2533 5026 in
2562 4970 2668 5025 niei
2698 4970 2965 5026 similibus
3001 4969 3267 5024 clemens.
3300 4964 3508 5020 Horum
3545 4963 3713 5034 igitur

2105 5064 2175 5121 de
2194 5065 2393 5136 quibus
2418 5079 2561 5121 nunc
2586 5064 2830 5134 loquitur
2849 5106 2863 5131 ,
2897 5062 3019 5117 ﬁnis
3047 5070 3105 5118 et
3129 5060 3386 5117 interitus
3418 5058 3530 5114 erit
3559 5071 3712 5113 mors

2103 5170 2328 5226 aeterna,
2353 5169 2409 5216 et
2437 5160 2670 5229 perditio
2693 5160 3014 5215 inferorum.

2188 5252 2553 5308 Verumtamen
2594 5254 2717 5323 quia
2760 5270 2866 5307 non
2895 5262 3014 5307 sunt
3056 5253 3113 5305 in
3152 5266 3310 5305 manu
3351 5263 3537 5305 eorum
3571 5246 3713 5303 bona

2104 5364 2202 5403 sua
2229 5363 2249 5402 :
2276 5346 2552 5401 consilium
2570 5345 2850 5413 impiorum
2875 5345 3026 5415 longe
3039 5344 3104 5398 sit
3131 5360 3165 5396 a
3184 5358 3285 5396 me.
3312 5341 3448 5410 Quia
3477 5355 3583 5411 pro
3604 5338 3711 5395 hac

2103 5441 2274 5512 gloria
2308 5454 2426 5506 sua,
2451 5449 2508 5494 et
2536 5438 2866 5507 temporaria
2894 5436 3029 5494 ﬂore
3055 5478 3071 5505 ,
3111 5448 3374 5508 perpetua
3406 5431 3710 5504 ignominia

2104 5547 2289 5590 coram
2321 5532 2530 5603 angelis
2560 5530 2875 5587 induentur.

2182 5626 2433 5695 Quotiens
2459 5624 2676 5680 lucerna
2711 5625 2989 5695 impiorum
3023 5622 3405 5692 exstinguetur,
3437 5627 3486 5674 et
3527 5635 3711 5690 super-

2106 5719 2267 5775 ueniet
2308 5720 2382 5775 eis
2435 5719 2731 5785 inundatio,
2773 5726 2823 5773 et
2863 5715 3066 5772 dolores
3113 5714 3306 5769 diuidet
3356 5712 3554 5783 furoris
3600 5711 3705 5767 sui.

2112 5809 2279 5868 Erunt
2304 5813 2437 5871 sicut
2470 5812 2634 5885 palea:
2667 5810 2997 5881 antcfaciem
3023 5807 3161 5866 uenti
3189 5849 3206 5877 ,
3250 5818 3297 5866 et
3346 5806 3482 5864 sicut
3528 5803 3709 5873 fauilla
