3948 6334
150 356 238 418 073
1058 344 1537 404 COMMENTARII
1585 345 1648 401 IN
1689 341 1948 401 LIBRUM
1989 342 2132 400 JOB.
2177 342 2330 400 CAP.
2375 339 2519 400 XXI.
3302 340 3412 400 674

153 481 279 536 quam
307 461 444 515 turbo
473 459 745 534 dispergit.
771 458 886 514 Lux
910 474 1039 517 vero
1059 461 1191 531 justi
1220 476 1468 531 semper:
1501 460 1623 530 quia
1651 460 1703 514 in
1732 462 1786 524 Α
1811 477 1923 513 rum
1948 462 1972 515 ?
2002 459 2328 531 lnlerrogate
2367 457 2640 528 quemlibet
2669 458 2734 512 de
2761 455 3069 520 viatoribus,
3109 465 3155 511 et
3196 457 3305 510 Iure
3330 473 3419 510 ea-

155 556 234 611 hac
262 563 400 609 nocte
425 555 634 618 stecnli,
669 553 891 608 lucerna
917 555 1036 609 tidei
1071 555 1220 610 nullo
1250 562 1414 609 vento
1447 553 1704 608 tentatio-
1811 553 1927 608 dem
1953 554 2101 607 illum
2127 552 2414 624 intelligere
2441 552 2780 622 cognoscetis.
2820 550 2956 618 Quia
2981 564 3111 620 ergo
3133 548 3201 604 de
3234 565 3320 605 me
3342 550 3416 604 ita

155 650 224 708 nis
241 648 612 716 exstinguitur,
637 655 692 701 et
715 648 823 702 illic
855 646 920 702 ad
945 648 1174 719 gloriam
1203 648 1519 717 sempiterni
1549 646 1711 700 lumi-
1811 649 2028 703 sentitis
2053 690 2069 717 ,
2113 648 2256 718 quod
2285 646 2652 702 damnationis
2681 662 2816 701 meae
2843 659 2986 701 nunc
3009 655 3223 714 tempus
3251 643 3416 700 adve-

154 743 223 799 nis
245 753 581 812 praparatur.
613 740 819 796 Lumen
861 755 994 797 vero
1031 740 1336 810 peccatoris
1362 740 1503 794 intra
1545 740 1710 795 breve
1812 741 1958 794 nerit
1988 757 2000 792 :
2037 756 2146 794 non
2185 741 2254 794 ita
2287 748 2394 804 est,
2427 739 2570 807 quod
2607 737 2868 794 definisse
2898 753 2995 794 vos
3034 738 3415 794 arbitramini:

154 843 334 904 tempus
361 832 480 886 vita:
509 830 872 902 entinguitur
902 850 915 886 :
947 832 1204 904 quoniam
1252 832 1580 887 transiturus
1627 839 1715 888 est

153 930 268 986 sicut
296 927 498 982 umbra.
528 925 650 981 Non
681 927 810 994 erit,
848 938 906 984 et
950 929 1134 984 veniet
1162 925 1378 998 impiis,
1431 927 1574 982 sicut
1613 925 1715 982 Job

156 1023 248 1092 ait,
293 1021 618 1078 inundatio:
661 1021 712 1076 id
759 1031 878 1086 est,
918 1021 1250 1078 abundantia
1293 1029 1712 1077 tormentorum.

156 1117 434 1186 Quibusque
479 1115 698 1171 dolores
727 1115 919 1170 dividit
975 1114 1172 1170 furoris
1201 1113 1305 1169 sui.
1327 1114 1520 1169 Procul
1551 1114 1718 1169 dubio

157 1213 276 1269 Deus
316 1211 536 1266 dolores
586 1209 798 1277 dividit,
852 1209 1010 1277 dixit,
1047 1224 1148 1280 pro
1196 1209 1298 1264 hoc
1350 1208 1495 1280 quod
1529 1222 1720 1280 ptenas

157 1305 411 1375 unicuique
436 1303 710 1358 retribuet
728 1310 786 1357 ut
808 1315 1072 1358 meretur.

214 1395 336 1452 Deus
358 1396 577 1452 servabit
599 1395 725 1466 ﬁliis
755 1395 902 1451 illius
926 1396 1157 1450 dolorm
1179 1395 1367 1467 patris,
1391 1403 1574 1449 etcum
1605 1392 1724 1447 red-

158 1492 340 1557 diderit,
361 1501 482 1544 tunc
511 1490 660 1544 sciet.
710 1489 938 1545 Diabolo
965 1499 1147 1545 servat
1172 1490 1497 1560 supplicium
1519 1487 1727 1558 gehen-

158 1599 354 1646 narnm.
401 1590 462 1637 ut
492 1599 615 1637 cum
661 1597 728 1637 eo
773 1582 847 1637 illi
898 1596 1036 1652 quos
1084 1582 1188 1636 sibi
1226 1581 1476 1652 exemplo
1508 1579 1726 1634 malitiae

162 1694 254 1736 sua:
299 1677 432 1733 lilios
463 1676 626 1742 fecit,
662 1675 870 1748 pariter
899 1677 1192 1747 puniantur
1222 1694 1235 1729 :
1268 1676 1412 1746 quod
1460 1675 1572 1729 Deo
1602 1672 1728 1728 red-

157 1772 310 1838 dente,
343 1781 495 1842 pater
520 1785 711 1825 eorum
736 1769 992 1825 diabolus
1019 1781 1146 1824 tunc
1192 1767 1351 1836 sciet,
1391 1767 1441 1822 id
1464 1774 1568 1832 est,
1603 1777 1730 1821 tunc

1813 837 1940 906 quia
1973 836 2088 890 haec
2121 835 2218 891 Dei
2251 834 2535 906 castigatio
2578 834 2930 905 temporalis,
2964 849 3072 889 non
3099 840 3185 888 est
3213 843 3424 889 (eterna

1819 929 2123 985 damnatio.

1895 1024 2032 1088 Quia
2061 1024 2113 1076 in
2145 1022 2281 1076 diem
2306 1021 2614 1090 perditionis
2636 1029 2872 1076 servatur
2905 1020 3097 1086 malus,
3117 1027 3162 1074 rt
3191 1020 3260 1074 ad
3287 1020 3429 1075 diem

1821 1117 2017 1188 furoris
2041 1117 2276 1169 ducetur.
2305 1116 2407 1184 Qui
2435 1125 2490 1170 et
2517 1114 2581 1170 ad
2615 1113 2758 1171 diem
2789 1113 2989 1169 furoris
3016 1114 3111 1170 Dei
3145 1113 3427 1168 ducendus

1821 1217 1926 1277 est,
1972 1217 2034 1264 ut
2061 1209 2298 1278 excipiat
2347 1208 2672 1263 sententiam
2704 1206 2898 1263 mortis
2951 1214 3196 1262 aeternae.
3241 1204 3427 1262 Sancti

1823 1303 1970 1358 enim
2011 1316 2205 1357 omnes
2251 1311 2402 1357 recte
2439 1301 2680 1356 viatores
2720 1317 2846 1357 esse
2876 1299 3161 1365 dicuntur,
3194 1300 3319 1372 quia
3369 1309 3431 1356 ut

1825 1395 2086 1466 expediti,
2137 1405 2190 1450 et
2240 1394 2454 1451 alacres
2501 1395 2882 1464 praetereundo
2933 1396 3234 1463 saeculum,
3283 1392 3432 1450 virili

1826 1488 2010 1543 animo
2039 1489 2255 1544 calcant
2282 1497 2479 1543 terram
2510 1503 2690 1552 suam,
2721 1488 3047 1544 festinanter
3078 1488 3436 1559 proﬁciscen-

1829 1591 1912 1638 tes
1941 1583 2004 1637 ad
2038 1582 2250 1638 beatam
2281 1584 2538 1653 patriam,
2570 1583 2755 1638 mundi
2783 1584 2942 1654 hujus
2971 1585 3073 1640 iter
3098 1585 3430 1641 laboriosum

1830 1677 2149 1730 coniiciunt.
2182 1676 2250 1730 lli
2282 1691 2411 1745 ergo
2442 1677 2533 1746 qui
2561 1675 2868 1731 ascendunt
2888 1675 2953 1730 ad
2977 1677 3239 1748 populum
3275 1692 3434 1748 pere-

1831 1767 2071 1839 grinum,
2117 1767 2229 1822 sive
2258 1770 2622 1837 succinctum,
2657 1768 2784 1822 ﬁdei
2817 1768 3004 1839 utique
3024 1769 3268 1838 cingulo,
3301 1785 3436 1825 con-

161 1866 332 1920 sentiet
365 1881 379 1918 :
409 1863 638 1934 quando
663 1877 784 1917 cum
820 1862 944 1915 liliis
976 1875 1162 1932 pmnas
1204 1860 1441 1932 patietur
1469 1870 1724 1915 aeternas.
1758 1862 1808 1924 B
1835 1872 1914 1918 tra
1966 1863 2378 1918 dissolutionem
2431 1863 2684 1917 vitiorum
2735 1863 2952 1918 lumbos
3001 1865 3206 1919 mentis
3257 1863 3439 1920 acciu-

225 1957 469 2013 Videbunt
491 1955 632 2012 oculi
660 1959 771 2030 ejus
820 1955 1230 2026 interfectionem
1266 1970 1432 2009 suam.
1475 1953 1603 2009 Sive
1635 1968 1732 2008 ne-

161 2067 255 2110 cem
276 2068 447 2119 suam,
484 2061 544 2106 ut
563 2051 659 2106 alii
685 2052 963 2107 dixerunt.
987 2050 1198 2120 Duplex
1226 2049 1374 2106 enim
1404 2059 1732 2106 tormentum

161 2155 246 2215 est,
273 2145 451 2201 videre
479 2160 674 2215 poenas
693 2159 828 2214 quas
854 2145 1158 2200 sustineas.

219 2238 280 2294 Et
297 2239 356 2293 de
382 2239 565 2308 furore
611 2238 977 2309 omnipotentis
1008 2239 1164 2293 bibet.
1192 2237 1316 2308 Ipse
1359 2246 1443 2292 est
1467 2236 1612 2291 calix
1641 2250 1739 2290 au-

165 2349 271 2392 reus
302 2333 516 2388 Domini
549 2333 605 2388 in
645 2348 809 2388 manu
840 2331 1156 2404 Babylonis.

226 2427 348 2494 Quid
377 2429 516 2482 enim
554 2427 623 2480 ad
655 2443 770 2480 eum
801 2426 1018 2498 pertinet
1043 2425 1107 2480 de
1153 2425 1308 2479 domo
1348 2440 1445 2478 sua
1486 2431 1599 2495 post
1640 2423 1743 2477 se?

167 2517 226 2577 Et
257 2521 294 2576 si
330 2537 576 2575 numerus
613 2521 870 2574 mensium
923 2523 1038 2592 ejus
1065 2518 1386 2572 dimidiotur.
1430 2517 1504 2571 De
1549 2517 1745 2572 eodem

171 2612 363 2668 diabolo
389 2613 551 2679 dicit,
584 2611 654 2668 de
690 2627 799 2683 quo
842 2612 1104 2668 Salomon
1135 2611 1207 2664 ait
1235 2628 1249 2665 :
1278 2608 1483 2680 Impius
1513 2625 1629 2663 cum
1659 2626 1746 2663 ve-

172 2708 285 2760 nerit
326 2707 373 2760 in
403 2705 729 2776 profundum
761 2705 1013 2758 malorum
1051 2719 1294 2765 suorum,
1332 2711 1388 2758 et
1420 2702 1709 2757 criminum
1731 2741 1746 2767 ,

175 2801 545 2872 desperatione
565 2801 867 2855 contemnit.
895 2798 1012 2854 .lam
1039 2799 1186 2854 enim
1211 2797 1361 2852 novit
1382 2813 1441 2852 se
1461 2812 1582 2851 cum
1614 2796 1748 2860 suis,

175 2897 250 2966 qui
271 2907 388 2951 sunt
413 2897 640 2964 domus,
672 2905 728 2950 et
750 2910 980 2966 regnum
1002 2893 1142 2964 ejus,
1163 2901 1425 2962 perpetuo
1451 2906 1574 2948 esse
1603 2891 1755 2946 dam-

175 2989 388 3044 nandum
416 3007 432 3044 :
466 2991 596 3061 quia
622 2988 768 3044 nulla
789 2998 875 3045 est
901 2988 1019 3058 ejus
1046 2988 1295 3042 voluntas
1322 2987 1545 3057 agenda:
1578 2984 1753 3056 paeni—

180 3083 365 3140 tentize.

245 3177 508 3249 Numquid
548 3174 720 3232 Deum
769 3175 974 3231 docebit
1019 3174 1273 3246 quispiam
1319 3172 1588 3228 scientiam
1619 3187 1636 3225 :
1667 3171 1756 3236 qui

1835 1968 1989 2030 gttnt.

1911 2051 2038 2118 Quis
2062 2057 2241 2120 arguet
2275 2065 2451 2103 coram
2493 2066 2578 2104 eos
2604 2050 2716 2105 vias
2745 2054 2894 2122 ejus,
2930 2059 2978 2105 et
3015 2067 3128 2119 qua
3154 2051 3295 2122 fecit,
3324 2050 3440 2122 quis

1837 2145 2017 2201 reddet
2045 2146 2171 2200 illi?
2199 2144 2426 2200 Videtur
2472 2146 2627 2210 mihi,
2654 2147 2796 2214 quod
2829 2145 2934 2202 Joh
2971 2149 3194 2217 proprie
3219 2147 3287 2202 de
3324 2146 3444 2201 dia-

1842 2238 1965 2294 bolo
1995 2239 2232 2294 dixerit:
2267 2237 2391 2294 lieet
2417 2248 2471 2293 et
2498 2240 2832 2309 generaliter
2863 2241 2931 2296 de
2962 2242 3220 2300 omnibus
3252 2255 3446 2313 pecca~

1844 2332 2053 2387 toribus
2097 2332 2274 2403 possit
2315 2330 2568 2401 intelligi.
2617 2332 2750 2399 Quis
2785 2335 3067 2389 hominum
3098 2349 3221 2390 eum
3263 2343 3448 2404 potest

1845 2441 2072 2497 arguere
2100 2436 2321 2496 propter
2351 2429 2492 2480 viam
2515 2425 2634 2496 ejus
2664 2427 3114 2496 pollutissimam,
3161 2445 3258 2498 per
3282 2445 3445 2499 quam

1847 2529 2018 2576 totum
2069 2519 2327 2574 mundum
2363 2519 2570 2589 ingredi
2620 2520 2746 2575 fecit
2779 2539 2790 2574 :
2824 2527 2920 2576 aut
2966 2522 3198 2577 reddere
3241 2520 3291 2576 ei
3325 2536 3449 2592 quae

1851 2623 2100 2666 creatura
2131 2611 2332 2681 poterit
2358 2609 2500 2681 quod
2536 2621 2810 2681 meretur,
2846 2614 2947 2668 nisi
2978 2613 3070 2669 ille
3091 2613 3246 2670 solus
3275 2629 3450 2684 agnus

1851 2706 1973 2772 Dei,
2005 2707 2093 2775 qui
2130 2714 2407 2774 peccatum
2440 2721 2546 2761 non
2580 2707 2740 2776 fecit,
2781 2723 2881 2763 nec
2902 2709 3064 2764 dolus
3088 2707 3342 2764 inventus
3367 2716 3452 2764 est

1852 2799 1910 2854 in
1938 2814 2033 2854 ore
2055 2799 2194 2868 ejus.

1926 2895 1952 2950 Ι
1962 2911 2049 2966 pse
2074 2895 2142 2950 ad
2161 2897 2401 2967 sepulcra
2431 2896 2668 2950 ducetur.
2701 2893 2780 2950 Ad
2808 2903 3037 2952 mortem
3065 2895 3320 2953 videlicet
3340 2903 3458 2953 tor-

1858 3000 2164 3046 mentorum
2193 3006 2208 3048 :
2233 3006 2392 3061 quant
2420 2990 2534 3060 ipse
2558 2989 2869 3046 hominibus
2897 2991 3076 3047 intulit
3102 2993 3153 3047 in
3179 2991 3372 3061 Adam,
3398 3001 3454 3048 et

1859 3083 1976 3153 ipse
2001 3083 2066 3136 ad
2093 3082 2297 3138 inferos
2328 3083 2633 3147 ducendus,
2667 3093 2724 3138 ut
2749 3083 2861 3139 illic
2883 3095 3150 3154 perpetuo
3179 3085 3460 3156 puniatur.

1938 3174 2003 3229 Et
2032 3177 2085 3230 in
2116 3179 2355 3249 congerie
2383 3188 2709 3232 mortuorum
2739 3176 2997 3250 vigilabit.
3041 3178 3112 3234 Et
3142 3179 3268 3235 licet
3309 3179 3461 3235 dam-

177 3273 386 3327 excelsos
427 3271 688 3347 judicat?
723 3271 823 3340 Qui
855 3273 999 3327 enim
1030 3270 1100 3326 de
1143 3269 1373 3326 excelsis
1401 3277 1563 3339 atque
1593 3268 1764 3323 subli-
1788 3253 1834 3318 C
1868 3269 2080 3324 nandus
2127 3269 2195 3324 ad
2247 3285 2436 3341 patrias
2465 3269 2748 3327 ducendus
2794 3273 2867 3328 sit
2899 3289 2914 3327 :
2945 3272 3037 3329 sed
3069 3285 3250 3330 tamen
3291 3283 3470 3332 morte

178 3366 340 3422 mibus
391 3365 760 3438 potestatibus
805 3364 1121 3435 angelorum
1159 3361 1327 3417 habet
1373 3362 1578 3432 justum
1621 3357 1766 3431 judi-
1870 3361 2152 3418 hominum
2183 3364 2461 3434 gaudens,
2506 3365 2572 3419 ad
2608 3365 2924 3421 intuendum
2967 3369 3284 3424 eorumdem
3327 3385 3476 3425 mor-

183 3457 305 3514 cium
339 3477 354 3516 :
385 3457 851 3532 quemadmodum
881 3473 913 3512 a
941 3471 1214 3528 quoquam
1249 3454 1433 3511 doceri
1461 3456 1681 3526 poterit,
1712 3463 1768 3508 ut
1870 3462 2084 3509 tuorum
2109 3456 2442 3525 congeriem,
2477 3455 2626 3510 omni
2655 3456 2956 3512 alacritatis
2994 3457 3278 3528 instantia,
3309 3459 3361 3515 in
3385 3475 3475 3516 eo-

183 3551 230 3608 in
271 3555 348 3608 liis
392 3569 522 3623 quae
564 3568 729 3624 supra
763 3553 1019 3620 diximus,
1044 3555 1217 3623 possit
1246 3553 1364 3622 ejus
1389 3550 1647 3621 judicium
1680 3564 1764 3606 re-
1873 3564 1992 3604 rum
2045 3547 2268 3603 interitu
2314 3547 2608 3620 vigilabit:
2639 3549 2724 3605 vel
2773 3558 2924 3606 certe
2962 3565 3183 3624 semper
3231 3554 3376 3610 vivet
3421 3554 3476 3611 in

187 3646 426 3717 prehendi
446 3647 478 3702 ?
1875 3648 2133 3696 mortem.

247 3740 352 3797 Iste
371 3739 876 3806 nioriturrobustus,
894 3748 943 3795 et
962 3737 1300 3807 sanus,dives
1321 3747 1367 3791 et
1391 3737 1519 3808 felix
1540 3753 1558 3790 :
1582 3737 1777 3790 viscera
1949 3731 2134 3788 Dulcis
2166 3734 2267 3805 fuit
2290 3734 2482 3805 glaries
2511 3733 2710 3806 Cocyti.
2740 3735 3010 3809 Cocytum
3050 3737 3348 3794 inferorum
3381 3739 3486 3795 flu-

189 3836 294 3907 ejus
316 3837 469 3907 plena
496 3842 623 3889 sunt
652 3833 831 3902 adipe,
861 3843 907 3888 et
948 3830 1192 3886 medullis
1222 3847 1340 3885 ossa
1369 3831 1512 3885 illius
1554 3830 1778 3902 irrigan-
1879 3826 2030 3882 vium
2061 3842 2183 3882 esse
2211 3827 2419 3882 dicunt.
2465 3825 2574 3883 Nos
2603 3839 2786 3884 autem
2841 3830 2892 3884 in
2942 3833 3239 3902 Scripturis
3285 3831 3488 3889 divinis

191 3935 286 3986 tur.
321 3928 470 3984 Alius
516 3943 640 3982 vero
689 3927 909 3980 moritur
946 3925 1000 3979 in
1043 3922 1396 3978 amaritudine
1437 3923 1629 3977 anima:
1672 3937 1782 3975 sua:
1883 3925 2134 3979 eumdem
2194 3921 2447 3990 ﬂuvium,
2499 3933 2832 3993 torrentem,
2881 3931 3135 3995 puteum,
3177 3925 3486 3996 caminum,

192 4021 368 4093 absque
413 4023 543 4077 ullis
571 4019 775 4094 opibus,
809 4028 859 4074 et
899 4030 1072 4074 tamen
1119 4015 1275 4072 simul
1321 4016 1377 4069 in
1424 4015 1633 4088 pulvere
1662 4015 1783 4068 dor-
1885 4015 2064 4087 ignem
2099 4022 2393 4080 aeternum,
2423 4015 2622 4081 lacum,
2646 4025 2919 4086 stagnum,
2947 4015 3174 4082 legimus
3197 4026 3250 4070 et
3285 4015 3493 4088 gehen-

192 4116 358 4185 ntient,
389 4130 438 4171 et
471 4130 674 4171 vermes
696 4113 925 4181 operient
952 4127 1060 4166 eos.
1093 4109 1382 4165 Beatorum
1415 4108 1467 4162 in
1499 4107 1603 4163 hoc
1630 4123 1787 4163 mun-
1888 4107 2366 4166 nam.Glarearum
2394 4121 2524 4164 vero
2545 4107 2764 4164 nomine
2788 4109 2902 4180 ipsa
2931 4107 3112 4164 ollicia
3143 4119 3492 4178 tartarorum,

197 4208 281 4276 do,
304 4223 356 4266 et
388 4211 692 4266 infelicium
740 4209 792 4262 in
825 4207 927 4262 hac
955 4207 1086 4272 vita,
1131 4216 1478 4259 communem
1510 4199 1642 4258 dicit
1665 4215 1786 4256 esse
1891 4200 2171 4256 ministros
2198 4213 2419 4270 quoque
2447 4213 2727 4268 ptenarum
2760 4197 3111 4255 infernalium
3135 4201 3344 4257 vinctos
3376 4212 3493 4257 tor-

195 4305 560 4361 conditionem
595 4302 883 4368 :Viscera,
932 4300 1049 4356 sive
1103 4299 1350 4352 intestina
1403 4297 1546 4366 ejus,
1593 4304 1653 4350 ut
1698 4294 1786 4348 alii
1894 4304 2200 4349 mentorum
2233 4291 2368 4346 locis
2410 4291 2667 4346 existimo
2695 4291 3010 4362 signiﬁcari,
3063 4301 3118 4348 et
3163 4292 3367 4349 dictum
3417 4303 3502 4350 est

200 4396 469 4467 dixerunt,
498 4398 663 4469 plena
691 4393 872 4466 adipe,
912 4400 970 4450 et
999 4391 1256 4447 medullis
1303 4404 1429 4445 ossa
1476 4389 1625 4443 illius
1668 4387 1792 4443 irri-
1895 4386 2047 4458 quasi
2080 4401 2177 4456 per
2208 4385 2458 4450 ironiam,
2489 4401 2556 4441 eo
2601 4384 2745 4456 quod
2776 4384 3089 4442 desiderent
3133 4386 3310 4454 illum,
3341 4396 3502 4458 atque

199 4501 404 4561 gantur.
456 4491 616 4545 Alius
665 4500 796 4542 vero
841 4484 1072 4540 moritur
1104 4483 1156 4537 in
1193 4479 1553 4536 amaritudine
1599 4479 1795 4534 animte
1897 4488 2156 4552 exoptem
2186 4479 2525 4536 habitatores
2548 4479 2867 4549 inferorum,
2901 4491 2960 4535 ut
2983 4482 3189 4553 puniat,
3223 4484 3364 4540 etde
3386 4485 3506 4555 ejus

203 4587 399 4660 absque
431 4585 563 4642 ullis
591 4583 787 4653 opibus
817 4599 832 4636 :
863 4590 919 4636 et
949 4589 1128 4635 tamen
1155 4577 1316 4632 simul
1347 4577 1400 4630 in
1424 4574 1646 4644 pulvere
1673 4572 1798 4628 dor-
1822 4656 1859 4660 _
1899 4571 2122 4628 interitu
2153 4581 2488 4628 saturentur.
2521 4571 2615 4627 Vel
2645 4583 2794 4629 certe
2819 4571 2993 4630 dulcis
3023 4574 3123 4630 fuit
3145 4577 3304 4632 morti
3340 4595 3351 4631 :
3380 4579 3508 4649 quia

204 4656 402 4747 mit-nt,
447 4689 509 4735 et
533 4689 750 4732 vermes
779 4671 1025 4743 operient
1053 4684 1168 4726 eos.
1199 4667 1255 4723 In
1295 4667 1398 4722 hac
1428 4665 1596 4736 igitur
1621 4664 1795 4720 conti—
1822 4656 1877 4718 D
1902 4676 2009 4722 tam
2041 4668 2359 4722 innumeros
2385 4669 2435 4722 ei
2469 4668 2698 4738 populos
2737 4670 3043 4740 acquisivit.

205 4772 380 4828 nantia
423 4768 712 4826 sermonis
743 4764 902 4836 hujus
931 4761 1034 4819 iste
1059 4776 1254 4818 sensus
1283 4769 1368 4815 est
1398 4775 1412 4813 :
1444 4757 1587 4829 quod
1615 4756 1669 4812 in
1698 4756 1802 4812 hoc
1981 4758 2045 4812 Et
2077 4769 2190 4831 post
2237 4774 2294 4814 se
2333 4775 2532 4814 omnem
2559 4758 2820 4816 hominem
2853 4763 3043 4818 trahet.
3073 4764 3174 4834 Qui
3215 4768 3515 4828 imitatione

206 4866 402 4922 mundo
424 4863 591 4936 justi,
623 4870 683 4915 et
703 4867 1022 4930 peccatores
1053 4854 1428 4911 indiﬂ’erenter
1448 4852 1633 4907 vivant
1661 4869 1675 4905 :
1707 4850 1803 4907 sed
1909 4855 2214 4924 exemplum
2235 4853 2354 4924 ejus
2387 4863 2689 4925 sequuntur
2722 4875 2736 4910 :
2765 4856 2878 4913 sive
2909 4868 3029 4928 post
3066 4876 3126 4917 se
3157 4879 3373 4920 omnem
3414 4867 3518 4921 lio-

209 4956 320 5015 haec
348 4956 654 5013 diversitas
696 4949 1082 5008 commutanda
1113 4949 1184 5003 sit
1227 4947 1278 5002 in
1321 4946 1550 5002 futuro:
1582 4946 1718 5001 sicut
1750 4946 1805 5000 in
1910 4949 2111 5004 minem
2165 4947 2366 5016 trahit,
2409 4950 2710 5006 secundum
2752 4952 3256 5022 prasvarieationem
3297 4943 3519 5017 humani

209 5051 299 5108 illo
325 5050 512 5107 divite
534 5048 736 5104 factum
763 5052 869 5110 est,
899 5053 954 5100 et
985 5042 1038 5098 in
1061 5041 1266 5098 Lazaro
1292 5056 1550 5111 paupere.
1911 5042 2134 5113 generis
2177 5041 2228 5096 in
2271 5040 2469 5098 Adam.

276 5145 428 5200 Certe
466 5143 590 5199 novi
634 5140 981 5212 cogitationes
1003 5146 1214 5199 vestras,
1249 5142 1296 5189 et
1326 5135 1603 5189 sententias
1632 5139 1812 5187 contra
1991 5133 2061 5187 Et
2107 5142 2224 5188 ante
2269 5151 2322 5189 se
2371 5135 2790 5192 innumerabiles.
2821 5137 2977 5205 Quod
3008 5137 3309 5212 deceperit,
3345 5150 3399 5199 et
3428 5158 3525 5203 eos

210 5254 288 5293 me
320 5239 558 5310 iniquas.
590 5233 735 5305 Ergo
762 5242 911 5287 recte
944 5229 1170 5294 deﬁnio,
1203 5227 1399 5297 inquit,
1428 5224 1574 5296 quod
1604 5225 1816 5295 perspi-
1919 5237 2211 5282 secuturus
2241 5227 2518 5296 prasmittit
2545 5229 2614 5283 ad
2644 5243 2854 5300 poenas.

215 5333 333 5389 citis
366 5352 379 5387 :
413 5332 548 5402 quia
579 5344 686 5384 una
713 5327 786 5383 sit
811 5328 862 5380 in
896 5325 1000 5383 hoc
1043 5323 1267 5387 saeculo,
1297 5331 1352 5378 et
1383 5322 1658 5395 peccatori
1701 5336 1818 5376 mo-
1999 5322 2273 5392 Quomodo
2293 5322 2809 5395 igiturconsolamini
2831 5341 2912 5381 me
2931 5326 3282 5397 frustra,cum
3313 5345 3532 5402 respon-

214 5426 390 5484 riendi
422 5423 694 5488 conditio,
728 5430 784 5478 et
814 5429 1027 5478 sancto.
1054 5417 1155 5486 Qui
1185 5429 1366 5474 tamen
1393 5428 1581 5488 postea
1607 5415 1816 5486 disjun-
1924 5419 2002 5473 sio
2033 5429 2198 5474 vestra
2217 5434 2514 5490 repugnare
2541 5431 2747 5474 ostensa
2771 5419 2838 5473 sit
2861 5419 3063 5473 veritati
3081 5422 3107 5475 ?
3134 5420 3191 5475 In
3235 5422 3338 5479 hoc
3361 5426 3533 5482 versi-

216 5519 400 5591 gendi,
435 5527 504 5574 ut
539 5517 605 5573 ad
643 5515 924 5588 praemium
978 5520 1256 5568 mutentur
1290 5510 1421 5581 justi
1462 5527 1476 5566 :
1508 5520 1825 5580 peccatores
1929 5511 2054 5568 culo
2076 5527 2297 5567 omnem
2323 5511 2739 5568 altercationem
2769 5511 3152 5582 disputationis
3179 5529 3292 5571 sua:
3313 5519 3538 5575 conclu-

219 5627 349 5670 vero
378 5612 451 5668 ad
485 5607 810 5682 supplicium
833 5607 1134 5676 rapiantur.
1171 5603 1276 5662 Vos
1305 5618 1437 5660 vero
1467 5603 1519 5658 in
1557 5603 1826 5659 insontem
1933 5607 2043 5661 sit:
2073 5607 2282 5662 amicos
2320 5621 2468 5675 suos,
2525 5605 2669 5677 quod
2715 5607 2837 5662 sine
2875 5620 3036 5662 causa
3075 5621 3265 5667 contra
3300 5629 3423 5668 eum
3466 5615 3538 5672 de

221 5703 471 5778 iniquam
498 5702 641 5759 dans
669 5699 1015 5759 θεηιεηιίηιη,
1935 5699 2197 5771 praedicta
2224 5698 2434 5755 ratione
2471 5698 2776 5761 decertent,
2804 5699 3074 5756 convincit
3102 5719 3116 5755 :
3149 5717 3271 5759 cum
3314 5705 3384 5760 illi
3429 5707 3538 5763 dif-

294 5797 368 5855 Et
391 5796 749 5852 dicitisenim.
768 5791 1486 5861 Insultantesmihi,meque
1511 5787 1824 5845 irridentes.
1938 5791 2114 5847 fidunt
2139 5791 2356 5862 impios,
2400 5800 2456 5847 et
2482 5798 2798 5861 peccatores
2849 5795 2902 5848 in
2939 5794 3041 5850 lioc
3090 5797 3295 5853 mundo
3332 5801 3537 5870 puniri,

304 5892 408 5948 Ubi
442 5900 527 5947 est
563 5890 748 5946 domus
773 5888 1040 5959 principis,
1065 5888 1125 5959 ,ct
1151 5884 1238 5938 ubi
1267 5882 1601 5939 tabernacula
1643 5884 1831 5955 impio-
1937 5878 2079 5942 inter
2122 5899 2257 5954 quos
2284 5894 2342 5940 et
2368 5884 2540 5955 ipsum
2567 5882 2936 5943 condemnant
2960 5901 2978 5948 :
3006 5886 3099 5946 ille
3127 5888 3400 5950 convincit
3423 5909 3542 5972 eos,
