  <div class='ocr_page' id='page_1' title='image "/cluster/home/n/w/nwhite01/storage/ocr_20150623/26/hvd.32044015471402/345.png"; bbox 0 0 3948 6334; ppageno 0'>
   <div class='ocr_carea' id='block_1_1' title="bbox 424 321 3702 419">
    <p class='ocr_par' dir='ltr' id='par_1_1' title="bbox 424 321 3702 419">
     <span class='ocr_line' id='line_1_1' title="bbox 424 321 3702 419; baseline -0.013 0"><span class='ocrx_word' id='word_1_1' title='bbox 424 360 534 419; x_wconf 80' lang='lat'><strong>679</strong></span> <span class='ocrx_word' id='word_1_2' title='bbox 1185 341 1532 406; x_wconf 79' lang='lat' dir='ltr'><strong>APPENDIX</strong></span> <span class='ocrx_word' id='word_1_3' title='bbox 1563 341 1654 400; x_wconf 82' lang='lat' dir='ltr'><strong>AD</strong></span> <span class='ocrx_word' id='word_1_4' title='bbox 1694 335 1940 397; x_wconf 73' lang='lat' dir='ltr'><strong>TOMUM</strong></span> <span class='ocrx_word' id='word_1_5' title='bbox 1980 328 2334 393; x_wconf 82' lang='lat' dir='ltr'><strong>SEPTIMUM</strong></span> <span class='ocrx_word' id='word_1_6' title='bbox 2375 331 2434 390; x_wconf 90' lang='lat' dir='ltr'><strong>S.</strong></span> <span class='ocrx_word' id='word_1_7' title='bbox 2477 328 2882 390; x_wconf 76' lang='lat' dir='ltr'><strong>lllERONYMl.</strong></span> <span class='ocrx_word' id='word_1_8' title='bbox 3602 321 3702 380; x_wconf 78' lang='lat'><strong>680</strong></span> 
     </span>
    </p>
   </div>
   <div class='ocr_carea' id='block_1_2' title="bbox 426 439 3702 535">
    <p class='ocr_par' dir='ltr' id='par_1_2' title="bbox 426 439 3702 535">
     <span class='ocr_line' id='line_1_2' title="bbox 426 439 3702 535; baseline -0.013 -1"><span class='ocrx_word' id='word_1_9' title='bbox 426 479 499 535; x_wconf 88' lang='lat' dir='ltr'><strong>tis</strong></span> <span class='ocrx_word' id='word_1_10' title='bbox 525 470 1012 532; x_wconf 85' lang='lat' dir='ltr'><strong>castiﬁcationibtts</strong></span> <span class='ocrx_word' id='word_1_11' title='bbox 1055 481 1293 534; x_wconf 84' lang='lat' dir='ltr'><strong>morum,</strong></span> <span class='ocrx_word' id='word_1_12' title='bbox 1321 470 1544 520; x_wconf 89' lang='lat' dir='ltr'><strong>sanctus</strong></span> <span class='ocrx_word' id='word_1_13' title='bbox 1575 459 1663 515; x_wconf 86' lang='lat' dir='ltr'><strong>hic</strong></span> <span class='ocrx_word' id='word_1_14' title='bbox 1690 457 1792 514; x_wconf 81' lang='lat' dir='ltr'><strong>Job</strong></span> <span class='ocrx_word' id='word_1_15' title='bbox 1831 453 2020 526; x_wconf 70' lang='lat' dir='ltr'><strong>puriﬁ~</strong></span> <span class='ocrx_word' id='word_1_16' title='bbox 2047 452 2105 513; x_wconf 78' lang='grc' dir='ltr'>Α</span> <span class='ocrx_word' id='word_1_17' title='bbox 2126 451 2321 517; x_wconf 89' lang='lat' dir='ltr'><strong>serias,</strong></span> <span class='ocrx_word' id='word_1_18' title='bbox 2355 449 2608 506; x_wconf 98' lang='lat' dir='ltr'><strong>tenebras</strong></span> <span class='ocrx_word' id='word_1_19' title='bbox 2628 445 2940 518; x_wconf 76' lang='lat' dir='ltr'><strong>appellavit,</strong></span> <span class='ocrx_word' id='word_1_20' title='bbox 2990 456 3125 515; x_wconf 89' lang='lat' dir='ltr'><strong>quas</strong></span> <span class='ocrx_word' id='word_1_21' title='bbox 3150 440 3302 498; x_wconf 90' lang='lat' dir='ltr'><strong>velut</strong></span> <span class='ocrx_word' id='word_1_22' title='bbox 3329 439 3517 496; x_wconf 85' lang='lat' dir='ltr'><strong>ruinas</strong></span> <span class='ocrx_word' id='word_1_23' title='bbox 3537 439 3702 496; x_wconf 82' lang='lat' dir='ltr'><strong>subito</strong></span> 
     </span>
    </p>
   </div>
   <div class='ocr_carea' id='block_1_3' title="bbox 427 531 3712 629">
    <p class='ocr_par' dir='ltr' id='par_1_3' title="bbox 427 531 3712 629">
     <span class='ocr_line' id='line_1_3' title="bbox 427 531 3712 629; baseline -0.014 0"><span class='ocrx_word' id='word_1_24' title='bbox 427 581 614 629; x_wconf 89' lang='lat' dir='ltr'><strong>catum</strong></span> <span class='ocrx_word' id='word_1_25' title='bbox 647 586 706 626; x_wconf 88' lang='lat' dir='ltr'><strong>se</strong></span> <span class='ocrx_word' id='word_1_26' title='bbox 733 569 870 624; x_wconf 88' lang='lat' dir='ltr'><strong>dicit</strong></span> <span class='ocrx_word' id='word_1_27' title='bbox 897 565 1174 622; x_wconf 76' lang='lat' dir='ltr'><strong>habuisse.</strong></span> <span class='ocrx_word' id='word_1_28' title='bbox 1279 531 1287 534; x_wconf 27' lang='grc'>⁷</span> <span class='ocrx_word' id='word_1_29' title='bbox 2137 545 2499 610; x_wconf 79' lang='lat' dir='ltr'><strong>imminentes,</strong></span> <span class='ocrx_word' id='word_1_30' title='bbox 2528 541 2630 596; x_wconf 87' lang='lat' dir='ltr'><strong>sibi</strong></span> <span class='ocrx_word' id='word_1_31' title='bbox 2659 541 2840 595; x_wconf 87' lang='lat' dir='ltr'><strong>dicere</strong></span> <span class='ocrx_word' id='word_1_32' title='bbox 2861 538 3053 603; x_wconf 90' lang='lat' dir='ltr'><strong>voluit,</strong></span> <span class='ocrx_word' id='word_1_33' title='bbox 3092 535 3172 592; x_wconf 89' lang='lat' dir='ltr'><strong>eis</strong></span> <span class='ocrx_word' id='word_1_34' title='bbox 3199 547 3377 589; x_wconf 90' lang='lat' dir='ltr'><strong>tamen</strong></span> <span class='ocrx_word' id='word_1_35' title='bbox 3426 531 3712 588; x_wconf 87' lang='lat' dir='ltr'><strong>insistenti-</strong></span> 
     </span>
    </p>
   </div>
   <div class='ocr_carea' id='block_1_4' title="bbox 507 624 3714 736">
    <p class='ocr_par' dir='ltr' id='par_1_4' title="bbox 507 624 3714 736">
     <span class='ocr_line' id='line_1_4' title="bbox 507 624 3714 736; baseline -0.014 -13"><span class='ocrx_word' id='word_1_36' title='bbox 507 668 710 724; x_wconf 87' lang='lat' dir='ltr'><strong>Ponam</strong></span> <span class='ocrx_word' id='word_1_37' title='bbox 737 681 914 720; x_wconf 88' lang='lat' dir='ltr'><strong>coram</strong></span> <span class='ocrx_word' id='word_1_38' title='bbox 944 679 1001 717; x_wconf 87' lang='lat' dir='ltr'><strong>eo</strong></span> <span class='ocrx_word' id='word_1_39' title='bbox 1016 659 1299 736; x_wconf 88' lang='lat' dir='ltr'><strong>judicium.</strong></span> <span class='ocrx_word' id='word_1_40' title='bbox 1326 655 1624 719; x_wconf 85' lang='lat' dir='ltr'><strong>Judicium,</strong></span> <span class='ocrx_word' id='word_1_41' title='bbox 1649 649 1846 721; x_wconf 90' lang='lat' dir='ltr'><strong>inquit,</strong></span> <span class='ocrx_word' id='word_1_42' title='bbox 1867 645 2030 717; x_wconf 83' lang='lat' dir='ltr'><strong>justi-</strong></span> <span class='ocrx_word' id='word_1_43' title='bbox 2138 637 2241 692; x_wconf 89' lang='lat' dir='ltr'><strong>bus</strong></span> <span class='ocrx_word' id='word_1_44' title='bbox 2289 635 2416 703; x_wconf 86' lang='lat' dir='ltr'><strong>sibi,</strong></span> <span class='ocrx_word' id='word_1_45' title='bbox 2470 636 2569 702; x_wconf 92' lang='lat' dir='ltr'><strong>ait,</strong></span> <span class='ocrx_word' id='word_1_46' title='bbox 2613 633 2998 706; x_wconf 62' lang='lat' dir='ltr'><strong>desperatione</strong></span> <span class='ocrx_word' id='word_1_47' title='bbox 3037 645 3145 686; x_wconf 90' lang='lat' dir='ltr'><strong>non</strong></span> <span class='ocrx_word' id='word_1_48' title='bbox 3177 629 3314 700; x_wconf 86' lang='lat' dir='ltr'><strong>perii</strong></span> <span class='ocrx_word' id='word_1_49' title='bbox 3342 645 3354 680; x_wconf 75' lang='grc' dir='ltr'>ε</span> <span class='ocrx_word' id='word_1_50' title='bbox 3381 641 3481 682; x_wconf 89' lang='lat' dir='ltr'><strong>nec</strong></span> <span class='ocrx_word' id='word_1_51' title='bbox 3538 624 3714 678; x_wconf 80' lang='lat' dir='ltr'><strong>faciem</strong></span> 
     </span>
    </p>
   </div>
   <div class='ocr_carea' id='block_1_5' title="bbox 431 716 3720 833">
    <p class='ocr_par' dir='ltr' id='par_1_5' title="bbox 431 716 3720 833">
     <span class='ocr_line' id='line_1_5' title="bbox 431 716 3720 833; baseline -0.015 -12"><span class='ocrx_word' id='word_1_52' title='bbox 431 764 524 821; x_wconf 68' lang='lat' dir='ltr'><strong>tite</strong></span> <span class='ocrx_word' id='word_1_53' title='bbox 556 775 661 819; x_wconf 79' lang='lat' dir='ltr'><strong>tua:</strong></span> <span class='ocrx_word' id='word_1_54' title='bbox 713 773 912 833; x_wconf 90' lang='lat' dir='ltr'><strong>ponam</strong></span> <span class='ocrx_word' id='word_1_55' title='bbox 969 716 1038 812; x_wconf 36' lang='lat' dir='ltr'><strong>in;</strong></span> <span class='ocrx_word' id='word_1_56' title='bbox 1076 763 1370 823; x_wconf 82' lang='lat' dir='ltr'><strong>conspectu</strong></span> <span class='ocrx_word' id='word_1_57' title='bbox 1427 748 1525 803; x_wconf 86' lang='lat' dir='ltr'><strong>Dei</strong></span> <span class='ocrx_word' id='word_1_58' title='bbox 1572 716 1700 810; x_wconf 84' lang='lat' dir='ltr'><strong>mei,</strong></span> <span class='ocrx_word' id='word_1_59' title='bbox 1727 716 2033 798; x_wconf 78' lang='lat' dir='ltr'><strong>secundum</strong></span> <span class='ocrx_word' id='word_1_60' title='bbox 2138 728 2337 785; x_wconf 90' lang='lat' dir='ltr'><strong>mentis</strong></span> <span class='ocrx_word' id='word_1_61' title='bbox 2389 743 2526 784; x_wconf 82' lang='lat' dir='ltr'><strong>meae</strong></span> <span class='ocrx_word' id='word_1_62' title='bbox 2595 725 2898 782; x_wconf 90' lang='lat' dir='ltr'><strong>inﬁdelitas</strong></span> <span class='ocrx_word' id='word_1_63' title='bbox 2945 721 3252 781; x_wconf 66' lang='lat' dir='ltr'><strong>excascavit</strong></span> <span class='ocrx_word' id='word_1_64' title='bbox 3283 765 3300 791; x_wconf 88' lang='lat'><strong>,</strong></span> <span class='ocrx_word' id='word_1_65' title='bbox 3365 718 3453 775; x_wconf 82' lang='lat' dir='ltr'><strong>vel</strong></span> <span class='ocrx_word' id='word_1_66' title='bbox 3511 716 3720 789; x_wconf 84' lang='lat' dir='ltr'><strong>negatio</strong></span> 
     </span>
    </p>
   </div>
   <div class='ocr_carea' id='block_1_6' title="bbox 434 823 2262 924">
    <p class='ocr_par' dir='ltr' id='par_1_6' title="bbox 434 823 2262 924">
     <span class='ocr_line' id='line_1_6' title="bbox 434 823 2262 924; baseline -0.019 -10"><span class='ocrx_word' id='word_1_67' title='bbox 434 858 573 917; x_wconf 89' lang='lat' dir='ltr'><strong>illud</strong></span> <span class='ocrx_word' id='word_1_68' title='bbox 610 823 731 911; x_wconf 65' lang='lat' dir='ltr'><strong>:Al;</strong></span> <span class='ocrx_word' id='word_1_69' title='bbox 757 849 1078 924; x_wconf 85' lang='lat' dir='ltr'><strong>ipsojudicii</strong></span> <span class='ocrx_word' id='word_1_70' title='bbox 1107 849 1221 920; x_wconf 89' lang='lat' dir='ltr'><strong>ejus</strong></span> <span class='ocrx_word' id='word_1_71' title='bbox 1266 849 1560 913; x_wconf 67' lang='lat' dir='ltr'><strong>(equitatem</strong></span> <span class='ocrx_word' id='word_1_72' title='bbox 1599 837 1884 908; x_wconf 80' lang='lat' dir='ltr'><strong>requiram.</strong></span> <span class='ocrx_word' id='word_1_73' title='bbox 1933 832 2038 886; x_wconf 86' lang='lat' dir='ltr'><strong>Ta-</strong></span> <span class='ocrx_word' id='word_1_74' title='bbox 2141 823 2262 880; x_wconf 89' lang='lat' dir='ltr'><strong>Dei.</strong></span> 
     </span>
    </p>
   </div>
   <div class='ocr_carea' id='block_1_7' title="bbox 435 926 3171 1021">
    <p class='ocr_par' dir='ltr' id='par_1_7' title="bbox 435 926 3171 1021">
     <span class='ocr_line' id='line_1_7' title="bbox 435 926 3171 1021; baseline -0.012 -12"><span class='ocrx_word' id='word_1_75' title='bbox 435 969 563 1009; x_wconf 88' lang='lat' dir='ltr'><strong>meo</strong></span> <span class='ocrx_word' id='word_1_76' title='bbox 613 950 932 1021; x_wconf 83' lang='lat' dir='ltr'><strong>priusquam</strong></span> <span class='ocrx_word' id='word_1_77' title='bbox 977 945 1049 998; x_wconf 86' lang='lat' dir='ltr'><strong>sit</strong></span> <span class='ocrx_word' id='word_1_78' title='bbox 1093 941 1215 1012; x_wconf 88' lang='lat' dir='ltr'><strong>ejus</strong></span> <span class='ocrx_word' id='word_1_79' title='bbox 1246 939 1299 994; x_wconf 93' lang='lat' dir='ltr'><strong>in</strong></span> <span class='ocrx_word' id='word_1_80' title='bbox 1350 951 1438 991; x_wconf 90' lang='lat' dir='ltr'><strong>me</strong></span> <span class='ocrx_word' id='word_1_81' title='bbox 1483 932 1692 989; x_wconf 89' lang='lat' dir='ltr'><strong>ﬁnitiva</strong></span> <span class='ocrx_word' id='word_1_82' title='bbox 1743 926 2036 1021; x_wconf 80' lang='lat' dir='ltr'><strong>sententia,</strong></span> <span class='ocrx_word' id='word_1_83' title='bbox 2708 943 2938 1002; x_wconf 65' lang='lat' dir='ltr'><strong>CAPUT</strong></span> <span class='ocrx_word' id='word_1_84' title='bbox 2978 941 3171 1000; x_wconf 41' lang='lat' dir='ltr'><strong>XXIV,</strong></span> 
     </span>
    </p>
   </div>
   <div class='ocr_carea' id='block_1_8' title="bbox 437 1017 2042 1109">
    <p class='ocr_par' dir='ltr' id='par_1_8' title="bbox 437 1017 2042 1109">
     <span class='ocr_line' id='line_1_8' title="bbox 437 1017 2042 1109; baseline -0.02 -6"><span class='ocrx_word' id='word_1_85' title='bbox 437 1017 641 1102; x_wconf 78' lang='lat' dir='ltr'><strong>multas</strong></span> <span class='ocrx_word' id='word_1_86' title='bbox 687 1042 740 1097; x_wconf 91' lang='lat' dir='ltr'><strong>ei</strong></span> <span class='ocrx_word' id='word_1_87' title='bbox 779 1017 1061 1109; x_wconf 83' lang='lat' dir='ltr'><strong>proferam</strong></span> <span class='ocrx_word' id='word_1_88' title='bbox 1093 1027 1504 1102; x_wconf 89' lang='lat' dir='ltr'><strong>increpationes</strong></span> <span class='ocrx_word' id='word_1_89' title='bbox 1529 1067 1545 1092; x_wconf 89' lang='lat'><strong>,</strong></span> <span class='ocrx_word' id='word_1_90' title='bbox 1595 1024 1722 1096; x_wconf 90' lang='lat' dir='ltr'><strong>quia</strong></span> <span class='ocrx_word' id='word_1_91' title='bbox 1751 1036 1874 1076; x_wconf 91' lang='lat' dir='ltr'><strong>cum</strong></span> <span class='ocrx_word' id='word_1_92' title='bbox 1923 1017 2042 1088; x_wconf 89' lang='lat' dir='ltr'><strong>ejus</strong></span> 
     </span>
    </p>
   </div>
   <div class='ocr_carea' id='block_1_9' title="bbox 447 1097 3729 1205">
    <p class='ocr_par' dir='ltr' id='par_1_9' title="bbox 447 1097 3729 1205">
     <span class='ocr_line' id='line_1_9' title="bbox 447 1097 3729 1205; baseline -0.014 -10"><span class='ocrx_word' id='word_1_93' title='bbox 447 1097 693 1195; x_wconf 69' lang='lat' dir='ltr'><strong>noverim</strong></span> <span class='ocrx_word' id='word_1_94' title='bbox 723 1097 1051 1205; x_wconf 75' lang='lat' dir='ltr'><strong>singularem</strong></span> <span class='ocrx_word' id='word_1_95' title='bbox 1093 1097 1389 1197; x_wconf 80' lang='lat' dir='ltr'><strong>justitiam,</strong></span> <span class='ocrx_word' id='word_1_96' title='bbox 1421 1135 1588 1192; x_wconf 89' lang='lat' dir='ltr'><strong>quare</strong></span> <span class='ocrx_word' id='word_1_97' title='bbox 1636 1117 1820 1188; x_wconf 90' lang='lat' dir='ltr'><strong>justus</strong></span> <span class='ocrx_word' id='word_1_98' title='bbox 1864 1114 2044 1183; x_wconf 89' lang='lat' dir='ltr'><strong>patior</strong></span> <span class='ocrx_word' id='word_1_99' title='bbox 2220 1109 2296 1164; x_wconf 78' lang='lat' dir='ltr'><strong>Ab</strong></span> <span class='ocrx_word' id='word_1_100' title='bbox 2326 1108 2698 1181; x_wconf 83' lang='lat' dir='ltr'><strong>Omnipotente</strong></span> <span class='ocrx_word' id='word_1_101' title='bbox 2724 1124 2828 1162; x_wconf 89' lang='lat' dir='ltr'><strong>non</strong></span> <span class='ocrx_word' id='word_1_102' title='bbox 2871 1114 2991 1161; x_wconf 88' lang='lat' dir='ltr'><strong>sunt</strong></span> <span class='ocrx_word' id='word_1_103' title='bbox 3031 1101 3339 1159; x_wconf 82' lang='lat' dir='ltr'><strong>abscondita</strong></span> <span class='ocrx_word' id='word_1_104' title='bbox 3367 1109 3629 1170; x_wconf 86' lang='lat' dir='ltr'><strong>tempora;</strong></span> <span class='ocrx_word' id='word_1_105' title='bbox 3655 1097 3729 1167; x_wconf 83' lang='lat' dir='ltr'><strong>qui</strong></span> 
     </span>
    </p>
   </div>
   <div class='ocr_carea' id='block_1_10' title="bbox 449 1193 3732 1298">
    <p class='ocr_par' dir='ltr' id='par_1_10' title="bbox 449 1193 3732 1298">
     <span class='ocr_line' id='line_1_10' title="bbox 449 1193 3732 1298; baseline -0.013 -9"><span class='ocrx_word' id='word_1_106' title='bbox 449 1193 745 1294; x_wconf 81' lang='lat' dir='ltr'><strong>iormenta,</strong></span> <span class='ocrx_word' id='word_1_107' title='bbox 787 1193 908 1298; x_wconf 72' lang='lat' dir='ltr'><strong>qua:</strong></span> <span class='ocrx_word' id='word_1_108' title='bbox 935 1193 1138 1294; x_wconf 81' lang='lat' dir='ltr'><strong>iniquis</strong></span> <span class='ocrx_word' id='word_1_109' title='bbox 1192 1217 1481 1290; x_wconf 84' lang='lat' dir='ltr'><strong>impiisque</strong></span> <span class='ocrx_word' id='word_1_110' title='bbox 1531 1211 1712 1284; x_wconf 89' lang='lat' dir='ltr'><strong>potius</strong></span> <span class='ocrx_word' id='word_1_111' title='bbox 1751 1207 2042 1265; x_wconf 88' lang='lat' dir='ltr'><strong>debentur.</strong></span> <span class='ocrx_word' id='word_1_112' title='bbox 2150 1214 2325 1261; x_wconf 87' lang='lat' dir='ltr'><strong>autem</strong></span> <span class='ocrx_word' id='word_1_113' title='bbox 2347 1213 2596 1260; x_wconf 80' lang='lat' dir='ltr'><strong>noverunt</strong></span> <span class='ocrx_word' id='word_1_114' title='bbox 2625 1219 2761 1268; x_wconf 87' lang='lat' dir='ltr'><strong>eum,</strong></span> <span class='ocrx_word' id='word_1_115' title='bbox 2786 1203 3034 1275; x_wconf 86' lang='lat' dir='ltr'><strong>ignorant</strong></span> <span class='ocrx_word' id='word_1_116' title='bbox 3056 1200 3166 1254; x_wconf 83' lang='lat' dir='ltr'><strong>dies</strong></span> <span class='ocrx_word' id='word_1_117' title='bbox 3190 1197 3357 1252; x_wconf 86' lang='lat' dir='ltr'><strong>illius.</strong></span> <span class='ocrx_word' id='word_1_118' title='bbox 3384 1194 3470 1250; x_wconf 84' lang='lat' dir='ltr'><strong>Illi</strong></span> <span class='ocrx_word' id='word_1_119' title='bbox 3498 1207 3630 1248; x_wconf 88' lang='lat' dir='ltr'><strong>vero</strong></span> <span class='ocrx_word' id='word_1_120' title='bbox 3654 1193 3732 1262; x_wconf 89' lang='lat' dir='ltr'><strong>qui</strong></span> 
     </span>
    </p>
   </div>
   <div class='ocr_carea' id='block_1_11' title="bbox 445 1284 3735 1396">
    <p class='ocr_par' dir='ltr' id='par_1_11' title="bbox 445 1284 3735 1396">
     <span class='ocr_line' id='line_1_11' title="bbox 445 1284 3735 1396; baseline -0.013 -13"><span class='ocrx_word' id='word_1_121' title='bbox 445 1327 559 1383; x_wconf 87' lang='lat' dir='ltr'><strong>Hoc</strong></span> <span class='ocrx_word' id='word_1_122' title='bbox 579 1339 712 1396; x_wconf 90' lang='lat' dir='ltr'><strong>ergo</strong></span> <span class='ocrx_word' id='word_1_123' title='bbox 733 1284 882 1392; x_wconf 51' lang='lat' dir='ltr'><strong>qu&#39;od</strong></span> <span class='ocrx_word' id='word_1_124' title='bbox 912 1284 1184 1388; x_wconf 75' lang='lat' dir='ltr'><strong>seqtiitur,</strong></span> <span class='ocrx_word' id='word_1_125' title='bbox 1210 1284 1288 1368; x_wconf 76' lang='lat' dir='ltr'><strong>aii</strong></span> <span class='ocrx_word' id='word_1_126' title='bbox 1312 1330 1322 1364; x_wconf 93' lang='lat'>:</span> <span class='ocrx_word' id='word_1_127' title='bbox 1394 1284 1411 1286; x_wconf 46' lang='lat'>_</span> <span class='ocrx_word' id='word_1_128' title='bbox 2153 1300 2419 1364; x_wconf 88' lang='lat' dir='ltr'><strong>sentiunt,</strong></span> <span class='ocrx_word' id='word_1_129' title='bbox 2452 1307 2508 1354; x_wconf 88' lang='lat' dir='ltr'><strong>et</strong></span> <span class='ocrx_word' id='word_1_130' title='bbox 2532 1295 2845 1367; x_wconf 86' lang='lat' dir='ltr'><strong>intelligunt</strong></span> <span class='ocrx_word' id='word_1_131' title='bbox 2889 1295 3082 1361; x_wconf 88' lang='lat' dir='ltr'><strong>Deum,</strong></span> <span class='ocrx_word' id='word_1_132' title='bbox 3115 1291 3235 1347; x_wconf 90' lang='lat' dir='ltr'><strong>dies</strong></span> <span class='ocrx_word' id='word_1_133' title='bbox 3273 1287 3601 1345; x_wconf 70' lang='lat' dir='ltr'><strong>mternitatis</strong></span> <span class='ocrx_word' id='word_1_134' title='bbox 3631 1284 3735 1355; x_wconf 88' lang='lat' dir='ltr'><strong>ejus</strong></span> 
     </span>
    </p>
   </div>
   <div class='ocr_carea' id='block_1_12' title="bbox 520 1376 3733 1485">
    <p class='ocr_par' dir='ltr' id='par_1_12' title="bbox 520 1376 3733 1485">
     <span class='ocr_line' id='line_1_12' title="bbox 520 1376 3733 1485; baseline -0.013 -11"><span class='ocrx_word' id='word_1_135' title='bbox 520 1419 590 1475; x_wconf 86' lang='lat' dir='ltr'><strong>Et</strong></span> <span class='ocrx_word' id='word_1_136' title='bbox 618 1376 676 1472; x_wconf 53' lang='grc' dir='ltr'><strong>οῖ</strong></span> <span class='ocrx_word' id='word_1_137' title='bbox 715 1376 884 1470; x_wconf 68' lang='lat' dir='ltr'><strong>nicum</strong></span> <span class='ocrx_word' id='word_1_138' title='bbox 905 1376 1114 1485; x_wconf 71' lang='lat' dir='ltr'><strong>replebo</strong></span> <span class='ocrx_word' id='word_1_139' title='bbox 1154 1376 1588 1480; x_wconf 74' lang='lat' dir='ltr'><strong>increpationibus</strong></span> <span class='ocrx_word' id='word_1_140' title='bbox 1614 1417 1633 1456; x_wconf 91' lang='lat'><strong><em>:</em></strong></span> <span class='ocrx_word' id='word_1_141' title='bbox 1654 1410 1711 1456; x_wconf 91' lang='lat' dir='ltr'><strong>ut</strong></span> <span class='ocrx_word' id='word_1_142' title='bbox 1747 1400 1909 1456; x_wconf 86' lang='lat' dir='ltr'><strong>sciant</strong></span> <span class='ocrx_word' id='word_1_143' title='bbox 1937 1412 2048 1452; x_wconf 79' lang='lat' dir='ltr'><strong>uer-</strong></span> <span class='ocrx_word' id='word_1_144' title='bbox 2154 1392 2427 1462; x_wconf 83' lang='lat' dir='ltr'><strong>ignorant.</strong></span> <span class='ocrx_word' id='word_1_145' title='bbox 2475 1389 2535 1444; x_wconf 85' lang='lat' dir='ltr'><strong>In</strong></span> <span class='ocrx_word' id='word_1_146' title='bbox 2575 1404 2682 1460; x_wconf 86' lang='lat' dir='ltr'><strong>qua</strong></span> <span class='ocrx_word' id='word_1_147' title='bbox 2711 1387 3018 1443; x_wconf 62' lang='lat' dir='ltr'><strong>aeternitate</strong></span> <span class='ocrx_word' id='word_1_148' title='bbox 3050 1399 3152 1440; x_wconf 87' lang='lat' dir='ltr'><strong>nec</strong></span> <span class='ocrx_word' id='word_1_149' title='bbox 3179 1395 3446 1452; x_wconf 83' lang='lat' dir='ltr'><strong>tempora,</strong></span> <span class='ocrx_word' id='word_1_150' title='bbox 3477 1393 3584 1435; x_wconf 86' lang='lat' dir='ltr'><strong>nec</strong></span> <span class='ocrx_word' id='word_1_151' title='bbox 3609 1376 3733 1444; x_wconf 85' lang='lat' dir='ltr'><strong>dies,</strong></span> 
     </span>
    </p>
   </div>
   <div class='ocr_carea' id='block_1_13' title="bbox 448 1475 3740 1585">
    <p class='ocr_par' dir='ltr' id='par_1_13' title="bbox 448 1475 3740 1585">
     <span class='ocr_line' id='line_1_13' title="bbox 448 1475 3740 1585; baseline -0.014 -14"><span class='ocrx_word' id='word_1_152' title='bbox 448 1514 515 1571; x_wconf 85' lang='lat' dir='ltr'><strong>ba</strong></span> <span class='ocrx_word' id='word_1_153' title='bbox 567 1528 683 1585; x_wconf 69' lang='lat' dir='ltr'><strong>qua:</strong></span> <span class='ocrx_word' id='word_1_154' title='bbox 720 1510 845 1564; x_wconf 83' lang='lat' dir='ltr'><strong>mihi</strong></span> <span class='ocrx_word' id='word_1_155' title='bbox 901 1475 1237 1578; x_wconf 68' lang='lat' dir='ltr'><strong>respondeat,</strong></span> <span class='ocrx_word' id='word_1_156' title='bbox 1266 1475 1313 1556; x_wconf 82' lang='lat' dir='ltr'><strong>et</strong></span> <span class='ocrx_word' id='word_1_157' title='bbox 1334 1499 1626 1569; x_wconf 81' lang='lat' dir='ltr'><strong>intelligam</strong></span> <span class='ocrx_word' id='word_1_158' title='bbox 1653 1495 1776 1566; x_wconf 87' lang='lat' dir='ltr'><strong>quid</strong></span> <span class='ocrx_word' id='word_1_159' title='bbox 1806 1493 2050 1562; x_wconf 75' lang='lat' dir='ltr'><strong>loquatur</strong></span> <span class='ocrx_word' id='word_1_160' title='bbox 2155 1487 2246 1557; x_wconf 87' lang='lat' dir='ltr'><strong>qui</strong></span> <span class='ocrx_word' id='word_1_161' title='bbox 2272 1486 2324 1540; x_wconf 89' lang='lat' dir='ltr'><strong>in</strong></span> <span class='ocrx_word' id='word_1_162' title='bbox 2349 1482 2690 1554; x_wconf 85' lang='lat' dir='ltr'><strong>temporibus</strong></span> <span class='ocrx_word' id='word_1_163' title='bbox 2711 1490 2862 1546; x_wconf 85' lang='lat' dir='ltr'><strong>sunt,</strong></span> <span class='ocrx_word' id='word_1_164' title='bbox 2895 1479 3267 1544; x_wconf 86' lang='lat' dir='ltr'><strong>inveniuntur,</strong></span> <span class='ocrx_word' id='word_1_165' title='bbox 3292 1475 3389 1532; x_wconf 90' lang='lat' dir='ltr'><strong>ubi</strong></span> <span class='ocrx_word' id='word_1_166' title='bbox 3421 1487 3567 1529; x_wconf 85' lang='lat' dir='ltr'><strong>unus</strong></span> <span class='ocrx_word' id='word_1_167' title='bbox 3593 1479 3740 1526; x_wconf 67' lang='lat' dir='ltr'><strong>aeter-</strong></span> 
     </span>
    </p>
   </div>
   <div class='ocr_carea' id='block_1_14' title="bbox 448 1565 3741 1671">
    <p class='ocr_par' dir='ltr' id='par_1_14' title="bbox 448 1565 3741 1671">
     <span class='ocr_line' id='line_1_14' title="bbox 448 1565 3741 1671; baseline -0.013 -7"><span class='ocrx_word' id='word_1_168' title='bbox 448 1565 599 1664; x_wconf 38' lang='lat' dir='ltr'><strong>inwihit.</strong></span> <span class='ocrx_word' id='word_1_169' title='bbox 721 1611 827 1668; x_wconf 89' lang='lat' dir='ltr'><strong>est,</strong></span> <span class='ocrx_word' id='word_1_170' title='bbox 863 1565 998 1671; x_wconf 76' lang='lat' dir='ltr'><strong>justi</strong></span> <span class='ocrx_word' id='word_1_171' title='bbox 1017 1565 1525 1662; x_wconf 50' lang='lat' dir='ltr'><strong>dolorisquerelis:</strong></span> <span class='ocrx_word' id='word_1_172' title='bbox 1669 1565 1672 1566; x_wconf 10' lang='lat'><em>7</em></span> <span class='ocrx_word' id='word_1_173' title='bbox 2157 1595 2261 1636; x_wconf 88' lang='lat' dir='ltr'><strong>nus</strong></span> <span class='ocrx_word' id='word_1_174' title='bbox 2289 1588 2374 1636; x_wconf 82' lang='lat' dir='ltr'><strong>est</strong></span> <span class='ocrx_word' id='word_1_175' title='bbox 2395 1577 2528 1634; x_wconf 88' lang='lat' dir='ltr'><strong>dies.</strong></span> <span class='ocrx_word' id='word_1_176' title='bbox 2563 1575 2691 1634; x_wconf 84' lang='lat' dir='ltr'><strong>Sive</strong></span> <span class='ocrx_word' id='word_1_177' title='bbox 2709 1575 2870 1632; x_wconf 86' lang='lat' dir='ltr'><strong>aliter</strong></span> <span class='ocrx_word' id='word_1_178' title='bbox 2902 1593 2915 1629; x_wconf 87' lang='lat'><strong>:</strong></span> <span class='ocrx_word' id='word_1_179' title='bbox 2945 1572 3140 1630; x_wconf 91' lang='lat' dir='ltr'><strong>Omnia</strong></span> <span class='ocrx_word' id='word_1_180' title='bbox 3172 1570 3329 1628; x_wconf 89' lang='lat' dir='ltr'><strong>novit</strong></span> <span class='ocrx_word' id='word_1_181' title='bbox 3347 1584 3470 1641; x_wconf 68' lang='lat' dir='ltr'><strong>quae</strong></span> <span class='ocrx_word' id='word_1_182' title='bbox 3497 1582 3647 1624; x_wconf 89' lang='lat' dir='ltr'><strong>nunc</strong></span> <span class='ocrx_word' id='word_1_183' title='bbox 3665 1565 3741 1622; x_wconf 81' lang='grc' dir='ltr'><strong>Ἰο-</strong></span> 
     </span>
    </p>
   </div>
   <div class='ocr_carea' id='block_1_15' title="bbox 532 1674 2675 1764">
    <p class='ocr_par' dir='ltr' id='par_1_15' title="bbox 532 1674 2675 1764">
     <span class='ocr_line' id='line_1_15' title="bbox 532 1674 2675 1764; baseline -0.011 -10"><span class='ocrx_word' id='word_1_184' title='bbox 532 1697 674 1754; x_wconf 86' lang='lat' dir='ltr'><strong>Nolo</strong></span> <span class='ocrx_word' id='word_1_185' title='bbox 699 1695 869 1750; x_wconf 89' lang='lat' dir='ltr'><strong>multa</strong></span> <span class='ocrx_word' id='word_1_186' title='bbox 898 1689 1208 1764; x_wconf 77' lang='lat' dir='ltr'><strong>fortitudine</strong></span> <span class='ocrx_word' id='word_1_187' title='bbox 1245 1685 1524 1740; x_wconf 82' lang='lat' dir='ltr'><strong>contendat</strong></span> <span class='ocrx_word' id='word_1_188' title='bbox 1553 1697 1750 1737; x_wconf 88' lang='lat' dir='ltr'><strong>mecum</strong></span> <span class='ocrx_word' id='word_1_189' title='bbox 1778 1695 1796 1733; x_wconf 92' lang='lat'><em>:</em></span> <span class='ocrx_word' id='word_1_190' title='bbox 1830 1693 1922 1733; x_wconf 87' lang='lat' dir='ltr'><strong>nec</strong></span> <span class='ocrx_word' id='word_1_191' title='bbox 1941 1691 2052 1730; x_wconf 86' lang='lat' dir='ltr'><strong>ma-</strong></span> <span class='ocrx_word' id='word_1_192' title='bbox 2157 1691 2318 1746; x_wconf 92' lang='lat' dir='ltr'><strong>quor,</strong></span> <span class='ocrx_word' id='word_1_193' title='bbox 2350 1674 2438 1730; x_wconf 89' lang='lat' dir='ltr'><strong>vel</strong></span> <span class='ocrx_word' id='word_1_194' title='bbox 2474 1674 2675 1745; x_wconf 90' lang='lat' dir='ltr'><strong>patior.</strong></span> 
     </span>
    </p>
   </div>
   <div class='ocr_carea' id='block_1_16' title="bbox 454 1763 3740 1869">
    <p class='ocr_par' dir='ltr' id='par_1_16' title="bbox 454 1763 3740 1869">
     <span class='ocr_line' id='line_1_16' title="bbox 454 1763 3740 1869; baseline -0.012 -21"><span class='ocrx_word' id='word_1_195' title='bbox 454 1789 748 1869; x_wconf 71' lang='lat' dir='ltr'><strong>gnitudinis</strong></span> <span class='ocrx_word' id='word_1_196' title='bbox 780 1763 1046 1843; x_wconf 70' lang='lat' dir='ltr'><strong>stuemole</strong></span> <span class='ocrx_word' id='word_1_197' title='bbox 1068 1799 1148 1836; x_wconf 89' lang='lat' dir='ltr'><strong>me</strong></span> <span class='ocrx_word' id='word_1_198' title='bbox 1171 1787 1392 1846; x_wconf 84' lang='lat' dir='ltr'><strong>premat.</strong></span> <span class='ocrx_word' id='word_1_199' title='bbox 1457 1777 1724 1849; x_wconf 85' lang='lat' dir='ltr'><strong>Proponat</strong></span> <span class='ocrx_word' id='word_1_200' title='bbox 1755 1773 2053 1842; x_wconf 66' lang='lat' dir='ltr'><strong>aequitatem</strong></span> <span class='ocrx_word' id='word_1_201' title='bbox 2229 1767 2338 1824; x_wconf 84' lang='lat' dir='ltr'><strong>Alii</strong></span> <span class='ocrx_word' id='word_1_202' title='bbox 2380 1769 2624 1823; x_wconf 80' lang='lat' dir='ltr'><strong>terminos</strong></span> <span class='ocrx_word' id='word_1_203' title='bbox 2672 1767 3069 1831; x_wconf 80' lang='lat' dir='ltr'><strong>transtulerunt,</strong></span> <span class='ocrx_word' id='word_1_204' title='bbox 3108 1763 3435 1836; x_wconf 85' lang='lat' dir='ltr'><strong>diripuerunt</strong></span> <span class='ocrx_word' id='word_1_205' title='bbox 3463 1773 3666 1832; x_wconf 82' lang='lat' dir='ltr'><strong>greges,</strong></span> <span class='ocrx_word' id='word_1_206' title='bbox 3697 1763 3740 1810; x_wconf 89' lang='lat' dir='ltr'><strong>et</strong></span> 
     </span>
    </p>
   </div>
   <div class='ocr_carea' id='block_1_17' title="bbox 455 1858 3742 1954">
    <p class='ocr_par' dir='ltr' id='par_1_17' title="bbox 455 1858 3742 1954">
     <span class='ocr_line' id='line_1_17' title="bbox 455 1858 3742 1954; baseline -0.011 -13"><span class='ocrx_word' id='word_1_207' title='bbox 455 1858 639 1942; x_wconf 67' lang='lat' dir='ltr'><strong>contra</strong></span> <span class='ocrx_word' id='word_1_208' title='bbox 664 1899 765 1952; x_wconf 89' lang='lat' dir='ltr'><strong>me,</strong></span> <span class='ocrx_word' id='word_1_209' title='bbox 813 1890 862 1936; x_wconf 87' lang='lat' dir='ltr'><strong>et</strong></span> <span class='ocrx_word' id='word_1_210' title='bbox 889 1877 1142 1954; x_wconf 79' lang='lat' dir='ltr'><strong>perueniet</strong></span> <span class='ocrx_word' id='word_1_211' title='bbox 1177 1875 1246 1930; x_wconf 88' lang='lat' dir='ltr'><strong>ad</strong></span> <span class='ocrx_word' id='word_1_212' title='bbox 1276 1872 1543 1928; x_wconf 69' lang='lat' dir='ltr'><strong>victoriam</strong></span> <span class='ocrx_word' id='word_1_213' title='bbox 1564 1869 1829 1942; x_wconf 79' lang='lat' dir='ltr'><strong>judicium</strong></span> <span class='ocrx_word' id='word_1_214' title='bbox 1853 1881 2040 1920; x_wconf 85' lang='lat' dir='ltr'><strong>meum.</strong></span> <span class='ocrx_word' id='word_1_215' title='bbox 2083 1858 2132 1919; x_wconf 86' lang='lat' dir='ltr'><strong>B</strong></span> <span class='ocrx_word' id='word_1_216' title='bbox 2161 1873 2413 1936; x_wconf 84' lang='lat' dir='ltr'><strong>paverunt</strong></span> <span class='ocrx_word' id='word_1_217' title='bbox 2434 1881 2542 1920; x_wconf 88' lang='lat' dir='ltr'><strong>eos.</strong></span> <span class='ocrx_word' id='word_1_218' title='bbox 2577 1862 2633 1918; x_wconf 86' lang='lat' dir='ltr'><strong>Id</strong></span> <span class='ocrx_word' id='word_1_219' title='bbox 2663 1872 2768 1928; x_wconf 83' lang='lat' dir='ltr'><strong>est,</strong></span> <span class='ocrx_word' id='word_1_220' title='bbox 2802 1859 3203 1917; x_wconf 84' lang='lat' dir='ltr'><strong>transtulerunt</strong></span> <span class='ocrx_word' id='word_1_221' title='bbox 3229 1869 3445 1928; x_wconf 87' lang='lat' dir='ltr'><strong>greges,</strong></span> <span class='ocrx_word' id='word_1_222' title='bbox 3481 1860 3540 1910; x_wconf 89' lang='lat' dir='ltr'><strong>et</strong></span> <span class='ocrx_word' id='word_1_223' title='bbox 3565 1864 3742 1908; x_wconf 83' lang='lat' dir='ltr'><strong>come-</strong></span> 
     </span>
    </p>
   </div>
   <div class='ocr_carea' id='block_1_18' title="bbox 453 1943 3746 2042">
    <p class='ocr_par' dir='ltr' id='par_1_18' title="bbox 453 1943 3746 2042">
     <span class='ocr_line' id='line_1_18' title="bbox 453 1943 3746 2042; baseline -0.012 -10"><span class='ocrx_word' id='word_1_224' title='bbox 453 1975 516 2032; x_wconf 92' lang='lat' dir='ltr'><strong>ln</strong></span> <span class='ocrx_word' id='word_1_225' title='bbox 548 1975 692 2030; x_wconf 86' lang='lat' dir='ltr'><strong>mole</strong></span> <span class='ocrx_word' id='word_1_226' title='bbox 721 1943 1026 2042; x_wconf 75' lang='lat' dir='ltr'><strong>maiestatis</strong></span> <span class='ocrx_word' id='word_1_227' title='bbox 1076 1967 1222 2037; x_wconf 87' lang='lat' dir='ltr'><strong>ejus,</strong></span> <span class='ocrx_word' id='word_1_228' title='bbox 1259 1961 1733 2033; x_wconf 88' lang='lat' dir='ltr'><strong>horripilationem</strong></span> <span class='ocrx_word' id='word_1_229' title='bbox 1793 1957 2059 2025; x_wconf 88' lang='lat' dir='ltr'><strong>intelliga-</strong></span> <span class='ocrx_word' id='word_1_230' title='bbox 2162 1957 2385 2013; x_wconf 80' lang='lat' dir='ltr'><strong>derunt.</strong></span> <span class='ocrx_word' id='word_1_231' title='bbox 2424 1956 2770 2012; x_wconf 71' lang='lat' dir='ltr'><strong>Manifestum</strong></span> <span class='ocrx_word' id='word_1_232' title='bbox 2799 1963 2884 2010; x_wconf 78' lang='lat' dir='ltr'><strong>est</strong></span> <span class='ocrx_word' id='word_1_233' title='bbox 2922 1951 3221 2009; x_wconf 79' lang='lat' dir='ltr'><strong>secundum</strong></span> <span class='ocrx_word' id='word_1_234' title='bbox 3255 1949 3518 2005; x_wconf 74' lang='lat' dir='ltr'><strong>litteram.</strong></span> <span class='ocrx_word' id='word_1_235' title='bbox 3556 1943 3746 2000; x_wconf 75' lang='lat' dir='ltr'><strong>Videa-</strong></span> 
     </span>
    </p>
   </div>
   <div class='ocr_carea' id='block_1_19' title="bbox 459 2036 3747 2141">
    <p class='ocr_par' dir='ltr' id='par_1_19' title="bbox 459 2036 3747 2141">
     <span class='ocr_line' id='line_1_19' title="bbox 459 2036 3747 2141; baseline -0.011 -14"><span class='ocrx_word' id='word_1_236' title='bbox 459 2085 604 2141; x_wconf 89' lang='lat' dir='ltr'><strong>mus,</strong></span> <span class='ocrx_word' id='word_1_237' title='bbox 654 2082 760 2122; x_wconf 92' lang='lat' dir='ltr'><strong>non</strong></span> <span class='ocrx_word' id='word_1_238' title='bbox 809 2062 1014 2136; x_wconf 89' lang='lat' dir='ltr'><strong>aliquid</strong></span> <span class='ocrx_word' id='word_1_239' title='bbox 1059 2074 1386 2129; x_wconf 90' lang='lat' dir='ltr'><strong>corporeum</strong></span> <span class='ocrx_word' id='word_1_240' title='bbox 1421 2056 1588 2126; x_wconf 88' lang='lat' dir='ltr'><strong>:quia</strong></span> <span class='ocrx_word' id='word_1_241' title='bbox 1644 2055 1787 2108; x_wconf 86' lang='lat' dir='ltr'><strong>Deus</strong></span> <span class='ocrx_word' id='word_1_242' title='bbox 1833 2050 2061 2122; x_wconf 73' lang='lat' dir='ltr'><strong>Spiritus</strong></span> <span class='ocrx_word' id='word_1_243' title='bbox 2163 2067 2285 2109; x_wconf 88' lang='lat' dir='ltr'><strong>mus</strong></span> <span class='ocrx_word' id='word_1_244' title='bbox 2317 2066 2462 2107; x_wconf 91' lang='lat' dir='ltr'><strong>nunc</strong></span> <span class='ocrx_word' id='word_1_245' title='bbox 2491 2049 2793 2104; x_wconf 89' lang='lat' dir='ltr'><strong>secundum</strong></span> <span class='ocrx_word' id='word_1_246' title='bbox 2823 2047 3116 2118; x_wconf 82' lang='lat' dir='ltr'><strong>mysticum</strong></span> <span class='ocrx_word' id='word_1_247' title='bbox 3161 2043 3500 2099; x_wconf 89' lang='lat' dir='ltr'><strong>intellectum</strong></span> <span class='ocrx_word' id='word_1_248' title='bbox 3523 2037 3656 2110; x_wconf 90' lang='lat' dir='ltr'><strong>quid</strong></span> <span class='ocrx_word' id='word_1_249' title='bbox 3684 2036 3747 2091; x_wconf 87' lang='lat' dir='ltr'><strong>si-</strong></span> 
     </span>
    </p>
   </div>
   <div class='ocr_carea' id='block_1_20' title="bbox 460 2135 3747 2226">
    <p class='ocr_par' dir='ltr' id='par_1_20' title="bbox 460 2135 3747 2226">
     <span class='ocr_line' id='line_1_20' title="bbox 460 2135 3747 2226; baseline -0.011 -7"><span class='ocrx_word' id='word_1_250' title='bbox 460 2173 566 2220; x_wconf 68' lang='grc' dir='ltr'><strong>εει.</strong></span> <span class='ocrx_word' id='word_1_251' title='bbox 590 2135 798 2218; x_wconf 43' lang='lat' dir='ltr'><strong>&#39;Cel&#39;ttts</strong></span> <span class='ocrx_word' id='word_1_252' title='bbox 827 2135 974 2225; x_wconf 72' lang='lat' dir='ltr'><strong>sum,</strong></span> <span class='ocrx_word' id='word_1_253' title='bbox 998 2155 1198 2226; x_wconf 80' lang='lat' dir='ltr'><strong>inquit,</strong></span> <span class='ocrx_word' id='word_1_254' title='bbox 1249 2153 1374 2224; x_wconf 82' lang='lat' dir='ltr'><strong>quia</strong></span> <span class='ocrx_word' id='word_1_255' title='bbox 1406 2152 1540 2206; x_wconf 91' lang='lat' dir='ltr'><strong>istas</strong></span> <span class='ocrx_word' id='word_1_256' title='bbox 1565 2149 1924 2204; x_wconf 87' lang='lat' dir='ltr'><strong>afllictionunt</strong></span> <span class='ocrx_word' id='word_1_257' title='bbox 1954 2144 2060 2199; x_wconf 86' lang='lat' dir='ltr'><strong>mi-</strong></span> <span class='ocrx_word' id='word_1_258' title='bbox 2161 2146 2409 2220; x_wconf 69' lang='lat' dir='ltr'><strong>gniﬁcat.</strong></span> <span class='ocrx_word' id='word_1_259' title='bbox 2456 2144 2744 2200; x_wconf 72' lang='lat' dir='ltr'><strong>Tel-minos</strong></span> <span class='ocrx_word' id='word_1_260' title='bbox 2789 2140 3182 2196; x_wconf 78' lang='lat' dir='ltr'><strong>transferentes</strong></span> <span class='ocrx_word' id='word_1_261' title='bbox 3219 2154 3232 2192; x_wconf 88' lang='lat'><strong>:</strong></span> <span class='ocrx_word' id='word_1_262' title='bbox 3285 2135 3338 2191; x_wconf 89' lang='lat' dir='ltr'><strong>id</strong></span> <span class='ocrx_word' id='word_1_263' title='bbox 3389 2143 3508 2201; x_wconf 83' lang='lat' dir='ltr'><strong>est,</strong></span> <span class='ocrx_word' id='word_1_264' title='bbox 3556 2138 3747 2187; x_wconf 83' lang='lat' dir='ltr'><strong>statuta</strong></span> 
     </span>
    </p>
   </div>
   <div class='ocr_carea' id='block_1_21' title="bbox 458 2224 3746 2325">
    <p class='ocr_par' dir='ltr' id='par_1_21' title="bbox 458 2224 3746 2325">
     <span class='ocr_line' id='line_1_21' title="bbox 458 2224 3746 2325; baseline -0.011 -12"><span class='ocrx_word' id='word_1_265' title='bbox 458 2259 655 2325; x_wconf 82' lang='lat' dir='ltr'><strong>serias,</strong></span> <span class='ocrx_word' id='word_1_266' title='bbox 686 2255 803 2325; x_wconf 89' lang='lat' dir='ltr'><strong>ipso</strong></span> <span class='ocrx_word' id='word_1_267' title='bbox 837 2252 1024 2322; x_wconf 83' lang='lat' dir='ltr'><strong>utique</strong></span> <span class='ocrx_word' id='word_1_268' title='bbox 1045 2248 1348 2319; x_wconf 83' lang='lat' dir='ltr'><strong>jttdicantc.</strong></span> <span class='ocrx_word' id='word_1_269' title='bbox 1398 2243 1603 2314; x_wconf 77' lang='lat' dir='ltr'><strong>patebit</strong></span> <span class='ocrx_word' id='word_1_270' title='bbox 1640 2257 1726 2297; x_wconf 90' lang='lat' dir='ltr'><strong>me</strong></span> <span class='ocrx_word' id='word_1_271' title='bbox 1757 2240 1909 2295; x_wconf 82' lang='lat' dir='ltr'><strong>nullo</strong></span> <span class='ocrx_word' id='word_1_272' title='bbox 1936 2253 2064 2309; x_wconf 86' lang='lat' dir='ltr'><strong>pec-</strong></span> <span class='ocrx_word' id='word_1_273' title='bbox 2165 2241 2427 2298; x_wconf 70' lang='lat' dir='ltr'><strong>Ecclesia:</strong></span> <span class='ocrx_word' id='word_1_274' title='bbox 2466 2238 2859 2301; x_wconf 88' lang='lat' dir='ltr'><strong>convellentes,</strong></span> <span class='ocrx_word' id='word_1_275' title='bbox 2909 2234 3196 2289; x_wconf 64' lang='lat' dir='ltr'><strong>haereticos</strong></span> <span class='ocrx_word' id='word_1_276' title='bbox 3234 2245 3358 2286; x_wconf 89' lang='lat' dir='ltr'><strong>esse</strong></span> <span class='ocrx_word' id='word_1_277' title='bbox 3403 2224 3746 2299; x_wconf 82' lang='lat' dir='ltr'><strong>signiﬁcavit,</strong></span> 
     </span>
    </p>
   </div>
   <div class='ocr_carea' id='block_1_22' title="bbox 458 2319 3748 2407">
    <p class='ocr_par' dir='ltr' id='par_1_22' title="bbox 458 2319 3748 2407">
     <span class='ocr_line' id='line_1_22' title="bbox 458 2319 3748 2407; baseline -0.011 -2"><span class='ocrx_word' id='word_1_278' title='bbox 458 2357 712 2405; x_wconf 85' lang='lat' dir='ltr'><strong>calorum</strong></span> <span class='ocrx_word' id='word_1_279' title='bbox 762 2319 960 2401; x_wconf 84' lang='lat' dir='ltr'><strong>merito</strong></span> <span class='ocrx_word' id='word_1_280' title='bbox 999 2341 1311 2406; x_wconf 88' lang='lat' dir='ltr'><strong>sustinere;</strong></span> <span class='ocrx_word' id='word_1_281' title='bbox 1361 2337 1490 2392; x_wconf 90' lang='lat' dir='ltr'><strong>hinc</strong></span> <span class='ocrx_word' id='word_1_282' title='bbox 1513 2337 1593 2391; x_wconf 86' lang='lat' dir='ltr'><strong>ait</strong></span> <span class='ocrx_word' id='word_1_283' title='bbox 1625 2353 1637 2390; x_wconf 91' lang='lat'>:</span> <span class='ocrx_word' id='word_1_284' title='bbox 1673 2330 1966 2390; x_wconf 86' lang='lat' dir='ltr'><strong>Perveniet</strong></span> <span class='ocrx_word' id='word_1_285' title='bbox 1994 2329 2063 2385; x_wconf 91' lang='lat' dir='ltr'><strong>ad</strong></span> <span class='ocrx_word' id='word_1_286' title='bbox 2164 2335 2257 2407; x_wconf 78' lang='lat' dir='ltr'><strong>qui</strong></span> <span class='ocrx_word' id='word_1_287' title='bbox 2307 2335 2552 2389; x_wconf 77' lang='lat' dir='ltr'><strong>novitate</strong></span> <span class='ocrx_word' id='word_1_288' title='bbox 2589 2330 2854 2388; x_wconf 63' lang='lat' dir='ltr'><strong>doctrinae</strong></span> <span class='ocrx_word' id='word_1_289' title='bbox 2886 2341 3181 2395; x_wconf 56' lang='lat' dir='ltr'><strong>perversa,</strong></span> <span class='ocrx_word' id='word_1_290' title='bbox 3223 2320 3550 2394; x_wconf 76' lang='lat' dir='ltr'><strong>evangelica:</strong></span> <span class='ocrx_word' id='word_1_291' title='bbox 3585 2319 3748 2389; x_wconf 85' lang='lat' dir='ltr'><strong>legis,</strong></span> 
     </span>
    </p>
   </div>
   <div class='ocr_carea' id='block_1_23' title="bbox 457 2412 3749 2512">
    <p class='ocr_par' dir='ltr' id='par_1_23' title="bbox 457 2412 3749 2512">
     <span class='ocr_line' id='line_1_23' title="bbox 457 2412 3749 2512; baseline -0.01 -13"><span class='ocrx_word' id='word_1_292' title='bbox 457 2441 747 2499; x_wconf 83' lang='lat' dir='ltr'><strong>victoriam</strong></span> <span class='ocrx_word' id='word_1_293' title='bbox 769 2437 1036 2512; x_wconf 84' lang='lat' dir='ltr'><strong>judicium</strong></span> <span class='ocrx_word' id='word_1_294' title='bbox 1074 2451 1278 2492; x_wconf 89' lang='lat' dir='ltr'><strong>meum.</strong></span> <span class='ocrx_word' id='word_1_295' title='bbox 2165 2439 2220 2483; x_wconf 90' lang='lat' dir='ltr'><strong>et</strong></span> <span class='ocrx_word' id='word_1_296' title='bbox 2245 2427 2620 2498; x_wconf 86' lang='lat' dir='ltr'><strong>apostolorum</strong></span> <span class='ocrx_word' id='word_1_297' title='bbox 2653 2422 2922 2479; x_wconf 88' lang='lat' dir='ltr'><strong>terminos</strong></span> <span class='ocrx_word' id='word_1_298' title='bbox 2950 2418 3254 2491; x_wconf 69' lang='lat' dir='ltr'><strong>praeﬁnitos</strong></span> <span class='ocrx_word' id='word_1_299' title='bbox 3283 2415 3581 2481; x_wconf 80' lang='lat' dir='ltr'><strong>excedunt,</strong></span> <span class='ocrx_word' id='word_1_300' title='bbox 3604 2422 3660 2469; x_wconf 87' lang='lat' dir='ltr'><strong>et</strong></span> <span class='ocrx_word' id='word_1_301' title='bbox 3687 2412 3749 2466; x_wconf 87' lang='lat' dir='ltr'><strong>ita</strong></span> 
     </span>
    </p>
   </div>
   <div class='ocr_carea' id='block_1_24' title="bbox 537 2510 2096 2601">
    <p class='ocr_par' dir='ltr' id='par_1_24' title="bbox 537 2510 2064 2601">
     <span class='ocr_line' id='line_1_24' title="bbox 537 2510 2064 2601; baseline -0.013 -9"><span class='ocrx_word' id='word_1_302' title='bbox 537 2535 602 2592; x_wconf 88' lang='lat' dir='ltr'><strong>Si</strong></span> <span class='ocrx_word' id='word_1_303' title='bbox 624 2535 694 2590; x_wconf 86' lang='lat' dir='ltr'><strong>ad</strong></span> <span class='ocrx_word' id='word_1_304' title='bbox 716 2510 970 2590; x_wconf 83' lang='lat' dir='ltr'><strong>orientem</strong></span> <span class='ocrx_word' id='word_1_305' title='bbox 990 2532 1119 2597; x_wconf 90' lang='lat' dir='ltr'><strong>iero,</strong></span> <span class='ocrx_word' id='word_1_306' title='bbox 1155 2546 1257 2584; x_wconf 88' lang='lat' dir='ltr'><strong>non</strong></span> <span class='ocrx_word' id='word_1_307' title='bbox 1278 2533 1491 2601; x_wconf 87' lang='lat' dir='ltr'><strong>apparet</strong></span> <span class='ocrx_word' id='word_1_308' title='bbox 1520 2543 1538 2584; x_wconf 72' lang='grc' dir='ltr'><em>ε</em></span> <span class='ocrx_word' id='word_1_309' title='bbox 1562 2525 1608 2579; x_wconf 88' lang='lat' dir='ltr'><strong>si</strong></span> <span class='ocrx_word' id='word_1_310' title='bbox 1627 2521 1697 2577; x_wconf 84' lang='lat' dir='ltr'><strong>ad</strong></span> <span class='ocrx_word' id='word_1_311' title='bbox 1727 2521 2064 2585; x_wconf 86' lang='lat' dir='ltr'><strong>occidentem,</strong></span> 
     </span>
    </p>
   </div>
   <div class='ocr_carea' id='block_1_25' title="bbox 2192 2510 3751 2601">
    <p class='ocr_par' dir='ltr' id='par_1_25' title="bbox 2192 2510 3751 2595">
     <span class='ocr_line' id='line_1_25' title="bbox 2192 2510 3751 2595; baseline -0.01 -18"><span class='ocrx_word' id='word_1_312' title='bbox 2192 2525 2480 2595; x_wconf 87' lang='lat' dir='ltr'><strong>Ieceptoria</strong></span> <span class='ocrx_word' id='word_1_313' title='bbox 2512 2521 2874 2592; x_wconf 84' lang='lat' dir='ltr'><strong>persuasione</strong></span> <span class='ocrx_word' id='word_1_314' title='bbox 2894 2516 3167 2587; x_wconf 90' lang='lat' dir='ltr'><strong>diripiunt</strong></span> <span class='ocrx_word' id='word_1_315' title='bbox 3187 2528 3383 2587; x_wconf 87' lang='lat' dir='ltr'><strong>greges</strong></span> <span class='ocrx_word' id='word_1_316' title='bbox 3411 2510 3714 2569; x_wconf 83' lang='lat' dir='ltr'><strong>dominicus</strong></span> <span class='ocrx_word' id='word_1_317' title='bbox 3739 2524 3751 2561; x_wconf 92' lang='lat'><strong>:</strong></span> 
     </span>
    </p>
   </div>
   <div class='ocr_carea' id='block_1_26' title="bbox 464 2611 3367 2701">
    <p class='ocr_par' dir='ltr' id='par_1_26' title="bbox 464 2611 3367 2701">
     <span class='ocr_line' id='line_1_26' title="bbox 464 2611 3367 2701; baseline -0.01 -16"><span class='ocrx_word' id='word_1_318' title='bbox 464 2646 568 2686; x_wconf 84' lang='lat' dir='ltr'><strong>non</strong></span> <span class='ocrx_word' id='word_1_319' title='bbox 592 2627 884 2701; x_wconf 84' lang='lat' dir='ltr'><strong>intelligam</strong></span> <span class='ocrx_word' id='word_1_320' title='bbox 905 2642 1023 2680; x_wconf 87' lang='lat' dir='ltr'><strong>eum</strong></span> <span class='ocrx_word' id='word_1_321' title='bbox 1047 2640 1067 2680; x_wconf 84' lang='lat'><strong>.&#39;</strong></span> <span class='ocrx_word' id='word_1_322' title='bbox 1094 2623 1138 2678; x_wconf 82' lang='lat' dir='ltr'><strong>si</strong></span> <span class='ocrx_word' id='word_1_323' title='bbox 1160 2621 1228 2675; x_wconf 86' lang='lat' dir='ltr'><strong>ad</strong></span> <span class='ocrx_word' id='word_1_324' title='bbox 1262 2622 1551 2683; x_wconf 87' lang='lat' dir='ltr'><strong>sinistram,</strong></span> <span class='ocrx_word' id='word_1_325' title='bbox 1580 2617 1705 2688; x_wconf 80' lang='lat' dir='ltr'><strong>quid</strong></span> <span class='ocrx_word' id='word_1_326' title='bbox 1725 2632 1877 2689; x_wconf 88' lang='lat' dir='ltr'><strong>agam</strong></span> <span class='ocrx_word' id='word_1_327' title='bbox 1895 2615 1921 2668; x_wconf 73' lang='lat'><strong><em>?</em></strong></span> <span class='ocrx_word' id='word_1_328' title='bbox 1944 2612 2067 2666; x_wconf 84' lang='lat' dir='ltr'><strong>Non</strong></span> <span class='ocrx_word' id='word_1_329' title='bbox 2170 2619 2224 2674; x_wconf 88' lang='lat' dir='ltr'><strong>id</strong></span> <span class='ocrx_word' id='word_1_330' title='bbox 2254 2629 2362 2686; x_wconf 63' lang='lat' dir='ltr'><strong>est,</strong></span> <span class='ocrx_word' id='word_1_331' title='bbox 2402 2617 2633 2688; x_wconf 78' lang='lat' dir='ltr'><strong>populos</strong></span> <span class='ocrx_word' id='word_1_332' title='bbox 2659 2615 2951 2671; x_wconf 75' lang='lat' dir='ltr'><strong>credentes</strong></span> <span class='ocrx_word' id='word_1_333' title='bbox 2983 2615 3034 2668; x_wconf 88' lang='lat' dir='ltr'><strong>in</strong></span> <span class='ocrx_word' id='word_1_334' title='bbox 3061 2611 3367 2668; x_wconf 75' lang='lat' dir='ltr'><strong>Christum,</strong></span> 
     </span>
    </p>
   </div>
   <div class='ocr_carea' id='block_1_27' title="bbox 469 2703 3755 2795">
    <p class='ocr_par' dir='ltr' id='par_1_27' title="bbox 469 2703 3755 2795">
     <span class='ocr_line' id='line_1_27' title="bbox 469 2703 3755 2795; baseline -0.009 -17"><span class='ocrx_word' id='word_1_335' title='bbox 469 2722 862 2795; x_wconf 83' lang='lat' dir='ltr'><strong>appreltendam</strong></span> <span class='ocrx_word' id='word_1_336' title='bbox 885 2735 1023 2774; x_wconf 87' lang='lat' dir='ltr'><strong>eum.</strong></span> <span class='ocrx_word' id='word_1_337' title='bbox 1073 2717 1136 2772; x_wconf 87' lang='lat' dir='ltr'><strong>Si</strong></span> <span class='ocrx_word' id='word_1_338' title='bbox 1188 2731 1267 2770; x_wconf 89' lang='lat' dir='ltr'><strong>me</strong></span> <span class='ocrx_word' id='word_1_339' title='bbox 1309 2721 1502 2768; x_wconf 87' lang='lat' dir='ltr'><strong>vertam</strong></span> <span class='ocrx_word' id='word_1_340' title='bbox 1524 2711 1593 2765; x_wconf 89' lang='lat' dir='ltr'><strong>ad</strong></span> <span class='ocrx_word' id='word_1_341' title='bbox 1624 2711 1888 2765; x_wconf 74' lang='lat' dir='ltr'><strong>dexteram</strong></span> <span class='ocrx_word' id='word_1_342' title='bbox 1921 2722 2068 2762; x_wconf 88' lang='lat' dir='ltr'><strong>:non</strong></span> <span class='ocrx_word' id='word_1_343' title='bbox 2245 2712 2463 2766; x_wconf 67' lang='lat' dir='ltr'><strong>Asinum</strong></span> <span class='ocrx_word' id='word_1_344' title='bbox 2514 2708 2838 2782; x_wconf 75' lang='lat' dir='ltr'><strong>pupillorum</strong></span> <span class='ocrx_word' id='word_1_345' title='bbox 2886 2707 3185 2777; x_wconf 76' lang='lat' dir='ltr'><strong>abegenmr,</strong></span> <span class='ocrx_word' id='word_1_346' title='bbox 3221 2713 3269 2760; x_wconf 73' lang='lat' dir='ltr'><strong>et</strong></span> <span class='ocrx_word' id='word_1_347' title='bbox 3308 2703 3635 2758; x_wconf 68' lang='lat' dir='ltr'><strong>abstulerunt</strong></span> <span class='ocrx_word' id='word_1_348' title='bbox 3674 2712 3755 2770; x_wconf 82' lang='lat' dir='ltr'><strong>pro</strong></span> 
     </span>
    </p>
   </div>
   <div class='ocr_carea' id='block_1_28' title="bbox 474 2794 3755 2884">
    <p class='ocr_par' dir='ltr' id='par_1_28' title="bbox 474 2794 3755 2884">
     <span class='ocr_line' id='line_1_28' title="bbox 474 2794 3755 2884; baseline -0.008 -14"><span class='ocrx_word' id='word_1_349' title='bbox 474 2794 659 2872; x_wconf 83' lang='lat' dir='ltr'><strong>videbo</strong></span> <span class='ocrx_word' id='word_1_350' title='bbox 680 2813 852 2868; x_wconf 81' lang='lat' dir='ltr'><strong>illum.</strong></span> <span class='ocrx_word' id='word_1_351' title='bbox 875 2810 998 2884; x_wconf 86' lang='lat' dir='ltr'><strong>Ipse</strong></span> <span class='ocrx_word' id='word_1_352' title='bbox 1019 2825 1138 2864; x_wconf 84' lang='lat' dir='ltr'><strong>vero</strong></span> <span class='ocrx_word' id='word_1_353' title='bbox 1168 2809 1261 2862; x_wconf 87' lang='lat' dir='ltr'><strong>scit</strong></span> <span class='ocrx_word' id='word_1_354' title='bbox 1291 2807 1425 2861; x_wconf 86' lang='lat' dir='ltr'><strong>viam</strong></span> <span class='ocrx_word' id='word_1_355' title='bbox 1454 2820 1642 2874; x_wconf 79' lang='lat' dir='ltr'><strong>meam,</strong></span> <span class='ocrx_word' id='word_1_356' title='bbox 1666 2811 1712 2857; x_wconf 88' lang='lat' dir='ltr'><strong>et</strong></span> <span class='ocrx_word' id='word_1_357' title='bbox 1735 2800 1969 2872; x_wconf 85' lang='lat' dir='ltr'><strong>probabit</strong></span> <span class='ocrx_word' id='word_1_358' title='bbox 1990 2813 2071 2852; x_wconf 85' lang='lat' dir='ltr'><strong>me</strong></span> <span class='ocrx_word' id='word_1_359' title='bbox 2172 2807 2388 2880; x_wconf 82' lang='lat' dir='ltr'><strong>pignere</strong></span> <span class='ocrx_word' id='word_1_360' title='bbox 2424 2805 2599 2858; x_wconf 88' lang='lat' dir='ltr'><strong>bovem</strong></span> <span class='ocrx_word' id='word_1_361' title='bbox 2637 2802 2826 2858; x_wconf 68' lang='lat' dir='ltr'><strong>vidum.</strong></span> <span class='ocrx_word' id='word_1_362' title='bbox 2870 2801 3243 2858; x_wconf 84' lang='lat' dir='ltr'><strong>Subverterunt</strong></span> <span class='ocrx_word' id='word_1_363' title='bbox 3283 2813 3569 2870; x_wconf 83' lang='lat' dir='ltr'><strong>pauperum</strong></span> <span class='ocrx_word' id='word_1_364' title='bbox 3611 2794 3755 2858; x_wconf 77' lang='lat' dir='ltr'><strong>riam,</strong></span> 
     </span>
    </p>
   </div>
   <div class='ocr_carea' id='block_1_29' title="bbox 468 2883 3759 2984">
    <p class='ocr_par' dir='ltr' id='par_1_29' title="bbox 468 2883 3759 2984">
     <span class='ocr_line' id='line_1_29' title="bbox 468 2883 3759 2984; baseline -0.008 -18"><span class='ocrx_word' id='word_1_365' title='bbox 468 2909 617 2984; x_wconf 83' lang='lat' dir='ltr'><strong>quasi</strong></span> <span class='ocrx_word' id='word_1_366' title='bbox 638 2922 825 2962; x_wconf 84' lang='lat' dir='ltr'><strong>aurum</strong></span> <span class='ocrx_word' id='word_1_367' title='bbox 854 2883 995 2977; x_wconf 83' lang='lat' dir='ltr'><strong>quod</strong></span> <span class='ocrx_word' id='word_1_368' title='bbox 1022 2919 1113 2975; x_wconf 83' lang='lat' dir='ltr'><strong>per</strong></span> <span class='ocrx_word' id='word_1_369' title='bbox 1136 2902 1307 2974; x_wconf 74' lang='lat' dir='ltr'><strong>ignem</strong></span> <span class='ocrx_word' id='word_1_370' title='bbox 1334 2899 1536 2953; x_wconf 63' lang='lat' dir='ltr'><strong>transit.</strong></span> <span class='ocrx_word' id='word_1_371' title='bbox 1561 2898 1693 2951; x_wconf 79' lang='lat' dir='ltr'><strong>Dum</strong></span> <span class='ocrx_word' id='word_1_372' title='bbox 1717 2903 1898 2980; x_wconf 67' lang='lat' dir='ltr'><strong>partes</strong></span> <span class='ocrx_word' id='word_1_373' title='bbox 1915 2908 2072 2949; x_wconf 79' lang='lat' dir='ltr'><strong>mun-</strong></span> <span class='ocrx_word' id='word_1_374' title='bbox 2174 2910 2222 2956; x_wconf 90' lang='lat' dir='ltr'><strong>et</strong></span> <span class='ocrx_word' id='word_1_375' title='bbox 2279 2906 2639 2972; x_wconf 83' lang='lat' dir='ltr'><strong>oppresserunt</strong></span> <span class='ocrx_word' id='word_1_376' title='bbox 2706 2897 2903 2966; x_wconf 82' lang='lat' dir='ltr'><strong>pariter</strong></span> <span class='ocrx_word' id='word_1_377' title='bbox 2966 2902 3261 2948; x_wconf 85' lang='lat' dir='ltr'><strong>mansuetos</strong></span> <span class='ocrx_word' id='word_1_378' title='bbox 3326 2899 3497 2945; x_wconf 68' lang='lat' dir='ltr'><strong>terrae.</strong></span> <span class='ocrx_word' id='word_1_379' title='bbox 3572 2883 3759 2958; x_wconf 85' lang='lat' dir='ltr'><strong>Pupilli</strong></span> 
     </span>
    </p>
   </div>
   <div class='ocr_carea' id='block_1_30' title="bbox 476 2978 3761 3066">
    <p class='ocr_par' dir='ltr' id='par_1_30' title="bbox 476 2978 3761 3066">
     <span class='ocr_line' id='line_1_30' title="bbox 476 2978 3761 3066; baseline -0.01 -6"><span class='ocrx_word' id='word_1_380' title='bbox 476 2978 533 3060; x_wconf 67' lang='lat' dir='ltr'><strong>ili</strong></span> <span class='ocrx_word' id='word_1_381' title='bbox 561 2997 1030 3066; x_wconf 85' lang='lat' dir='ltr'><strong>euttmerat,dicit</strong></span> <span class='ocrx_word' id='word_1_382' title='bbox 1059 3010 1186 3052; x_wconf 89' lang='lat' dir='ltr'><strong>eum</strong></span> <span class='ocrx_word' id='word_1_383' title='bbox 1221 2993 1468 3048; x_wconf 79' lang='lat' dir='ltr'><strong>habitare</strong></span> <span class='ocrx_word' id='word_1_384' title='bbox 1491 2990 1692 3058; x_wconf 88' lang='lat' dir='ltr'><strong>ubique</strong></span> <span class='ocrx_word' id='word_1_385' title='bbox 1717 2978 1906 3043; x_wconf 81' lang='lat' dir='ltr'><strong>totum</strong></span> <span class='ocrx_word' id='word_1_386' title='bbox 1932 2986 2072 3051; x_wconf 88' lang='lat' dir='ltr'><strong>;sibi</strong></span> <span class='ocrx_word' id='word_1_387' title='bbox 2174 2992 2393 3064; x_wconf 83' lang='lat' dir='ltr'><strong>quidem</strong></span> <span class='ocrx_word' id='word_1_388' title='bbox 2430 3000 2557 3046; x_wconf 81' lang='lat' dir='ltr'><strong>sunt</strong></span> <span class='ocrx_word' id='word_1_389' title='bbox 2595 2988 2799 3057; x_wconf 66' lang='lat' dir='ltr'><strong>teneri,</strong></span> <span class='ocrx_word' id='word_1_390' title='bbox 2848 2987 2940 3043; x_wconf 70' lang='lat' dir='ltr'><strong>Vel</strong></span> <span class='ocrx_word' id='word_1_391' title='bbox 2985 2986 3226 3042; x_wconf 74' lang='lat' dir='ltr'><strong>infantes</strong></span> <span class='ocrx_word' id='word_1_392' title='bbox 3271 2983 3325 3039; x_wconf 86' lang='lat' dir='ltr'><strong>in</strong></span> <span class='ocrx_word' id='word_1_393' title='bbox 3369 2983 3512 3049; x_wconf 72' lang='lat' dir='ltr'><strong>ﬁde,</strong></span> <span class='ocrx_word' id='word_1_394' title='bbox 3557 2981 3644 3037; x_wconf 75' lang='lat' dir='ltr'><strong>vel</strong></span> <span class='ocrx_word' id='word_1_395' title='bbox 3681 2978 3761 3050; x_wconf 86' lang='lat' dir='ltr'><strong>qui</strong></span> 
     </span>
    </p>
   </div>
   <div class='ocr_carea' id='block_1_31' title="bbox 470 3073 3762 3153">
    <p class='ocr_par' dir='ltr' id='par_1_31' title="bbox 470 3073 3762 3153">
     <span class='ocr_line' id='line_1_31' title="bbox 470 3073 3762 3153; baseline -0.009 0"><span class='ocrx_word' id='word_1_396' title='bbox 470 3105 653 3153; x_wconf 87' lang='lat' dir='ltr'><strong>tamen</strong></span> <span class='ocrx_word' id='word_1_397' title='bbox 676 3093 903 3149; x_wconf 88' lang='lat' dir='ltr'><strong>omnino</strong></span> <span class='ocrx_word' id='word_1_398' title='bbox 928 3104 1053 3146; x_wconf 81' lang='lat' dir='ltr'><strong>esse</strong></span> <span class='ocrx_word' id='word_1_399' title='bbox 1091 3087 1423 3144; x_wconf 88' lang='lat' dir='ltr'><strong>invisibilem</strong></span> <span class='ocrx_word' id='word_1_400' title='bbox 1477 3084 1791 3146; x_wconf 87' lang='lat' dir='ltr'><strong>confitetur,</strong></span> <span class='ocrx_word' id='word_1_401' title='bbox 1839 3095 1908 3135; x_wconf 88' lang='lat' dir='ltr'><strong>eo</strong></span> <span class='ocrx_word' id='word_1_402' title='bbox 1929 3077 2072 3150; x_wconf 91' lang='lat' dir='ltr'><strong>quod</strong></span> <span class='ocrx_word' id='word_1_403' title='bbox 2177 3086 2352 3142; x_wconf 78' lang='lat' dir='ltr'><strong>Deum</strong></span> <span class='ocrx_word' id='word_1_404' title='bbox 2398 3085 2615 3140; x_wconf 70' lang='lat' dir='ltr'><strong>Patrem</strong></span> <span class='ocrx_word' id='word_1_405' title='bbox 2659 3097 2766 3138; x_wconf 84' lang='lat' dir='ltr'><strong>non</strong></span> <span class='ocrx_word' id='word_1_406' title='bbox 2829 3080 3063 3147; x_wconf 69' lang='lat' dir='ltr'><strong>habent,</strong></span> <span class='ocrx_word' id='word_1_407' title='bbox 3101 3091 3159 3134; x_wconf 85' lang='lat' dir='ltr'><strong>ut</strong></span> <span class='ocrx_word' id='word_1_408' title='bbox 3205 3078 3273 3134; x_wconf 85' lang='lat' dir='ltr'><strong>ab</strong></span> <span class='ocrx_word' id='word_1_409' title='bbox 3321 3093 3388 3134; x_wconf 87' lang='lat' dir='ltr'><strong>eo</strong></span> <span class='ocrx_word' id='word_1_410' title='bbox 3433 3085 3630 3134; x_wconf 76' lang='lat' dir='ltr'><strong>contra</strong></span> <span class='ocrx_word' id='word_1_411' title='bbox 3677 3073 3762 3129; x_wconf 83' lang='lat' dir='ltr'><strong>ad-</strong></span> 
     </span>
    </p>
   </div>
   <div class='ocr_carea' id='block_1_32' title="bbox 471 3167 2030 3258">
    <p class='ocr_par' dir='ltr' id='par_1_32' title="bbox 471 3175 2030 3258">
     <span class='ocr_line' id='line_1_32' title="bbox 471 3175 2030 3258; baseline -0.013 -11"><span class='ocrx_word' id='word_1_412' title='bbox 471 3205 582 3247; x_wconf 85' lang='lat' dir='ltr'><strong>non</strong></span> <span class='ocrx_word' id='word_1_413' title='bbox 634 3188 917 3258; x_wconf 86' lang='lat' dir='ltr'><strong>subjaceat</strong></span> <span class='ocrx_word' id='word_1_414' title='bbox 964 3183 1087 3254; x_wconf 88' lang='lat' dir='ltr'><strong>ejus</strong></span> <span class='ocrx_word' id='word_1_415' title='bbox 1139 3179 1395 3237; x_wconf 85' lang='lat' dir='ltr'><strong>divinitas</strong></span> <span class='ocrx_word' id='word_1_416' title='bbox 1450 3175 1736 3233; x_wconf 86' lang='lat' dir='ltr'><strong>obtutibus</strong></span> <span class='ocrx_word' id='word_1_417' title='bbox 1782 3184 2030 3230; x_wconf 83' lang='lat' dir='ltr'><strong>creatura</strong></span> 
     </span>
    </p>
   </div>
   <div class='ocr_carea' id='block_1_33' title="bbox 2206 3167 3765 3258">
    <p class='ocr_par' dir='ltr' id='par_1_33' title="bbox 2206 3167 3765 3244">
     <span class='ocr_line' id='line_1_33' title="bbox 2206 3167 3765 3244; baseline -0.012 -7"><span class='ocrx_word' id='word_1_418' title='bbox 2206 3180 2458 3237; x_wconf 77' lang='lat' dir='ltr'><strong>&#39;ersarios</strong></span> <span class='ocrx_word' id='word_1_419' title='bbox 2483 3177 2871 3234; x_wconf 90' lang='lat' dir='ltr'><strong>defendantur.</strong></span> <span class='ocrx_word' id='word_1_420' title='bbox 2911 3176 3152 3244; x_wconf 86' lang='lat' dir='ltr'><strong>Quorum</strong></span> <span class='ocrx_word' id='word_1_421' title='bbox 3198 3173 3466 3237; x_wconf 89' lang='lat' dir='ltr'><strong>animum,</strong></span> <span class='ocrx_word' id='word_1_422' title='bbox 3501 3171 3651 3226; x_wconf 84' lang='lat' dir='ltr'><strong>velut</strong></span> <span class='ocrx_word' id='word_1_423' title='bbox 3688 3167 3765 3239; x_wconf 87' lang='lat' dir='ltr'><strong>jn-</strong></span> 
     </span>
    </p>
   </div>
   <div class='ocr_carea' id='block_1_34' title="bbox 477 3245 3767 3340">
    <p class='ocr_par' dir='ltr' id='par_1_34' title="bbox 477 3245 3767 3340">
     <span class='ocr_line' id='line_1_34' title="bbox 477 3245 3767 3340; baseline -0.011 10"><span class='ocrx_word' id='word_1_424' title='bbox 477 3283 650 3340; x_wconf 71' lang='lat' dir='ltr'><strong>Deum</strong></span> <span class='ocrx_word' id='word_1_425' title='bbox 668 3294 801 3337; x_wconf 68' lang='lat' dir='ltr'><strong>Vero</strong></span> <span class='ocrx_word' id='word_1_426' title='bbox 817 3293 1034 3335; x_wconf 70' lang='lat' dir='ltr'><strong>omnem</strong></span> <span class='ocrx_word' id='word_1_427' title='bbox 1060 3276 1201 3331; x_wconf 64' lang='lat' dir='ltr'><strong>Viam</strong></span> <span class='ocrx_word' id='word_1_428' title='bbox 1224 3269 1662 3330; x_wconf 66' lang='grc' dir='ltr'><strong>οοηνθτδδιίοηίε</strong></span> <span class='ocrx_word' id='word_1_429' title='bbox 1685 3268 1802 3339; x_wconf 71' lang='lat' dir='ltr'><strong>eius</strong></span> <span class='ocrx_word' id='word_1_430' title='bbox 1823 3268 1921 3335; x_wconf 58' lang='lat' dir='ltr'><strong>ait.</strong></span> <span class='ocrx_word' id='word_1_431' title='bbox 1949 3265 2073 3336; x_wconf 82' lang='lat' dir='ltr'><strong>quia</strong></span> <span class='ocrx_word' id='word_1_432' title='bbox 2101 3245 2148 3311; x_wconf 61' lang='grc' dir='ltr'><strong>(ἶ</strong></span> <span class='ocrx_word' id='word_1_433' title='bbox 2184 3282 2427 3330; x_wconf 90' lang='lat' dir='ltr'><strong>mentum</strong></span> <span class='ocrx_word' id='word_1_434' title='bbox 2471 3273 2609 3327; x_wconf 86' lang='lat' dir='ltr'><strong>forte</strong></span> <span class='ocrx_word' id='word_1_435' title='bbox 2647 3285 2712 3326; x_wconf 89' lang='lat' dir='ltr'><strong>ac</strong></span> <span class='ocrx_word' id='word_1_436' title='bbox 2753 3269 3150 3333; x_wconf 87' lang='lat' dir='ltr'><strong>necessarium,</strong></span> <span class='ocrx_word' id='word_1_437' title='bbox 3192 3265 3259 3321; x_wconf 87' lang='lat' dir='ltr'><strong>ad</strong></span> <span class='ocrx_word' id='word_1_438' title='bbox 3304 3264 3476 3321; x_wconf 90' lang='lat' dir='ltr'><strong>Deum</strong></span> <span class='ocrx_word' id='word_1_439' title='bbox 3506 3262 3561 3318; x_wconf 89' lang='lat' dir='ltr'><strong>in</strong></span> <span class='ocrx_word' id='word_1_440' title='bbox 3593 3277 3650 3318; x_wconf 91' lang='lat' dir='ltr'><strong>se</strong></span> <span class='ocrx_word' id='word_1_441' title='bbox 3679 3275 3767 3332; x_wconf 88' lang='lat' dir='ltr'><strong>per</strong></span> 
     </span>
    </p>
   </div>
   <div class='ocr_carea' id='block_1_35' title="bbox 477 3355 3770 3447">
    <p class='ocr_par' dir='ltr' id='par_1_35' title="bbox 477 3355 3770 3447">
     <span class='ocr_line' id='line_1_35' title="bbox 477 3355 3770 3447; baseline -0.008 -14"><span class='ocrx_word' id='word_1_442' title='bbox 477 3375 685 3447; x_wconf 85' lang='lat' dir='ltr'><strong>Optime</strong></span> <span class='ocrx_word' id='word_1_443' title='bbox 715 3379 960 3428; x_wconf 83' lang='lat' dir='ltr'><strong>noverat.</strong></span> <span class='ocrx_word' id='word_1_444' title='bbox 2183 3368 2344 3423; x_wconf 89' lang='lat' dir='ltr'><strong>fidem</strong></span> <span class='ocrx_word' id='word_1_445' title='bbox 2389 3365 2741 3435; x_wconf 85' lang='lat' dir='ltr'><strong>portandum,</strong></span> <span class='ocrx_word' id='word_1_446' title='bbox 2775 3362 3020 3419; x_wconf 75' lang='lat' dir='ltr'><strong>ltmretici</strong></span> <span class='ocrx_word' id='word_1_447' title='bbox 3055 3359 3370 3432; x_wconf 87' lang='lat' dir='ltr'><strong>praedonum</strong></span> <span class='ocrx_word' id='word_1_448' title='bbox 3403 3373 3558 3415; x_wconf 91' lang='lat' dir='ltr'><strong>more</strong></span> <span class='ocrx_word' id='word_1_449' title='bbox 3597 3356 3665 3412; x_wconf 87' lang='lat' dir='ltr'><strong>ab</strong></span> <span class='ocrx_word' id='word_1_450' title='bbox 3695 3355 3770 3411; x_wconf 85' lang='lat' dir='ltr'><strong>eis</strong></span> 
     </span>
    </p>
   </div>
   <div class='ocr_carea' id='block_1_36' title="bbox 556 3452 2115 3538">
    <p class='ocr_par' dir='ltr' id='par_1_36' title="bbox 556 3455 2076 3538">
     <span class='ocr_line' id='line_1_36' title="bbox 556 3455 2076 3538; baseline -0.012 -15"><span class='ocrx_word' id='word_1_451' title='bbox 556 3466 792 3538; x_wconf 85' lang='lat' dir='ltr'><strong>Vestigia</strong></span> <span class='ocrx_word' id='word_1_452' title='bbox 821 3465 936 3536; x_wconf 88' lang='lat' dir='ltr'><strong>ejus</strong></span> <span class='ocrx_word' id='word_1_453' title='bbox 966 3471 1173 3518; x_wconf 87' lang='lat' dir='ltr'><strong>secutus</strong></span> <span class='ocrx_word' id='word_1_454' title='bbox 1207 3469 1282 3516; x_wconf 89' lang='lat' dir='ltr'><strong>est</strong></span> <span class='ocrx_word' id='word_1_455' title='bbox 1311 3475 1400 3531; x_wconf 88' lang='lat' dir='ltr'><strong>pes</strong></span> <span class='ocrx_word' id='word_1_456' title='bbox 1423 3473 1568 3513; x_wconf 85' lang='lat' dir='ltr'><strong>meus</strong></span> <span class='ocrx_word' id='word_1_457' title='bbox 1597 3472 1613 3510; x_wconf 93' lang='lat'><strong><em>:</em></strong></span> <span class='ocrx_word' id='word_1_458' title='bbox 1650 3456 1788 3510; x_wconf 83' lang='lat' dir='ltr'><strong>viam</strong></span> <span class='ocrx_word' id='word_1_459' title='bbox 1817 3455 1931 3524; x_wconf 87' lang='lat' dir='ltr'><strong>ejus</strong></span> <span class='ocrx_word' id='word_1_460' title='bbox 1955 3469 2076 3507; x_wconf 86' lang='lat' dir='ltr'><strong>cus-</strong></span> 
     </span>
    </p>
   </div>
   <div class='ocr_carea' id='block_1_37' title="bbox 2210 3452 3769 3538">
    <p class='ocr_par' dir='ltr' id='par_1_37' title="bbox 2210 3452 3769 3534">
     <span class='ocr_line' id='line_1_37' title="bbox 2210 3452 3769 3534; baseline -0.01 -16"><span class='ocrx_word' id='word_1_461' title='bbox 2210 3463 2431 3534; x_wconf 41' lang='lat' dir='ltr'><strong>.bigunt,</strong></span> <span class='ocrx_word' id='word_1_462' title='bbox 2462 3459 2592 3514; x_wconf 90' lang='lat' dir='ltr'><strong>dum</strong></span> <span class='ocrx_word' id='word_1_463' title='bbox 2624 3473 2723 3514; x_wconf 91' lang='lat' dir='ltr'><strong>eos</strong></span> <span class='ocrx_word' id='word_1_464' title='bbox 2766 3455 3000 3512; x_wconf 78' lang='lat' dir='ltr'><strong>fallaciis</strong></span> <span class='ocrx_word' id='word_1_465' title='bbox 3045 3454 3182 3520; x_wconf 89' lang='lat' dir='ltr'><strong>suis,</strong></span> <span class='ocrx_word' id='word_1_466' title='bbox 3217 3455 3419 3509; x_wconf 80' lang='lat' dir='ltr'><strong>virtute</strong></span> <span class='ocrx_word' id='word_1_467' title='bbox 3449 3452 3615 3507; x_wconf 89' lang='lat' dir='ltr'><strong>animi</strong></span> <span class='ocrx_word' id='word_1_468' title='bbox 3656 3464 3769 3520; x_wconf 83' lang='lat' dir='ltr'><strong>spo-</strong></span> 
     </span>
    </p>
   </div>
   <div class='ocr_carea' id='block_1_38' title="bbox 486 3545 3771 3626">
    <p class='ocr_par' dir='ltr' id='par_1_38' title="bbox 486 3545 3771 3626">
     <span class='ocr_line' id='line_1_38' title="bbox 486 3545 3771 3626; baseline -0.011 -7"><span class='ocrx_word' id='word_1_469' title='bbox 486 3561 666 3626; x_wconf 82' lang='lat' dir='ltr'><strong>fodivi,</strong></span> <span class='ocrx_word' id='word_1_470' title='bbox 692 3569 740 3613; x_wconf 88' lang='lat' dir='ltr'><strong>et</strong></span> <span class='ocrx_word' id='word_1_471' title='bbox 773 3574 879 3613; x_wconf 85' lang='lat' dir='ltr'><strong>non</strong></span> <span class='ocrx_word' id='word_1_472' title='bbox 923 3555 1181 3611; x_wconf 86' lang='lat' dir='ltr'><strong>declinavi</strong></span> <span class='ocrx_word' id='word_1_473' title='bbox 1228 3570 1291 3608; x_wconf 75' lang='lat' dir='ltr'><strong>ex</strong></span> <span class='ocrx_word' id='word_1_474' title='bbox 1335 3569 1416 3608; x_wconf 86' lang='lat' dir='ltr'><strong>ea.</strong></span> <span class='ocrx_word' id='word_1_475' title='bbox 1458 3552 1502 3604; x_wconf 82' lang='grc' dir='ltr'><em>Α</em></span> <span class='ocrx_word' id='word_1_476' title='bbox 1529 3549 1793 3604; x_wconf 84' lang='lat' dir='ltr'><strong>mandatis</strong></span> <span class='ocrx_word' id='word_1_477' title='bbox 1825 3547 2100 3622; x_wconf 43' lang='lat' dir='ltr'><strong>labiorung.</strong></span> <span class='ocrx_word' id='word_1_478' title='bbox 2186 3557 2320 3612; x_wconf 73' lang='lat' dir='ltr'><strong>[iam</strong></span> <span class='ocrx_word' id='word_1_479' title='bbox 2367 3555 2482 3610; x_wconf 77' lang='lat' dir='ltr'><strong>sive</strong></span> <span class='ocrx_word' id='word_1_480' title='bbox 2525 3552 2785 3624; x_wconf 68' lang='lat' dir='ltr'><strong>genlilem</strong></span> <span class='ocrx_word' id='word_1_481' title='bbox 2837 3565 3082 3618; x_wconf 58' lang='lat' dir='ltr'><strong>sensum,</strong></span> <span class='ocrx_word' id='word_1_482' title='bbox 3132 3547 3398 3604; x_wconf 74' lang='lat' dir='ltr'><strong>immundi</strong></span> <span class='ocrx_word' id='word_1_483' title='bbox 3442 3548 3631 3618; x_wconf 67' lang='lat' dir='ltr'><strong>“lique</strong></span> <span class='ocrx_word' id='word_1_484' title='bbox 3659 3545 3771 3600; x_wconf 70' lang='lat' dir='ltr'><strong>ani.</strong></span> 
     </span>
    </p>
   </div>
   <div class='ocr_carea' id='block_1_39' title="bbox 490 3638 3768 3731">
    <p class='ocr_par' dir='ltr' id='par_1_39' title="bbox 490 3638 3768 3731">
     <span class='ocr_line' id='line_1_39' title="bbox 490 3638 3768 3731; baseline -0.01 -8"><span class='ocrx_word' id='word_1_485' title='bbox 490 3660 606 3731; x_wconf 62' lang='lat' dir='ltr'><strong>eius</strong></span> <span class='ocrx_word' id='word_1_486' title='bbox 625 3671 730 3709; x_wconf 83' lang='grc' dir='ltr'><strong>ηοη</strong></span> <span class='ocrx_word' id='word_1_487' title='bbox 754 3651 960 3719; x_wconf 61' lang='lat' dir='ltr'><strong>&quot;cmi.</strong></span> <span class='ocrx_word' id='word_1_488' title='bbox 1003 3659 1052 3706; x_wconf 72' lang='grc' dir='ltr'><strong>εί</strong></span> <span class='ocrx_word' id='word_1_489' title='bbox 1074 3651 1125 3704; x_wconf 62' lang='lat' dir='ltr'><strong>in</strong></span> <span class='ocrx_word' id='word_1_490' title='bbox 1149 3649 1267 3703; x_wconf 70' lang='grc' dir='ltr'><strong>δίηα</strong></span> <span class='ocrx_word' id='word_1_491' title='bbox 1297 3662 1409 3701; x_wconf 73' lang='lat' dir='ltr'><strong>meo</strong></span> <span class='ocrx_word' id='word_1_492' title='bbox 1437 3663 1537 3700; x_wconf 76' lang='grc' dir='ltr'><strong>ηοη</strong></span> <span class='ocrx_word' id='word_1_493' title='bbox 1580 3643 1829 3699; x_wconf 62' lang='lat' dir='ltr'><strong>abscondi</strong></span> <span class='ocrx_word' id='word_1_494' title='bbox 1856 3642 2007 3696; x_wconf 68' lang='lat' dir='ltr'><strong>verba</strong></span> <span class='ocrx_word' id='word_1_495' title='bbox 2028 3656 2086 3694; x_wconf 91' lang='grc' dir='ltr'><strong>ο·</strong></span> <span class='ocrx_word' id='word_1_496' title='bbox 2189 3649 2348 3704; x_wconf 83' lang='lat' dir='ltr'><strong>malis</strong></span> <span class='ocrx_word' id='word_1_497' title='bbox 2377 3646 2597 3702; x_wconf 87' lang='lat' dir='ltr'><strong>nomine</strong></span> <span class='ocrx_word' id='word_1_498' title='bbox 2626 3645 2852 3711; x_wconf 92' lang='lat' dir='ltr'><strong>dictum,</strong></span> <span class='ocrx_word' id='word_1_499' title='bbox 2882 3643 2952 3698; x_wconf 87' lang='lat' dir='ltr'><strong>ab</strong></span> <span class='ocrx_word' id='word_1_500' title='bbox 2980 3643 3062 3697; x_wconf 89' lang='lat' dir='ltr'><strong>eis</strong></span> <span class='ocrx_word' id='word_1_501' title='bbox 3091 3641 3310 3713; x_wconf 86' lang='lat' dir='ltr'><strong>quidem</strong></span> <span class='ocrx_word' id='word_1_502' title='bbox 3342 3639 3622 3708; x_wconf 88' lang='lat' dir='ltr'><strong>auferunt,</strong></span> <span class='ocrx_word' id='word_1_503' title='bbox 3652 3638 3768 3693; x_wconf 91' lang='lat' dir='ltr'><strong>dum</strong></span> 
     </span>
    </p>
   </div>
   <div class='ocr_carea' id='block_1_40' title="bbox 485 3730 2044 3822">
    <p class='ocr_par' dir='ltr' id='par_1_40' title="bbox 485 3730 2044 3822">
     <span class='ocr_line' id='line_1_40' title="bbox 485 3730 2044 3822; baseline -0.01 -15"><span class='ocrx_word' id='word_1_504' title='bbox 485 3730 562 3807; x_wconf 84' lang='lat' dir='ltr'><strong>ris</strong></span> <span class='ocrx_word' id='word_1_505' title='bbox 603 3749 741 3822; x_wconf 87' lang='lat' dir='ltr'><strong>ejus.</strong></span> <span class='ocrx_word' id='word_1_506' title='bbox 794 3746 912 3803; x_wconf 89' lang='lat' dir='ltr'><strong>Hoc</strong></span> <span class='ocrx_word' id='word_1_507' title='bbox 969 3755 1096 3813; x_wconf 87' lang='lat' dir='ltr'><strong>est,</strong></span> <span class='ocrx_word' id='word_1_508' title='bbox 1138 3742 1284 3815; x_wconf 90' lang='lat' dir='ltr'><strong>quod</strong></span> <span class='ocrx_word' id='word_1_509' title='bbox 1325 3738 1591 3798; x_wconf 86' lang='lat' dir='ltr'><strong>custodiri</strong></span> <span class='ocrx_word' id='word_1_510' title='bbox 1638 3737 1851 3804; x_wconf 88' lang='lat' dir='ltr'><strong>voluit,</strong></span> <span class='ocrx_word' id='word_1_511' title='bbox 1903 3745 2044 3792; x_wconf 83' lang='lat' dir='ltr'><strong>custt</strong></span> 
     </span>
    </p>
   </div>
   <div class='ocr_carea' id='block_1_41' title="bbox 2216 3730 3775 3822">
    <p class='ocr_par' dir='ltr' id='par_1_41' title="bbox 2216 3730 3775 3812">
     <span class='ocr_line' id='line_1_41' title="bbox 2216 3730 3775 3812; baseline -0.009 -14"><span class='ocrx_word' id='word_1_512' title='bbox 2216 3741 2292 3798; x_wconf 15' lang='lat' dir='ltr'><strong>sub</strong></span> <span class='ocrx_word' id='word_1_513' title='bbox 2313 3749 2587 3812; x_wconf 79' lang='lat' dir='ltr'><strong>praetextu</strong></span> <span class='ocrx_word' id='word_1_514' title='bbox 2613 3753 2761 3794; x_wconf 73' lang='lat' dir='ltr'><strong>vera:</strong></span> <span class='ocrx_word' id='word_1_515' title='bbox 2794 3734 3100 3806; x_wconf 90' lang='lat' dir='ltr'><strong>religionis,</strong></span> <span class='ocrx_word' id='word_1_516' title='bbox 3139 3749 3233 3789; x_wconf 87' lang='lat' dir='ltr'><strong>eos</strong></span> <span class='ocrx_word' id='word_1_517' title='bbox 3274 3734 3330 3788; x_wconf 94' lang='lat' dir='ltr'><strong>in</strong></span> <span class='ocrx_word' id='word_1_518' title='bbox 3359 3732 3642 3803; x_wconf 84' lang='lat' dir='ltr'><strong>perfidiam</strong></span> <span class='ocrx_word' id='word_1_519' title='bbox 3682 3730 3775 3785; x_wconf 90' lang='lat' dir='ltr'><strong>du-</strong></span> 
     </span>
    </p>
   </div>
   <div class='ocr_carea' id='block_1_42' title="bbox 492 3825 3775 3902">
    <p class='ocr_par' dir='ltr' id='par_1_42' title="bbox 492 3825 3775 3902">
     <span class='ocr_line' id='line_1_42' title="bbox 492 3825 3775 3902; baseline -0.007 -1"><span class='ocrx_word' id='word_1_520' title='bbox 492 3844 628 3902; x_wconf 86' lang='lat' dir='ltr'><strong>tlivi.</strong></span> <span class='ocrx_word' id='word_1_521' title='bbox 1375 3887 1384 3893; x_wconf 90' lang='lat'><strong>.</strong></span> <span class='ocrx_word' id='word_1_522' title='bbox 2191 3846 2346 3891; x_wconf 91' lang='lat' dir='ltr'><strong>cunt.</strong></span> <span class='ocrx_word' id='word_1_523' title='bbox 2392 3834 2578 3889; x_wconf 60' lang='lat' dir='ltr'><strong>Viduas</strong></span> <span class='ocrx_word' id='word_1_524' title='bbox 2624 3833 2789 3887; x_wconf 87' lang='lat' dir='ltr'><strong>etiam</strong></span> <span class='ocrx_word' id='word_1_525' title='bbox 2843 3830 2949 3885; x_wconf 68' lang='lat' dir='ltr'><strong>illa:</strong></span> <span class='ocrx_word' id='word_1_526' title='bbox 2995 3837 3124 3884; x_wconf 85' lang='lat' dir='ltr'><strong>sunt</strong></span> <span class='ocrx_word' id='word_1_527' title='bbox 3167 3828 3388 3894; x_wconf 70' lang='lat' dir='ltr'><strong>animae,</strong></span> <span class='ocrx_word' id='word_1_528' title='bbox 3436 3842 3560 3898; x_wconf 74' lang='lat' dir='ltr'><strong>qua:</strong></span> <span class='ocrx_word' id='word_1_529' title='bbox 3589 3825 3775 3888; x_wconf 87' lang='lat' dir='ltr'><strong>virum,</strong></span> 
     </span>
    </p>
   </div>
   <div class='ocr_carea' id='block_1_43' title="bbox 558 3917 3781 4011">
    <p class='ocr_par' dir='ltr' id='par_1_43' title="bbox 558 3917 3781 4011">
     <span class='ocr_line' id='line_1_43' title="bbox 558 3917 3781 4011; baseline -0.009 -18"><span class='ocrx_word' id='word_1_530' title='bbox 558 3935 682 4011; x_wconf 84' lang='lat' dir='ltr'><strong>Ipse</strong></span> <span class='ocrx_word' id='word_1_531' title='bbox 703 3935 840 3991; x_wconf 86' lang='lat' dir='ltr'><strong>enim</strong></span> <span class='ocrx_word' id='word_1_532' title='bbox 862 3932 1006 3989; x_wconf 86' lang='lat' dir='ltr'><strong>solus</strong></span> <span class='ocrx_word' id='word_1_533' title='bbox 1025 3941 1123 3999; x_wconf 88' lang='lat' dir='ltr'><strong>est,</strong></span> <span class='ocrx_word' id='word_1_534' title='bbox 1153 3940 1198 3986; x_wconf 83' lang='lat' dir='ltr'><strong>et</strong></span> <span class='ocrx_word' id='word_1_535' title='bbox 1212 3945 1363 3986; x_wconf 85' lang='lat' dir='ltr'><strong>nemo</strong></span> <span class='ocrx_word' id='word_1_536' title='bbox 1382 3936 1609 3983; x_wconf 77' lang='lat' dir='ltr'><strong>avertere</strong></span> <span class='ocrx_word' id='word_1_537' title='bbox 1632 3933 1796 3996; x_wconf 83' lang='lat' dir='ltr'><strong>potest</strong></span> <span class='ocrx_word' id='word_1_538' title='bbox 1817 3925 2089 3994; x_wconf 87' lang='lat' dir='ltr'><strong>cogitatio—</strong></span> <span class='ocrx_word' id='word_1_539' title='bbox 2194 3929 2366 3984; x_wconf 83' lang='lat' dir='ltr'><strong>Deum</strong></span> <span class='ocrx_word' id='word_1_540' title='bbox 2398 3941 2579 3992; x_wconf 66' lang='lat' dir='ltr'><strong>suum,</strong></span> <span class='ocrx_word' id='word_1_541' title='bbox 2620 3935 2676 3981; x_wconf 85' lang='lat' dir='ltr'><strong>et</strong></span> <span class='ocrx_word' id='word_1_542' title='bbox 2705 3924 2997 3979; x_wconf 81' lang='lat' dir='ltr'><strong>Dominum</strong></span> <span class='ocrx_word' id='word_1_543' title='bbox 3022 3921 3323 3976; x_wconf 81' lang='lat' dir='ltr'><strong>amiserunt</strong></span> <span class='ocrx_word' id='word_1_544' title='bbox 3355 3937 3368 3975; x_wconf 86' lang='lat'><strong>:</strong></span> <span class='ocrx_word' id='word_1_545' title='bbox 3401 3935 3430 3973; x_wconf 70' lang='grc' dir='ltr'><strong>τι</strong></span> <span class='ocrx_word' id='word_1_546' title='bbox 3461 3921 3658 3986; x_wconf 73' lang='lat' dir='ltr'><strong>quibus</strong></span> <span class='ocrx_word' id='word_1_547' title='bbox 3681 3917 3781 3972; x_wconf 64' lang='lat' dir='ltr'><strong>hm-</strong></span> 
     </span>
    </p>
   </div>
   <div class='ocr_carea' id='block_1_44' title="bbox 495 4014 3782 4104">
    <p class='ocr_par' dir='ltr' id='par_1_44' title="bbox 495 4014 3782 4104">
     <span class='ocr_line' id='line_1_44' title="bbox 495 4014 3782 4104; baseline -0.007 -14"><span class='ocrx_word' id='word_1_548' title='bbox 495 4049 615 4090; x_wconf 85' lang='lat' dir='ltr'><strong>nem</strong></span> <span class='ocrx_word' id='word_1_549' title='bbox 643 4033 780 4104; x_wconf 84' lang='lat' dir='ltr'><strong>ejus,</strong></span> <span class='ocrx_word' id='word_1_550' title='bbox 811 4039 862 4086; x_wconf 86' lang='lat' dir='ltr'><strong>et</strong></span> <span class='ocrx_word' id='word_1_551' title='bbox 881 4031 1059 4086; x_wconf 87' lang='lat' dir='ltr'><strong>anima</strong></span> <span class='ocrx_word' id='word_1_552' title='bbox 1087 4030 1199 4100; x_wconf 88' lang='lat' dir='ltr'><strong>ejus</strong></span> <span class='ocrx_word' id='word_1_553' title='bbox 1217 4025 1580 4098; x_wconf 88' lang='lat' dir='ltr'><strong>quodcumque</strong></span> <span class='ocrx_word' id='word_1_554' title='bbox 1610 4023 1771 4076; x_wconf 80' lang='lat' dir='ltr'><strong>voluit</strong></span> <span class='ocrx_word' id='word_1_555' title='bbox 1820 4023 1918 4076; x_wconf 80' lang='lat' dir='ltr'><strong>hoc</strong></span> <span class='ocrx_word' id='word_1_556' title='bbox 1945 4021 2088 4090; x_wconf 78' lang='lat' dir='ltr'><strong>fecit.</strong></span> <span class='ocrx_word' id='word_1_557' title='bbox 2202 4023 2358 4080; x_wconf 89' lang='lat' dir='ltr'><strong>rctici</strong></span> <span class='ocrx_word' id='word_1_558' title='bbox 2391 4037 2492 4092; x_wconf 91' lang='lat' dir='ltr'><strong>pro</strong></span> <span class='ocrx_word' id='word_1_559' title='bbox 2519 4022 2743 4092; x_wconf 88' lang='lat' dir='ltr'><strong>pignore</strong></span> <span class='ocrx_word' id='word_1_560' title='bbox 2772 4017 3037 4089; x_wconf 65' lang='lat' dir='ltr'><strong>perﬁdiae,</strong></span> <span class='ocrx_word' id='word_1_561' title='bbox 3067 4017 3255 4086; x_wconf 92' lang='lat' dir='ltr'><strong>utique</strong></span> <span class='ocrx_word' id='word_1_562' title='bbox 3275 4014 3663 4082; x_wconf 75' lang='lat' dir='ltr'><strong>confessionis,</strong></span> <span class='ocrx_word' id='word_1_563' title='bbox 3696 4026 3782 4083; x_wconf 79' lang='lat' dir='ltr'><strong>per</strong></span> 
     </span>
    </p>
   </div>
   <div class='ocr_carea' id='block_1_45' title="bbox 494 4107 3787 4194">
    <p class='ocr_par' dir='ltr' id='par_1_45' title="bbox 494 4107 3787 4194">
     <span class='ocr_line' id='line_1_45' title="bbox 494 4107 3787 4194; baseline -0.008 -10"><span class='ocrx_word' id='word_1_564' title='bbox 494 4127 609 4184; x_wconf 87' lang='lat' dir='ltr'><strong>Hoc</strong></span> <span class='ocrx_word' id='word_1_565' title='bbox 635 4133 742 4189; x_wconf 88' lang='lat' dir='ltr'><strong>est,</strong></span> <span class='ocrx_word' id='word_1_566' title='bbox 790 4121 919 4194; x_wconf 83' lang='lat' dir='ltr'><strong>quia</strong></span> <span class='ocrx_word' id='word_1_567' title='bbox 952 4119 1327 4177; x_wconf 89' lang='lat' dir='ltr'><strong>inscrutabilia</strong></span> <span class='ocrx_word' id='word_1_568' title='bbox 1355 4127 1483 4174; x_wconf 90' lang='lat' dir='ltr'><strong>sunt</strong></span> <span class='ocrx_word' id='word_1_569' title='bbox 1524 4115 1722 4187; x_wconf 85' lang='lat' dir='ltr'><strong>judicia</strong></span> <span class='ocrx_word' id='word_1_570' title='bbox 1755 4114 1897 4184; x_wconf 85' lang='lat' dir='ltr'><strong>ejus,</strong></span> <span class='ocrx_word' id='word_1_571' title='bbox 1925 4125 1978 4170; x_wconf 90' lang='lat' dir='ltr'><strong>et</strong></span> <span class='ocrx_word' id='word_1_572' title='bbox 2011 4112 2094 4168; x_wconf 91' lang='lat' dir='ltr'><strong>in-</strong></span> <span class='ocrx_word' id='word_1_573' title='bbox 2197 4131 2359 4188; x_wconf 81' lang='lat' dir='ltr'><strong>quam</strong></span> <span class='ocrx_word' id='word_1_574' title='bbox 2409 4115 2561 4170; x_wconf 86' lang='lat' dir='ltr'><strong>falsis</strong></span> <span class='ocrx_word' id='word_1_575' title='bbox 2615 4128 2806 4170; x_wconf 89' lang='lat' dir='ltr'><strong>eorum</strong></span> <span class='ocrx_word' id='word_1_576' title='bbox 2859 4109 3343 4167; x_wconf 84' lang='lat' dir='ltr'><strong>adinventionibus</strong></span> <span class='ocrx_word' id='word_1_577' title='bbox 3390 4107 3696 4172; x_wconf 82' lang='lat' dir='ltr'><strong>initiantur,</strong></span> <span class='ocrx_word' id='word_1_578' title='bbox 3736 4112 3787 4160; x_wconf 89' lang='lat' dir='ltr'><strong>et</strong></span> 
     </span>
    </p>
   </div>
   <div class='ocr_carea' id='block_1_46' title="bbox 498 4199 3782 4290">
    <p class='ocr_par' dir='ltr' id='par_1_46' title="bbox 498 4199 3782 4290">
     <span class='ocr_line' id='line_1_46' title="bbox 498 4199 3782 4290; baseline -0.009 -12"><span class='ocrx_word' id='word_1_579' title='bbox 498 4217 854 4290; x_wconf 72' lang='lat' dir='ltr'><strong>vestigabiles</strong></span> <span class='ocrx_word' id='word_1_580' title='bbox 878 4216 984 4272; x_wconf 80' lang='lat' dir='ltr'><strong>viae</strong></span> <span class='ocrx_word' id='word_1_581' title='bbox 1022 4216 1163 4285; x_wconf 89' lang='lat' dir='ltr'><strong>ejus.</strong></span> <span class='ocrx_word' id='word_1_582' title='bbox 2198 4209 2475 4265; x_wconf 87' lang='lat' dir='ltr'><strong>debitores</strong></span> <span class='ocrx_word' id='word_1_583' title='bbox 2523 4221 2714 4263; x_wconf 87' lang='lat' dir='ltr'><strong>corum</strong></span> <span class='ocrx_word' id='word_1_584' title='bbox 2761 4203 3104 4270; x_wconf 83' lang='lat' dir='ltr'><strong>ofﬁciuntur,</strong></span> <span class='ocrx_word' id='word_1_585' title='bbox 3164 4213 3478 4257; x_wconf 89' lang='lat' dir='ltr'><strong>sanctarum</strong></span> <span class='ocrx_word' id='word_1_586' title='bbox 3526 4199 3782 4255; x_wconf 87' lang='lat' dir='ltr'><strong>virtutum</strong></span> 
     </span>
    </p>
   </div>
   <div class='ocr_carea' id='block_1_47' title="bbox 573 4295 3778 4386">
    <p class='ocr_par' dir='ltr' id='par_1_47' title="bbox 573 4295 3778 4386">
     <span class='ocr_line' id='line_1_47' title="bbox 573 4295 3778 4386; baseline -0.008 -16"><span class='ocrx_word' id='word_1_587' title='bbox 573 4314 808 4386; x_wconf 88' lang='lat' dir='ltr'><strong>Cumque</strong></span> <span class='ocrx_word' id='word_1_588' title='bbox 837 4311 1113 4382; x_wconf 71' lang='lat' dir='ltr'><strong>expleverit</strong></span> <span class='ocrx_word' id='word_1_589' title='bbox 1163 4310 1218 4364; x_wconf 89' lang='lat' dir='ltr'><strong>in</strong></span> <span class='ocrx_word' id='word_1_590' title='bbox 1255 4325 1335 4363; x_wconf 86' lang='lat' dir='ltr'><strong>me</strong></span> <span class='ocrx_word' id='word_1_591' title='bbox 1373 4306 1691 4362; x_wconf 80' lang='lat' dir='ltr'><strong>voluntatem</strong></span> <span class='ocrx_word' id='word_1_592' title='bbox 1723 4321 1887 4370; x_wconf 89' lang='lat' dir='ltr'><strong>suam,</strong></span> <span class='ocrx_word' id='word_1_593' title='bbox 1920 4312 1966 4357; x_wconf 85' lang='lat' dir='ltr'><strong>et</strong></span> <span class='ocrx_word' id='word_1_594' title='bbox 1993 4303 2098 4357; x_wconf 85' lang='lat' dir='ltr'><strong>alia</strong></span> <span class='ocrx_word' id='word_1_595' title='bbox 2201 4301 2543 4368; x_wconf 86' lang='lat' dir='ltr'><strong>munditiam,</strong></span> <span class='ocrx_word' id='word_1_596' title='bbox 2579 4310 2634 4356; x_wconf 90' lang='lat' dir='ltr'><strong>et</strong></span> <span class='ocrx_word' id='word_1_597' title='bbox 2659 4299 2816 4354; x_wconf 90' lang='lat' dir='ltr'><strong>utilia</strong></span> <span class='ocrx_word' id='word_1_598' title='bbox 2851 4298 3019 4353; x_wconf 86' lang='lat' dir='ltr'><strong>animi</strong></span> <span class='ocrx_word' id='word_1_599' title='bbox 3059 4312 3225 4367; x_wconf 87' lang='lat' dir='ltr'><strong>opera</strong></span> <span class='ocrx_word' id='word_1_600' title='bbox 3248 4295 3466 4351; x_wconf 90' lang='lat' dir='ltr'><strong>auferre</strong></span> <span class='ocrx_word' id='word_1_601' title='bbox 3501 4303 3778 4350; x_wconf 88' lang='lat' dir='ltr'><strong>conantur.</strong></span> 
     </span>
    </p>
   </div>
   <div class='ocr_carea' id='block_1_48' title="bbox 502 4386 3781 4476">
    <p class='ocr_par' dir='ltr' id='par_1_48' title="bbox 502 4386 3781 4476">
     <span class='ocr_line' id='line_1_48' title="bbox 502 4386 3781 4476; baseline -0.008 -11"><span class='ocrx_word' id='word_1_602' title='bbox 502 4407 670 4466; x_wconf 89' lang='lat' dir='ltr'><strong>multa</strong></span> <span class='ocrx_word' id='word_1_603' title='bbox 699 4405 893 4462; x_wconf 86' lang='lat' dir='ltr'><strong>similia</strong></span> <span class='ocrx_word' id='word_1_604' title='bbox 919 4414 1108 4476; x_wconf 73' lang='lat' dir='ltr'><strong>prazsto</strong></span> <span class='ocrx_word' id='word_1_605' title='bbox 1129 4412 1251 4459; x_wconf 86' lang='lat' dir='ltr'><strong>sunt</strong></span> <span class='ocrx_word' id='word_1_606' title='bbox 1276 4403 1344 4458; x_wconf 92' lang='lat' dir='ltr'><strong>ei.</strong></span> <span class='ocrx_word' id='word_1_607' title='bbox 1371 4401 1506 4457; x_wconf 91' lang='lat' dir='ltr'><strong>Cum</strong></span> <span class='ocrx_word' id='word_1_608' title='bbox 1521 4400 1630 4471; x_wconf 91' lang='lat' dir='ltr'><strong>jam</strong></span> <span class='ocrx_word' id='word_1_609' title='bbox 1665 4415 1752 4454; x_wconf 91' lang='lat' dir='ltr'><strong>me</strong></span> <span class='ocrx_word' id='word_1_610' title='bbox 1778 4399 1978 4470; x_wconf 88' lang='lat' dir='ltr'><strong>quibus</strong></span> <span class='ocrx_word' id='word_1_611' title='bbox 2005 4415 2099 4452; x_wconf 89' lang='lat' dir='ltr'><strong>vo-</strong></span> <span class='ocrx_word' id='word_1_612' title='bbox 2201 4397 2483 4468; x_wconf 87' lang='lat' dir='ltr'><strong>Pauperes</strong></span> <span class='ocrx_word' id='word_1_613' title='bbox 2505 4409 2722 4465; x_wconf 87' lang='lat' dir='ltr'><strong>quoque</strong></span> <span class='ocrx_word' id='word_1_614' title='bbox 2751 4393 2805 4448; x_wconf 93' lang='lat' dir='ltr'><strong>in</strong></span> <span class='ocrx_word' id='word_1_615' title='bbox 2853 4392 2955 4447; x_wconf 87' lang='lat' dir='ltr'><strong>hoc</strong></span> <span class='ocrx_word' id='word_1_616' title='bbox 3005 4391 3128 4446; x_wconf 91' lang='lat' dir='ltr'><strong>loco</strong></span> <span class='ocrx_word' id='word_1_617' title='bbox 3170 4390 3244 4445; x_wconf 92' lang='lat' dir='ltr'><strong>illi</strong></span> <span class='ocrx_word' id='word_1_618' title='bbox 3275 4386 3620 4459; x_wconf 89' lang='lat' dir='ltr'><strong>intelligendi</strong></span> <span class='ocrx_word' id='word_1_619' title='bbox 3647 4391 3781 4449; x_wconf 85' lang='lat' dir='ltr'><strong>sunt,</strong></span> 
     </span>
    </p>
   </div>
   <div class='ocr_carea' id='block_1_49' title="bbox 499 4479 3787 4568">
    <p class='ocr_par' dir='ltr' id='par_1_49' title="bbox 499 4479 3787 4568">
     <span class='ocr_line' id='line_1_49' title="bbox 499 4479 3787 4568; baseline -0.008 -10"><span class='ocrx_word' id='word_1_620' title='bbox 499 4503 599 4559; x_wconf 88' lang='lat' dir='ltr'><strong>luit</strong></span> <span class='ocrx_word' id='word_1_621' title='bbox 629 4500 917 4557; x_wconf 86' lang='lat' dir='ltr'><strong>tormentis</strong></span> <span class='ocrx_word' id='word_1_622' title='bbox 944 4499 1210 4568; x_wconf 74' lang='lat' dir='ltr'><strong>olfecerit,</strong></span> <span class='ocrx_word' id='word_1_623' title='bbox 1243 4507 1298 4554; x_wconf 90' lang='lat' dir='ltr'><strong>et</strong></span> <span class='ocrx_word' id='word_1_624' title='bbox 1327 4497 1432 4552; x_wconf 90' lang='lat' dir='ltr'><strong>alia</strong></span> <span class='ocrx_word' id='word_1_625' title='bbox 1456 4495 1637 4550; x_wconf 87' lang='lat' dir='ltr'><strong>adhuc</strong></span> <span class='ocrx_word' id='word_1_626' title='bbox 1662 4504 1859 4565; x_wconf 85' lang='lat' dir='ltr'><strong>quanta</strong></span> <span class='ocrx_word' id='word_1_627' title='bbox 1909 4493 2099 4548; x_wconf 84' lang='lat' dir='ltr'><strong>voltte-</strong></span> <span class='ocrx_word' id='word_1_628' title='bbox 2205 4493 2294 4564; x_wconf 89' lang='lat' dir='ltr'><strong>qui</strong></span> <span class='ocrx_word' id='word_1_629' title='bbox 2315 4491 2630 4546; x_wconf 90' lang='lat' dir='ltr'><strong>testimonio</strong></span> <span class='ocrx_word' id='word_1_630' title='bbox 2661 4488 2786 4544; x_wconf 90' lang='lat' dir='ltr'><strong>ﬁdei</strong></span> <span class='ocrx_word' id='word_1_631' title='bbox 2813 4485 3060 4542; x_wconf 79' lang='lat' dir='ltr'><strong>deStituti</strong></span> <span class='ocrx_word' id='word_1_632' title='bbox 3092 4495 3237 4540; x_wconf 88' lang='lat' dir='ltr'><strong>sunt.</strong></span> <span class='ocrx_word' id='word_1_633' title='bbox 3258 4484 3502 4539; x_wconf 85' lang='lat' dir='ltr'><strong>Aliisunt</strong></span> <span class='ocrx_word' id='word_1_634' title='bbox 3522 4481 3719 4536; x_wconf 82' lang='lat' dir='ltr'><strong>divites</strong></span> <span class='ocrx_word' id='word_1_635' title='bbox 3739 4479 3787 4531; x_wconf 90' lang='lat' dir='ltr'><strong>in</strong></span> 
     </span>
    </p>
   </div>
   <div class='ocr_carea' id='block_1_50' title="bbox 504 4574 3791 4666">
    <p class='ocr_par' dir='ltr' id='par_1_50' title="bbox 504 4574 3791 4666">
     <span class='ocr_line' id='line_1_50' title="bbox 504 4574 3791 4666; baseline -0.009 -13"><span class='ocrx_word' id='word_1_636' title='bbox 504 4596 576 4654; x_wconf 86' lang='lat' dir='ltr'><strong>rit</strong></span> <span class='ocrx_word' id='word_1_637' title='bbox 600 4593 735 4650; x_wconf 87' lang='lat' dir='ltr'><strong>mihi</strong></span> <span class='ocrx_word' id='word_1_638' title='bbox 759 4593 1006 4666; x_wconf 83' lang='lat' dir='ltr'><strong>inﬂigere</strong></span> <span class='ocrx_word' id='word_1_639' title='bbox 1035 4593 1251 4662; x_wconf 87' lang='lat' dir='ltr'><strong>poterit,</strong></span> <span class='ocrx_word' id='word_1_640' title='bbox 1274 4607 1434 4662; x_wconf 90' lang='lat' dir='ltr'><strong>quem</strong></span> <span class='ocrx_word' id='word_1_641' title='bbox 1453 4588 1788 4646; x_wconf 90' lang='lat' dir='ltr'><strong>insensibilia</strong></span> <span class='ocrx_word' id='word_1_642' title='bbox 1815 4590 1956 4643; x_wconf 86' lang='lat' dir='ltr'><strong>sicut</strong></span> <span class='ocrx_word' id='word_1_643' title='bbox 1977 4601 2099 4643; x_wconf 85' lang='lat' dir='ltr'><strong>seu-</strong></span> <span class='ocrx_word' id='word_1_644' title='bbox 2123 4647 2178 4666; x_wconf 48' lang='lat' dir='ltr'><strong>ﬁ</strong></span> <span class='ocrx_word' id='word_1_645' title='bbox 2207 4586 2351 4642; x_wconf 88' lang='lat' dir='ltr'><strong>ﬁde:</strong></span> <span class='ocrx_word' id='word_1_646' title='bbox 2379 4585 2572 4640; x_wconf 89' lang='lat' dir='ltr'><strong>borum</strong></span> <span class='ocrx_word' id='word_1_647' title='bbox 2595 4582 2872 4653; x_wconf 79' lang='lat' dir='ltr'><strong>religionis</strong></span> <span class='ocrx_word' id='word_1_648' title='bbox 2893 4583 3060 4646; x_wconf 87' lang='lat' dir='ltr'><strong>viam,</strong></span> <span class='ocrx_word' id='word_1_649' title='bbox 3079 4595 3184 4652; x_wconf 86' lang='lat' dir='ltr'><strong>qua</strong></span> <span class='ocrx_word' id='word_1_650' title='bbox 3205 4577 3272 4634; x_wconf 87' lang='lat' dir='ltr'><strong>ad</strong></span> <span class='ocrx_word' id='word_1_651' title='bbox 3301 4581 3467 4633; x_wconf 88' lang='lat' dir='ltr'><strong>Deum</strong></span> <span class='ocrx_word' id='word_1_652' title='bbox 3503 4574 3682 4630; x_wconf 87' lang='lat' dir='ltr'><strong>redire</strong></span> <span class='ocrx_word' id='word_1_653' title='bbox 3705 4587 3791 4640; x_wconf 82' lang='lat' dir='ltr'><strong>po-</strong></span> 
     </span>
    </p>
   </div>
   <div class='ocr_carea' id='block_1_51' title="bbox 512 4647 3793 4747">
    <p class='ocr_par' dir='ltr' id='par_1_51' title="bbox 512 4647 3793 4747">
     <span class='ocr_line' id='line_1_51' title="bbox 512 4647 3793 4747; baseline -0.008 -1"><span class='ocrx_word' id='word_1_654' title='bbox 512 4686 694 4746; x_wconf 87' lang='lat' dir='ltr'><strong>sibilia</strong></span> <span class='ocrx_word' id='word_1_655' title='bbox 720 4687 1172 4742; x_wconf 88' lang='lat' dir='ltr'><strong>contremiscunt.</strong></span> <span class='ocrx_word' id='word_1_656' title='bbox 2123 4647 2180 4710; x_wconf 78' lang='lat' dir='ltr'><strong>D</strong></span> <span class='ocrx_word' id='word_1_657' title='bbox 2211 4685 2411 4747; x_wconf 88' lang='lat' dir='ltr'><strong>terant,</strong></span> <span class='ocrx_word' id='word_1_658' title='bbox 2459 4678 2574 4734; x_wconf 88' lang='lat' dir='ltr'><strong>suis</strong></span> <span class='ocrx_word' id='word_1_659' title='bbox 2603 4675 2886 4732; x_wconf 86' lang='lat' dir='ltr'><strong>erroribus</strong></span> <span class='ocrx_word' id='word_1_660' title='bbox 2932 4674 3177 4730; x_wconf 65' lang='lat' dir='ltr'><strong>bmretici</strong></span> <span class='ocrx_word' id='word_1_661' title='bbox 3209 4673 3616 4729; x_wconf 85' lang='lat' dir='ltr'><strong>subvcrteruut.</strong></span> <span class='ocrx_word' id='word_1_662' title='bbox 3649 4667 3793 4725; x_wconf 79' lang='lat' dir='ltr'><strong>Man-</strong></span> 
     </span>
    </p>
   </div>
   <div class='ocr_carea' id='block_1_52' title="bbox 577 4765 3797 4850">
    <p class='ocr_par' dir='ltr' id='par_1_52' title="bbox 577 4765 3797 4850">
     <span class='ocr_line' id='line_1_52' title="bbox 577 4765 3797 4850; baseline -0.005 -17"><span class='ocrx_word' id='word_1_663' title='bbox 577 4777 648 4834; x_wconf 90' lang='lat' dir='ltr'><strong>Et</strong></span> <span class='ocrx_word' id='word_1_664' title='bbox 667 4778 865 4833; x_wconf 88' lang='lat' dir='ltr'><strong>idcirco</strong></span> <span class='ocrx_word' id='word_1_665' title='bbox 895 4796 929 4833; x_wconf 93' lang='lat' dir='ltr'><strong>a</strong></span> <span class='ocrx_word' id='word_1_666' title='bbox 954 4779 1087 4850; x_wconf 77' lang='lat' dir='ltr'><strong>facie</strong></span> <span class='ocrx_word' id='word_1_667' title='bbox 1108 4779 1222 4844; x_wconf 82' lang='lat' dir='ltr'><strong>eius</strong></span> <span class='ocrx_word' id='word_1_668' title='bbox 1251 4777 1484 4832; x_wconf 85' lang='lat' dir='ltr'><strong>turbatus</strong></span> <span class='ocrx_word' id='word_1_669' title='bbox 1508 4792 1644 4832; x_wconf 85' lang='lat' dir='ltr'><strong>sum.</strong></span> <span class='ocrx_word' id='word_1_670' title='bbox 1681 4776 1860 4831; x_wconf 79' lang='lat' dir='ltr'><strong>Mente</strong></span> <span class='ocrx_word' id='word_1_671' title='bbox 1893 4774 2104 4831; x_wconf 89' lang='lat' dir='ltr'><strong>scilicet</strong></span> <span class='ocrx_word' id='word_1_672' title='bbox 2212 4784 2399 4830; x_wconf 89' lang='lat' dir='ltr'><strong>suetos</strong></span> <span class='ocrx_word' id='word_1_673' title='bbox 2421 4781 2602 4828; x_wconf 89' lang='lat' dir='ltr'><strong>antem</strong></span> <span class='ocrx_word' id='word_1_674' title='bbox 2635 4772 2723 4826; x_wconf 90' lang='lat' dir='ltr'><strong>hic</strong></span> <span class='ocrx_word' id='word_1_675' title='bbox 2765 4770 2891 4827; x_wconf 90' lang='lat' dir='ltr'><strong>illos</strong></span> <span class='ocrx_word' id='word_1_676' title='bbox 2919 4783 3042 4826; x_wconf 90' lang='lat' dir='ltr'><strong>esse</strong></span> <span class='ocrx_word' id='word_1_677' title='bbox 3079 4767 3398 4831; x_wconf 90' lang='lat' dir='ltr'><strong>sentiamus,</strong></span> <span class='ocrx_word' id='word_1_678' title='bbox 3430 4765 3521 4836; x_wconf 90' lang='lat' dir='ltr'><strong>qui</strong></span> <span class='ocrx_word' id='word_1_679' title='bbox 3548 4770 3797 4820; x_wconf 83' lang='lat' dir='ltr'><strong>constan-</strong></span> 
     </span>
    </p>
   </div>
   <div class='ocr_carea' id='block_1_53' title="bbox 515 4857 3799 4943">
    <p class='ocr_par' dir='ltr' id='par_1_53' title="bbox 515 4857 3799 4943">
     <span class='ocr_line' id='line_1_53' title="bbox 515 4857 3799 4943; baseline -0.008 -11"><span class='ocrx_word' id='word_1_680' title='bbox 515 4872 784 4938; x_wconf 83' lang='lat' dir='ltr'><strong>sentiens,</strong></span> <span class='ocrx_word' id='word_1_681' title='bbox 821 4883 876 4928; x_wconf 90' lang='lat' dir='ltr'><strong>et</strong></span> <span class='ocrx_word' id='word_1_682' title='bbox 905 4880 1160 4943; x_wconf 79' lang='lat' dir='ltr'><strong>exparte</strong></span> <span class='ocrx_word' id='word_1_683' title='bbox 1185 4871 1516 4941; x_wconf 88' lang='lat' dir='ltr'><strong>intelligens.</strong></span> <span class='ocrx_word' id='word_1_684' title='bbox 2215 4866 2344 4922; x_wconf 91' lang='lat' dir='ltr'><strong>tiam</strong></span> <span class='ocrx_word' id='word_1_685' title='bbox 2373 4861 2614 4920; x_wconf 90' lang='lat' dir='ltr'><strong>inimicis</strong></span> <span class='ocrx_word' id='word_1_686' title='bbox 2640 4862 2757 4918; x_wconf 86' lang='lat' dir='ltr'><strong>suis</strong></span> <span class='ocrx_word' id='word_1_687' title='bbox 2787 4877 2890 4917; x_wconf 93' lang='lat' dir='ltr'><strong>non</strong></span> <span class='ocrx_word' id='word_1_688' title='bbox 2924 4860 3128 4917; x_wconf 86' lang='lat' dir='ltr'><strong>habent</strong></span> <span class='ocrx_word' id='word_1_689' title='bbox 3157 4857 3469 4923; x_wconf 86' lang='lat' dir='ltr'><strong>resistendi,</strong></span> <span class='ocrx_word' id='word_1_690' title='bbox 3500 4868 3556 4912; x_wconf 88' lang='lat' dir='ltr'><strong>et</strong></span> <span class='ocrx_word' id='word_1_691' title='bbox 3581 4862 3799 4925; x_wconf 86' lang='lat' dir='ltr'><strong>propter</strong></span> 
     </span>
    </p>
   </div>
   <div class='ocr_carea' id='block_1_54' title="bbox 579 4947 3797 5030">
    <p class='ocr_par' dir='ltr' id='par_1_54' title="bbox 579 4947 3797 5030">
     <span class='ocr_line' id='line_1_54' title="bbox 579 4947 3797 5030; baseline -0.007 -8"><span class='ocrx_word' id='word_1_692' title='bbox 579 4965 650 5023; x_wconf 88' lang='lat' dir='ltr'><strong>Et</strong></span> <span class='ocrx_word' id='word_1_693' title='bbox 676 4961 1016 5020; x_wconf 85' lang='lat' dir='ltr'><strong>considerans</strong></span> <span class='ocrx_word' id='word_1_694' title='bbox 1056 4981 1175 5019; x_wconf 87' lang='lat' dir='ltr'><strong>eum</strong></span> <span class='ocrx_word' id='word_1_695' title='bbox 1197 4964 1380 5018; x_wconf 88' lang='lat' dir='ltr'><strong>timore</strong></span> <span class='ocrx_word' id='word_1_696' title='bbox 1401 4963 1677 5018; x_wconf 85' lang='lat' dir='ltr'><strong>sollicitor.</strong></span> <span class='ocrx_word' id='word_1_697' title='bbox 1710 4963 1764 5017; x_wconf 88' lang='lat' dir='ltr'><strong>Id</strong></span> <span class='ocrx_word' id='word_1_698' title='bbox 1794 4971 1899 5028; x_wconf 87' lang='lat' dir='ltr'><strong>est,</strong></span> <span class='ocrx_word' id='word_1_699' title='bbox 1931 4961 2109 5018; x_wconf 87' lang='lat' dir='ltr'><strong>ltorri-</strong></span> <span class='ocrx_word' id='word_1_700' title='bbox 2217 4959 2485 5030; x_wconf 84' lang='lat' dir='ltr'><strong>ignaviam</strong></span> <span class='ocrx_word' id='word_1_701' title='bbox 2517 4957 2686 5012; x_wconf 83' lang='lat' dir='ltr'><strong>animi</strong></span> <span class='ocrx_word' id='word_1_702' title='bbox 2717 4956 2802 5010; x_wconf 91' lang='lat' dir='ltr'><strong>sui</strong></span> <span class='ocrx_word' id='word_1_703' title='bbox 2835 4953 2993 5011; x_wconf 87' lang='lat' dir='ltr'><strong>facile</strong></span> <span class='ocrx_word' id='word_1_704' title='bbox 3018 4954 3378 5009; x_wconf 89' lang='lat' dir='ltr'><strong>seducuntur.</strong></span> <span class='ocrx_word' id='word_1_705' title='bbox 3407 4950 3473 5006; x_wconf 83' lang='lat' dir='ltr'><strong>Hi</strong></span> <span class='ocrx_word' id='word_1_706' title='bbox 3509 4965 3642 5022; x_wconf 88' lang='lat' dir='ltr'><strong>ergo</strong></span> <span class='ocrx_word' id='word_1_707' title='bbox 3667 4947 3797 5002; x_wconf 89' lang='lat' dir='ltr'><strong>mul-</strong></span> 
     </span>
    </p>
   </div>
   <div class='ocr_carea' id='block_1_55' title="bbox 509 5045 3798 5135">
    <p class='ocr_par' dir='ltr' id='par_1_55' title="bbox 509 5045 3798 5135">
     <span class='ocr_line' id='line_1_55' title="bbox 509 5045 3798 5135; baseline -0.008 -15"><span class='ocrx_word' id='word_1_708' title='bbox 509 5061 773 5135; x_wconf 89' lang='lat' dir='ltr'><strong>pilatione</strong></span> <span class='ocrx_word' id='word_1_709' title='bbox 796 5061 1133 5132; x_wconf 87' lang='lat' dir='ltr'><strong>majestatem</strong></span> <span class='ocrx_word' id='word_1_710' title='bbox 1163 5061 1309 5118; x_wconf 87' lang='lat' dir='ltr'><strong>illius</strong></span> <span class='ocrx_word' id='word_1_711' title='bbox 1331 5063 1676 5132; x_wconf 88' lang='lat' dir='ltr'><strong>pertimesco.</strong></span> <span class='ocrx_word' id='word_1_712' title='bbox 2219 5055 2286 5108; x_wconf 92' lang='lat' dir='ltr'><strong>tis</strong></span> <span class='ocrx_word' id='word_1_713' title='bbox 2317 5067 2570 5108; x_wconf 88' lang='lat' dir='ltr'><strong>errorum</strong></span> <span class='ocrx_word' id='word_1_714' title='bbox 2601 5048 2968 5122; x_wconf 82' lang='lat' dir='ltr'><strong>dogmatibus,</strong></span> <span class='ocrx_word' id='word_1_715' title='bbox 2995 5057 3051 5104; x_wconf 90' lang='lat' dir='ltr'><strong>et</strong></span> <span class='ocrx_word' id='word_1_716' title='bbox 3077 5045 3311 5102; x_wconf 88' lang='lat' dir='ltr'><strong>diversis</strong></span> <span class='ocrx_word' id='word_1_717' title='bbox 3331 5061 3579 5101; x_wconf 88' lang='lat' dir='ltr'><strong>errorum</strong></span> <span class='ocrx_word' id='word_1_718' title='bbox 3610 5055 3798 5112; x_wconf 80' lang='lat' dir='ltr'><strong>super-</strong></span> 
     </span>
    </p>
   </div>
   <div class='ocr_carea' id='block_1_56' title="bbox 585 5134 3798 5226">
    <p class='ocr_par' dir='ltr' id='par_1_56' title="bbox 585 5134 3798 5226">
     <span class='ocr_line' id='line_1_56' title="bbox 585 5134 3798 5226; baseline -0.007 -16"><span class='ocrx_word' id='word_1_719' title='bbox 585 5154 728 5210; x_wconf 84' lang='lat' dir='ltr'><strong>Deus</strong></span> <span class='ocrx_word' id='word_1_720' title='bbox 756 5152 980 5209; x_wconf 84' lang='lat' dir='ltr'><strong>mollivit</strong></span> <span class='ocrx_word' id='word_1_721' title='bbox 1013 5171 1103 5209; x_wconf 89' lang='lat' dir='ltr'><strong>cor</strong></span> <span class='ocrx_word' id='word_1_722' title='bbox 1124 5169 1318 5219; x_wconf 87' lang='lat' dir='ltr'><strong>meum,</strong></span> <span class='ocrx_word' id='word_1_723' title='bbox 1351 5163 1400 5207; x_wconf 92' lang='lat' dir='ltr'><strong>et</strong></span> <span class='ocrx_word' id='word_1_724' title='bbox 1425 5155 1742 5226; x_wconf 87' lang='lat' dir='ltr'><strong>omnipotens</strong></span> <span class='ocrx_word' id='word_1_725' title='bbox 1789 5151 2112 5209; x_wconf 75' lang='lat' dir='ltr'><strong>conturbavit</strong></span> <span class='ocrx_word' id='word_1_726' title='bbox 2214 5147 2532 5204; x_wconf 87' lang='lat' dir='ltr'><strong>stitionibus</strong></span> <span class='ocrx_word' id='word_1_727' title='bbox 2561 5145 2972 5218; x_wconf 88' lang='lat' dir='ltr'><strong>opprimuntur.</strong></span> <span class='ocrx_word' id='word_1_728' title='bbox 3000 5141 3056 5198; x_wconf 85' lang='lat' dir='ltr'><strong>In</strong></span> <span class='ocrx_word' id='word_1_729' title='bbox 3087 5143 3286 5199; x_wconf 89' lang='lat' dir='ltr'><strong>bonam</strong></span> <span class='ocrx_word' id='word_1_730' title='bbox 3313 5155 3448 5196; x_wconf 88' lang='lat' dir='ltr'><strong>vero</strong></span> <span class='ocrx_word' id='word_1_731' title='bbox 3491 5148 3700 5210; x_wconf 88' lang='lat' dir='ltr'><strong>partem</strong></span> <span class='ocrx_word' id='word_1_732' title='bbox 3725 5134 3798 5189; x_wconf 82' lang='lat' dir='ltr'><strong>vi-</strong></span> 
     </span>
    </p>
   </div>
   <div class='ocr_carea' id='block_1_57' title="bbox 522 5235 3795 5318">
    <p class='ocr_par' dir='ltr' id='par_1_57' title="bbox 522 5235 3795 5318">
     <span class='ocr_line' id='line_1_57' title="bbox 522 5235 3795 5318; baseline -0.007 -14"><span class='ocrx_word' id='word_1_733' title='bbox 522 5264 622 5304; x_wconf 87' lang='lat' dir='ltr'><strong>me.</strong></span> <span class='ocrx_word' id='word_1_734' title='bbox 650 5248 758 5304; x_wconf 79' lang='lat' dir='ltr'><strong>Cor</strong></span> <span class='ocrx_word' id='word_1_735' title='bbox 783 5248 1086 5303; x_wconf 86' lang='lat' dir='ltr'><strong>resolutum</strong></span> <span class='ocrx_word' id='word_1_736' title='bbox 1125 5263 1156 5302; x_wconf 91' lang='lat' dir='ltr'><strong>a</strong></span> <span class='ocrx_word' id='word_1_737' title='bbox 1204 5263 1403 5318; x_wconf 90' lang='lat' dir='ltr'><strong>pavore</strong></span> <span class='ocrx_word' id='word_1_738' title='bbox 1456 5247 1644 5314; x_wconf 89' lang='lat' dir='ltr'><strong>nimio,</strong></span> <span class='ocrx_word' id='word_1_739' title='bbox 1679 5257 1733 5300; x_wconf 83' lang='lat' dir='ltr'><strong>et</strong></span> <span class='ocrx_word' id='word_1_740' title='bbox 1762 5248 1978 5310; x_wconf 86' lang='lat' dir='ltr'><strong>timore,</strong></span> <span class='ocrx_word' id='word_1_741' title='bbox 2011 5247 2113 5301; x_wconf 90' lang='lat' dir='ltr'><strong>hoc</strong></span> <span class='ocrx_word' id='word_1_742' title='bbox 2217 5242 2336 5298; x_wconf 74' lang='lat' dir='ltr'><strong>dum</strong></span> <span class='ocrx_word' id='word_1_743' title='bbox 2368 5252 2516 5307; x_wconf 91' lang='lat' dir='ltr'><strong>sunt,</strong></span> <span class='ocrx_word' id='word_1_744' title='bbox 2542 5242 2633 5310; x_wconf 91' lang='lat' dir='ltr'><strong>qui</strong></span> <span class='ocrx_word' id='word_1_745' title='bbox 2675 5255 2735 5296; x_wconf 89' lang='lat' dir='ltr'><strong>se</strong></span> <span class='ocrx_word' id='word_1_746' title='bbox 2771 5237 3104 5294; x_wconf 89' lang='lat' dir='ltr'><strong>mortiﬁcant</strong></span> <span class='ocrx_word' id='word_1_747' title='bbox 3135 5251 3258 5292; x_wconf 90' lang='lat' dir='ltr'><strong>cum</strong></span> <span class='ocrx_word' id='word_1_748' title='bbox 3286 5235 3437 5291; x_wconf 87' lang='lat' dir='ltr'><strong>vitiis</strong></span> <span class='ocrx_word' id='word_1_749' title='bbox 3469 5252 3482 5288; x_wconf 87' lang='lat'><strong>:</strong></span> <span class='ocrx_word' id='word_1_750' title='bbox 3511 5243 3795 5306; x_wconf 80' lang='lat' dir='ltr'><strong>pauperes,</strong></span> 
     </span>
    </p>
   </div>
   <div class='ocr_carea' id='block_1_58' title="bbox 517 5327 3798 5411">
    <p class='ocr_par' dir='ltr' id='par_1_58' title="bbox 517 5327 3798 5411">
     <span class='ocr_line' id='line_1_58' title="bbox 517 5327 3798 5411; baseline -0.007 -13"><span class='ocrx_word' id='word_1_751' title='bbox 517 5341 642 5398; x_wconf 88' lang='lat' dir='ltr'><strong>loco</strong></span> <span class='ocrx_word' id='word_1_752' title='bbox 669 5341 874 5398; x_wconf 87' lang='lat' dir='ltr'><strong>dictum</strong></span> <span class='ocrx_word' id='word_1_753' title='bbox 905 5341 1244 5401; x_wconf 84' lang='lat' dir='ltr'><strong>noverimus,</strong></span> <span class='ocrx_word' id='word_1_754' title='bbox 1275 5355 1382 5395; x_wconf 89' lang='lat' dir='ltr'><strong>non</strong></span> <span class='ocrx_word' id='word_1_755' title='bbox 1411 5340 1554 5411; x_wconf 91' lang='lat' dir='ltr'><strong>quod</strong></span> <span class='ocrx_word' id='word_1_756' title='bbox 1578 5354 1605 5390; x_wconf 93' lang='lat' dir='ltr'><strong>a</strong></span> <span class='ocrx_word' id='word_1_757' title='bbox 1644 5339 1842 5393; x_wconf 86' lang='lat' dir='ltr'><strong>duritia</strong></span> <span class='ocrx_word' id='word_1_758' title='bbox 1862 5338 2117 5393; x_wconf 87' lang='lat' dir='ltr'><strong>incredtt-</strong></span> <span class='ocrx_word' id='word_1_759' title='bbox 2218 5333 2449 5405; x_wconf 78' lang='lat' dir='ltr'><strong>apostoli</strong></span> <span class='ocrx_word' id='word_1_760' title='bbox 2490 5342 2640 5388; x_wconf 91' lang='lat' dir='ltr'><strong>sunt.</strong></span> <span class='ocrx_word' id='word_1_761' title='bbox 2672 5332 2749 5386; x_wconf 91' lang='lat' dir='ltr'><strong>De</strong></span> <span class='ocrx_word' id='word_1_762' title='bbox 2793 5330 2898 5386; x_wconf 90' lang='lat' dir='ltr'><strong>isto</strong></span> <span class='ocrx_word' id='word_1_763' title='bbox 2940 5345 3169 5386; x_wconf 85' lang='lat' dir='ltr'><strong>numero</strong></span> <span class='ocrx_word' id='word_1_764' title='bbox 3197 5329 3442 5385; x_wconf 65' lang='lat' dir='ltr'><strong>haeretici</strong></span> <span class='ocrx_word' id='word_1_765' title='bbox 3473 5327 3685 5382; x_wconf 85' lang='lat' dir='ltr'><strong>auferre</strong></span> <span class='ocrx_word' id='word_1_766' title='bbox 3709 5337 3798 5378; x_wconf 86' lang='lat' dir='ltr'><strong>co-</strong></span> 
     </span>
    </p>
   </div>
   <div class='ocr_carea' id='block_1_59' title="bbox 513 5425 3799 5504">
    <p class='ocr_par' dir='ltr' id='par_1_59' title="bbox 513 5425 3799 5504">
     <span class='ocr_line' id='line_1_59' title="bbox 513 5425 3799 5504; baseline -0.006 -14"><span class='ocrx_word' id='word_1_767' title='bbox 513 5434 684 5490; x_wconf 90' lang='lat' dir='ltr'><strong>litatis</strong></span> <span class='ocrx_word' id='word_1_768' title='bbox 710 5436 776 5489; x_wconf 90' lang='lat' dir='ltr'><strong>ad</strong></span> <span class='ocrx_word' id='word_1_769' title='bbox 810 5435 970 5491; x_wconf 91' lang='lat' dir='ltr'><strong>ﬁdem</strong></span> <span class='ocrx_word' id='word_1_770' title='bbox 1004 5434 1407 5504; x_wconf 85' lang='lat' dir='ltr'><strong>suscipiendam</strong></span> <span class='ocrx_word' id='word_1_771' title='bbox 1433 5433 1698 5487; x_wconf 89' lang='lat' dir='ltr'><strong>mollitum</strong></span> <span class='ocrx_word' id='word_1_772' title='bbox 1731 5433 1822 5496; x_wconf 92' lang='lat' dir='ltr'><strong>sit,</strong></span> <span class='ocrx_word' id='word_1_773' title='bbox 1855 5447 1978 5486; x_wconf 89' lang='lat' dir='ltr'><strong>cum</strong></span> <span class='ocrx_word' id='word_1_774' title='bbox 2002 5445 2117 5484; x_wconf 89' lang='lat' dir='ltr'><strong>ma-</strong></span> <span class='ocrx_word' id='word_1_775' title='bbox 2218 5437 2417 5483; x_wconf 90' lang='lat' dir='ltr'><strong>nantur</strong></span> <span class='ocrx_word' id='word_1_776' title='bbox 2449 5443 2464 5483; x_wconf 89' lang='lat'><strong>:</strong></span> <span class='ocrx_word' id='word_1_777' title='bbox 2509 5427 2638 5482; x_wconf 92' lang='lat' dir='ltr'><strong>dum</strong></span> <span class='ocrx_word' id='word_1_778' title='bbox 2688 5441 2954 5497; x_wconf 84' lang='lat' dir='ltr'><strong>pauperes</strong></span> <span class='ocrx_word' id='word_1_779' title='bbox 2994 5435 3311 5480; x_wconf 89' lang='lat' dir='ltr'><strong>sanctorum</strong></span> <span class='ocrx_word' id='word_1_780' title='bbox 3343 5425 3554 5491; x_wconf 77' lang='lat' dir='ltr'><strong>aliquos</strong></span> <span class='ocrx_word' id='word_1_781' title='bbox 3580 5434 3799 5490; x_wconf 84' lang='lat' dir='ltr'><strong>persua-</strong></span> 
     </span>
    </p>
   </div>
   <div class='ocr_carea' id='block_1_60' title="bbox 512 5515 3803 5599">
    <p class='ocr_par' dir='ltr' id='par_1_60' title="bbox 512 5515 3803 5599">
     <span class='ocr_line' id='line_1_60' title="bbox 512 5515 3803 5599; baseline -0.006 -16"><span class='ocrx_word' id='word_1_782' title='bbox 512 5526 600 5598; x_wconf 88' lang='lat' dir='ltr'><strong>gis</strong></span> <span class='ocrx_word' id='word_1_783' title='bbox 631 5527 748 5599; x_wconf 85' lang='lat' dir='ltr'><strong>ipse</strong></span> <span class='ocrx_word' id='word_1_784' title='bbox 769 5526 874 5583; x_wconf 84' lang='lat' dir='ltr'><strong>Job</strong></span> <span class='ocrx_word' id='word_1_785' title='bbox 903 5543 997 5597; x_wconf 91' lang='lat' dir='ltr'><strong>per</strong></span> <span class='ocrx_word' id='word_1_786' title='bbox 1029 5527 1190 5582; x_wconf 89' lang='lat' dir='ltr'><strong>ﬁdem</strong></span> <span class='ocrx_word' id='word_1_787' title='bbox 1223 5526 1379 5581; x_wconf 86' lang='lat' dir='ltr'><strong>fortis</strong></span> <span class='ocrx_word' id='word_1_788' title='bbox 1410 5523 1463 5578; x_wconf 91' lang='lat' dir='ltr'><strong>in</strong></span> <span class='ocrx_word' id='word_1_789' title='bbox 1496 5525 1660 5579; x_wconf 92' lang='lat' dir='ltr'><strong>Deum</strong></span> <span class='ocrx_word' id='word_1_790' title='bbox 1701 5525 1980 5579; x_wconf 86' lang='lat' dir='ltr'><strong>manserit.</strong></span> <span class='ocrx_word' id='word_1_791' title='bbox 2005 5522 2116 5579; x_wconf 85' lang='lat' dir='ltr'><strong>Un-</strong></span> <span class='ocrx_word' id='word_1_792' title='bbox 2220 5523 2373 5592; x_wconf 89' lang='lat' dir='ltr'><strong>dent,</strong></span> <span class='ocrx_word' id='word_1_793' title='bbox 2391 5522 2476 5579; x_wconf 88' lang='lat' dir='ltr'><strong>vel</strong></span> <span class='ocrx_word' id='word_1_794' title='bbox 2502 5531 2814 5577; x_wconf 85' lang='lat' dir='ltr'><strong>mansuetos</strong></span> <span class='ocrx_word' id='word_1_795' title='bbox 2835 5518 3296 5581; x_wconf 89' lang='lat' dir='ltr'><strong>circumveniunt,</strong></span> <span class='ocrx_word' id='word_1_796' title='bbox 3327 5516 3424 5589; x_wconf 91' lang='lat' dir='ltr'><strong>qui</strong></span> <span class='ocrx_word' id='word_1_797' title='bbox 3448 5515 3524 5571; x_wconf 88' lang='lat' dir='ltr'><strong>eis</strong></span> <span class='ocrx_word' id='word_1_798' title='bbox 3549 5515 3803 5570; x_wconf 72' lang='lat' dir='ltr'><strong>resis&#39;ere</strong></span> 
     </span>
    </p>
   </div>
   <div class='ocr_carea' id='block_1_61' title="bbox 515 5609 3800 5693">
    <p class='ocr_par' dir='ltr' id='par_1_61' title="bbox 515 5609 3800 5693">
     <span class='ocr_line' id='line_1_61' title="bbox 515 5609 3800 5693; baseline -0.006 -16"><span class='ocrx_word' id='word_1_799' title='bbox 515 5619 588 5678; x_wconf 90' lang='lat' dir='ltr'><strong>de</strong></span> <span class='ocrx_word' id='word_1_800' title='bbox 606 5623 853 5692; x_wconf 89' lang='lat' dir='ltr'><strong>sequitur</strong></span> <span class='ocrx_word' id='word_1_801' title='bbox 881 5638 900 5676; x_wconf 91' lang='lat'><em>:</em></span> <span class='ocrx_word' id='word_1_802' title='bbox 928 5621 1287 5693; x_wconf 90' lang='lat' dir='ltr'><strong>Omnipotens</strong></span> <span class='ocrx_word' id='word_1_803' title='bbox 1305 5619 1652 5676; x_wconf 87' lang='lat' dir='ltr'><strong>conturbavit</strong></span> <span class='ocrx_word' id='word_1_804' title='bbox 1683 5633 1769 5674; x_wconf 89' lang='lat' dir='ltr'><strong>me</strong></span> <span class='ocrx_word' id='word_1_805' title='bbox 1800 5633 1815 5684; x_wconf 89' lang='lat'><strong>;</strong></span> <span class='ocrx_word' id='word_1_806' title='bbox 1846 5618 1949 5673; x_wconf 84' lang='lat' dir='ltr'><strong>Itoc</strong></span> <span class='ocrx_word' id='word_1_807' title='bbox 1973 5617 2114 5690; x_wconf 91' lang='lat' dir='ltr'><strong>quod</strong></span> <span class='ocrx_word' id='word_1_808' title='bbox 2222 5633 2329 5672; x_wconf 94' lang='lat' dir='ltr'><strong>non</strong></span> <span class='ocrx_word' id='word_1_809' title='bbox 2377 5626 2624 5688; x_wconf 88' lang='lat' dir='ltr'><strong>possunt,</strong></span> <span class='ocrx_word' id='word_1_810' title='bbox 2655 5614 2749 5670; x_wconf 91' lang='lat' dir='ltr'><strong>sed</strong></span> <span class='ocrx_word' id='word_1_811' title='bbox 2779 5623 2835 5669; x_wconf 90' lang='lat' dir='ltr'><strong>et</strong></span> <span class='ocrx_word' id='word_1_812' title='bbox 2879 5613 3149 5683; x_wconf 77' lang='lat' dir='ltr'><strong>patienter</strong></span> <span class='ocrx_word' id='word_1_813' title='bbox 3176 5627 3274 5683; x_wconf 87' lang='lat' dir='ltr'><strong>pro</strong></span> <span class='ocrx_word' id='word_1_814' title='bbox 3323 5609 3668 5682; x_wconf 85' lang='lat' dir='ltr'><strong>simplicitate</strong></span> <span class='ocrx_word' id='word_1_815' title='bbox 3707 5618 3800 5659; x_wconf 62' lang='lat' dir='ltr'><strong>auo</strong></span> 
     </span>
    </p>
   </div>
   <div class='ocr_carea' id='block_1_62' title="bbox 517 5709 3495 5787">
    <p class='ocr_par' dir='ltr' id='par_1_62' title="bbox 517 5709 3495 5787">
     <span class='ocr_line' id='line_1_62' title="bbox 517 5709 3495 5787; baseline -0.003 -16"><span class='ocrx_word' id='word_1_816' title='bbox 517 5729 706 5787; x_wconf 86' lang='lat' dir='ltr'><strong>supra.</strong></span> <span class='ocrx_word' id='word_1_817' title='bbox 2221 5711 2378 5768; x_wconf 91' lang='lat' dir='ltr'><strong>diunt</strong></span> <span class='ocrx_word' id='word_1_818' title='bbox 2413 5729 2426 5766; x_wconf 92' lang='lat'><strong>:</strong></span> <span class='ocrx_word' id='word_1_819' title='bbox 2457 5712 2534 5766; x_wconf 90' lang='lat' dir='ltr'><strong>illi</strong></span> <span class='ocrx_word' id='word_1_820' title='bbox 2565 5725 2697 5766; x_wconf 89' lang='lat' dir='ltr'><strong>vero</strong></span> <span class='ocrx_word' id='word_1_821' title='bbox 2727 5725 2824 5766; x_wconf 90' lang='lat' dir='ltr'><strong>eos</strong></span> <span class='ocrx_word' id='word_1_822' title='bbox 2851 5709 3100 5765; x_wconf 90' lang='lat' dir='ltr'><strong>nituntur</strong></span> <span class='ocrx_word' id='word_1_823' title='bbox 3121 5709 3495 5780; x_wconf 81' lang='lat' dir='ltr'><strong>exstinguere.</strong></span> 
     </span>
    </p>
   </div>
   <div class='ocr_carea' id='block_1_63' title="bbox 595 5797 3805 5882">
    <p class='ocr_par' dir='ltr' id='par_1_63' title="bbox 595 5797 3805 5882">
     <span class='ocr_line' id='line_1_63' title="bbox 595 5797 3805 5882; baseline -0.004 -20"><span class='ocrx_word' id='word_1_824' title='bbox 595 5807 718 5862; x_wconf 89' lang='lat' dir='ltr'><strong>Non</strong></span> <span class='ocrx_word' id='word_1_825' title='bbox 739 5810 876 5862; x_wconf 89' lang='lat' dir='ltr'><strong>enim</strong></span> <span class='ocrx_word' id='word_1_826' title='bbox 899 5808 1032 5880; x_wconf 86' lang='lat' dir='ltr'><strong>perii</strong></span> <span class='ocrx_word' id='word_1_827' title='bbox 1055 5817 1264 5882; x_wconf 83' lang='lat' dir='ltr'><strong>propter</strong></span> <span class='ocrx_word' id='word_1_828' title='bbox 1283 5807 1604 5864; x_wconf 83' lang='lat' dir='ltr'><strong>imminentes</strong></span> <span class='ocrx_word' id='word_1_829' title='bbox 1628 5806 1884 5873; x_wconf 87' lang='lat' dir='ltr'><strong>tenebras,</strong></span> <span class='ocrx_word' id='word_1_830' title='bbox 1924 5823 2015 5862; x_wconf 88' lang='lat' dir='ltr'><strong>nec</strong></span> <span class='ocrx_word' id='word_1_831' title='bbox 2037 5807 2118 5878; x_wconf 82' lang='lat' dir='ltr'><strong>fa-</strong></span> <span class='ocrx_word' id='word_1_832' title='bbox 2293 5806 2399 5859; x_wconf 85' lang='lat' dir='ltr'><strong>Alii</strong></span> <span class='ocrx_word' id='word_1_833' title='bbox 2447 5805 2595 5876; x_wconf 84' lang='lat' dir='ltr'><strong>quasi</strong></span> <span class='ocrx_word' id='word_1_834' title='bbox 2632 5803 2815 5876; x_wconf 85' lang='lat' dir='ltr'><strong>onagri</strong></span> <span class='ocrx_word' id='word_1_835' title='bbox 2846 5803 2901 5858; x_wconf 88' lang='lat' dir='ltr'><strong>in</strong></span> <span class='ocrx_word' id='word_1_836' title='bbox 2946 5801 3519 5876; x_wconf 60' lang='lat' dir='ltr'><strong>deserto’egrediunmr</strong></span> <span class='ocrx_word' id='word_1_837' title='bbox 3557 5797 3625 5851; x_wconf 82' lang='lat' dir='ltr'><strong>ad</strong></span> <span class='ocrx_word' id='word_1_838' title='bbox 3679 5813 3805 5868; x_wconf 76' lang='grc' dir='ltr'><strong>οριη</strong></span> 
     </span>
    </p>
   </div>
   <div class='ocr_carea' id='block_1_64' title="bbox 523 5898 3810 5977">
    <p class='ocr_par' dir='ltr' id='par_1_64' title="bbox 523 5898 3810 5977">
     <span class='ocr_line' id='line_1_64' title="bbox 523 5898 3810 5977; baseline -0.003 -23"><span class='ocrx_word' id='word_1_839' title='bbox 523 5901 653 5957; x_wconf 88' lang='lat' dir='ltr'><strong>ciem</strong></span> <span class='ocrx_word' id='word_1_840' title='bbox 674 5918 840 5958; x_wconf 88' lang='lat' dir='ltr'><strong>meam</strong></span> <span class='ocrx_word' id='word_1_841' title='bbox 867 5904 1275 5976; x_wconf 84' lang='lat' dir='ltr'><strong>operuitcaligo.</strong></span> <span class='ocrx_word' id='word_1_842' title='bbox 1307 5903 1456 5975; x_wconf 83' lang='lat' dir='ltr'><strong>lpsas</strong></span> <span class='ocrx_word' id='word_1_843' title='bbox 1495 5903 1825 5959; x_wconf 85' lang='lat' dir='ltr'><strong>calamitatis</strong></span> <span class='ocrx_word' id='word_1_844' title='bbox 1854 5917 1966 5960; x_wconf 69' lang='lat' dir='ltr'><strong>sua:</strong></span> <span class='ocrx_word' id='word_1_845' title='bbox 2015 5901 2118 5958; x_wconf 89' lang='lat' dir='ltr'><strong>mi-</strong></span> <span class='ocrx_word' id='word_1_846' title='bbox 2221 5918 2395 5970; x_wconf 86' lang='lat' dir='ltr'><strong>suum,</strong></span> <span class='ocrx_word' id='word_1_847' title='bbox 2445 5900 2820 5977; x_wconf 81' lang='lat' dir='ltr'><strong>vigilantesque</strong></span> <span class='ocrx_word' id='word_1_848' title='bbox 2879 5902 2947 5956; x_wconf 88' lang='lat' dir='ltr'><strong>ad</strong></span> <span class='ocrx_word' id='word_1_849' title='bbox 2997 5898 3233 5972; x_wconf 65' lang='lat' dir='ltr'><strong>pristiam</strong></span> <span class='ocrx_word' id='word_1_850' title='bbox 3282 5902 3572 5971; x_wconf 74' lang='lat' dir='ltr'><strong>prwparant</strong></span> <span class='ocrx_word' id='word_1_851' title='bbox 3620 5907 3810 5965; x_wconf 71' lang='lat' dir='ltr'><strong>partem</strong></span> 
     </span>
    </p>
   </div>
  </div>
