3948 6334
236 252 316 315 68l
1086 249 1557 310 COMMENTARII
1598 250 1664 308 ΙΝ
1702 249 1963 307 LIBRUM
2001 250 2143 307 JOB.
2184 250 2338 307 CAP.
2384 252 2577 310 XXIV.
3383 265 3489 321 682

239 368 395 424 liberis.
424 366 660 421 Violenti
689 374 837 434 sunt,
862 368 955 438 qui
980 368 1204 439 publice
1238 368 1785 436 rapiunt.Pr-.udones
1812 368 1865 430 Α
1891 366 2161 423 cularibus
2177 370 2385 425 sitiunt.
2413 370 2525 425 Hoc
2552 373 2749 428 malum
2778 383 3158 447 estmagnum,
3182 387 3236 433 et
3263 379 3489 450 iniquis.

239 468 283 516 et
322 458 588 513 latrunculi
645 467 794 526 sunt,
846 460 941 531 qui
987 460 1054 517 dc
1091 460 1321 516 occultis
1375 462 1440 515 ad
1475 476 1641 532 opera
1688 475 1784 514 sua
1887 460 2108 527 simum,
2159 469 2214 515 ut
2249 462 2352 516 sub
2394 462 2604 529 labore,
2665 471 2721 520 et
2764 465 2944 523 fructu
2973 468 3205 524 aliorum
3259 471 3350 525 alii
3403 486 3488 528 re-

237 561 419 615 excunt,
451 548 641 619 utique
663 566 770 606 non
798 552 913 608 Dei.
1888 552 2196 623 quiescant,
2230 564 2286 610 et
2334 554 2678 612 inebrientur
2710 558 2843 614 vino
2879 575 3070 617 eorum
3098 563 3213 633 qui,
3238 564 3485 621 collectis

292 647 461 717 Agrum
488 661 593 700 non
620 663 773 701 suum
796 645 1083 717 demetunt,
1109 657 1157 703 et
1186 648 1390 703 vineam
1419 648 1535 714 ejus
1560 663 1710 719 quem
1738 646 1789 701 vi
1888 645 2182 703 vindemiis
2220 650 2356 715 suis,
2396 649 2605 707 sitiunt.
2640 651 2785 708 Inter
2815 668 3043 710 acervos
3091 671 3280 713 eorum
3319 658 3488 714 meri-

234 746 580 809 oppmserunt,
602 737 943 793 vindemiant.
968 740 1135 811 Ager,
1169 739 1288 796 sive
1314 740 1494 801 vinea,
1526 738 1788 794 uniuscu-
1887 737 2024 794 diali
2051 749 2178 794 sunt
2206 740 2322 811 qui,
2345 740 2574 798 calcatis
2598 744 2985 812 torcularibus,
3005 746 3218 803 sitiunt.
3248 749 3489 807 Sublatis

229 830 395 902 jusque
412 827 644 885 hominis
671 828 896 900 quidam
916 830 1111 887 modus
1133 833 1260 888 vita
1287 841 1392 899 est,
1419 846 1542 903 quze
1563 832 1631 887 ab
1655 846 1789 887 uno-
1889 832 2053 905 igitur
2081 834 2263 905 Spicis,
2299 851 2396 906 per
2425 836 2653 908 figuram
2686 839 2826 894 intra
2856 856 2915 895 se
2939 840 3105 897 divini
3135 844 3374 900 nominis
3394 860 3491 901 no-

234 936 413 995 quoque
445 921 679 990 colitur,
717 923 935 993 quando
970 924 1164 981 sordes
1205 935 1262 981 et
1301 924 1521 995 quidam
1565 925 1790 981 frutices
1892 925 2065 982 titiam
2092 927 2525 997 continentibus,
2556 931 2773 1002 quando
2799 947 2865 986 ex
2896 933 2975 989 eis
3004 932 3062 989 hi
3092 936 3181 1005 qui
3213 936 3495 994 habebant

232 1019 451 1075 vitiorum
491 1018 849 1087 mundantur,
879 1020 964 1077 vel
1007 1021 1173 1077 etiam
1221 1020 1617 1094 exstirpantur.
1649 1019 1789 1088 Quia
1891 1035 1986 1076 eas
2020 1021 2181 1092 plena
2212 1023 2563 1093 cogitatione,
2607 1026 2840 1081 solidum
2876 1028 3056 1084 cibum
3095 1031 3429 1088 conficerent
3472 1050 3488 1087 :

233 1128 340 1185 ergo
395 1113 552 1184 hujus
606 1114 840 1171 cultura:
885 1114 1172 1187 diligentia
1239 1114 1463 1172 minime
1515 1114 1788 1187 prodest,
1892 1113 2213 1170 seductores
2260 1116 2484 1172 violenti
2524 1117 2666 1172 inter
2709 1118 2849 1174 bona
2893 1135 3086 1175 eorum
3129 1138 3294 1192 opera
3338 1125 3491 1193 quasi

231 1207 420 1280 quando
462 1223 629 1265 omne
668 1207 869 1263 bonum
922 1219 1139 1265 naturae
1170 1224 1278 1263 non
1323 1208 1391 1264 ad
1427 1208 1585 1264 fidem
1619 1206 1794 1262 refcr-
1894 1206 2039 1262 inter
2088 1223 2315 1265 acervos
2366 1209 2665 1280 gloriantes
2708 1211 3085 1281 requiescunt,
3135 1214 3349 1282 sibith
3392 1217 3492 1271 tri-

233 1306 334 1355 tur:
358 1299 473 1371 quia
486 1300 668 1371 justus
695 1317 762 1356 ea:
799 1300 904 1368 ﬁde
923 1300 1071 1358 viil:
1100 1300 1345 1370 praedicti
1375 1299 1644 1356 idolorum
1678 1298 1792 1354 culo
1893 1301 2088 1357 buunt.
2122 1304 2178 1358 Si
2202 1304 2321 1373 quis
2347 1306 2632 1374 gentilium
2677 1306 2906 1361 virtutes
2944 1314 3165 1362 secutus
3198 1309 3359 1363 fuerit
3402 1327 3497 1363 na-

231 1404 357 1451 tores
397 1396 773 1466 opprimentes
819 1395 1095 1460 ﬁdelium,
1145 1393 1395 1465 quamvis
1443 1393 1670 1449 honeste
1714 1392 1795 1445 vi-
1896 1396 2122 1461 turales,
2156 1396 2223 1452 de
2255 1398 2454 1467 quibus
2500 1407 2775 1468 tamquam
2819 1398 3147 1467 seminibus,
3183 1404 3235 1455 in
3267 1419 3327 1458 se
3361 1420 3497 1470 ope-

231 1489 461 1557 rentium,
491 1489 660 1545 corda
681 1504 777 1547 eos
799 1489 944 1545 velut
966 1488 1198 1560 quadam
1224 1487 1435 1543 ratione
1462 1485 1795 1543 scductiunis
1896 1503 2016 1542 rum
2049 1502 2284 1544 acervos
2310 1490 2610 1544 constituat
2645 1506 2659 1545 :
2690 1490 2791 1560 ipsi
2821 1499 2999 1544 tamen
3021 1492 3258 1557 seducti,
3288 1495 3497 1550 calcata

229 1585 273 1642 in
301 1601 532 1642 errorem
561 1585 825 1643 inducunt
850 1586 1013 1640 :dum
1038 1584 1191 1657 quasi
1215 1600 1407 1656 agrum
1430 1598 1648 1648 eorum,
1681 1582 1796 1638 sive
1899 1579 2157 1637 virtutum
2188 1581 2485 1649 vindemia,
2519 1592 2576 1639 et
2606 1600 2887 1655 expressa,
2934 1586 3125 1642 sitiunt
3155 1606 3169 1640 :
3198 1589 3326 1657 quia
3354 1589 3499 1643 veri.

230 1679 434 1747 vineam,
483 1678 804 1752 dissipando
848 1678 1032 1750 fruges
1075 1693 1289 1747 eorum,
1332 1677 1605 1734 violenter
1646 1675 1795 1731 abri-
1901 1674 2028 1730 tatis
2044 1677 2299 1746 poculum
2332 1677 2477 1748 apud
2508 1692 2625 1745 eos,
2655 1693 2686 1734 a
2714 1678 2991 1750 quibusin
3020 1695 3215 1736 errore
3242 1681 3500 1737 abstracti

228 1772 378 1844 piunt.
1823 1756 1872 1817 Β
1902 1779 2050 1835 sunt,
2079 1785 2186 1825 non
2223 1772 2571 1828 invenerunt.

288 1865 461 1923 Nudos
482 1867 642 1922 etiam
663 1867 927 1922 dimittunt
943 1866 1198 1933 homines,
1219 1866 1521 1920 induutenta
1541 1863 1796 1918 tollentes.

228 1959 344 2017 Dum
372 1976 468 2019 eos
499 1961 769 2032 Operibus
794 1961 954 2023 bonis
981 1960 1313 2029 exspatiant.

289 2055 475 2123 Quibus
505 2073 611 2112 non
634 2065 708 2112 est
738 2056 1117 2127 operimentum
1146 2055 1200 2110 in
1220 2055 1440 2128 frigore.
1464 2052 1596 2110 lllos
1614 2052 1801 2122 utique

226 2150 539 2220 esspoliant.
569 2150 660 2222 qui
689 2148 972 2206 charitatis
1003 2149 1104 2205 Dei
1134 2163 1240 2203 non
1272 2146 1478 2204 habent
1504 2146 1802 2201 vestimen-

228 2249 344 2308 tum,
374 2253 427 2298 et
464 2241 679 2298 idcirco
707 2242 762 2297 in
792 2241 1117 2297 infidelitate
1160 2240 1387 2312 algent:
1433 2238 1558 2309 quia
1579 2238 1803 2309 spiritus

224 2334 466 2393 ferventis
492 2336 677 2392 tunica
708 2335 860 2392 indui
891 2351 1001 2391 non
1023 2344 1324 2392 merentur.

287 2429 419 2497 Quos
458 2431 654 2487 imbres
681 2430 935 2486 montium
967 2431 1164 2506 rigant.
1191 2427 1304 2484 Hos
1330 2443 1463 2498 ergo
1503 2441 1600 2493 per
1639 2424 1806 2481 mise-

223 2521 344 2579 riam
369 2523 672 2581 destitutos
693 2523 949 2579 domibus
980 2524 1095 2577 suis
1134 2521 1266 2577 dicit
1311 2538 1324 2574 :
1365 2517 1804 2591 quandoquidem

221 2628 307 2672 eos
318 2616 580 2672 montium
596 2616 866 2685 cavernis,
885 2625 941 2673 et
954 2614 1284 2672 umbraculis
1296 2613 1501 2685 aperiet
1511 2651 1530 2680 ,
1541 2618 1805 2683 etquanta

220 2708 283 2764 sit
326 2710 405 2766 eis
447 2713 505 2766 in
552 2711 685 2782 ipsis
742 2710 1022 2767 montibus
1066 2713 1365 2766 necessitas
1408 2705 1804 2773 commorandi,

220 2800 488 2859 describit.
510 2803 662 2873 Quos
684 2803 892 2860 imbres
911 2804 1181 2861 montium
1204 2802 1406 2874 rigant,
1441 2800 1495 2879 id
1521 2808 1629 2865 est,
1650 2798 1807 2870 aquis

218 2895 279 2953 de
322 2898 456 2968 ipsis
510 2898 794 2955 montibus
824 2898 1048 2969 copiose
1100 2896 1400 2953 liuentibus
1447 2894 1799 2951 muudantur.

217 2988 353 3058 Quos
375 2991 585 3049 imbres
610 2992 884 3047 montium
912 2991 1112 3062 rigant.
1137 2989 1256 3046 Non
1284 2988 1553 3045 imbribus
1580 2987 1705 3044 coeli
1736 2985 1807 3042 ri-

215 3094 438 3156 gantur,
491 3085 592 3142 sed
638 3084 906 3142 montium
956 3083 1345 3141 extollentium
1391 3096 1454 3138 se
1512 3080 1806 3137 adversum

215 3176 488 3234 scientiam
520 3178 643 3243 Dei,
673 3194 797 3251 quae
823 3176 897 3234 de
923 3176 1067 3236 calo
1091 3185 1200 3233 est.

274 3266 343 3324 Et
381 3286 491 3325 non
545 3269 790 3326 habentes
835 3271 1103 3338 uelamen,
1150 3269 1523 3339 amplexantur
1576 3264 1801 3337 lapides.

213 3361 556 3421 Manifestius
584 3363 678 3420 alii
705 3363 1009 3421 dixerunt:
1042 3365 1146 3434 Qui
1167 3380 1287 3419 cum
1320 3373 1520 3435 tegmen
1559 3378 1665 3417 non
1706 3360 1805 3415 ba-

212 3452 354 3511 beant
382 3468 538 3531 petra
560 3458 968 3527 adaperiuntur.
1010 3457 1080 3513 Et
1104 3472 1211 3513 non
1240 3456 1504 3513 habentes
1531 3455 1803 3523 velamen,

209 3549 592 3621 amplexantur
630 3550 865 3624 lapides.
900 3550 1017 3607 Hoc
1040 3559 1151 3616 est,
1192 3549 1314 3607 sine
1339 3548 1670 3605 vestimento
1696 3549 1808 3602 vir-

213 3648 380 3699 tutum
408 3643 662 3715 peccatis
690 3644 828 3712 suis,
850 3652 909 3700 et
934 3643 1221 3699 erroribus
1250 3642 1616 3699 delectantur.

276 3737 398 3793 Vim
419 3740 661 3811 fecerunt
690 3739 1046 3812 deprmdantes
1070 3736 1324 3811 pupillos.
1350 3736 1455 3793 Ubi
1487 3733 1807 3805 intelligitur

205 3829 325 3901 quid
370 3830 716 3889 habentibus
764 3831 1028 3900 fecerint,
1065 3831 1508 3905 quandoquidem
1549 3828 1806 3885 lacullate

206 3923 546 3981 tenuissimis
574 3940 685 3981 non
716 3923 939 3982 fuerunt
984 3924 1217 3981 misct‘li.
1266 3922 1389 3980 Vim
1433 3922 1683 3979 fecerunt
1709 3920 1807 3977 de-

202 4015 515 4085 praedantes
558 4016 815 4089 pupillos.
874 4017 1003 4074 Illos
1053 4017 1219 4074 etiam
1261 4016 1354 4088 qui
1398 4016 1649 4071 notitiam
1699 4012 1803 4068 ali-

200 4098 702 4178 quam‘secundum
734 4117 945 4167 natura:
989 4110 1191 4168 bonum
1240 4109 1463 4177 habent,
1511 4122 1673 4180 quam
1711 4105 1807 4162 de-

199 4196 425 4259 fendere
482 4219 599 4260 non
654 4213 954 4276 poterant;
1010 4204 1194 4276 fragili
1246 4205 1431 4259 animo
1496 4210 1551 4257 et
1612 4200 1804 4273 puerili

198 4294 454 4354 viventes
493 4314 509 4352 :
563 4297 914 4355 suasionibus
946 4298 1151 4368 pravis,
1183 4295 1291 4351 vim
1332 4296 1634 4352 inferentes
1662 4307 1804 4363 pra:-

198 4382 303 4443 thti
322 4398 481 4446 sunt.

264 4480 333 4535 Et
384 4483 607 4556 vulgum
659 4500 939 4556 pauperem
986 4483 1343 4556 spoliaverint.
1400 4480 1801 4538 Multitudinem

196 4585 412 4646 quoque
439 4575 636 4647 populi
664 4577 831 4632 vilem
857 4576 1097 4643 actibus,
1126 4585 1181 4631 et
1204 4574 1424 4631 inscitia
1454 4588 1750 4646 pauperem
1786 4591 1800 4629 :

192 4669 236 4724 si
281 4672 424 4741 quid
475 4670 733 4727 fortassis
773 4671 1007 4728 habebat
1049 4669 1302 4742 justitiae,
1330 4678 1428 4725 aut
1453 4670 1618 4725 etiam
1648 4669 1806 4724 inno-

194 4762 395 4818 centia:
447 4765 743 4831 naturalis,
770 4763 899 4819 dum
941 4764 995 4819 in
1040 4762 1220 4833 majus
1260 4764 1469 4819 erroris
1489 4761 1575 4818 sui
1600 4763 1801 4818 malum

190 4857 561 4925 pertrahunt,
596 4856 874 4928 pra'dictis
901 4855 1059 4911 bonis
1084 4856 1480 4926 spoliaverunt.

262 4948 454 5008 Nudis
488 4961 536 5006 et
561 4951 917 5007 incedentibus
940 4950 1129 5022 absque
1154 4950 1356 5019 vestitu,
1384 4958 1431 5004 et
1458 4946 1806 5005 esurientibus

190 5043 433 5099 tulerant
464 5045 665 5117 spicas.
697 5044 866 5100 Nudis
901 5044 1028 5112 (ide,
1055 5043 1262 5114 Deique
1298 5041 1545 5098 custodia
1576 5041 1805 5097 destitu-

190 5133 285 5202 tis,
322 5136 671 5193 vestimenta
716 5151 934 5207 quoque
964 5136 1106 5206 spei,
1155 5142 1213 5191 et
1250 5132 1536 5189 cliarilatis
1582 5132 1803 5199 divinae,

186 5239 646 5314 caterawmque
694 5230 959 5286 virtutum
1004 5228 1266 5286 excubias
1304 5244 1415 5285 nou
1458 5226 1804 5293 habentibus,

190 5320 399 5392 quibus
429 5324 639 5380 anima:
664 5332 1004 5379 exornantur
1033 5339 1047 5377 :
1086 5323 1251 5378 etiam
1289 5321 1495 5392 Spicas,
1528 5320 1582 5375 in
1610 5319 1811 5391 quibus

190 5413 452 5471 divinam
502 5415 756 5472 nctitiam
796 5416 1116 5485 adopertam
1148 5415 1381 5479 habent,
1412 5413 1753 5471 abstulerunt
1793 5430 1808 5468 :

192 5521 263 5563 ne
293 5501 624 5565 esurientes
645 5510 934 5564 scientiam
960 5508 1055 5564 Dei
1082 5549 1099 5576 ,
1122 5507 1448 5580 quandoque
1474 5516 1683 5561 retecto
1720 5519 1817 5561 ve-

191 5599 436 5673 lamine,
474 5612 705 5674 possent
748 5602 919 5674 ipsam
963 5602 1163 5658 nudam
1217 5602 1498 5658 veritatem
1542 5610 1813 5671 tamquam

190 5708 406 5767 panem
428 5693 714 5752 alimonia:
737 5694 923 5750 vitalis
948 5696 1221 5767 accipere.

268 5787 437 5846 Inter
465 5804 678 5856 acervos
706 5805 884 5845 eorum
912 5789 1165 5843 meridiati
1184 5797 1326 5853 sunt,
1359 5788 1447 5858 qui
1471 5787 1683 5842 calcatis
1711 5800 1814 5841 tor-

625 5883 902 5945 ΡΔτιιοι..
950 5881 1186 5946 XXVI.

1970 1859 2052 1917 De
2101 1863 2397 1921 civitatibus
2443 1865 2675 1937 fecerunt
2720 1868 2855 1923 viros
2886 1885 3106 1938 gemere.
3150 1870 3267 1926 Non
3296 1872 3498 1935 solum,

1901 1956 2097 2027 inquit,
2131 1957 2258 2013 illos
2282 1959 2375 2029 qui
2404 1959 2526 2015 sine
2556 1960 2853 2016 munimine
2890 1961 3138 2020 habitant
3158 1966 3419 2035 spoliant,
3450 1975 3506 2020 et

1900 2047 2180 2105 dominatu
2208 2050 2360 2106 dura:
2384 2053 2788 2122 superstitionis
2813 2053 3066 2129 afﬂigunt
3086 2074 3099 2111 :
3123 2073 3309 2112 verum
3341 2058 3504 2113 etiam

1901 2154 1956 2198 et
1985 2158 2083 2199 eos
2111 2143 2203 2213 qui
2232 2143 2481 2201 civitates
2517 2146 2783 2202 mentium
2810 2163 3031 2203 suarum
3070 2150 3228 2207 bonis
3259 2152 3506 2206 moribus

1904 2241 2140 2291 munitas
2160 2235 2484 2306 inhabitant,
2516 2240 3068 2310 pugnandoerrorum
3100 2244 3361 2300 arietibus
3378 2246 3507 2299 sub-

1900 2339 2087 2386 ruunt.
2130 2331 2288 2399 ρωιά
2316 2342 2373 2389 et
2399 2333 2587 2389 multis
2616 2333 2957 2404 philosophis
2998 2339 3294 2407 contigisse
3338 2339 3510 2394 mani-

1904 2422 2105 2480 festum
2133 2433 2218 2480 est
2244 2438 2260 2479 :
2291 2428 2380 2497 qui
2406 2442 2530 2482 cum
2560 2429 2742 2499 magni
2777 2439 2832 2485 et
2862 2430 2995 2485 clari
3042 2431 3185 2486 circa
3214 2448 3507 2505 corporum

1904 2532 2133 2574 suorum
2168 2518 2372 2576 fuerint
2399 2522 2814 2590 continentiam,
2858 2538 2981 2578 cum
3004 2525 3211 2595 gemitu
3241 2538 3423 2583 tamen
3453 2539 3512 2585 et

1908 2608 2105 2666 labore
2156 2610 2326 2667 nimio
2379 2611 2448 2667 ad
2487 2613 2736 2670 veritatis
2777 2615 3026 2670 notitiam
3074 2617 3355 2686 pervenire
3404 2635 3511 2675 non

1908 2713 2221 2774 potuerunt.

1980 2795 2050 2851 Et
2089 2798 2272 2853 anima
2308 2799 2694 2855 vulneratorum
2736 2802 2998 2869 claruerit,
3031 2814 3081 2859 et
3123 2804 3261 2861 Deus
3286 2807 3513 2862 inultum

1908 2890 2052 2945 abire
2074 2907 2177 2946 non
2210 2893 2428 2960 patitur.
2462 2893 2607 2949 Deus
2636 2909 2824 2950 vocem
2847 2896 3252 2965 implorantium
3282 2898 3509 2955 inultam

1909 2984 2064 3041 abire
2092 3000 2199 3041 non
2229 2987 2455 3057 patitur,
2500 2987 2633 3058 quin
2680 2988 2942 3044 ultionem
2975 2990 3176 3045 tribuat
3215 2990 3286 3045 de
3311 2993 3517 3047 errori-

1910 3077 2013 3134 bus
2043 3094 2058 3130 :
2092 3087 2152 3133 tit
2175 3077 2305 3133 dum
2334 3079 2402 3134 ad
2427 3080 2714 3135 veritatem
2747 3082 2913 3137 saucii
2945 3092 3288 3150 peccatorum
3317 3087 3513 3142 vulne-

1832 3144 1878 3208 θ
1912 3171 2067 3229 ribus
2094 3181 2513 3240 convertuntur,
2541 3174 2789 3230 convicta
2823 3174 3030 3231 falsitas
3054 3177 3329 3245 puniatur.
3348 3176 3519 3233 Puuit

1911 3265 2081 3335 enim,
2115 3266 2334 3338 quando
2354 3282 2545 3323 eorum
2570 3268 2661 3338 qui
2694 3267 2902 3324 seducti
2944 3268 3158 3325 fuerant
3188 3271 3510 3327 conversio-

1913 3374 2037 3415 nem
2067 3358 2335 3415 destituit.
2367 3358 2524 3429 Quod
2569 3369 2752 3415 autem
2802 3362 2878 3415 ait
2919 3377 2932 3416 :
2964 3361 3161 3416 Anima
3194 3364 3512 3418 vulnerato-

1911 3468 2032 3508 rum
2084 3471 2097 3509 :
2139 3469 2237 3523 pro
2277 3467 2549 3510 consensu
2589 3454 2655 3509 ad
2705 3453 2872 3509 Deum
2917 3454 3267 3511 clamantium
3315 3456 3516 3511 intelli-

1908 3559 2122 3616 gamus.
2166 3545 2516 3603 Vastatorum
2558 3554 2745 3601 autem
2788 3546 3073 3602 tribulatio
3115 3563 3287 3617 usque
3326 3548 3394 3603 ad
3425 3566 3516 3621 ge-

1909 3639 2102 3694 mitum
2132 3639 2410 3696 civitatem
2441 3639 2805 3695 habitantium
2837 3640 3511 3708 pervenit-bat.Viilnerati

1909 3747 2041 3790 vero
2072 3749 2178 3789 nou
2211 3734 2391 3790 solum
2437 3732 2779 3804 intelligendi
2809 3743 2938 3789 sunt
2966 3751 2981 3788 :
3009 3750 3241 3804 quorum
3272 3751 3508 3807 corpora

1887 3827 1979 3884 ab
2022 3827 2144 3883 aliis
2189 3826 2665 3893 transfodiuntur,
2708 3842 2893 3882 verum
2941 3829 3111 3882 etiam
3152 3828 3227 3881 illi
3278 3844 3507 3898 quorum

1907 3920 2108 3976 animm
2142 3920 2382 3986 hostium
2420 3922 2620 3978 timore
2660 3919 2864 3989 nimio,
2898 3920 3050 3975 velut
3082 3919 3266 3991 gladio
3306 3921 3509 3977 feriunt-

1911 4020 2019 4067 tur.

1978 4105 2095 4179 Ipsi
2122 4108 2334 4181 [uerunt
2370 4107 2590 4163 rebelles
2632 4107 2839 4171 lumini,
2882 4108 3176 4163 nescierunt
3208 4110 3316 4165 vias
3349 4114 3460 4184 ejus
3489 4127 3507 4165 :

1908 4217 2002 4256 nec
2036 4203 2227 4257 reversi
2276 4211 2399 4257 sunt
2420 4218 2513 4274 per
2542 4201 2750 4257 semitas
2788 4203 2922 4271 ejus.
2972 4200 3284 4269 Daemones,
3332 4201 3508 4259 barre-

1911 4293 2023 4360 tici,
2056 4292 2392 4364 philosophi,
2424 4294 2541 4349 sive
2568 4294 2737 4348 etiam
2764 4307 2956 4348 omnes
2985 4292 3137 4364 impii
3166 4293 3507 4364 intelligendi

1907 4395 2067 4455 sunt,
2122 4388 2213 4458 qui
2251 4396 2441 4443 contra
2483 4386 2785 4443 doctrinam
2826 4388 2919 4444 Dei
2961 4391 3144 4444 venire
3197 4400 3505 4460 conantur,

1912 4481 2034 4552 quia
2065 4481 2378 4538 mandatum
2405 4480 2528 4536 vita:
2561 4481 2792 4551 lux'eSI,
2825 4482 2948 4554 quia
2980 4482 3035 4538 in
3067 4493 3256 4539 natura
3301 4485 3506 4551 lumen,

1913 4575 2099 4631 lumen
2143 4583 2229 4632 est
2269 4574 2415 4647 quod
2444 4590 2541 4646 per
2582 4589 2644 4631 se
2682 4584 2766 4631 est
2801 4592 2813 4627 ;
2856 4574 3095 4631 tenebra:
3129 4591 3261 4631 vero
3289 4579 3507 4634 caecitas

1908 4668 2112 4724 cordis.
2144 4667 2212 4725 Et
2240 4667 2469 4738 proinde
2507 4672 2555 4722 si
2584 4667 2805 4723 ctecitas
2828 4667 3028 4736 cordis,
3065 4670 3304 4724 tenelnm
3355 4682 3504 4734 sunt,

1910 4771 2061 4817 recte
2111 4762 2416 4817 exteriores
2464 4759 2727 4825 tenebrae,
2775 4774 2952 4831 poenae
3000 4760 3394 4832 intelliguntur.
3438 4763 3505 4819 Ut

1908 4852 2080 4924 iniqui
2120 4852 2189 4909 de
2230 4862 2577 4923 peccatorum
2608 4868 2828 4908 suorum
2861 4855 3124 4921 tenebris,
3156 4856 3220 4908 ad
3270 4865 3509 4912 tormen-

1908 4957 2085 5004 torum
2115 4948 2371 5005 tenebras
2397 4946 2761 5018 projiciuntur
2791 4963 2805 5002 :
2852 4948 2932 5003 sic
2974 4948 3120 5003 intus
3160 4958 3216 5004 et
3247 4948 3380 5004 foris
3410 4948 3507 5005 Dei

1908 5043 2178 5098 sententia
2207 5051 2588 5098 consummata
2610 5056 2795 5097 coram
2825 5044 3036 5112 angelis
3066 5043 3181 5103 Dei.
3208 5026 3504 5098 induuntur

1910 5136 2053 5192 sicut
2084 5135 2328 5206 diploide
2348 5134 2669 5193 confusione
2692 5136 3068 5207 sua.0nagros
3093 5152 3219 5191 vero
3247 5135 3341 5207 qui
3358 5152 3505 5193 com-

1913 5240 2197 5287 morantur
2223 5232 2277 5286 in
2300 5231 2523 5288 deserto
2554 5247 2569 5286 :
2606 5246 2844 5303 paganos
2875 5246 3122 5301 quosque
3149 5244 3338 5285 errore
3370 5246 3501 5302 gen-

1917 5322 2153 5391 tilitatis,
2182 5322 2272 5394 qui
2302 5323 2354 5378 in
2384 5322 2606 5379 deserto
2633 5338 2780 5378 verae
2810 5321 3089 5394 religionis
3116 5334 3266 5390 sunt,
3301 5327 3507 5382 intelli-

1916 5430 2047 5487 gere
2076 5429 2394 5485 possumus,
2425 5431 2491 5471 eo
2537 5415 2680 5486 quod
2724 5416 2854 5486 jugo
2883 5426 3052 5471 certae
3091 5416 3373 5487 religionis
3403 5437 3510 5476 non

1920 5506 2333 5563 contineantur.
2362 5504 2427 5561 Hi
2460 5506 2625 5578 igitur
2650 5504 3009 5576 egrediuntur
3037 5506 3103 5561 ad
3145 5522 3283 5580 opus
3327 5527 3505 5567 suum.

1924 5598 2121 5671 Egredi
2169 5613 2404 5669 namque
2435 5597 2707 5662 dicuntur,
2741 5596 2959 5665 quando
2997 5597 3223 5657 aﬂectus
3260 5618 3389 5659 suos
3422 5620 3518 5673 per

1925 5693 2204 5750 doctrinas
2235 5706 2430 5764 pravas
2454 5693 2506 5747 in
2533 5707 2628 5748 eos
2652 5704 2787 5760 quos
2813 5690 3082 5748 seducunt
3101 5696 3417 5753 ostendunt.
3442 5700 3515 5753 lta

1929 5788 2077 5845 enim
2115 5786 2266 5844 omni
2298 5786 2520 5846 solertia
2549 5784 2932 5856 depraedantur
2974 5802 3136 5857 vagas
3179 5804 3364 5848 errore
3409 5795 3527 5851 ani-
