3948 6334
451 274 558 336 685

1266 263 1616 328 APPENDIX
1651 264 1748 325 AD
1784 261 2030 325 TOMUM
2070 258 2424 325 SEPTIMUM
2463 261 2522 323 S.
2568 257 2977 327 HIERONYMI.

3655 257 3751 325 ω

453 407 573 449 mas
591 399 651 449 ut
670 387 772 462 ipsi
789 384 1118 446 multitudini
1139 384 1366 457 perdita:
1394 382 1729 458 posteritatis
1752 396 1889 450 suae,
1904 380 2056 437 velut
2082 379 2132 447 Α
2160 378 2466 439 intenebris
2494 378 2644 447 quasi
2674 378 2729 434 in
2756 377 2879 437 luce
2897 372 3198 437 ambulant.
3211 371 3268 435 Si
3287 370 3553 445 quispiam
3576 369 3752 443 dispu-

454 486 776 543 alimentum
797 481 953 556 panis
977 479 1192 538 lethalis
1208 477 1495 545 doctrinae,
1520 474 1879 549 pertinaciam
1895 472 2056 531 dere—

456 578 726 651 linquant.

528 671 690 728 Mone
719 672 890 745 primo
924 674 1200 741 eousuget
1227 665 1491 723 homicida
1515 680 1535 720 :
1562 663 1808 736 interﬁcit
1835 676 2056 734 egenum

454 778 505 824 et
533 782 831 840 pauperem.
863 764 1067 821 lterum
1097 776 1261 819 mane
1301 760 1510 818 dictum
1534 768 1642 825 est,
1674 771 1774 829 pro
1813 771 1881 813 eo
1909 753 2052 824 quod

451 860 694 933 publice,
747 868 806 916 et
853 856 999 915 clara
1046 855 1168 912 luce
1212 853 1421 910 malum
1461 850 1851 917 committitur,
1884 856 1943 905 ut
1982 849 2057 905 sit

454 953 612 1025 quasi
636 951 811 1024 gloria
838 950 1049 1007 {acinus
1065 946 1446 1021 operantibus,
1468 956 1527 1004 et
1548 943 1849 1003 semuidutu
1876 941 2051 1001 Sodo~

453 1046 713 1103 ntitarunt
754 1044 1098 1115 exemplum,
1150 1052 1435 1114 peccatum
1476 1055 1638 1097 suum
1672 1054 1785 1095 non
1821 1037 2057 1095 abscon~

446 1140 669 1203 derunt,
692 1140 789 1199 sed
820 1138 1283 1212 praedicaverunt.
1312 1136 1499 1193 Potuit
1523 1142 1580 1192 et
1599 1134 1671 1191 de
1692 1133 1893 1206 iniquis
1910 1129 2055 1202 judi-

451 1233 615 1290 cibus
645 1233 751 1290 hoc
772 1231 1004 1298 dixisse,
1048 1232 1144 1303 qui
1177 1230 1246 1286 ad
1275 1233 1379 1286 hoc
1410 1227 1678 1284 maturius
1716 1232 1965 1295 surgunt,
1996 1230 2058 1279 ut

452 1340 677 1383 causam
705 1324 891 1397 egeni,
922 1333 979 1380 et
1007 1321 1262 1395 pauperis
1293 1322 1612 1379 muneribus
1641 1319 1882 1389 corrupti
1912 1332 2054 1389 pra:-

450 1420 791 1476 varicentur.
825 1417 955 1475 Sive
986 1416 1148 1473 aliter
1181 1434 1194 1471 :
1240 1415 1342 1472 Hic
1371 1414 1533 1486 igitur
1572 1411 1866 1480 homicida,
1906 1419 2057 1467 recte

449 1510 753 1569 hereticus
789 1509 1023 1582 quisque
1056 1508 1311 1578 sentitur,
1357 1523 1423 1563 ex
1466 1521 1663 1564 eorum
1705 1518 1933 1561 numero
1961 1503 2055 1575 qui

446 1604 661 1661 animas
690 1604 974 1660 hominum
1007 1601 1213 1668 noxiis,
1246 1612 1302 1658 et
1339 1599 1644 1658 lotbalibus
1685 1598 1941 1656 sensibus
1968 1596 2053 1654 in-

447 1698 748 1755 terﬁciunt.
782 1697 937 1764 Quod
978 1706 1163 1754 autem
1211 1692 1367 1758 dicit.
1408 1708 1574 1750 mane
1610 1692 1787 1763 primo
1822 1706 2052 1749 consur-

2157 479 2300 530 httor
2309 470 2599 539 exstiterit,
2615 472 2705 543 qui
2720 479 2909 528 contra
2924 484 3020 529 eos
3042 468 3217 529 lucem
3242 465 3550 532 manifestae
3565 467 3753 525 verita-

2158 568 2231 624 tis
2245 576 2499 636 enarret,
2519 566 2758 623 convicti
2779 565 3116 625 arbitrantur
3127 579 3187 621 se
3208 562 3502 622 incurrisse
3514 559 3753 621 umbram

2153 665 2371 736 mortis,
2392 672 2451 722 et
2473 663 2830 721 nihilominus
2851 661 2909 721 in
2929 659 3179 719 stultitim
3201 674 3320 718 sua:
3345 656 3586 717 tenebris
3602 696 3619 724 ,
3645 654 3754 712 vel-

2158 768 2216 815 ut
2260 758 2317 815 in
2356 758 2479 815 luce
2517 756 2803 830 sapientiai
2843 754 3170 827 gloriantur.
3204 753 3396 809 Potest
3425 760 3483 807 et
3514 747 3756 807 diabolus

2157 853 2465 920 homicida,
2515 851 2638 922 iur,
2683 862 2742 909 et
2775 850 2994 908 adulter
3019 847 3298 919 intelligi:
3346 846 3472 920 quia
3511 843 3582 901 ad
3617 842 3758 901 deci-

2156 947 2417 1022 piendum
2447 946 2731 1003 bominem
2759 945 2936 1001 factus
2974 953 3061 1001 est
3090 940 3364 1001 homicida
3392 977 3412 1010 ,
3444 948 3504 995 ut
3540 939 3622 996 ait
3652 937 3755 994 Do-

2157 1043 2339 1104 minus
2380 1060 2395 1096 :
2452 1040 2558 1103 Ille
2607 1038 2874 1097 homicida
2924 1039 3028 1113 fuit
3081 1040 3148 1095 ab
3192 1038 3371 1093 initio.
3414 1034 3756 1092 Divinitatem

2155 1151 2372 1210 quoque
2417 1135 2523 1195 sibi
2568 1150 2667 1207 per
2694 1133 3010 1205 superbiam
3050 1129 3364 1203 arrogantia
3386 1171 3403 1197 ,
3432 1144 3598 1203 quam
3628 1143 3759 1199 prae,

2157 1230 2474 1300 sumptione
2523 1228 2694 1285 animi
2740 1227 2824 1283 sui
2874 1226 3108 1283 tentavit
3166 1224 3469 1291 invadere,
3506 1224 3656 1280 velut
3680 1221 3759 1278 iur

2158 1322 2415 1381 inventus
2444 1331 2531 1378 est
2553 1363 2567 1391 ,
2598 1322 2689 1393 qui
2718 1321 2903 1377 aliena
2927 1326 3163 1377 conatur
3187 1318 3434 1375 auferre.
3466 1316 3569 1385 Qui
3599 1318 3757 1371 etiam

2154 1415 2483 1490 virginalem
2525 1414 2696 1481 illam,
2733 1424 2791 1470 et
2820 1425 3026 1469 castam
3044 1412 3398 1469 dilectionem
3422 1409 3520 1467 Dei
3549 1407 3756 1476 amisit,

2154 1511 2289 1570 dum
2333 1511 2676 1568 adulterittos
2702 1517 2939 1566 conatus
2959 1518 3151 1566 contra
3190 1506 3288 1564 Dei
3314 1506 3438 1576 sui,
3464 1514 3521 1564 et
3548 1504 3758 1560 Domini

2154 1621 2403 1664 amorem
2456 1604 2707 1674 faciens,
2758 1602 2978 1676 propria
3022 1601 3310 1659 volantem
3349 1597 3626 1671 quaesivit.
3670 1596 3763 1654 Hic

2158 1702 2325 1774 igitur
2354 1716 2516 1757 mane
2558 1699 2740 1772 primo
2762 1739 2780 1766 ,
2813 1698 2869 1755 id
2897 1708 2981 1755 est
3000 1738 3019 1763 ,
3045 1696 3190 1754 circa
3218 1697 3392 1769 ipsam
3419 1694 3759 1753 nativitatem

451 1793 534 1865 git
562 1811 576 1847 :
603 1791 737 1848 illud
769 1800 856 1847 cst
883 1808 896 1845 :
930 1789 1057 1862 quia
1098 1803 1224 1845 cum
1250 1787 1305 1842 hi
1337 1786 1429 1858 qui
1450 1802 1578 1845 cum
1616 1796 1793 1856 nuper
1820 1785 1928 1842 lida
1954 1784 2054 1840 ίιιί·
2079 1771 2135 1839 ⁸
2164 1771 2482 1865 prot0plasti
2516 1771 2752 1848 heminis
2778 1832 2792 1857 ,
2842 1790 2909 1846 ad
2956 1789 3330 1847 seducendum
3370 1804 3493 1845 eum
3526 1803 3626 1860 per
3650 1788 3761 1860 ejus

450 1886 572 1942 tiati
600 1893 750 1951 sunt,
776 1884 1109 1939 matutinum
1138 1881 1407 1949 habeant,
1436 1879 1495 1935 id
1525 1889 1632 1947 est,
1664 1878 1818 1950 quasi
1849 1877 2054 1950 princi-

444 1980 599 2052 pium
648 1986 899 2035 sanctam
937 1976 1260 2048 religionem
1320 1990 1334 2027 :
1381 1975 1504 2030 sive
1557 1972 1662 2043 ipsi
1719 1971 2051 2027 matutinum

444 2071 627 2131 εὔθειί
655 2073 787 2141 sint,
815 2086 942 2127 cum
973 2070 1043 2129 de
1068 2068 1314 2126 tenebris
1343 2074 1400 2124 et
1421 2066 1550 2124 ﬁliis
1568 2065 1746 2123 noctis
1767 2063 1897 2121 lacti
1922 2073 2054 2122 sunt

445 2166 504 2225 in
532 2165 771 2222 Domino
800 2162 895 2219 ﬁlii
925 2162 1054 2228 Dei;
1100 2160 1158 2218 bi
1196 2158 1444 2233 perﬁdiae
1473 2172 1589 2215 suae
1622 2173 1897 2215 venenum
1927 2173 2051 2228 pro.

447 2263 644 2331 pinare
664 2256 948 2324 festinam,
978 2262 1037 2311 ιιι
1066 2269 1163 2308 eos
1190 2251 1489 2323 decipiant.
1523 2250 1652 2309 Sive
1684 2250 1852 2307 aliter
1881 2266 1897 2304 :
1938 2249 2053 2306 lla-

451 2368 544 2420 ne,
582 2351 832 2407 Christus
865 2347 1253 2418 intelligendus
1289 2339 1410 2413 est,
1447 2346 1517 2403 ad
1560 2343 1714 2415 cujus
1764 2358 2047 2401 resurrec-

449 2447 653 2504 tionem
679 2444 919 2500 haereses
947 2444 1000 2499 in
1034 2440 1280 2499 Ecclesia
1304 2453 1432 2497 esse
1456 2447 1761 2509 cmperunt.

524 2538 627 2594 Per
656 2546 858 2594 noctem
902 2551 1020 2595 vero
1042 2535 1140 2591 erit
1165 2532 1315 2605 quasi
1341 2533 1448 2604 (ur.
1482 2531 1688 2589 Omnes
1716 2545 1912 2589 sensus
1937 2530 2052 2587 hat-

444 2631 773 2695 reticorutn,
807 2628 954 2684 nocti
979 2635 1038 2683 et
1079 2625 1326 2683 tenebris
1350 2624 1706 2695 comparandi
1736 2632 1890 2692 sunt,
1921 2623 2048 2693 quia

445 2725 630 2783 lumen
659 2739 766 2779 non
791 2721 996 2778 habent
1016 2720 1283 2777 veritatis.
1309 2718 1417 2790 Ipsi
1444 2719 1608 2776 etiam
1639 2725 1770 2775 sunt
1787 2717 2046 2779 adulteri,

444 2818 577 2889 quia
624 2815 844 2886 eloquia
883 2813 977 2871 Dei
1033 2821 1185 2869 casta
1241 2809 1545 2871 adulterina
1596 2809 2049 2881 interpretatione

444 2915 825 2979 corrumpunt.
867 2904 1096 2962 Noctem
1146 2918 1280 2961 vero
1326 2903 1450 2959 ideo
1485 2902 1689 2961 dictant
1738 2901 2048 2973 puto,qnia

445 3002 906 3075 praevaricatores
931 2997 1280 3069 negotiorum
1303 3007 1577 3055 secretum
1595 2994 1867 3066 quoddam
1886 2994 2049 3066 quasi

445 3104 664 3166 tempus
690 3100 1042 3155 nocturnum,
1082 3090 1391 3161 requirunt,
1422 3086 1646 3160 quando
1678 3101 1908 3147 munera
1946 3100 2050 3158 pro

444 3188 628 3246 causis
652 3185 1031 3258 prmvarieatis
1060 3182 1354 3254 accipiunt.

519 3279 719 3336 Oculus
742 3278 971 3335 adulteri
991 3276 1224 3334 observat
1252 3274 1551 3350 caliginem,
1582 3275 1784 3342 dicens,
1818 3275 1941 3333 Non
1971 3292 2052 3331 me

445 3374 635 3430 ridebit
677 3373 880 3439 oculus,
920 3381 969 3429 et
1016 3370 1215 3441 aperiet
1245 3371 1446 3427 vultum
1493 3386 1665 3427 nam.
1700 3369 1834 3428 Sive
1870 3378 1932 3427 ut
1958 3369 2050 3425 alii

447 3467 750 3525 dixerunt:
798 3465 863 3521 Et
896 3464 1178 3523 latibulum
1218 3464 1370 3537 faciei
1402 3466 1596 3534 possit.
1626 3464 1689 3523 id
1731 3472 1836 3531 est,
1864 3464 2051 3521 cordis

446 3560 573 3631 ejus
602 3558 815 3627 oculus,
845 3556 1123 3614 oblivione
1146 3564 1469 3615 excmcstus
1491 3568 1600 3623 est,
1628 3555 1762 3612 utin
1789 3555 1908 3627 ejus
1936 3569 2052 3611 me-

451 3653 683 3711 moriam
712 3666 821 3707 non
852 3650 1203 3718 ascenderet,
1218 3651 1347 3720 quia
1370 3649 1611 3707 omnium
1631 3649 2048 3718 cogitationum,

449 3761 505 3807 et
529 3764 758 3823 operum
791 3750 1155 3804 humanorum
1188 3745 1457 3803 malorum
1493 3745 1633 3801 Deus
1653 3754 1740 3801 est
1770 3743 2052 3815 inspector

449 3854 500 3900 ct
540 3843 813 3914 cognitor.

520 3937 761 4011 Perfodit
809 3938 865 3991 in
923 3934 1142 3991 tenebris
1203 3932 1381 3989 domos
1418 3974 1433 3999 ,
1491 3933 1622 3986 sicut
1681 3931 1737 3985 in
1794 3932 1879 3987 die
1927 3946 2047 3985 con-

449 4030 687 4087 dixerant
744 4028 890 4096 sibi,
947 4035 997 4080 et
1039 4026 1407 4098 ignoravcrunt
1458 4023 1645 4078 lucem.
1706 4021 2049 4081 Manifestum

449 4131 557 4188 est,
607 4122 752 4193 quod
801 4134 896 4189 per
939 4117 1084 4177 diem
1114 4116 1256 4177 haue
1292 4116 1538 4187 rapinam
1581 4131 1679 4171 sua
1724 4116 2052 4187 cogitatione

454 4215 800 4286 disponunt,
861 4219 1151 4282 antequam
1206 4209 1276 4265 ad
1332 4210 1476 4280 ipsas
1534 4207 1838 4266 facinorum
1903 4218 2054 4269 lene-

2153 1886 2442 1943 mulierem
2490 1884 2877 1952 consurrexit,
2932 1892 2993 1939 et
3034 1898 3158 1940 eum
3200 1895 3480 1955 tamquam
3510 1889 3759 1953 egentem

2154 1979 2388 2034 consilio
2404 2022 2419 2046 ,
2444 1989 2500 2034 et
2527 1993 2825 2049 pauperem
2844 2019 2860 2046 ,
2885 1978 2977 2050 qui
3003 1976 3347 2049 experientia
3369 1976 3553 2033 minus
3577 1983 3762 2033 cautus

2149 2082 2333 2142 esset,
2380 2072 2716 2145 deceptione
2764 2071 3046 2129 insidiosa
3098 2070 3476 2144 persuasionis
3530 2069 3756 2133 occidit.

2150 2167 2378 2224 Noctem
2410 2182 2544 2223 vero
2571 2166 2787 2238 peccati
2812 2167 2932 2237 ipse
2958 2165 3066 2222 sibi
3090 2172 3360 2238 operatus
3387 2178 3472 2223 est
3499 2183 3517 2220 :
3542 2163 3763 2236 quando

2150 2261 2221 2318 ad
2265 2260 2610 2318 divinitatem
2658 2259 3023 2317 invadendam
3048 2299 3070 2326 ν
3102 2260 3253 2316 velut
3276 2258 3368 2315 fur
3395 2259 3644 2331 irrepere
3674 2272 3762 2314 vo-

2155 2354 2331 2410 luerat
2357 2399 2372 2423 ,
2423 2354 2616 2411 dicens
2657 2369 2675 2415 :
2711 2352 2888 2427 Super
2920 2354 3097 2410 sidera
3130 2351 3248 2409 sali
3286 2369 3480 2426 pausat
3519 2352 3762 2408 mortem

2149 2463 2352 2513 ntust,
2382 2456 2434 2503 et
2459 2464 2550 2503 ero
2592 2448 2783 2504 similis
2803 2447 3079 2503 Altiaainte
3107 2463 3130 2503 :
3156 2456 3212 2504 et
3234 2445 3434 2503 exinde
3459 2461 3586 2504 cum
3615 2447 3759 2514 suis,

2148 2554 2296 2612 quos
2333 2541 2461 2597 coeli
2503 2539 2688 2596 sidera
2715 2539 3053 2611 appellavit,
3084 2555 3197 2596 nox
3221 2551 3276 2596 ot
3302 2537 3543 2596 tenebrm
3568 2579 3585 2601 .
3620 2539 3761 2609 prin-

2147 2649 2395 2707 cepsque
2426 2634 2778 2692 tenebrarum
2808 2643 2897 2689 est
2921 2631 3262 2704 appellatus.
3306 2632 3379 2687 Et
3417 2640 3570 2687 recte
3595 2674 3612 2701 ,
3639 2631 3762 2702 quia

2156 2726 2369 2783 Domini
2400 2727 2587 2783 iumen
2614 2727 2899 2783 amiserat.
2932 2725 3031 2782 Hic
3048 2724 3161 2797 jam
3185 2725 3239 2781 in
3264 2734 3615 2794 peccatorum
3640 2739 3765 2780 suo-

2152 2835 2275 2876 rum
2312 2819 2555 2877 tenebris
2572 2820 2908 2876 constitutus
2930 2860 2947 2887 ,
2989 2817 3197 2875 vultum
3229 2819 3389 2877 mala
3414 2817 3763 2875 conseicntbe

2151 2928 2268 2969 sum
2290 2913 2653 2969 obduretioae
2672 2913 2895 2981 operuit
2917 2950 2934 2979 ,
2964 2910 3341 2984 paenitentiam
3368 2926 3477 2966 non
3506 2920 3761 2966 acturus:

2146 3016 2210 3061 et
2238 3003 2444 3061 idcirco
2464 3003 2661 3061 divino
2688 3004 2897 3062 lumine
2924 3003 3174 3075 privatus
3196 3045 3214 3071 ,
3248 3001 3439 3063 autth
3474 3012 3638 3072 atque
3666 3002 3764 3065 ﬂb-

2148 3107 2335 3154 aerrat
2362 3138 2378 3164 ,
2406 3107 2468 3152 ut
2508 3112 2573 3154 ea
2603 3112 2726 3167 qua:
2756 3095 2999 3156 tecebris
3022 3138 3037 3163 ,
3080 3103 3143 3155 et
3178 3096 3417 3167 caligine
3444 3104 3573 3157 sunt
3600 3094 3761 3167 digna

2074 3167 2124 3235 ε
2155 3192 2479 3249 committat.
2516 3191 2669 3249 Unde
2696 3192 2751 3246 in
2776 3190 2867 3248 ut.
2896 3191 3161 3264 operibus
3181 3190 3347 3249 vitam
3376 3205 3565 3262 agens.
3594 3190 3765 3246 iudici

2145 3283 2257 3339 sibi
2303 3283 2498 3339 domos
2550 3282 2955 3343 habitationum
2996 3283 3052 3339 in
3082 3283 3320 3350 inieris,
3351 3298 3478 3340 eum
3514 3283 3620 3340 illis
3646 3282 3761 3338 suis

2147 3375 2421 3432 ministris
2440 3415 2460 3442 ,
2490 3392 2618 3437 cum
2646 3376 2845 3447 quibus
2885 3391 2949 3434 se
2985 3375 3253 3434 adversus
3287 3376 3457 3437 Deum
3485 3416 3501 3441 .
3530 3387 3580 3435 et
3608 3389 3763 3434 crea-

2157 3475 2329 3524 torem
2356 3468 2571 3539 erigoro
2614 3470 2861 3527 tentavit.
2894 3468 2957 3525 lii
3000 3485 3140 3540 ergo
3180 3469 3594 3540 ministriejus,
3635 3484 3761 3525 cum

2151 3561 2333 3617 adhuc
2374 3561 2520 3618 beati
2567 3572 2753 3621 essent
2802 3562 2855 3621 in
2894 3562 2992 3618 illa
3022 3572 3227 3623 ωιοωι
3256 3562 3558 3634 felicitate,
3586 3564 3643 3619 in
3671 3563 3763 3620 die

2153 3651 2252 3708 illo
2279 3653 2466 3725 utique
2488 3653 2862 3725 sempiterno,
2886 3654 2982 3726 qui
3010 3671 3119 3717 non
3146 3655 3311 3715 habet
3336 3656 3552 3717 initium
3576 3671 3762 3727 neque

2151 3744 2356 3814 linem,
2402 3747 2456 3805 in
2503 3748 2609 3809 hoc
2637 3747 2981 3821 sacrilegium
3014 3748 3325 3820 tyrannidis
3346 3758 3479 3809 sunt
3502 3763 3624 3807 cum
3655 3764 3762 3803 suo

2152 3838 2407 3909 principe
2426 3839 2709 3906 collocuti,
2739 3848 2794 3899 et
2818 3848 3157 3910 putaverunt
3183 3882 3198 3908 ,
3221 3840 3368 3912 quod
3388 3841 3536 3901 Deus
3553 3841 3647 3912 qui
3676 3849 3761 3897 est

2150 3930 2245 3989 lux
2280 3948 2408 3991 vera
2430 3974 2448 3999 ,
2488 3931 2709 4004 sapiens
2738 3942 2792 3991 et
2822 3933 3187 4004 intelligihilia
3212 3976 3227 4002 .
3258 3935 3363 3995 hoc
3394 3936 3593 3996 malum
3622 3950 3761 3992 eon-

2154 4028 2408 4085 tumacia:
2431 4042 2620 4085 eorum
2651 4027 2978 4101 impunitum
3021 4028 3364 4100 relinqueret
3385 4071 3401 4097 ,
3434 4039 3495 4086 ut
3518 4044 3626 4086 non
3661 4042 3760 4084 eos

2153 4118 2226 4177 de
2255 4120 2349 4177 illa
2388 4121 2555 4176 beata
2582 4129 2749 4192 atque
2775 4108 3017 4193 gloriosa
3040 4122 3172 4180 sede
3199 4121 3493 4193 deﬁceret.
3516 4121 3582 4177 Et
3612 4122 3763 4176 hanc

2154 4223 2287 4285 puto
2314 4213 2451 4271 dixit
2474 4256 2490 4281 ,
2527 4215 2928 4286 ignoraverunt
2968 4214 3142 4275 lucem
3182 4215 3378 4288 :quod
3406 4217 3762 4273 existimave-

459 4307 590 4363 bras
639 4307 879 4361 veniant.
939 4302 1185 4361 Pet-ludit
1225 4304 1278 4358 in
1326 4302 1564 4358 tenebris
1606 4301 1803 4359 domos
1833 4344 1850 4371 ,
1911 4301 2055 4358 sicut
2155 4316 2281 4362 runt
2308 4304 2476 4363 Deum
2518 4304 2626 4364 hoc
2647 4307 2729 4363 eis
2758 4307 2984 4364 minime
3015 4305 3323 4375 facturum,
3354 4315 3581 4378 prepter
3602 4309 3762 4381 quod

451 4405 506 4459 in
549 4403 643 4459 die
679 4401 1042 4458 condixerant
1080 4398 1207 4455 sibi.
1249 4396 1636 4467 Unusquisque
1674 4396 1967 4453 haereticus
1994 4396 2050 4453 in
2155 4399 2446 4455 exerceatis
2477 4400 2753 4456 mentibus
2777 4443 2792 4466 ,
2834 4402 3124 4459 :eternales
3153 4402 3399 4459 tenebrz
3421 4402 3552 4460 lacti
3576 4412 3712 4459 sunt
3742 4421 3759 4458 :

452 4494 724 4567 pravitate
767 4492 1037 4549 doctrina.-
1066 4489 1402 4554 consistens,
1450 4503 1558 4544 non
1614 4488 1759 4545 dulci
1801 4499 1855 4545 et
1898 4487 2054 4545 suavi
2074 4560 2115 4567 _
2148 4492 2246 4563 qui
2275 4503 2330 4548 ει
2350 4501 2657 4563 potestates
2681 4492 2814 4551 dicti
2842 4502 2975 4557 sunt
3001 4495 3351 4554 tenebrarum
3382 4515 3397 4551 :
3426 4496 3482 4554 id
3502 4506 3583 4552 est
3603 4538 3619 4562 ,
3652 4497 3764 4551 ho-

451 4560 715 4647 sermone
758 4586 1061 4658 Evangelii,
1111 4586 1253 4643 sicut
1283 4585 1459 4642 imber
1497 4584 1765 4657 placidus,
1812 4592 1872 4640 et
1908 4584 2048 4640 sicut
2074 4560 2369 4643 1)minum'
2408 4598 2782 4655 peccatorum.
2839 4587 2903 4642 Et
2946 4586 3074 4645 hinc
3112 4596 3201 4645 est
3226 4588 3372 4659 quod
3394 4604 3525 4645 eum
3553 4560 3761 4644 nomen

448 4694 543 4738 ros
572 4697 696 4737 eum
726 4679 948 4737 silentio
987 4680 1041 4735 in
1089 4681 1301 4737 animus
1329 4678 1615 4737 descendit
1643 4679 1915 4741 ﬁdelium;
1948 4676 2045 4735 sed
2150 4677 2249 4733 Dei
2279 4677 2583 4743 audierint,
2630 4677 3064 4735 contremiscunt
3103 4695 3116 4733 :
3163 4679 3311 4749 quod
3353 4679 3612 4736 vocabulo
3651 4694 3761 4735 au-

448 4789 645 4846 aspero
680 4775 879 4844 potius.
922 4783 974 4827 et
1018 4771 1085 4828 ad
1134 4772 1527 4831 vulnerandum
1562 4783 1821 4843 peracuto
1856 4773 2048 4828 dotucs
2148 4786 2294 4829 rora:
2316 4771 2610 4843 signiﬁcari
2646 4780 2923 4840 putamus.
2946 4770 3218 4841 Cogitatio
3244 4787 3377 4844 ergo
3400 4773 3539 4845 ejus,
3558 4772 3613 4831 id
3640 4780 3759 4841 est,

447 4867 687 4942 perfodit
728 4866 1059 4923 animorum.
1095 4866 1209 4922 Hoc
1247 4866 1392 4921 enim
1416 4866 1569 4921 velut
1594 4866 1648 4922 in
1678 4865 1769 4922 die
1790 4865 2043 4923 condiac-
2150 4862 2357 4919 diabo‘li
2384 4903 2401 4931 ,
2434 4877 2606 4933 usque
2634 4865 2703 4918 ad
2733 4876 3042 4925 sermonem
3088 4871 3301 4923 tantum
3332 4866 3619 4938 pervenire
3652 4879 3764 4936 po.

446 4961 689 5019 runtsibi
708 4958 978 5025 haeretici,
999 4971 1057 5015 nt
1084 4975 1274 5015 omnes
1295 4959 1552 5016 mortales
1570 4958 1770 5029 jacuiis
1782 4959 2046 5017 doctrinae
2149 4960 2290 5026 luit,
2317 4972 2429 5015 non
2450 4956 2613 5013 etiam
2640 4956 2706 5011 ad
2730 4955 2982 5015 effectum
3020 4975 3035 5014 :
3084 4972 3193 5017 non
3232 4958 3382 5019 enim
3413 4958 3660 5032 regnavit
3688 4959 3761 5013 il—

442 5054 624 5111 noxite
670 5050 1047 5123 perfoderent,
1089 5050 1307 5120 quando
1343 5049 1400 5106 in
1428 5049 1676 5108 Ecclesia
1704 5050 1902 5118 adhuc,
1938 5050 2043 5109 hnc
2142 5052 2217 5108 lic
2241 5096 2256 5121 ,
2301 5060 2360 5108 et
2406 5050 2489 5109 sic
2516 5050 2766 5121 .dejoctus
2794 5059 2880 5111 est
2905 5051 3088 5106 statim
3113 5095 3129 5122 ,
3172 5051 3267 5106 ubi
3299 5066 3439 5113 voco
3482 5051 3762 5122 prompsit

443 5145 738 5217 est,indie
759 5143 1437 5214 veritatispOsitibacreses
1457 5143 2035 5205 facereeandixernnt.
2145 5145 2288 5213 quod
2334 5145 2690 5215 cogitaverat,
2745 5154 2802 5200 et
2850 5142 3109 5201 deorsum
3148 5158 3396 5216 preceps
3439 5156 3588 5203 actus
3634 5152 3755 5210 est.

510 5240 575 5296 Si
613 5241 784 5297 subito
822 5237 1127 5312 apparuerit
1156 5254 1351 5297 aurora
1398 5255 1416 5294 :
1444 5239 1767 5295 erlitrantur
1803 5240 2040 5299 stateram
2144 5236 2299 5297 Unde
2318 5250 2666 5306 consequens
2687 5233 2845 5303 vidit,
2876 5244 2939 5299 ιιι
2966 5235 3407 5299 machinamenta
3428 5237 3603 5295 cordis
3629 5238 3755 5304 sui.

439 5336 646 5403 mortis,
677 5344 725 5391 et
751 5334 825 5392 sic
858 5334 911 5389 in
953 5333 1177 5390 tenebris
1205 5336 1354 5403 quasi
1383 5336 1438 5389 in
1465 5335 1579 5390 luce
1597 5335 1883 5393 antistant.
1910 5337 2037 5393 Mox
2141 5332 2338 5402 quibus
2377 5339 2568 5387 contra
2592 5330 2768 5389 Deum
2802 5329 3130 5392 moliebatur
3154 5370 3169 5393 .
3202 5330 3274 5391 ad
3303 5330 3755 5403 persuadendum

441 5438 503 5486 ut
514 5428 745 5500 justitiac
764 5428 894 5493 sibi,
934 5437 989 5484 et
1017 5427 1325 5485 honestatis
1351 5427 1574 5485 aliunde
1596 5429 1782 5485 lumen
1801 5429 2041 5499 emperit
2138 5425 2359 5483 caeteris
2405 5425 2613 5497 angelis
2660 5424 2729 5481 sit
2760 5423 3017 5492 locutus,
3061 5434 3117 5481 et
3161 5426 3233 5481 ita
3272 5423 3760 5483 consentientibus

432 5518 1341 5591 appareretetingericonseientia:
1353 5519 2037 5591 suacmalttmﬂampoenas
2132 5520 2327 5578 multis
2353 5562 2370 5589 ,
2420 5536 2530 5577 una
2563 5519 2970 5591 quodammodo
2998 5519 3340 5588 conspiratio
3368 5520 3526 5577 ﬁeret
3545 5529 3755 5576 contra

434 5614 701 5671 mortisse
715 5609 1661 5681 aestimatitsustinere:quiajustitia
1678 5615 2031 5683 etsanotitas,
2141 5615 2310 5672 Deum
2334 5655 2355 5682 ,
2406 5623 2466 5670 ut
2502 5613 2547 5671 si
2582 5612 2654 5669 ita
2682 5610 2987 5669 videretur.
3012 5611 3152 5668 lllud
3177 5621 3365 5669 tamen
3391 5611 3756 5670 immobiliu-

436 5717 491 5761 ut
531 5704 607 5761 ait
640 5703 926 5774 Scriptura
958 5704 1168 5771 divina,
1200 5703 1391 5761 odiosa
1411 5715 1494 5760 est
1517 5707 1723 5778 iniquo.
1760 5707 1819 5764 Si
1847 5708 2034 5765 subito
2140 5711 2434 5767 tenendum
2464 5754 2477 5774 ,
2535 5709 2685 5765 nullo
2728 5708 2895 5767 modo
2932 5707 2985 5763 in
3023 5707 3243 5765 silentio
3273 5706 3361 5780 agi
3621 5722 3759 5763 cm-

425 5793 989 5868 apparueritaurors,
1009 5796 1342 5854 arbitrantur
1366 5797 1619 5856 umbram
1642 5799 1931 5870 mortis,et
1951 5803 2032 5857 sic
2138 5803 2291 5860 lastis
2338 5802 2523 5859 cilicia
2550 5844 2565 5871 ,
2624 5817 2747 5857 eum
2803 5799 3043 5872 legamus
3090 5799 3371 5872 angelicas
3396 5807 3709 5871 potestates
3735 5838 3758 5869 ,
