3948 6334
245 278 333 339 685
1111 281 1597 349 COMMENTARII
1635 284 1703 347 ΙΝ
1740 287 2000 355 LIBRUM
2042 294 2184 357 108.
2224 294 2383 362 CAP.
2426 298 2619 365 XXIV.

3408 311 3516 377 fB'i

242 407 347 451 ante
370 394 547 455 sedem
580 394 794 455 Domini
822 397 877 455 in
909 397 1126 460 laudem
1149 403 1340 474 gloriae
1367 406 1488 479 ejus
1517 405 1808 467 indefessis
1834 411 1888 473 Α
1985 410 2333 474 οινίἱυὶεοσων
2380 418 2497 487 ejus
2551 420 2932 478 misericordia.
2989 423 3047 481 ω
3096 434 3216 496 est,
3263 426 3359 499 qui
3406 444 3513 486 non

241 488 434 547 vocibus
461 506 781 567 personare,
808 510 989 571 neque
1016 498 1131 557 ullo
1149 501 1314 563 modo
1332 500 1629 575 Apostolus
1643 504 1816 563 dixis-

1913 505 2092 565 solum
2126 508 2443 568 misericors
2462 555 2478 582 ,
2507 512 2608 572 sed
2632 523 2687 571 et
2716 502 3092 576 misericordia
3116 518 3317 581 dicitur
3347 537 3362 576 :
3392 524 3521 593 quia

238 589 342 639 set:
373 580 432 639 Si
452 583 645 659 linguis
670 586 943 646 hominum
964 590 1149 663 loquar
1174 606 1224 651 et
1251 596 1578 667 angelorum,
1608 598 1715 659 nisi
1737 599 1818 654 sic
1914 600 2234 661 misericors
2261 618 2293 661 a
2319 580 2700 666 misericordia
2719 653 2735 679 ,
2764 617 2824 666 et
2848 610 2976 669 ideo
2999 611 3159 682 quasi
3189 580 3518 686 prototypen

236 683 433 741 essent,
483 684 540 735 et
601 679 928 749 angelorum
996 682 1202 759 linguze
1265 687 1408 747 sicut
1463 689 1746 751 hominum
1797 708 1810 744 :

1917 709 2113 752 nomen
2133 738 2148 763 ,
2174 697 2349 768 majus
2388 708 2505 766 est,
2537 717 2702 772 quam
2734 703 2991 762 deductio
3016 717 3360 779 nuncupata.
3389 708 3524 779 Qui-

235 766 458 871 quamvis
488 770 754 845 angelica:
781 772 1081 836 dissimiles
1112 778 1224 838 sint
1251 779 1525 845 humanis.
1557 781 1658 845 Est
1684 796 1817 855 ergo
1912 802 2147 864 euntque
2176 766 2310 864 ergo
2342 766 2663 854 unctorem
2692 807 2877 869 potest
2903 800 3010 857 dici
3040 766 3361 861 misericors
3379 766 3521 871 ive-

233 860 426 955 aliquod
449 874 613 936 atque
637 866 812 939 ipsum
846 869 1003 928 valde
1027 886 1283 947 magnum
1308 891 1475 949 super
1493 877 1816 939 diversitate
1915 896 2016 938 rax
2036 860 2075 947 ,v
2103 892 2165 942 et
2207 860 2391 955 iustus

2437 905 2456 944 :
2506 906 2672 948 nemo
2697 900 2885 950 tamen
2913 908 3108 956 contu
3142 906 3294 956 recte
3317 899 3525 957 dicitur

233 949 510 1060 linguarum
563 957 706 1060 inter
758 962 1069 1037 terrigenas
1094 1008 1111 1038 ,
1158 976 1213 1027 et
1243 968 1553 1029 ministeria
1580 983 1817 1041 superna
1916 949 2296 1035 misericordis
2320 1024 2334 1047 ,
2360 990 2420 1037 et
2445 983 2651 1045 veritas
2674 1024 2691 1054 ,
2721 996 2778 1043 et
2795 986 3032 1060 iustitia.

231 1045 526 1105 discrimen.
570 1047 755 1122 Super
784 1068 887 1127 qua
941 1070 1002 1111 re
1027 1071 1129 1115 uos
1173 1059 1472 1118 canonicos
1517 1059 1658 1121 liber
1686 1059 1813 1119 novi

230 1133 539 1199 Testamemi
571 1182 587 1209 ,
639 1144 731 1217 qui
789 1146 1092 1219 aposmlica
1140 1149 1394 1209 continet
1432 1165 1630 1226 gesta,
1659 1152 1815 1211 suffi-

226 1234 413 1293 cienter
440 1234 724 1298 instruxit.

284 1325 419 1385 Levis
465 1339 542 1390 est
596 1349 749 1409 super
802 1335 995 1402 facient
1043 1356 1215 1414 aquae.
1264 1342 1404 1413 Quia
1453 1360 1560 1405 nan
1593 1357 1717 1405 sunt
1744 1347 1813 1405 tle

221 1419 443 1481 Ecclesia
467 1441 662 1499 magna
690 1468 704 1497 ,
733 1428 787 1487 id
815 1439 904 1487 est
931 1472 947 1499 ,
977 1434 1181 1505 populo
1208 1439 1366 1508 gravi
1394 1447 1450 1497 et
1473 1451 1687 1505 saneto,
1719 1440 1813 1511 qui

222 1512 384 1602 granis
422 1514 643 1575 fecundi
675 1528 731 1578 et
760 1522 953 1595 optimi
989 1525 1156 1582 tritici
1185 1539 1576 1600 comparatur,
1624 1539 1680 1588 et
1717 1533 1812 1602 qui

219 1598 266 1664 in
317 1608 520 1669 horreo
573 1621 906 1673 internarum
963 1598 1655 1685 mansionum—condendus
1680 1637 1809 1693 est,

219 1697 353 1754 velut
375 1700 511 1757 levis
540 1703 697 1774 palea
732 1705 986 1782 nihilque
1016 1710 1279 1782 ponderis
1307 1714 1543 1784 habens,
1571 1718 1716 1789 quod
1742 1718 1811 1775 ad

1987 1068 2228 1133 Duratio
2274 1074 2424 1131 illius
2462 1094 2683 1135 mnes.
2728 1080 2833 1139 Per
2880 1085 3248 1157 antiphrasim
3275 1086 3478 1145 dictum
3503 1131 3518 1156 ,

1910 1163 2062 1234 quod
2097 1174 2187 1223 est
2209 1208 2227 1232 ,
2254 1177 2480 1226 scatens
2506 1172 2791 1232 vermibus
2818 1178 3109 1236 moriatur.
3139 1179 3211 1237 Et
3243 1181 3303 1237 in
3340 1180 3522 1238 Evan-

1914 1257 2061 1329 gelio
2095 1277 2108 1313 :
2146 1259 2349 1317 γενικὴ
2372 1279 2553 1319 eorum
2581 1256 2688 1321 non
2709 1269 2981 1325 morietur.
3019 1270 3169 1331 Talis
3205 1274 3372 1345 igitur
3397 1275 3523 1332 dul-

1916 1351 2054 1408 cedo
2084 1352 2185 1409 erit
2218 1353 2424 1426 iniquis
2445 1394 2459 1421 ,
2487 1368 2547 1413 et
2570 1358 2889 1417 odientibus
2914 1361 3110 1419 Deum.

1988 1443 2112 1500 Non
2139 1446 2209 1501 sit
2235 1447 2290 1503 in
2319 1451 2699 1508 recordatione.
2730 1452 2788 1513 ω
2819 1462 2904 1511 est
2930 1495 2946 1522 ,
2986 1456 3053 1513 ad
3093 1458 3311 1515 veniam
3351 1459 3521 1518 mise-

1917 1538 2170 1597 ricordias
2214 1556 2320 1599 non
2368 1545 2699 1616 perveniat,
2731 1547 2874 1619 quod
2908 1548 3158 1621 diabolo,
3185 1562 3243 1610 et
3271 1556 3386 1615 suis
3416 1553 3526 1611 hac-

1917 1628 2103 1687 reticis
2148 1642 2205 1689 et
2248 1633 2432 1708 impiis
2464 1636 2707 1699 futurum
2736 1685 2751 1709 ,
2785 1643 2852 1700 de
2883 1643 3187 1718 Scripturis
3219 1650 3423 1709 sanctis
3450 1650 3524 1707 ita

1914 1719 2228 1781 didicimus.

218 1794 624 1871 przegravandos
658 1799 919 1907 virtutum
949 1802 1432 1907 pertinct_fructus
1458 1825 1663 1907 ,_aquas
1692 1813 1807 1869 ele-
1839 1802 1889 1867 Β
1987 1816 2094 1877 Sed
2115 1834 2415 1881 conteratur
2443 1828 2592 1901 quasi
2620 1829 2821 1907 lignum
2856 1833 3260 1906 infructuosum.
3310 1836 3521 1894 Secun-

214 1893 381 1941 mento
434 1892 821 1960 supernatabit
862 1910 876 1947 :
920 1904 977 1950 ut
1017 1912 1159 1953 aurs-
1192 1896 1324 1955 flatu
1357 1899 1506 1957 tenui
1537 1903 1802 1974 rapiatur.

212 1976 321 2036 Sive
343 1981 505 2041 aliter
535 2000 549 2038 :
587 1986 752 2057 Aqua:
775 1985 893 2043 ista:
923 1987 1205 2047 hominum
1237 1994 1534 2053 amantium
1568 1994 1673 2053 hoc
1701 2012 1803 2055 sat-

210 2070 371 2129 culum
402 2072 614 2132 habent
642 2076 868 2153 figuram
900 2098 913 2137 :
945 2096 1012 2139 eo
1040 2083 1187 2155 quod
1211 2100 1432 2159 semper
1448 2087 1515 2145 ad
1545 2088 1803 2151 inferiora

209 2160 304 2220 sint
357 2168 632 2236 proclives
665 2216 679 2239 ,
727 2173 953 2230 tnultum
987 2190 1170 2233 secum
1208 2177 1322 2235 limi
1356 2181 1679 2249 trahentes,
1710 2185 1801 2254 qui

209 2254 256 2313 in
284 2258 453 2317 chaos
478 2263 779 2321 inferorum
807 2308 821 2334 ,
859 2269 1075 2327 turbido
1106 2275 1348 2344 pondere
1378 2275 1711 2348 deponatur.

271 2349 553 2410 Maledicta
581 2358 648 2411 sit
681 2374 807 2427 pars
834 2364 946 2435 ejus
975 2362 1029 2420 itt
1073 2372 1233 2420 terra.
1262 2365 1365 2435 Qui
1396 2368 1542 2423 enim
1572 2369 1625 2423 in
1660 2378 1802 2426 terra

208 2456 519 2503 Sanctorum
548 2490 563 2517 ,
609 2466 731 2522 «tua:
776 2464 859 2509 est
889 2454 1192 2513 viventium
1229 2466 1373 2515 terta
1405 2500 1420 2527 ,
1454 2475 1561 2516 non
1593 2457 1755 2517 fuerit
1787 2502 1800 2525 ,

204 2539 518 2599 maledictus
543 2544 650 2599 erit
676 2562 690 2598 :
722 2546 841 2603 sive
873 2547 1162 2607 maledicta
1185 2551 1256 2607 sit
1282 2552 1608 2625 parsejusin
1633 2565 1802 2621 terra,

204 2629 251 2692 id
276 2643 355 2691 est
380 2679 394 2703 ,
432 2637 487 2693 in
515 2654 692 2695 massa
724 2645 951 2713 generis
983 2644 1228 2702 humani.

267 2726 373 2784 Nec
399 2729 633 2789 ambulet
662 2750 759 2807 per
802 2736 939 2792 riunt
971 2738 1259 2795 vinearum.
1293 2739 1350 2796 Id
1378 2748 1464 2797 est
1489 2782 1505 2811 ,
1536 2739 1609 2797 ita
1639 2740 1807 2798 male-

207 2816 339 2878 dicta
368 2825 445 2881 sit
470 2825 588 2897 ejus
620 2830 971 2887 conversatio
1001 2831 1056 2888 in
1075 2843 1223 2890 terra
1249 2832 1376 2901 bac,
1404 2842 1466 2891 ut
1494 2834 1686 2906 plebes
1714 2835 1805 2892 Dei

202 2917 304 2975 sive
340 2920 559 2977 animas
589 2935 817 2981 sanctas
840 2966 857 2991 ,
888 2941 1009 2996 qua:
1041 2928 1182 2982 sicut
1214 2926 1383 2985 vinea:
1410 2927 1586 2999 plenae
1613 2928 1792 2986 fructi:

202 3010 294 3068 ltus
319 3012 620 3073 fructifera:
649 3024 816 3085 sunt,
850 3033 965 3076 non
998 3019 1242 3077 imitetur
1271 3037 1287 3077 :
1322 3036 1503 3093 neque
1537 3038 1635 3093 per
1664 3023 1808 3093 ipsas

199 3107 453 3166 ambulet.
475 3108 582 3167 llas
600 3111 744 3168 enim
765 3110 953 3170 vineas
975 3112 1231 3171 doctores
1254 3122 1526 3185 tamquam
1543 3117 1805 3180 cultores.

201 3197 461 3259 doctrinis
488 3203 637 3261 velut
670 3203 944 3276 ligonibus
983 3205 1177 3262 colunt
1205 3246 1221 3275 ,
1268 3216 1327 3264 ut
1359 3207 1543 3264 viuum
1574 3221 1804 3278 operum

1912 1910 2041 1971 dum
2078 1916 2210 1974 illud
2246 1935 2260 1973 :
2296 1918 2479 1979 Omnis
2518 1923 2675 1981 arbor
2710 1941 2827 1999 qua:
2864 1942 2971 1982 non
3010 1928 3138 1997 facit
3164 1932 3394 2005 fructum
3436 1931 3524 1987 bo-

1908 2021 2054 2077 num,
2074 2008 2361 2083 excidetur,
2394 2022 2442 2068 et
2464 2014 2516 2070 in
2534 2015 2703 2095 ignem
2725 2018 2983 2078 mittetur.
3012 2019 3109 2078 Vel
3140 2021 3368 2097 lignum,
3400 2040 3525 2096 pec-

1907 2109 2089 2157 eatum
2136 2100 2507 2177 intelligamus
2538 2108 2684 2178 quod
2731 2123 2831 2180 per
2884 2109 3093 2183 lignum
3139 2112 3336 2170 accidit
3379 2132 3393 2172 :
3429 2131 3525 2183 per

1906 2190 2053 2266 quod
2087 2192 2298 2265 lignum
2323 2194 2572 2257 diabolus
2597 2197 2811 2258 addidit
2839 2202 2906 2259 ad
2936 2204 3218 2262 cumulum
3248 2206 3526 2273 criminis,

1908 2284 2054 2358 quod
2094 2285 2389 2344 adversum
2438 2286 2608 2346 Deutn
2654 2291 2878 2349 rebellis
2910 2295 3222 2363 exstiterit,
3255 2306 3311 2354 nt
3338 2307 3395 2354 ct
3425 2299 3525 2355 lto-

1911 2376 2112 2433 minent
2163 2380 2530 2450 prmcipitaret
2589 2383 2641 2438 in
2693 2394 2925 2443 mortem
2976 2404 2991 2444 :
3033 2389 3181 2445 unde
3221 2389 3332 2460 jam
3373 2400 3429 2448 et
3470 2392 3522 2448 itt

1910 2479 2175 2527 aeternum
2211 2471 2488 2530 interitum
2521 2472 2923 2537 condemnatus
2954 2492 3037 2537 est
3074 2500 3085 2536 :
3121 2494 3351 2563 propter
3379 2486 3521 2557 quod

1910 2558 2028 2633 ipse
2070 2562 2321 2622 diabolus
2380 2568 2586 2638 lignum
2633 2568 2977 2639 insanabile,
3019 2582 3074 2628 et
3119 2558 3522 2633 infructuosum

1910 2665 2096 2729 potest
2135 2657 2241 2715 dici
2295 2675 2307 2712 :
2346 2660 2472 2733 quia
2510 2676 2811 2736 numquam
2842 2666 2949 2719 erit
2983 2667 3319 2739 poenitentiae
3352 2670 3522 2726 IHt‘tii'

1912 2748 2128 2806 catione
2150 2742 2450 2808 sanandus.
2481 2753 2555 2813 De
2579 2752 2729 2826 ligno
2753 2764 2932 2813 autem
2955 2758 3076 2813 vita:
3104 2799 3120 2826 ,
3150 2756 3202 2814 id
3225 2770 3309 2818 est
3334 2777 3519 2827 cruce,

1915 2842 1996 2899 vel
2053 2840 2121 2899 de
2160 2840 2385 2900 Christo
2431 2842 2632 2903 dicitur
2666 2866 2679 2901 :
2710 2847 3010 2906 Secundum
3040 2852 3149 2906 dies
3181 2851 3338 2926 ligni,
3372 2865 3521 2911 erunt

1914 2934 2024 2991 dies
2063 2936 2247 3006 populi
2274 2938 2391 2991 mei.

1988 3021 2140 3083 Parit
2181 3026 2321 3085 enim
2364 3027 2606 3086 sterilent.
2641 3025 2697 3087 id
2728 3043 2812 3089 est
2839 3076 2852 3100 ,
2885 3036 3111 3091 nutrivit
3141 3046 3195 3095 et
3230 3036 3361 3096 f0rit
3394 3043 3519 3099 ani-

1915 3134 2031 3177 mas
2058 3121 2310 3190 steriles,
2353 3131 2409 3179 et
2439 3118 2807 3182 infructuosos
2840 3120 3152 3186 virtutibus.

1989 3208 2055 3265 Et
2082 3228 2198 3283 qua:
2224 3227 2325 3268 non
2354 3212 2514 3284 parit.
2551 3213 2655 3271 Eas
2677 3232 2897 3287 quoque
2936 3209 3146 3276 aniinas
3187 3226 3522 3283 assensionis

200 3288 469 3351 bonorum
503 3295 840 3351 vindemient
865 3341 879 3363 ,
909 3297 1051 3368 quod
1077 3297 1133 3353 in
1163 3296 1301 3368 ﬁde,
1331 3299 1384 3359 id
1407 3307 1514 3369 est,
1550 3298 1807 3363 torculari
1911 3319 2026 3359 sum
2053 3304 2522 3363 delectationibus
2548 3308 2724 3381 pavit,
2745 3326 3009 3380 quaecum
3033 3311 3242 3384 pnssint
3274 3315 3342 3372 de
3367 3326 3523 3375 utero

200 3383 457 3447 Ecclesiae
504 3390 748 3461 pondere
789 3391 1159 3450 tribulationis
1184 3408 1534 3467 expressum,
1568 3393 1808 3467 ﬂagrans
1907 3395 2096 3453 cordis
2143 3398 2281 3455 bona
2319 3400 2594 3471 parturire
2618 3441 2633 3469 ,
2678 3401 3010 3474 noluerunt,
3036 3383 3196 3462 sicut
3224 3407 3295 3465 de
3333 3409 3522 3482 lmjus-

198 3494 290 3552 per
319 3484 557 3555 gratiam
599 3484 849 3555 Christi,
898 3487 1072 3544 odore
1099 3487 1430 3545 suavissimo
1457 3504 1581 3545 cum
1605 3489 1807 3546 vit-tute
1910 3488 2058 3545 modi
2089 3488 2164 3545 ait
2196 3488 2364 3546 David
2415 3510 2425 3545 :
2476 3489 2663 3547 Noluit
2704 3493 3026 3573 intelligere,
3065 3509 3119 3552 ut
3158 3498 3286 3554 bene
3324 3513 3515 3575 ngeret.

200 3578 514 3636 meritorum
546 3579 603 3636 in
631 3579 928 3651 apothecas
954 3581 1251 3641 domorum
1285 3582 1593 3641 cmlestium
1616 3597 1811 3641 recou-

200 3668 377 3731 datur.

266 3767 345 3822 Ad
375 3768 603 3824 nimium
630 3769 859 3825 calorem
884 3778 1116 3827 transeat
1141 3769 1208 3826 ab
1235 3774 1385 3843 aquis
1406 3771 1623 3827 nivium.
1640 3770 1805 3839 Quasi

200 3858 326 3918 duas
370 3862 658 3934 gehennas
702 3872 932 3923 sanctus
986 3864 1090 3923 Job
1135 3864 1322 3923 dicere
1364 3864 1494 3929 mibi
1549 3864 1805 3931 videtur,

201 3950 339 4025 ignis
367 3965 423 4015 ct
460 3953 692 4031 frigoris
720 3998 735 4019 ,
772 3972 866 4027 per
896 3971 1034 4027 quas
1064 3956 1358 4026 diabolus,
1391 3957 1682 4016 haereticus
1705 4000 1722 4025 ,
1751 3967 1809 4017 et

201 4041 363 4106 homo
412 4048 617 4117 impius
655 4056 1050 4107 commutetur.
1104 4047 1268 4105 Forte
1314 4048 1367 4104 in
1412 4048 1526 4118 ipsa
1554 4047 1807 4119 gebeuaa

203 4138 318 4199 talis
360 4157 631 4201 sensuum
672 4142 948 4201 cruciatus
982 4142 1077 4199 fiet
1120 4142 1269 4211 illis,
1300 4142 1391 4212 qui
1422 4142 1479 4199 in
1496 4158 1559 4198 ea
1588 4151 1808 4214 torque-

200 4233 443 4305 huntur,
494 4243 558 4292 ut
603 4250 749 4293 nunc
795 4234 953 4307 quasi
996 4235 1178 4308 ignem
1207 4235 1495 4293 ardentem
1527 4236 1807 4302 sentiant,

202 4342 343 4388 uuae
390 4330 621 4390 nimium
658 4328 865 4401 algoris
914 4328 1221 4387 incendium
1244 4370 1262 4397 ,
1299 4338 1356 4387 et
1397 4328 1634 4401 pinnatis
1659 4343 1808 4387 com-

202 4423 461 4491 mutatio,
494 4437 642 4479 nnnc
671 4421 845 4495 frigus
872 4420 1237 4479 sentientibus
1258 4463 1273 4490 ,
1327 4436 1470 4477 nunc
1512 4422 1665 4479 calor
1693 4422 1766 4479 sit
1791 4462 1805 4487 ,

203 4524 258 4570 ut
304 4515 467 4586 quasi
522 4515 591 4573 de
640 4513 765 4571 loco
788 4514 856 4570 ad
884 4516 1066 4572 locum
1098 4514 1362 4572 transitus
1400 4514 1698 4574 aestiment.
1742 4515 1810 4573 Et

195 4604 448 4667 fortassis
490 4607 617 4666 inde
669 4606 935 4665 Dominus
988 4608 1069 4664 ait
1111 4606 1167 4665 iu
1213 4606 1514 4681 Evangelia
1563 4606 1808 4663 :lft'ttite

199 4717 314 4759 eum
361 4703 418 4759 in
463 4702 701 4761 tenebras
746 4702 1026 4759 exteriora
1057 4718 1077 4758 :
1104 4702 1174 4758 ibi
1202 4701 1300 4759 erit
1334 4704 1492 4774 ﬂetus
1533 4712 1583 4758 et
1612 4703 1811 4761 stridor

197 4795 451 4853 dentium.
494 4796 565 4855 Ut
611 4794 700 4852 hic
748 4792 957 4852 stridor
994 4794 1242 4852 dentium
1280 4794 1355 4853 de
1381 4796 1569 4868 rigore
1592 4795 1810 4868 frigoris

196 4890 431 4947 oriatur.
462 4889 564 4949 Ubi
612 4898 671 4947 et
698 4887 1117 4947 similitudinem
1148 4888 1437 4960 quamdam
1476 4906 1545 4947 ex
1603 4891 1808 4949 nostris

198 4980 532 5055 corporibus
556 4995 852 5054 possumus
870 4982 1117 5038 invenire
1150 5000 1166 5038 :
1195 4982 1249 5041 in
1278 4982 1478 5052 quibus
1498 4982 1600 5039 rufi
1631 4982 1806 5041 abun-

196 5074 423 5141 dantia,
467 5073 614 5148 quod
658 5081 746 5131 est
784 5072 1181 5131 calidissimum
1208 5113 1225 5141 ,
1258 5074 1312 5130 in
1345 5074 1538 5146 typicis
1561 5075 1803 5132 motibus

194 5165 563 5227 intolerabitis
610 5169 761 5241 rigor
804 5167 1067 5243 praecedit
1116 5167 1299 5239 ignem
1339 5167 1575 5225 febrium
1601 5168 1801 5227 arden-

196 5260 479 5317 tissimum
503 5272 828 5319 secuturum
846 5301 861 5327 ,
884 5270 943 5317 et
967 5256 1221 5317 dicuntur
1245 5275 1277 5317 a
1305 5260 1533 5321 medicis
1552 5260 1672 5323 haec
1695 5262 1805 5319 duo

197 5366 324 5425 quae
376 5352 485 5410 sibi
522 5352 802 5413 contraria
835 5351 1259 5427 dignoscantur,
1290 5369 1358 5411 ex
1388 5368 1496 5415 una
1518 5353 1663 5417 fellis
1690 5370 1806 5413 mn-

196 5445 340 5504 teria
372 5447 432 5505 iu
463 5446 684 5505 homine
718 5448 1022 5518 procreari.

272 5537 346 5600 Et
389 5557 552 5615 usque
579 5542 650 5601 ad
675 5542 871 5615 inferos
892 5550 1168 5617 penetrati
1195 5541 1361 5601 illius.
1389 5542 1681 5603 Peccatum
1705 5544 1810 5604 iet-

198 5632 280 5704 pii
329 5644 391 5692 et
433 5634 595 5707 iniqui
654 5645 765 5695 tam
819 5648 1075 5707 maguum
1119 5643 1204 5697 est
1229 5675 1246 5702 .
1293 5643 1352 5693 et
1390 5643 1501 5694 tam
1531 5650 1722 5708 gravo.
1752 5647 1813 5697 ut

196 5739 333 5786 cum
376 5726 649 5801 deprimat
694 5728 762 5787 ad
816 5726 1087 5789 infernum
1130 5740 1406 5801 tantquam
1439 5728 1728 5800 plumbum
1757 5730 1811 5791 in

202 5835 350 5894 aqua
383 5821 750 5883 validissima.

1983 3579 2052 3635 Et
2078 3581 2248 3637 vidua:
2276 3582 2398 3638 bene
2418 3599 2521 3638 non
2550 3583 2692 3657 fecit.
2730 3582 2959 3643 Viduam
2987 3630 3001 3655 ,
3043 3587 3280 3646 animam
3321 3598 3521 3650 sancti-

1911 3673 2036 3730 tatis
2059 3674 2260 3730 viribus
2283 3673 2632 3744 destitutam,
2666 3694 2786 3748 qum
2820 3674 2991 3736 Deum
3024 3681 3199 3739 virum
3223 3679 3517 3750 habuerat,

1909 3773 2037 3824 cum
2092 3767 2479 3824 exhortatione
2529 3768 2703 3825 noluit
2743 3770 3021 3830 consolari
3051 3818 3066 3842 ,
3115 3790 3171 3833 ut
3201 3777 3255 3835 id
3284 3792 3513 3853 ageret,

1909 3861 2369 3934 quemadmodum
2416 3874 2599 3936 posset
2640 3868 2844 3924 reverti
2874 3867 2940 3925 ad
2976 3870 3150 3927 virum
3183 3886 3339 3929 suum
3370 3877 3516 3947 prio-

1910 3971 2049 4013 rem.

1986 4046 2221 4104 Detraxit
2242 4049 2403 4121 fortes
2451 4052 2503 4105 in
2526 4051 2837 4126 fortitudine
2864 4070 2981 4109 sua.
3010 4053 3116 4113 Alii
3138 4055 3411 4119 dixerunt.
3448 4059 3517 4117 Et

1909 4139 1965 4197 in
1996 4141 2075 4195 ira
2116 4143 2293 4198 evertit
2321 4141 2598 4214 inﬁrmos:
2631 4142 2681 4201 id
2713 4154 2833 4216 est,
2868 4144 3036 4203 fortes
3059 4157 3219 4220 atque
3252 4152 3514 4212 virtutum

1911 4230 2059 4288 viros
2090 4233 2383 4304 prostravit
2406 4244 2461 4290 et
2491 4233 2755 4291 detraxit.

1985 4325 2051 4382 Et
2081 4342 2201 4382 cum
2225 4328 2452 4399 steterit,
2483 4344 2586 4385 non
2621 4330 2790 4385 credet
2826 4330 2944 4387 vita:
2962 4348 3093 4390 suat.
3124 4330 3283 4393 Dedit
3301 4338 3348 4392 ei
3368 4329 3513 4398 Deus

1910 4419 2080 4475 locum
2134 4420 2480 4494 ptenitentite,
2539 4430 2588 4476 et
2641 4420 2730 4478 ille
2768 4423 3003 4479 abutitur
3031 4441 3091 4481 eo
3120 4428 3174 4481 in
3215 4430 3459 4501 superbia
3491 4448 3511 4488 :

1913 4512 2047 4567 oculi
2095 4521 2267 4568 autem
2313 4516 2426 4588 ejus
2467 4520 2586 4567 sunt
2612 4512 2666 4568 in
2697 4513 2792 4570 uiis
2823 4512 2987 4570 illius.
3022 4512 3238 4575 Etcum
3278 4520 3333 4576 in
3387 4540 3510 4593 pro-

1832 4576 1895 4640 D
1911 4605 2086 4677 spei-is
2111 4608 2215 4677 sit,
2248 4621 2349 4663 nec
2375 4606 2455 4665 sic
2478 4622 2697 4680 quoque
2726 4610 3015 4667 mordente
3042 4613 3381 4672 conscientia
3413 4634 3511 4688 pu-

1913 4707 1992 4759 tat
2016 4744 2031 4767 ,
2081 4701 2225 4767 quod
2278 4700 2469 4758 eadem
2508 4696 2768 4759 felicitate
2792 4715 3050 4777 perpetue
3076 4709 3315 4777 potiatur
3337 4750 3353 4776 ,
3381 4725 3505 4766 cum

1911 4794 2223 4867 bujusmodi
2274 4795 2609 4867 pertinacis,
2666 4808 2721 4854 et
2772 4797 2892 4853 duri
2938 4799 3107 4858 animi
3150 4804 3509 4872 sit,credens

1910 4890 2053 4962 quod
2087 4891 2142 4944 in
2176 4887 2265 4943 illa
2302 4889 2416 4944 vita
2448 4905 2542 4945 sua
2573 4899 2682 4946 tam
2719 4891 2925 4962 perdita
2958 4902 3105 4954 stare
3133 4899 3324 4967 possit.

1982 4978 2189 5037 Elevati
2206 4990 2326 5036 sunt
2355 4981 2422 5035 ad
2452 4978 2712 5037 modicum
2737 5025 2751 5048 ,
2783 4994 2831 5037 et
2860 5001 2965 5041 non
2986 4985 3264 5043 subsistent
3282 5028 3299 5056 ,
3336 4999 3382 5044 et
3408 4985 3505 5046 hu.

1910 5076 2248 5132 tniliabuntur
2278 5076 2409 5131 sicut
2441 5077 2616 5131 omnia
2640 5117 2655 5143 ,
2687 5088 2734 5130 et
2761 5080 3083 5149 aufereutur.
3118 5080 3200 5135 Ad
3233 5080 3505 5141 modicum

1910 5182 2090 5228 autem
2121 5170 2348 5239 dicitur,
2382 5184 2478 5242 pro
2514 5169 2782 5227 brevitate
2811 5170 2939 5228 vita
2961 5173 3248 5244 prmsentis
3269 5216 3283 5238 .
3312 5174 3369 5231 in
3399 5192 3507 5247 qua

1912 5281 2010 5339 pro
2034 5272 2281 5338 tempore
2305 5264 2619 5322 exaltantur
2646 5265 2835 5338 iniqui.
2875 5267 3199 5331 Auferenlur
3221 5269 3364 5326 sicut
3393 5285 3513 5328 om~

1913 5358 2002 5415 nia
2030 5401 2044 5426 ,
2101 5357 2155 5415 id
2208 5368 2291 5415 est
2314 5400 2328 5424 ,
2374 5358 2512 5413 sicut
2551 5354 2642 5411 illa
2671 5373 3028 5432 quaecumque
3059 5371 3185 5418 sunt
3214 5363 3384 5433 partis
3413 5363 3504 5421 ad-

1914 5466 2087 5509 versm
2112 5497 2126 5521 ,
2171 5451 2286 5507 sive
2313 5465 2436 5507 cum
2465 5451 2521 5506 in
2548 5449 2656 5506 line
2687 5448 2871 5508 saeculi
2898 5446 3077 5509 ablata
3105 5451 3305 5513 fucrinl
3331 5458 3512 5514 omnia

1914 5544 2251 5619 temporalia.

1994 5638 2062 5694 Et
2106 5641 2237 5694 sicut
2271 5638 2595 5693 summitates
2624 5639 2885 5710 spicarum
2923 5648 3272 5696 conterentur.
3310 5641 3513 5710 Quem.

1919 5732 2211 5789 admodum
2261 5732 2407 5789 enim
2451 5731 2799 5788 multis
2835 5731 3115 5803 eplcarttm
3148 5775 3162 5799 ,
3200 5748 3289 5790 res
3327 5736 3514 5807 utique

1918 5827 2155 5885 nimiam
2196 5825 2445 5898 inaniis,
2475 5823 2901 5882 tamabsum
2932 5829 3412 5899 concutiuntur,
3453 5834 3515 5887 ut
