3948 6334
432 308 537 366 681

1239 306 1588 364 APPENDIX
1624 259 1722 362 AD
1758 305 2005 363 TOMUM
2046 306 2405 366 SEPTIMUM
2446 308 2506 365 S.
2550 307 2958 377 HIERONYMI.

3631 303 3731 362 688

433 416 502 472 ad
545 415 775 473 nihilum
827 416 1167 473 deducantur
1201 436 1213 472 :
1245 416 1320 472 ita
1352 428 1406 474 et
1436 417 1493 474 hi
1538 418 1607 474 de
1645 418 1843 489 quibus
1887 420 2039 474 locu-
2064 433 2116 492 Α
2143 422 2397 490 numquid
2446 424 2742 491 imbecillis,
2783 436 2831 480 et
2883 434 3143 480 sustentes
3184 422 3457 479 brachium
3497 424 3615 489 eius
3650 421 3763 489 qui’

436 522 525 567 tus
552 526 674 566 sum
698 521 757 565 ut
785 498 1354 580 pulvis'tenuissimus
1380 555 1394 580 ,
1422 513 1541 568 sive
1570 521 1625 566 ut
1657 511 1858 567 favilla:
1885 513 2040 567 lanu-

430 620 504 676 go
540 615 698 661 erunt
742 616 869 660 ante
914 605 1110 661 faciem
1153 605 1288 675 Dei,
1317 621 1438 661 cum
1480 606 1683 661 fuerint
1708 606 2041 662 contumelia

433 695 777 752 confusionis
818 697 1013 752 attriti.
1307 702 1309 705 ’

2144 529 2248 568 non
2277 523 2351 569 est
2370 515 2544 585 fortis.
2570 515 2669 573 Cui
2698 518 2887 574 dedisti
2911 519 3235 575 consilium?
3255 515 3511 573 Forsitan
3539 513 3623 570 illi
3651 514 3735 585 qui

2145 622 2250 661 non
2278 607 2429 662 liabet
2457 611 2795 681 sapientiam,
2827 621 2878 666 et
2908 613 3250 684 prudentiam
3282 622 3436 667 tuam
3465 609 3737 666 ostendisti

2145 700 2440 769 plurimam.
2489 703 2652 769 Quem
2699 704 2887 761 docere
2935 705 3191 762 voluisti?
3246 706 3440 762 Nonne
3484 721 3604 761 eum
3654 703 3739 773 qui

512 789 664 856 Quod
711 791 756 844 si
803 806 905 844 non
945 798 1019 844 est
1061 791 1135 844 ita
1178 807 1197 845 :
1242 792 1358 863 quis
1386 807 1467 846 me
1496 801 1661 862 potest
1688 808 1905 863 arguere
1934 807 2042 846 esse
2142 791 2265 861 fecit
2295 793 2718 862 spiramentum?
2761 796 2965 855 Videtis
2993 799 3105 855 Deo
3152 798 3405 869 injuriam
3431 798 3573 865 ﬁeri,
3593 797 3740 867 justa

438 882 711 937 mentitum
729 921 744 946 ,
769 890 816 935 et
838 897 1028 950 ponere
1054 892 1174 935 ante
1196 878 1369 936 Deum
1396 882 1549 937 verba
1578 884 1721 937 mea?
1738 882 1870 951 Quis
1898 882 2042 938 enim

439 989 509 1027 ex
557 972 720 1027 vobis
762 988 992 1044 arguere
1021 989 1108 1028 me
1136 973 1337 1044 poterit
1368 991 1381 1027 :
1413 974 1539 1045 quia
1564 991 1669 1030 non
1699 974 1771 1029 ita
1798 974 1869 1029 sit
1899 973 2048 1029 lutu-

436 1082 559 1121 rum
587 1075 649 1121 ut
669 1066 790 1121 dixi
823 1085 834 1120 :
870 1082 1071 1137 meque
1098 1067 1356 1124 falsitatis
1382 1064 1742 1137 cenviucere,
1774 1070 1866 1141 qui
1890 1084 2042 1125 asse-

432 1159 560 1217 ritis
588 1161 733 1230 quod
764 1161 949 1217 omnia
993 1161 1046 1216 in
1090 1161 1195 1217 hoc
1242 1171 1492 1233 tempore
1516 1162 1714 1218 reddat
1742 1162 1887 1218 Deus
1916 1178 2045 1233 pec-

433 1257 713 1314 catoribus
739 1272 863 1328 qua:
891 1266 1170 1313 merentur
1190 1300 1205 1325 ,
1247 1259 1391 1328 quod
1424 1259 1477 1313 in
1509 1274 1685 1314 meam
1717 1258 1894 1328 potius
1919 1272 2046 1328 sug-

436 1351 777 1423 gillationem
810 1349 879 1406 de
905 1348 1090 1406 studio
1118 1349 1489 1406 contentionis
1517 1349 1791 1420 ingeritis.

1026 1481 1258 1540 CAPUT
1290 1482 1461 1539 XXV.

512 1580 852 1653 Respondens
880 1588 1053 1634 autem
1087 1576 1295 1633 Baldad
1327 1578 1501 1634 Suites
1527 1621 1544 1646 ,
1574 1580 1709 1634 dixit
1747 1595 1766 1633 :
1806 1577 2044 1633 Potestas

437 1683 486 1728 et
517 1684 685 1728 terror
710 1672 852 1742 apud
885 1688 1001 1725 eum
1027 1681 1133 1738 est,
1162 1672 1251 1739 qui
1288 1670 1414 1741 facit
1438 1670 1769 1725 concordiau
1791 1670 1847 1724 in
1881 1670 2047 1725 subli-

438 1768 608 1823 mibus
638 1767 764 1822 suis.
800 1763 1074 1836 Numquid
1101 1773 1177 1819 est
1205 1780 1454 1819 numerus
1484 1762 1703 1819 militum
1727 1763 1883 1836 eius?
1907 1762 2046 1819 Con-

2145 884 2518 957 indignatione
2545 901 2871 960 commotus,
2906 893 2958 948 in
2996 893 3119 964 ipso
3153 893 3309 948 initio
3341 890 3617 949 sermonis
3656 890 3741 946 sui

2149 977 2354 1036 Baldad
2388 980 2578 1037 Suiten
2602 982 2917 1040 durioribus
2955 986 3137 1056 arguit
3166 984 3368 1051 verbis,
3399 998 3467 1040 eo
3492 981 3637 1055 quod
3668 984 3739 1037 ita

2146 1072 2484 1143 loqueretur,
2507 1084 2785 1148 tamquam
2810 1077 2857 1133 si
2882 1078 3025 1134 Deus
3047 1078 3297 1134 inﬁrmus
3319 1093 3385 1134 ac
3411 1092 3519 1132 non
3537 1076 3741 1133 habens

2148 1167 2312 1223 ullam
2345 1169 2554 1225 brachii
2583 1169 2987 1240 fortitudinem,
3016 1172 3136 1243 ejus
3161 1183 3349 1244 egeret
3376 1171 3603 1228 auxilio.
3633 1169 3743 1227 Ad-

2149 1273 2373 1319 vertens
2398 1263 2562 1335 igitur
2582 1264 2707 1335 quia
2739 1265 2919 1322 minor
2945 1275 3029 1322 est
3062 1264 3407 1335 participatio
3430 1264 3499 1321 ad
3526 1275 3698 1320 totum
3724 1282 3739 1319 ;

2146 1363 2296 1425 gutta
2342 1356 2525 1423 stillae,
2566 1359 2795 1429 perenni
2834 1358 3026 1415 fonte:
3066 1359 3306 1416 scintilla
3349 1359 3525 1416 latens
3566 1359 3623 1415 in
3663 1358 3742 1414 ci-

2149 1462 2304 1513 nere,
2336 1448 2447 1519 igni
2469 1448 2678 1518 divino,
2705 1465 2815 1521 quo
2846 1450 3029 1507 omnia
3057 1451 3447 1509 concalescunt
3479 1464 3495 1508 :
3522 1452 3744 1508 lucerna

2147 1542 2441 1612 corporis,
2500 1544 2604 1599 soli
2648 1545 2877 1615 justitia:
2933 1561 2949 1602 :
3000 1556 3172 1616 tesm,
3230 1546 3397 1619 ﬁgulo
3451 1564 3467 1602 :
3519 1546 3739 1614 anima,

2148 1633 2263 1691 Deo
2298 1651 2313 1691 :
2353 1636 2496 1692 unde
2522 1637 2729 1694 mirans
2756 1638 2860 1694 Job
2882 1638 3145 1710 loquitur,
3171 1654 3343 1711 quare
3366 1653 3534 1695 ausus
3553 1637 3741 1708 fuerit,

2149 1736 2209 1783 ut
2228 1743 2354 1783 eum
2385 1744 2416 1784 a
2442 1745 2552 1799 quo
2580 1730 2657 1786 illi
2685 1739 2769 1787 est
2798 1746 2942 1799 esse,
2976 1732 3174 1789 docere
3198 1732 3456 1790 voluerit.

439 1817 925 1916 iaciam.
961 1817 1545 1923 amabam,
1580 1817 1634 1911 in
1662 1817 1843 1912 futuro
1872 1817 2045 1928 magis
2073 1834 2124 1896 B
2220 1817 2358 1928 1'3“?
2396 1823 2632 1928 θίίιξιητα
2673 1832 2884 1896 θεηιαηε
2932 1824 3027 1879 ενθ
3071 1824 3470 1928 αξξυίειεεβιυε
3509 1825 3746 1928 “fil?”

445 1956 540 2010 Dei
586 1969 711 2009 esse
735 1951 998 2023 judicium
1024 1992 1040 2017 ,
1072 1951 1141 2005 ad
1175 1951 1292 2005 haec
1319 1965 1378 2005 se
1404 1950 1675 2006 convertit
1701 1960 1761 2005 ut
1795 1948 2002 2005 diceret
2028 1988 2043 2015 ,

434 2046 583 2117 apud
628 2061 752 2101 eum
801 2053 888 2101 est
935 2050 1182 2115 potestas
1221 2053 1277 2098 et
1310 2050 1524 2112 terror,
1560 2043 1611 2098 id
1643 2050 1729 2097 est
1752 2084 1767 2108 ,
1799 2056 1906 2096 non
1931 2040 2043 2112 jam

437 2147 664 2196 exercet
706 2137 974 2209 judicium
1000 2178 1017 2204 ,
1060 2134 1157 2191 sed
1195 2136 1341 2206 apud
1386 2151 1444 2190 se
1477 2134 1778 2206 repositum
1813 2144 1959 2190 tenet
1981 2148 2048 2189 ac

437 2240 686 2289 reservat
710 2232 766 2286 in
800 2241 1099 2301 posterum.
1130 2228 1253 2298 Ipse
1282 2239 1460 2283 tamen
1485 2227 1607 2284 facit
1640 2236 1916 2299 perpetuae
1945 2242 2045 2299 pa-

439 2326 523 2381 cis
549 2323 899 2380 cuncordiam
934 2322 987 2378 iu
1015 2322 1341 2379 sublimibus
1369 2362 1384 2387 ,
1416 2320 1470 2376 id
1501 2332 1614 2388 est,
1648 2322 1859 2394 angelis
1884 2368 1898 2393 ,
1932 2323 2049 2379 sive

439 2419 758 2475 hominibus
808 2416 1013 2472 sanctis
1063 2416 1206 2485 suis,
1258 2414 1621 2472 custodiendo
1652 2430 1788 2484 eos,
1841 2433 1911 2471 ne
1952 2432 2048 2487 per

431 2512 670 2583 aliquem
702 2510 919 2581 lapsum
962 2509 1171 2581 peccati
1208 2507 1528 2565 inimicitias
1556 2507 1778 2565 offensa:
1806 2509 2049 2565 caelestis

442 2606 749 2662 incurrant.

511 2697 584 2753 Et
633 2713 791 2767 super
814 2712 966 2768 quem
995 2712 1097 2751 non
1125 2704 1300 2767 surget
1329 2694 1511 2749 lumen
1529 2694 1679 2749 illius
1703 2697 1728 2749 ἰ)
1754 2694 1873 2766 lpse
1903 2694 2047 2750 enim

441 2792 714 2850 illuminat
745 2806 961 2847 omnem
994 2789 1271 2846 hominem
1305 2788 1615 2844 venientem
1641 2787 1695 2843 in
1721 2788 1864 2843 hunc
1886 2803 2047 2842 mun-

441 2886 591 2942 dum.

514 2978 787 3050 Numquid
820 2976 1113 3050 justificari
1155 2982 1322 3047 potest
1352 2978 1507 3030 homo
1536 2983 1870 3046 comparatus
1905 2972 2048 3041 Deo,

441 3082 532 3128 aut
568 3088 821 3145 apparere
871 3070 1101 3125 mundus
1136 3080 1290 3124 natus
1328 3068 1393 3123 de
1422 3067 2050 3124 muliere?Manil'estum

441 3175 527 3221 est
554 3207 567 3232 ,
596 3163 740 3236 quod
770 3163 955 3233 inopia
983 3160 1384 3232 respondendi,
1415 3160 1607 3216 eadem
1631 3177 1751 3231 quae
1772 3159 2050 3227 dixerant,

446 3258 792 3329 frequentius
819 3266 1090 3328 repetant.

516 3349 652 3404 Ecce
698 3350 826 3404 luna
867 3348 1025 3403 etiam
1070 3363 1175 3402 non
1203 3347 1476 3417 splendet,
1524 3357 1573 3401 et
1600 3348 1768 3401 stellte
1798 3363 1903 3402 non
1932 3354 2054 3401 sunt

443 3443 655 3498 munda:
696 3443 752 3495 in
802 3449 1089 3510 conspectu
1135 3443 1267 3513 ejus.
1320 3439 1434 3496 Sub
1474 3440 1696 3495 nomine
1730 3440 1910 3505 lunai,
1938 3443 2055 3495 sive

444 3536 757 3603 stellarum,
792 3533 1019 3605 angelos
1044 3541 1102 3589 et
1123 3548 1391 3604 supernas
1416 3540 1725 3603 potestates
1752 3516 2057 3603 intelligere

443 3641 768 3698 possumus,
796 3627 889 3697 qui
911 3624 979 3680 ad
1004 3626 1686 3697 comparationemdiviua:
1708 3626 2052 3693 reverentiae,

443 3719 716 3774 immundi
749 3728 804 3775 et
831 3716 1070 3773 tenebrae
1103 3726 1332 3787 possunt
1374 3717 1551 3773 videri
1585 3735 1599 3771 :
1632 3733 1698 3774 ex
1742 3733 1809 3775 eo
1834 3720 2049 3790 utique,

442 3810 699 3883 quoniam
723 3819 915 3865 natura
938 3807 1175 3864 condita:
1188 3819 1478 3879 creatum,
1503 3809 1632 3864 licet
1655 3826 1760 3865 non
1786 3820 2051 3881 peccent:

445 3921 677 3976 capaces
735 3912 918 3959 tamen
970 3903 1182 3974 peccati
1231 3913 1357 3958 sunt
1401 3921 1415 3958 :
1458 3912 1518 3958 ut
1557 3904 1811 3974 apparuit
1839 3906 1892 3959 in
1932 3904 2054 3960 aliis

448 3999 662 4070 angelis
719 3998 964 4074 ejusdem
1013 4004 1223 4052 naturae
1264 3997 1639 4067 peccantibus.
1675 3996 1782 4054 Sed
1810 4006 1931 4068 post
1958 4014 2055 4054 eos

445 4092 662 4149 nullum
712 4090 1034 4161 angelorum
1067 4104 1322 4160 peccasse
1349 4131 1366 4159 ,
1394 4090 1728 4147 credendum
1775 4102 1861 4147 est
1886 4132 1904 4161 ,
1927 4094 2052 4164 quia

449 4202 618 4243 omne
659 4185 889 4241 liberum
939 4199 1097 4240 suum
1139 4184 1427 4239 arbitrium
1460 4184 1512 4240 in
1543 4185 1709 4242 solius
1742 4185 1838 4243 Dei
1868 4186 2051 4243 chari-

442 4287 616 4335 tatem
646 4286 929 4333 verterunt
963 4296 977 4331 :
1009 4276 1196 4347 sicque
1236 4277 1544 4334 immobiles
1577 4280 1702 4335 laeti
1732 4291 1860 4336 sunt
1886 4322 1903 4348 ,
1932 4296 2055 4352 per-

452 4372 711 4427 sistentes
740 4372 795 4424 in
824 4370 1060 4424 veritate
1085 4415 1098 4439 ,
1145 4369 1197 4423 in
1227 4386 1331 4440 qua
1361 4369 1650 4440 praedictus
1679 4374 1903 4443 angelus
1929 4389 2051 4429 cum

459 4468 577 4520 suis
621 4473 767 4519 stare
794 4462 995 4518 noluit.
1048 4462 1289 4519 Proinde
1316 4465 1632 4536 angelorum
1668 4467 1915 4525 voluntas
1956 4485 2053 4541 per

452 4572 700 4614 amorem
752 4556 849 4611 Dei
898 4554 1037 4611 facta
1087 4565 1172 4611 est
1218 4557 1688 4627 inconvertibilis,
1718 4576 1837 4631 quae
1859 4563 1911 4616 in
1938 4561 2051 4618 Deo

2073 3242 2121 3307 C

2146 1932 2264 1971 cum
2294 1917 2391 1971 eis.
2441 1917 2705 1991 Gigantes
2745 1929 2926 1978 autem
2955 1922 3195 1993 appellat
3241 1921 3527 1994 Scriptura
3559 1920 3746 1978 divina

2146 2008 2398 2066 homines
2418 2012 2706 2084 superbos,
2741 2014 2977 2071 rebelles
3003 2025 3059 2070 et
3079 2024 3453 2071 contumaces.
3486 2014 3746 2072 Diabolus

2146 2116 2389 2173 quoque,
2421 2115 2475 2160 et
2493 2103 2602 2171 sui,
2631 2117 2857 2177 propter
2872 2106 3185 2178 superbiam
3210 2108 3475 2165 translato
3502 2108 3742 2175 nomine,

2147 2194 2395 2265 gigantes
2438 2208 2840 2267 nuncupantur.
2885 2198 3039 2267 Quod
3081 2208 3261 2255 autem
3307 2200 3406 2265 ait,
3442 2200 3549 2255 sub
3589 2199 3746 2271 aquis

2145 2286 2397 2360 gigantes
2433 2304 2695 2362 gemere:
2737 2293 2814 2348 ita
2856 2294 3037 2364 inquit
3073 2294 3231 2351 velut
3256 2295 3301 2351 si
3343 2294 3606 2363 dixisset,
3644 2294 3743 2352 sub

2150 2391 2294 2438 terra
2331 2398 2346 2437 :
2380 2383 2433 2438 id
2464 2394 2571 2453 est,
2608 2385 2659 2440 in
2695 2385 3053 2445 inferioribus
3077 2396 3241 2446 terra:
3269 2406 3287 2445 :
3321 2390 3411 2447 ubi
3435 2389 3599 2447 inferi
3624 2404 3745 2447 esse

2151 2476 2535 2549 perhibentur,
2591 2482 2737 2537 unde
2797 2495 2851 2539 et
2904 2482 3008 2554 ipsi
3062 2484 3225 2543 inferi
3272 2485 3535 2542 nominati
3598 2495 3742 2543 sunt.

2151 2570 2324 2641 Aqua:
2363 2571 2511 2627 enim
2540 2573 2662 2643 ejus
2699 2584 2912 2632 natura!
2956 2587 3106 2648 sunt,
3145 2589 3202 2635 ut
3237 2578 3361 2636 sine
3421 2587 3570 2636 terra
3626 2592 3747 2636 esse

2151 2680 2261 2720 non
2302 2666 2537 2737 possint.
2579 2666 2726 2724 Ecce
2767 2668 3018 2742 gigantes
3050 2680 3276 2744 gemunt
3313 2672 3416 2728 sub
3436 2671 3613 2745 aquis.
3645 2669 3747 2738 Qui

2151 2758 2389 2827 gemitus
2420 2761 2605 2831 utique
2647 2760 2715 2818 de
2763 2762 3067 2835 doloribus,
3100 2773 3158 2821 et
3201 2764 3459 2837 squalore
3488 2774 3747 2823 tartareae

2154 2849 2509 2908 habitationis
2535 2853 2615 2909 eis
2639 2855 3027 2912 nascebantur.

2227 2940 2424 2998 Nudus
2449 2954 2522 2999 est
2553 2946 2785 3018 infernus
2808 2963 2984 3004 coram
3009 2949 3125 3019 illo,
3165 2958 3213 3006 et
3244 2951 3447 3007 nullum
3474 2960 3548 3008 est
3577 2952 3746 3025 operi-

2153 3044 2385 3089 mentum
2406 3038 2709 3108 perditioni.
2733 3039 2848 3096 Hoc
2869 3040 3025 3111 dicit,
3055 3042 3201 3115 quod
3222 3044 3514 3101 scientiam
3544 3045 3640 3101 Dei
3670 3044 3749 3101 ni-

2156 3124 2231 3181 hil
2287 3127 2463 3185 latere
2512 3132 2707 3201 possit.
2749 3133 2817 3188 Et
2864 3135 3009 3206 quod
3053 3136 3321 3206 perditio,
3364 3136 3459 3210 qui
3507 3136 3748 3194 diabolus

2155 3220 2313 3276 nobis
2337 3237 2445 3277 non
2467 3222 2704 3282 absurde
2725 3228 2986 3296 sentitur,
3015 3244 3076 3286 se
3098 3244 3207 3286 non
3230 3231 3527 3304 praevaleat
3552 3230 3746 3288 abom-

2161 3315 2465 3385 uipoteutia
2492 3319 2612 3390 ejus
2641 3321 3006 3381 abscondere.

2233 3406 2338 3475 Qui
2367 3409 2601 3465 extendit
2624 3410 2933 3480 Aquilonem
2960 3433 3116 3490 super
3144 3434 3392 3489 uacuum,
3427 3430 3477 3476 et
3508 3420 3747 3493 appendit

2158 3507 2351 3554 terram
2378 3519 2536 3574 super
2580 3505 2828 3563 nihilum.
2878 3508 2995 3565 Hoc
3043 3511 3123 3567 sic
3164 3512 3579 3584 intelligendum
3624 3522 3744 3570 est:

2157 3591 2271 3647 sive
2309 3596 2453 3665 quod
2484 3606 2622 3653 terra
2655 3615 2722 3655 ex
2754 3600 2923 3658 nihilo
2960 3600 3100 3659 facta
3142 3604 3239 3675 sit,
3292 3605 3410 3663 sive
3447 3605 3581 3663 nihil
3608 3605 3744 3662 infra

2158 3690 2364 3739 terram
2383 3692 2476 3757 sit,
2506 3704 2615 3760 quo
2642 3696 2790 3746 terra
2819 3692 3177 3763 sustineatur,
3199 3711 3323 3751 cum
3351 3695 3470 3767 ipsa
3498 3698 3744 3754 universa

2156 3775 2443 3845 sustineat,
2475 3789 2530 3835 et
2562 3782 2677 3852 ipsa
2710 3783 3194 3843 innumerabiliter
3219 3787 3317 3846 Dei
3343 3790 3546 3846 virtute
3582 3772 3742 3846 libre-

2158 3877 2268 3936 tur,
2299 3874 2426 3943 quia
2470 3872 2525 3929 in
2573 3875 2692 3946 ipso
2720 3888 2849 3934 sunt
2883 3880 3163 3948 universa,
3211 3893 3267 3940 et
3303 3868 3377 3941 ab
3426 3885 3525 3941 illo
3569 3883 3743 3941 omnia

2157 3965 2534 4024 continentur.
2566 3969 2642 4025 De
2670 3987 2780 4043 quo
2808 3958 3264 4044 Apostolus'dicit
3285 3994 3301 4034 :
3325 3975 3558 4033 Portans
3576 3977 3745 4032 omnia

2156 4060 2360 4115 virtutis
2378 4077 2489 4117 sua:
2511 4064 2685 4120 uerbo.
2713 4065 2783 4122 Et
2798 4067 2923 4137 quia
2943 4068 3241 4140 aliquando
3263 4070 3319 4126 in
3337 4070 3637 4143 Scripturis
3652 4085 3743 4143 per

2157 4151 2385 4222 ﬁguram
2416 4155 2614 4227 Aquilo
2652 4170 2872 4229 ventus,
2902 4160 3155 4219 diabolus
3198 4179 3323 4222 esse
3364 4164 3739 4238 signiﬁcatur:

2155 4244 2428 4315 siquidem
2458 4264 2484 4302 a
2510 4248 2809 4308 Salomone
2844 4254 3044 4326 Aquilo
3080 4255 3252 4313 durus
3280 4266 3481 4316 ventus
3504 4258 3695 4315 dicitur
3722 4272 3738 4313 :

2157 4339 2381 4395 nomine
2398 4351 2579 4398 autem
2607 4342 2802 4402 dexter
2834 4357 3079 4405 vocatur.
3112 4350 3154 4405 A
3181 4351 3299 4407 suis
3324 4354 3527 4423 quippe
3555 4351 3742 4408 dexter

2152 4429 2372 4500 quidem
2404 4432 2630 4503 dicitur,
2662 4438 2765 4495 sed
2801 4448 2949 4497 totus
2976 4442 3191 4499 sinistri
3221 4445 3406 4515 operis
3429 4454 3613 4502 auctor
3634 4450 3742 4500 est.

2155 4520 2254 4578 ilic
2280 4525 2443 4596 igitur
2470 4544 2636 4598 super
2657 4546 2887 4590 vacuum
2907 4533 3193 4603 dilatatur,
3225 4535 3281 4592 id
3314 4547 3433 4606 est,
3463 4551 3620 4610 super
3643 4534 3740 4591 fri-

451 4657 539 4705 est
571 4664 667 4719 per
697 4646 1134 4713 naturatn.,ldeo
1162 4648 1240 4704 illi
1268 4650 1374 4706 soli
1406 4616 1969 4723 incorruptolhouor,
1996 4616 2050 4713 et
2074 4646 2130 4707 D
2154 4616 2309 4688 suos
2340 4620 2639 4723 “fliam”
2669 4624 3017 4696 incredulos’
3051 4629 3197 4700 quod
3226 4640 3314 4687 est
3347 4646 3514 4704 super
3552 4631 3739 4723 in"qu

450 4741 648 4813 gloria.
686 4740 876 4795 Potest
895 4748 949 4794 et
968 4739 1037 4795 de
1070 4740 1155 4795 his
1185 4743 1473 4798 elementis
1500 4744 1688 4802 dicere
1712 4790 1726 4816 ,
1757 4747 1902 4818 quod
1931 4747 2054 4804 ideo

454 4832 734 4889 immunda
784 4830 1070 4903 dicantur,
1122 4834 1250 4904 quia
1296 4850 1402 4890 non
1432 4851 1649 4908 semper
1679 4840 1937 4910 luceant,
1967 4842 2053 4898 vel

447 4924 596 4997 quod
641 4938 872 4993 corpora
922 4932 1134 4978 tantum
1186 4925 1532 4998 illuminent,
1581 4937 1769 4988 etnon
1797 4944 2050 5005 mentes,

446 5020 591 5076 sicut
614 5018 753 5073 Deus
774 5058 791 5083 ,
819 5015 910 5087 qui
934 5024 1227 5091 utrumque
1248 5019 1429 5078 facere
1460 5029 1763 5084 consuevit.

519 5112 726 5181 Quanto
761 5110 924 5182 magis
959 5112 1113 5166 homo
1153 5115 1396 5185 putredo,
1433 5126 1481 5170 et
1511 5118 1654 5188 ﬁlius
1684 5119 1912 5180 hominis
1941 5140 2049 5181 vero

440 5208 539 5261 mis
564 5208 589 5261 ?
615 5205 673 5261 Si
694 5205 839 5259 enim
869 5204 1069 5275 angeli,
1103 5204 1304 5278 inquit,
1337 5221 1392 5265 et
1421 5212 1685 5269 caelorum
1725 5216 1892 5273 etiam
1922 5235 2047 5276 coro

439 5315 575 5373 pora
621 5298 692 5355 ad
738 5300 1208 5370 comparationem
1258 5303 1391 5370 Dei,
1454 5306 1734 5364 immunda
1790 5328 1917 5369 esse
1966 5315 2049 5370 di-

444 5394 847 5466 cuntur,,quid
902 5403 1081 5466 putas,
1127 5395 1290 5451 homo
1333 5401 1731 5459 existimandus
1774 5414 1879 5471 est,
1921 5424 2045 5465 cum

438 5487 516 5547 sit
545 5492 661 5560 ipse
687 5486 927 5559 putredo
957 5503 973 5541 :
1019 5488 1165 5545 filius
1194 5505 1413 5563 quoque
1443 5492 1685 5553 hominis
1713 5500 1947 5569 vermis,
1979 5518 2046 5560 ex

437 5582 634 5641 eadem
663 5581 854 5652 utique
880 5595 1114 5639 nascens
1138 5588 1499 5656 corruptione
1527 5604 1632 5661 qua
1674 5593 1913 5650 vermis?

444 5796 447 5803 _
1018 5717 1252 5776 CAPUT
1292 5719 1485 5778 XXVI.

441 5868 445 5872 ,
516 5808 856 5882 liespondens
896 5818 1068 5867 autem
1091 5808 1215 5883 Job,
1262 5814 1437 5873 dixit:
1480 5816 1644 5893 Cujus
1686 5821 1903 5897 adjutor
1945 5826 2043 5884 es?

2154 4725 2285 4767 vera
2313 4712 2610 4786 religione,
2635 4728 2690 4772 et
2710 4733 2943 4788 vacuos;
2972 4730 3140 4793 atque
3167 4733 3225 4779 ut
3250 4724 3332 4780 eis
3360 4725 3614 4781 velutrex
3640 4720 3740 4778 do-

2154 4805 2411 4877 minetur,
2442 4813 2948 4883 superextenditur.
2972 4814 3211 4873 Rursum
3230 4816 3311 4873 illi
3331 4817 3437 4889 ipsi
3460 4813 3735 4885 increduli,

2154 4913 2293 4969 quos
2331 4914 2555 4961 sanctus
2593 4906 2697 4961 Job
2739 4917 2900 4964 terra:
2944 4909 3165 4966 nomine
3204 4911 3503 4982 appellarit
3534 4930 3547 4966 :
3578 4923 3739 4979 super

2155 4992 2430 5049 diabolum
2451 5040 2464 5065 ,
2496 5014 2589 5067 qui
2613 5015 2642 5054 a
2675 4999 2787 5056 Deo
2821 4999 2954 5057 nihil
2991 5002 3166 5059 lactus
3193 5013 3313 5074 est,
3341 5004 3735 5077 appeuduntur,

2157 5093 2215 5138 ut
2256 5085 2451 5143 incerti
2495 5104 2715 5162 semper
2761 5093 2895 5162 sint,
2951 5102 3009 5151 et
3048 5095 3332 5153 imitentur
3380 5107 3543 5170 caput
3581 5109 3736 5153 suum

2156 5177 2403 5233 membra
2424 5220 2440 5246 ,
2474 5191 2530 5236 ut
2562 5194 2839 5254 tamquam
2866 5196 3036 5258 caput
3064 5189 3210 5259 quod
3238 5187 3370 5244 nihil
3400 5190 3596 5246 dictum
3626 5195 3735 5253 est.

2153 5285 2296 5340 esse,
2327 5286 2491 5344 super
2515 5288 2745 5331 vacuum
2771 5286 2829 5333 et
2860 5278 3087 5334 nihilum
3127 5280 3530 5353 appendantur.

2231 5364 2337 5433 Qui
2363 5366 2492 5439 ligat
2523 5385 2688 5437 aqum
2720 5372 2775 5425 in
2822 5371 3043 5427 nubibus
3069 5374 3177 5429 suis
3201 5415 3219 5443 ,
3258 5382 3315 5430 ut
3341 5393 3447 5432 non
3473 5381 3738 5448 erumpant

2155 5458 2352 5525 pariter
2389 5460 2655 5517 deorsum.
2707 5463 2812 5520 Per
2854 5465 2953 5521 has
2998 5466 3174 5524 nubes
3215 5468 3269 5525 in
3304 5469 3586 5527 altitudine
3614 5469 3737 5539 ipsa

2152 5552 2379 5623 spatiosi
2404 5560 2552 5612 aeris
2571 5557 2902 5631 colligantur
2926 5575 3105 5632 aquae,
3138 5563 3282 5621 sicut
3309 5574 3366 5622 et
3389 5566 3498 5623 alio
3523 5564 3631 5621 loco
3658 5562 3738 5618 de

2149 5645 2262 5702 Deo
2288 5648 2360 5703 ita
2391 5649 2659 5722 legimus:
2682 5649 2929 5712 Cribrans
2959 5673 3124 5730 aquas
3148 5658 3213 5715 de
3232 5659 3456 5717 nubibus
3475 5659 3597 5716 suis.
3616 5655 3739 5713 lloc

2146 5738 2313 5812 igitur
2340 5743 2504 5801 modo
2531 5744 2712 5819 ligatae
2743 5747 3020 5819 dicuntur,
3051 5750 3309 5822 quoniam
3339 5770 3447 5811 non
3474 5748 3619 5810 simul
3642 5745 3737 5805 ef-

2143 5831 2449 5894 funduntur
2491 5837 2549 5895 in
2596 5848 2820 5914 terrain,
2860 5844 3003 5899 sicut
3041 5841 3097 5899 in
3142 5842 3354 5905 diluvio
3386 5839 3735 5912 lactumlegi-
