3948 6334
249 333 330 397 689
1091 327 1572 388 COMMENTABII
1612 330 1679 386 IN
1719 327 1983 388 LIBRUM
2020 329 2169 388 JOB.
2204 329 2361 387 CAP.
2405 331 2600 387 XXVI.

3399 336 3504 391 690

244 461 357 504 mus.
388 443 700 516 Spiritualis
743 454 922 501 autem
965 445 1068 502 iste
1106 455 1190 503 est
1221 448 1566 515 intellectus,
1599 458 1659 505 ut
1696 465 1795 505 nu-
1818 449 1874 512 Α
1899 459 2058 515 sunt,
2087 449 2176 520 qui
2215 457 2433 519 portant
2462 462 2526 504 ac
2553 447 2826 502 sustinent
2863 448 3202 504 diversarum
3246 465 3507 520 persecu-

241 541 318 598 bes
350 546 556 593 sanctos
619 538 878 594 doctores
918 539 1342 612 interpretemur
1391 543 1672 612 Ecclesiae,
1709 545 1801 614 qui

239 646 378 704 aquas
420 628 703 702 Evangelii
762 640 981 704 portant
1043 635 1255 705 populis
1313 634 1696 703 eﬂ'undendas,
1750 646 1803 692 et

239 723 580 797 gulternandas
620 739 649 778 a
692 725 901 794 Spiritu
943 735 1134 782 sancto
1199 727 1452 784 deferunt
1487 750 1500 786 :
1553 739 1610 785 ut
1668 729 1797 784 irri-

237 827 398 891 gcntur
426 825 582 872 terrae
612 820 939 889 populorum
973 837 985 875 :
1021 829 1074 876 et
1102 821 1172 877 de
1205 820 1305 878 hac
1335 822 1548 880 ccelesti
1579 824 1756 895 pluvia
1784 865 1799 892 ,

238 910 463 966 virtutum
489 907 674 980 fruges
695 909 967 981 Spirituali
990 915 1309 982 operatione
1340 916 1800 986 multipliceutnr.

237 1003 357 1069 Quas
382 1016 545 1071 aquas
574 1002 644 1057 de
667 1016 902 1074 superna
932 1004 1262 1060 abundantia
1293 1006 1601 1064 detinentes
1621 1049 1635 1074 ,
1672 1009 1804 1080 ligat

239 1095 355 1150 Deus
390 1094 440 1148 in
469 1094 705 1151 nubibus
732 1098 847 1152 suis
878 1115 891 1151 :
918 1108 976 1152 ut
1000 1099 1290 1170 unicuique
1317 1102 1616 1156 secundum
1641 1117 1802 1172 capa-

234 1189 423 1243 citatem
479 1188 664 1244 cordis
719 1189 832 1256 sui,
895 1199 1106 1246 tantum
1165 1192 1462 1261 doctrinm,
1527 1206 1800 1267 tamquam

234 1294 399 1350 aquam
432 1278 709 1348 effundat,
752 1292 1018 1353 quantum
1062 1286 1413 1355 suscipientis
1465 1288 1802 1358 possibilitas

231 1371 406 1441 patitur
436 1390 448 1426 :
477 1387 547 1428 ne
575 1373 738 1428 simul
769 1373 1018 1430 fortassis
1047 1375 1265 1442 effusas,
1291 1378 1474 1433 obsint
1502 1379 1762 1434 cordibus
1783 1421 1800 1446 ,

231 1465 382 1521 minus
394 1466 702 1522 valentibus
717 1467 1167 1527 abundantiorem
1183 1473 1461 1542 suscipere
1474 1473 1798 1530 doctrinam.

288 1559 378 1625 Qui
400 1568 536 1616 tenet
557 1561 756 1616 vultum
778 1563 900 1617 solii
934 1564 1039 1618 sui.
1087 1563 1427 1622 Sententiam
1475 1568 1668 1638 judicii
1717 1570 1799 1625 sui

228 1659 448 1706 reservat
467 1651 523 1707 in
555 1663 856 1722 posterum.
877 1653 1109 1711 iustitia:
1136 1672 1270 1724 suae,
1296 1666 1350 1713 et
1373 1659 1592 1727 pietatis
1613 1659 1797 1716 sedem

226 1743 271 1801 in
321 1745 462 1800 omni
531 1756 783 1803 creatura
840 1763 977 1816 sua,
1031 1750 1276 1806 veritatis
1325 1753 1500 1824 gloria
1552 1755 1800 1824 resplen-

1909 543 2114 598 tionum
2142 542 2446 612 ingruentia
2479 541 2579 596 sibi
2609 541 2866 611 pericula.
2902 541 2968 596 Et
2991 542 3190 598 anima:
3221 543 3501 598 hominum

1907 634 2201 706 aliquando
2217 635 2345 690 creti
2379 633 2778 706 intelliguntur.
2807 634 3011 689 llarum
3042 635 3344 690 animarum
3368 651 3505 708 quas

1910 743 2006 797 per
2036 725 2409 795 metaphoram
2442 726 2614 781 cmlos
2641 725 2883 781 diximus
2916 742 2930 781 :
2962 727 3234 782 columna:
3260 737 3389 783 sunt
3416 743 3506 784 co~

1908 819 2200 890 gitationes
2223 835 2379 874 sum:
2424 819 2556 887 ipsis
2601 819 2802 889 quippe
2847 819 3028 873 anima
3073 821 3398 884 sustinetur,
3455 830 3511 876 et

1909 912 2117 982 regitur
2147 931 2158 966 :
2192 922 2245 966 et
2269 926 2335 965 ne
2364 913 2603 982 aerugine
2633 911 2840 980 peccati
2873 921 3105 967 nutetac
3129 913 3346 978 titubet,
3371 927 3508 967 con-

1910 1005 2016 1060 silii
2043 1004 2343 1059 stabilitate
2390 1004 2660 1058 firmatur.
2687 1003 2822 1070 Quia
2867 1003 2971 1058 hoc
3010 1003 3210 1073 sacpius
3239 1007 3511 1075 contingit

1912 1101 2164 1155 humana:
2195 1098 2502 1169 fragilitati,
2533 1107 2591 1154 ut
2633 1100 2719 1154 ubi
2750 1101 2932 1154 cautio
2961 1102 3144 1154 minor
3174 1100 3504 1155 intuentium

1910 1201 2014 1257 est,
2049 1191 2286 1260 impulsu
2334 1191 2544 1261 peccati
2573 1190 2866 1259 columnae,
2901 1192 2954 1247 id
2980 1201 3085 1258 est,
3119 1193 3275 1247 home
3301 1193 3514 1263 cogita-

1912 1284 2088 1340 tiones
2113 1286 2164 1338 in
2198 1294 2352 1355 parte
2375 1285 2542 1340 altera
2575 1285 2902 1355 deligantur.
2937 1287 3003 1340 Et
3041 1286 3246 1340 idcirco
3271 1297 3510 1342 tremunt

1909 1394 1973 1434 ac
2001 1389 2202 1450 pavent
2227 1379 2292 1433 ad
2323 1389 2513 1434 nutum
2539 1379 2794 1435 minantis
2820 1379 2911 1434 Dei
2937 1398 2949 1433 :
2982 1395 3138 1434 suum
3172 1380 3506 1435 horrendum

1907 1475 2166 1545 judicium
2207 1473 2576 1545 prmdicantis.
2596 1473 2715 1529 Non
2747 1475 2890 1528 enim
2922 1476 3284 1544 cogitationes
3308 1476 3508 1529 animm

1909 1567 2028 1622 istae
2077 1575 2203 1621 sunt
2236 1567 2495 1637 proprim,
2551 1578 2827 1637 tamquam
2861 1567 2962 1620 sibi
3015 1576 3203 1622 natura
3235 1568 3505 1632 inessent,

1907 1675 2028 1730 qum
2057 1661 2244 1729 utique
2285 1659 2335 1712 in
2366 1667 2564 1713 natura
2589 1658 2858 1714 existente
2888 1667 3036 1725 sunt,
3070 1667 3125 1713 et
3151 1667 3359 1713 naturze
3399 1661 3515 1714 cxi-

1907 1752 2103 1808 Stentis
2126 1751 2517 1818 ministerium,
2534 1751 2652 1806 sine
2673 1751 2870 1821 quibus
2897 1763 3085 1806 natura
3101 1751 3380 1806 rationalis
3404 1768 3509 1806 non

227 1836 418 1893 dentem
451 1837 597 1893 Deus
628 1847 813 1895 tenere
848 1841 1066 1909 dicitur,
1110 1843 1254 1913 quod
1282 1854 1364 1898 est
1397 1844 1796 1901 manifestatio-
1831 1853 1878 1912 Β
1921 1854 2042 1902 est:
2085 1844 2340 1916 quoniam
2399 1852 2457 1897 ut
2499 1843 2636 1912 dixi,
2669 1844 2800 1914 ipsae
2835 1859 2928 1913 per
2979 1859 3039 1899 se
3089 1858 3196 1898 non
3229 1853 3374 1910 sunt,
3409 1844 3502 1898 sed

226 1947 331 1987 nem
359 1942 698 1989 secretorum
721 1933 1056 2004 judiciorum
1088 1951 1312 1992 suorum
1343 1938 1617 1996 obvallare
1639 1950 1803 2012 atque

224 2025 561 2094 abscondere,
592 2039 654 2083 ut
684 2028 1037 2101 Evangelium
1068 2029 1271 2088 Christi
1323 2032 1374 2088 in
1418 2032 1502 2088 his
1543 2035 1633 2106 qui
1683 2050 1805 2106 per-

223 2131 355 2177 eunt.
767 2124 781 2140 '

284 2219 345 2273 Et
368 2219 627 2286 expandit
648 2237 806 2293 super
832 2222 967 2277 illud
1003 2224 1248 2280 nebulam
1279 2241 1453 2302 suam.
1489 2228 1801 2284 Secundum

223 2310 337 2367 illud
373 2312 519 2384 quod
578 2313 837 2372 Dominus
890 2318 965 2372 ait
1021 2318 1308 2390 discipulis
1359 2321 1410 2375 in
1460 2320 1800 2390 Evangelio:

229 2411 365 2467 Vobis
410 2413 596 2467 datum
653 2423 726 2468 est
783 2431 933 2470 nosse
982 2418 1285 2489 mysterium
1337 2419 1484 2493 regni
1528 2419 1799 2474 calorum.

218 2503 268 2560 lu
289 2506 654 2564 obtectionem
679 2524 896 2581 quoque
924 2510 1122 2566 divina:
1144 2512 1408 2567 custodia
1433 2529 1565 2577 sine,
1598 2529 1802 2584 expan-

217 2598 285 2656 dit
304 2617 466 2671 super
494 2603 673 2670 ipsum
690 2603 892 2659 bonum
922 2606 1172 2661 nuntium
1194 2607 1495 2679 Evangelii,
1518 2606 1573 2662 in
1606 2609 1802 2664 nubem

216 2691 542 2751 defensionis
567 2709 704 2764 sum,
736 2707 795 2750 ut
828 2696 1012 2752 nullus
1059 2708 1244 2768 posset
1270 2699 1320 2754 ei
1360 2699 1616 2770 quamvis
1645 2716 1802 2756 acer-

215 2787 366 2842 rimus
397 2788 756 2846 adversarius
785 2791 1085 2860 prtevalere
1115 2808 1129 2846 :
1154 2792 1223 2847 de
1251 2808 1355 2864 qua
1386 2794 1680 2863 Apostolus
1697 2795 1800 2848 ait:

215 2875 387 2936 Patres
432 2884 600 2938 nostri
645 2900 825 2940 omnes
863 2885 956 2940 sub
1007 2887 1144 2942 nube
1185 2888 1417 2958 fuerunt.

279 2973 580 3030 Terminum
604 2977 948 3033 circumdedit
977 2981 1127 3048 aquis
1159 2996 1176 3033 :
1209 2997 1372 3053 usque
1395 2981 1518 3036 dum
1543 2981 1804 3049 ﬁniantur

211 3062 297 3121 In:
314 3077 361 3123 et
381 3070 631 3124 tenelmz.
656 3071 771 3127 Sub
786 3071 1004 3127 nomine
1026 3088 1290 3145 aquarum
1315 3077 1443 3131 κατὰ
1459 3076 1802 3149 συνεκδοχὴν,

211 3163 342 3231 quod
369 3173 455 3220 est
486 3180 517 3219 a
554 3174 713 3237 parte
741 3166 805 3221 ad
835 3177 1006 3225 totum
1034 3214 1048 3238 ,
1079 3170 1266 3226 mundi
1300 3171 1461 3226 Ditem
1494 3174 1626 3230 mitti
1653 3175 1801 3231 vides

1907 1948 2086 1997 motus
2122 1937 2424 1993 invisibiles
2469 1946 2597 1992 sunt
2626 1936 2980 1992 subsistentis
3009 1947 3238 1993 natura}.

1976 2030 2042 2086 In
2073 2031 2375 2102 fortitudine
2400 2031 2546 2084 illius
2583 2040 2790 2099 repente
2820 2031 2990 2084 maria
3011 2039 3330 2103 congregata
3357 2042 3502 2086 sunt.

1905 2125 2062 2195 Quod
2095 2125 2147 2179 in
2180 2124 2458 2195 principio
2485 2123 2716 2179 Genesis
2746 2124 2946 2179 factum
2982 2124 3235 2196 legimus.

1981 2219 2048 2273 Et
2077 2217 2356 2289 prudentia
2386 2221 2502 2289 ejus
2526 2219 2779 2283 percussit
2809 2218 3112 2290 superbum.
3151 2219 3249 2274 Cui
3279 2219 3507 2274 dubium

1907 2323 2012 2376 est.
2055 2314 2184 2384 quin
2227 2312 2609 2382 principaliter
2649 2311 2903 2366 diabolus
2956 2313 3028 2366 sit
3059 2313 3148 2368 hic
3188 2314 3507 2382 superbus:

1908 2408 2000 2480 qui
2041 2419 2166 2463 tunc
2196 2406 2431 2478 primum
2459 2423 2488 2460 a
2524 2408 2636 2462 Deo
2672 2421 2972 2476 percussus
3002 2419 3108 2474 est,
3136 2407 3355 2478 quando
3385 2423 3508 2464 eum

1907 2503 1976 2559 de
2007 2502 2137 2558 sede
2159 2503 2248 2558 illa
2277 2501 2543 2556 coelorum
2576 2501 2734 2557 beata
2768 2511 2932 2572 atque
2963 2502 3186 2556 sublimi
3224 2501 3510 2572 deposuit,

1908 2597 1976 2654 de
2004 2612 2106 2669 qua
2133 2597 2402 2667 propheta
2425 2598 2502 2652 ait
2532 2614 2544 2650 :
2579 2596 2660 2652 Tu
2687 2597 2977 2653 humiliasti
3013 2600 3148 2653 sicut
3184 2599 3508 2652 vulneratum

1908 2691 2212 2763 superbum.
2231 2689 2628 2760 Spiritualiter,
2656 2700 2804 2746 recte
2826 2692 2999 2746 maria
3017 2691 3155 2758 time,
3171 2692 3508 2758 Judzeorum,

1909 2796 1963 2842 et
1994 2787 2273 2841 nationum
2312 2785 2548 2857 populos
2593 2800 2716 2840 esse
2755 2785 3045 2850 sentimus,
3098 2785 3303 2856 quibus
3335 2785 3510 2840 domi—

1909 2888 2162 2935 naturum
2216 2895 2406 2937 verum
2457 2880 2832 2946 Salomonem,
2891 2879 3060 2935 David
3115 2879 3382 2951 propheta
3435 2882 3505 2933 ita

1908 2976 2250 3042 pronuntiat,
2282 2972 2472 3028 dicens
2504 2990 2522 3030 :
2556 2973 2622 3027 Et
2653 2971 3010 3027 dominabitur
3036 2990 3067 3026 a
3096 2974 3226 3026 mari
3258 2989 3417 3043 usque
3439 2972 3507 3024 ad

1908 3083 2070 3120 mare.
2116 3066 2192 3121 De
2244 3067 2379 3120 mari
2426 3067 2594 3129 enim,
2649 3065 2699 3120 id
2747 3076 2858 3131 est,
2909 3065 2977 3120 de
3004 3074 3168 3134 gente
3195 3063 3508 3120 Juda‘ornm

1909 3162 2077 3232 coepit
2102 3159 2459 3231 Evangelinm
2491 3160 2727 3227 Christi,
2753 3164 2881 3229 quia
2907 3160 2974 3214 de
3005 3159 3138 3215 Sion
3162 3160 3295 3214 exiit
3324 3159 3430 3221 lex,
3457 3167 3512 3212 et

211 3263 291 3313 tur
315 3258 553 3325 dixisse,
582 3262 710 3332 quia
743 3263 914 3318 noctis
949 3279 1012 3319 ac
1050 3264 1152 3320 diei
1196 3265 1517 3322 vicissitudo
1558 3269 1803 3337 prmteri-

1919 3258 2163 3326 pervenit
2187 3255 2256 3310 ad
2283 3271 2437 3311 mare
2459 3255 2728 3326 gentium.
2765 3255 3060 3325 [lucusque
3089 3269 3220 3324 ergo
3251 3254 3365 3308 haec
3389 3269 3510 3308 ma-

213 3357 319 3407 tura
362 3354 459 3409 sit.
504 3354 639 3412 Sive
669 3355 740 3411 de
768 3355 1068 3428 impiorum
1101 3359 1340 3428 populis,
1367 3360 1451 3414 vel
1483 3361 1550 3415 de
1580 3371 1802 3418 sancto-

209 3460 318 3502 rum
343 3448 815 3518 tribulationibus,
845 3467 966 3522 qute
996 3467 1263 3522 aquarum
1291 3455 1514 3510 nomine
1549 3456 1601 3510 in
1627 3455 1803 3525 Scrip-

209 3542 336 3596 turis
357 3555 511 3613 saepe
539 3541 818 3598 dicuntur.
835 3543 929 3598 Hae
959 3545 1120 3615 igitur
1138 3560 1295 3616 aquae
1312 3562 1340 3600 a
1373 3547 1484 3601 Deo
1512 3549 1800 3604 terminum

206 3643 560 3705 acceperunt,
603 3634 720 3690 sive
771 3645 829 3692 ut
878 3652 1098 3706 semper
1147 3640 1336 3710 iniqui,
1389 3650 1444 3694 et
1490 3654 1804 3711 peccatores

207 3723 326 3790 sint,
355 3727 482 3782 sive
531 3735 590 3780 ut
611 3741 720 3782 non
743 3728 886 3782 sinat
906 3726 1080 3783 ﬁdelis
1112 3730 1257 3784 Deus
1279 3731 1663 3786 tribulationes
1695 3736 1802 3802 pati

210 3828 424 3875 sanctos
448 3835 590 3876 suos
616 3837 778 3892 supra
823 3837 986 3892 quam
1038 3823 1316 3880 sustinere
1365 3835 1622 3894 possunt.
1675 3829 1802 3882 llaec

208 3926 330 3983 ergo
357 3914 498 3970 fient
541 3913 717 3970 donec
763 3917 1116 3986 prosperitas,
1167 3926 1220 3972 et
1266 3919 1523 3990 iniquitas
1563 3933 1806 3979 transeat

205 4003 522 4076 impiorum,
548 4022 671 4077 qua}
698 4007 803 4062 hoc
822 4008 945 4063 loco
965 4009 1102 4064 lucis
1128 4019 1185 4066 et
1213 4015 1562 4069 tenebrarum
1589 4017 1808 4071 nomine

202 4099 511 4170 significata
534 4111 684 4157 sunt.

267 4193 551 4251 Columna
586 4197 704 4251 cali
737 4199 1176 4267 contremiscunt,
1211 4210 1259 4254 et
1293 4213 1480 4274 pavent
1511 4202 1580 4255 ad
1623 4213 1806 4257 nutum

202 4291 333 4359 ejus.
363 4289 744 4346 Stabilitatem
773 4306 906 4361 ergo
933 4291 1282 4348 solummodo
1309 4306 1726 4364 permanentem
1754 4298 1809 4352 in

205 4391 391 4436 natura
425 4383 787 4466 angelorum,
817 4385 1190 4441 columnarum
1223 4388 1449 4443 nomine
1477 4389 1806 4457 sentiamus,

199 4475 318 4543 quia
354 4491 472 4531 non
516 4477 698 4532 solum
743 4478 1096 4535 immobiliter
1140 4481 1193 4534 in
1238 4481 1528 4538 sanctitate
1558 4498 1812 4552 Perseve-

202 4578 379 4623 rantes
421 4578 607 4624 sunt:
641 4570 737 4624 sed
772 4572 934 4626 etiam
981 4581 1201 4627 :rternm
1244 4573 1594 4629 beatitudinis
1635 4577 1806 4646 gloria

1908 3350 1987 3404 ria
2038 3349 2360 3418 populorum
2412 3348 2733 3404 fortitudine
2775 3364 2838 3402 ae
2871 3349 3073 3404 virtute
3092 3347 3512 3403 resurrectionis

1905 3441 2130 3508 Christi,
2174 3442 2548 3510 apostolorum
2585 3441 3169 3513 Evangelistarumque
3206 3442 3514 3496 ministerio

1908 3545 2342 3606 emterorumqtte
2368 3536 2651 3606 praedicta,
2686 3545 2910 3608 repente
2957 3536 3010 3590 in
3046 3551 3212 3589 unum
3247 3533 3510 3590 Ecclesiae

1908 3641 2110 3695 corpus
2153 3637 2504 3698 congregata,
2549 3638 2717 3698 atque
2769 3629 2824 3682 in
2874 3642 3036 3682 unam
3086 3627 3336 3698 copulam
3388 3627 3512 3681 tidei

1908 3729 2038 3776 sunt
2089 3719 2291 3777 Christi
2319 3722 2585 3777 cbaritate
2614 3737 2881 3777 connexa.

1985 3813 2216 3883 Spiritus
2246 3816 2359 3885 ejus
2399 3816 2598 3868 ornavit
2643 3814 2819 3870 caelos.
2863 3815 3124 3886 Legimus
3156 3815 3208 3869 in
3243 3814 3514 3884 principio

1909 3908 2212 3975 Geneseos,
2252 3919 2448 3978 quarto
2479 3911 2572 3965 die
2604 3926 2633 3964 a
2679 3911 2789 3965 Deo
2830 3912 3018 3966 stellas
3062 3911 3266 3981 positas
3295 3925 3420 3966 esse
3459 3913 3511 3966 in

1911 4001 2077 4063 coelo,
2109 4010 2203 4054 aut
2239 4001 2292 4054 in
2332 4001 2698 4056 firmamento.
2742 4002 2948 4071 Spiritu
2980 4002 3144 4057 etiam
3176 4013 3390 4067 sancto,
3425 4018 3512 4057 ra-

1915 4095 2212 4151 tionabiles
2253 4097 2423 4151 cmlos
2458 4096 2674 4150 ornavit
2708 4115 2721 4151 :
2755 4111 2892 4166 quos
2928 4095 3210 4164 apostolos
3235 4138 3248 4158 ,
3285 4105 3340 4150 et
3377 4111 3512 4164 apo-

1913 4190 2141 4246 stolicos
2172 4188 2326 4243 viros
2358 4189 2713 4260 intelligimus
2739 4189 2864 4259 :qui
2889 4187 3076 4243 multis
3104 4187 3514 4258 Scripturarum

1914 4282 2073 4348 locis,
2121 4281 2390 4338 caelorum
2432 4283 2894 4352 nuncupationem
2948 4291 3380 4352 consequuntur,
3431 4295 3520 4334 se.-

1914 4378 2152 4433 cundum
2185 4377 2312 4432 illttd
2343 4376 2623 4448 prophetae
2653 4395 2664 4431 :
2695 4377 2918 4447 Operuit
2949 4377 3104 4431 mles
3132 4377 3292 4430 virtus
3311 4377 3449 4456 eius,
3473 4385 3519 4428 et

1917 4471 2197 4542 prudentia
2214 4473 2327 4542 ejus
2343 4471 2595 4544 percussit
2611 4471 2910 4537 superbum.
2935 4466 3187 4523 Christus
3207 4468 3299 4522 Dei
3323 4468 3521 4532 virtus,

1917 4574 1972 4620 et
1999 4565 2094 4620 Dei
2127 4566 2391 4635 sapientia
2441 4565 2718 4631 percussit
2757 4565 3056 4633 superbum
3104 4564 3407 4619 diabolum.
3453 4563 3517 4618 lli

198 4664 465 4731 speciosi.
500 4662 635 4718 Nam
660 4662 730 4717 de
753 4663 928 4718 futura
958 4665 1341 4722 immobilitate
1371 4641 1659 4723 hominum
1685 4709 1702 4737 ,
1735 4670 1806 4725 ita

1919 4674 2050 4729 ergo
2077 4659 2273 4720 sancti.
2308 4675 2336 4713 a
2379 4659 2582 4729 Spiritu
2616 4669 2807 4714 sancto
2847 4659 2918 4714 ita
2961 4659 3208 4714 distincti
3240 4668 3365 4713 sunt
3392 4673 3516 4727 gra-

200 4753 272 4806 ait
300 4754 488 4810 Filius
518 4755 651 4810 Dei:
689 4755 790 4820 Qui
819 4756 1019 4823 vicerit,
1044 4759 1235 4826 faciam
1256 4758 1410 4812 illum
1442 4761 1742 4814 columnam
1760 4763 1816 4817 in

199 4853 392 4920 templo
428 4849 539 4904 Dei
566 4851 684 4904 mei.
715 4850 822 4904 Sed
859 4861 913 4905 et
957 4851 1072 4919 ipsa
1106 4849 1376 4918 Ecclesia,
1409 4869 1532 4922 quae
1559 4865 1642 4909 est
1692 4869 1819 4910 san-

197 4948 415 4997 ctorum
446 4943 703 4998 omnium
731 4943 1113 5013 congregatio,
1144 4959 1242 5013 pro
1271 4953 1474 5002 aeterna
1502 4946 1605 5001 sibi
1633 4948 1683 5002 in
1710 4949 1816 5002 Do-

198 5038 350 5093 mino
387 5037 704 5093 stabilitate
729 5079 745 5103 ,
767 5037 1022 5093 columna
1053 5047 1110 5094 et
1155 5038 1569 5096 fundamentum
1616 5043 1820 5099 dicitur

197 5132 480 5186 veritatis.
519 5129 708 5186 Potest
744 5139 800 5185 et
837 5130 905 5185 de
941 5131 1145 5186 sanctis
1175 5134 1383 5202 angelis
1413 5134 1484 5188 ita
1533 5135 1761 5206 intelligi
1799 5156 1814 5192 :

198 5232 256 5278 ut
278 5240 384 5294 pro
412 5223 712 5278 charitatis
734 5238 844 5277 sum
872 5239 934 5277 ac
963 5223 1274 5279 dilectionis
1306 5225 1525 5294 intuitu,
1550 5227 1816 5284 columnae

198 5313 495 5378 dicantur,
523 5330 588 5368 eo
610 5315 753 5385 quod
781 5330 878 5384 pro
899 5314 1075 5370 salute
1096 5315 1376 5371 hominum
1399 5333 1584 5373 curam
1603 5331 1816 5390 gerant,

199 5423 297 5477 pro
325 5407 549 5480 quibus
578 5417 706 5461 sunt
741 5407 832 5476 pio
860 5406 1061 5462 affectu
1092 5408 1348 5476 solliciti,
1375 5411 1518 5480 quod
1547 5414 1629 5467 eis
1665 5413 1818 5481 quasi

198 5500 266 5554 ad
296 5502 535 5571 pondus
558 5500 956 5572 cogitationum
986 5502 1249 5557 accedere
1271 5503 1503 5558 videtur.
1536 5504 1601 5558 Et
1629 5520 1821 5560 secun-

195 5597 328 5652 dum
381 5594 646 5665 tropicos
700 5594 1034 5662 intellectus,
1091 5597 1212 5650 coeli
1269 5597 1488 5652 nomine
1530 5596 1824 5667 signiﬁcari

199 5687 544 5744 Ecciesiam
571 5686 918 5752 noverimus,
953 5687 1004 5742 in
1033 5703 1135 5757 qua
1163 5687 1425 5744 caelorum
1455 5690 1711 5760 mysteria
1736 5705 1826 5745 ce~

199 5783 536 5840 lebrantur.
580 5779 751 5850 Hujus
792 5782 978 5854 itaque
1023 5781 1169 5847 cteli,
1215 5782 1266 5838 id
1311 5790 1397 5838 est
1425 5782 1702 5850 Ecclesiae,
1737 5799 1831 5838 co-

211 5876 434 5932 lumna:
484 5885 616 5930 sunt
663 5878 922 5945 apostoli,
973 5887 1027 5931 et
1081 5880 1267 5932 cmteri
1309 5876 1399 5947 qui
1449 5878 1622 5947 gratia
1667 5877 1829 5933 simili

1925 4755 2121 4808 tiarum
2146 4753 2327 4818 donis,
2363 4763 2636 4823 tamquam
2665 4753 2902 4809 sidereis
2926 4755 3304 4813 luminaribus.

1999 4844 2065 4897 Et
2105 4844 2466 4898 obstetricante
2503 4861 2660 4898 manu
2709 4849 2854 4916 eius,
2904 4846 3163 4901 adductus
3205 4857 3280 4903 est
3314 4849 3522 4903 colul'er

1926 4948 2209 4992 tortuosus.
2239 4937 2422 4992 Sancti
2455 4953 2585 5006 ergo
2616 4938 3060 4994 adornativerbn
3091 4939 3216 5007 Dei,
3251 4952 3522 5010 tamquam

1927 5043 2112 5084 semen
2155 5029 2370 5099 populis
2403 5040 2686 5099 spargunt.
2721 5028 2877 5085 Unde
2905 5046 2933 5082 a
2969 5031 3164 5086 timore
3211 5031 3423 5086 Domini
3474 5033 3527 5088 in

1925 5135 2082 5179 utero
2107 5123 2358 5193 spiritum
2384 5123 2577 5177 salutis
2603 5133 2996 5192 conceperunt.
3029 5134 3084 5178 et
3107 5125 3176 5178 ita
3220 5139 3438 5191 manus,
3472 5135 3530 5178 et

1920 5220 2187 5291 sapientia
2210 5218 2412 5282 Patris,
2435 5216 2595 5273 Jesus
2619 5217 2891 5284 Christus,
2918 5218 3206 5272 animabus
3238 5217 3528 5287 multiplici

1922 5313 2124 5367 virtute
2165 5311 2433 5374 fecundis,
2457 5310 2774 5380 dignatione
2797 5326 2893 5365 sua
2929 5327 2958 5363 a
2992 5321 3182 5364 sancto
3212 5309 3316 5365 Job
3347 5319 3528 5365 astare

1925 5410 2276 5480 perhibetur,
2324 5416 2385 5462 ut
2415 5407 2848 5477 parturientibus
2887 5405 3030 5461 filios
3059 5406 3273 5461 venturi
3314 5405 3526 5470 swculi,

1929 5502 2248 5572 obsequium
2272 5501 2544 5572 quoddam
2567 5501 2823 5565 adhibeat
2843 5516 2956 5554 sine
2984 5500 3225 5570 pietatis,
3249 5514 3452 5570 easque
3474 5498 3528 5554 in

1932 5599 2378 5670 persecutionem
2427 5596 2712 5651 doloribus
2764 5595 2970 5665 positas
3011 5593 3328 5648 consoletur
3373 5610 3386 5646 :
3433 5593 3537 5648 mi-

1940 5691 2168 5746 nisterio
2211 5706 2428 5762 quoque
2471 5705 2572 5744 suo
2631 5689 2980 5744 invisibiliter
3029 5687 3358 5743 intrinsecus
3405 5699 3537 5756 0pc-

1939 5793 2098 5839 rante
2121 5825 2134 5848 ,
2186 5785 2402 5852 adiuvet
2436 5783 2830 5853 parturientes.
2873 5782 3006 5848 Ouia
3048 5780 3166 5835 sine
3199 5781 3322 5845 illo,
3357 5779 3542 5834 nullus

1942 5893 2038 5931 eos
2063 5876 2329 5931 bonorum
2356 5891 2607 5946 operum,
2633 5890 2754 5944 qua:
2779 5874 3012 5928 filiorum
3035 5871 3258 5928 nomine
3283 5869 3540 5942 superius
