3948 6334
448 358 547 415 091
1244 354 1589 414 ΑΡΡΕΝΜΧ
1632 358 1725 415 AD
1762 350 2009 415 TORUH
2042 349 2055 412 i

2162 350 2398 415 'TlilUM
2441 358 2501 417 Β.
2544 348 2942 418 ΜΕΗΟΝἫΙΙ.
3634 361 3732 422 693

447 478 714 544 diximus,
742 476 1105 547 subsequatur
1138 475 1384 532 effectus.
1429 476 1555 548 ipso
1584 478 1747 548 igitur
1775 478 2049 534 claritate
2076 476 2122 536 Α
2144 480 2318 550 justas
2340 488 2427 535 vos
2445 492 2555 535 esse
2568 479 2828 550 judicent.
2858 482 2971 537 Iiuc
2998 490 3053 537 et
3087 480 3223 536 illttd
3251 481 3485 552 pertinet
3512 482 3652 555 quod
3673 483 3735 539 de

452 569 849 626 tttisericutdia
879 585 1017 638 ante,
1050 583 1154 640 qua
1183 583 1283 626 ltus
1315 568 1543 627 multum
1573 570 1788 640 diluit,
1818 582 1916 642 per
1943 572 2045 627 hoc
2153 566 2384 627 Domitio
2414 570 2467 626 in
2494 568 2633 627 lsnin
2666 572 2924 628 scribitur
2954 589 2970 627 :
3003 571 3221 640 Quiesce
3247 571 3311 626 ab
3342 571 3571 641 homine,
3598 572 3736 638 cuius
3774 644 3779 647 Α

449 662 818 719 ministerium
867 662 1228 729 observante,
1279 670 1333 718 et
1384 664 1586 735 pietate
1629 664 1747 735 eius
1795 664 2049 721 obstetri-
2148 666 2366 736 spiritus
2401 666 2455 720 in
2500 666 2711 720 naribus
2757 670 2895 740 ejus,
2918 667 3042 739 quia
3087 666 3318 722 excelsus
3358 673 3625 739 τιιριιιριιιε
3670 673 3741 723 est

446 768 641 824 caute,
690 766 750 813 ut
795 758 996 812 animae
1034 767 1243 813 sancite
1294 756 1607 828 huiusmodi
1656 758 1797 813 tetut
1850 758 2046 826 edant,
2148 761 2281 829 ipse.
2315 759 2490 816 Donec
2529 762 2710 817 autem
2755 758 3108 829 adverbium,
3148 760 3448 817 secundum
3499 754 3641 816 hunc
3668 758 3741 816 ire

449 852 704 909 educitur
731 850 803 905 ab
834 849 940 919 eis,
984 859 1039 905 et
1090 849 1163 905 de
1197 850 1458 905 cordibus
1502 860 1690 906 earum
1743 850 2050 907 exrluditur
2150 852 2430 908 tellcclttm
2463 862 2572 924 quo
2596 852 2665 909 de
2691 853 2972 910 Salvatore
2999 862 3190 909 nostro
3217 850 3418 909 seriem
3442 852 3740 924 intelligen-

449 946 565 1011 ‘tlle,
591 945 643 999 in
672 955 781 1013 quo
810 941 944 998 nihil
974 950 1313 1008 ostreatum,
1344 942 1575 999 coluber
1604 950 1901 999 tortuosos.
2154 945 2241 999 tiri!
2270 945 2431 1016 hujus
2463 946 2756 1016 tenuimus,
2787 962 2894 1001 non
2927 947 3000 1001 ita
3034 953 3093 1002 ut
3137 955 3294 1000 sonat
3325 942 3531 1001 dictum
3558 942 3739 1001 existi-

526 1037 660 1091 Ecce
683 1036 795 1091 tim
817 1046 887 1090 ex
910 1043 1056 1106 pem
1083 1035 1225 1088 dicta
1249 1044 1369 1089 sunt
1405 1035 1602 1089 viarum
1639 1039 1769 1110 ejits.
1799 1034 1896 1090 lite
1926 1040 2053 1090 situt
2153 1050 2386 1102 memon,
2421 1038 2701 1109 tamquam
2742 1036 2975 1106 dixerit,
3010 1035 3383 1107 Quoadusque
3426 1044 3510 1092 est
3552 1034 3741 1093 halitus

449 1134 550 1188 viae
574 1129 809 1197 Domini,
839 1130 909 1185 de
928 1129 1129 1199 quibus
1158 1129 1276 1199 ipse
1302 1128 1553 1186 Salvator
1575 1140 1675 1200 per
1697 1128 2050 1185 Salomonem

449 1227 545 1290 ait,
578 1236 701 1279 cum
725 1223 797 1278 de
821 1234 915 1278 sua
947 1220 1234 1278 nativitale
1263 1222 1553 1293 prmdislt:
1583 1219 1839 1277 Dominus
1865 1222 2053 1277 crearit

450 1332 535 1372 me
563 1319 619 1372 in
645 1316 905 1388 principio
930 1317 1131 1370 viarum
1156 1328 1370 1370 tantum
1400 1318 1453 1370 in
1485 1325 1645 1386 opera
1673 1325 1791 1370 sua.
1822 1311 2054 1371 Crestus

451 1420 541 1465 est
564 1424 699 1481 ergo
730 1410 849 1479 ipse
884 1409 1145 1463 Dominus
1172 1409 1333 1465 Jesns
1358 1409 1607 1463 Christus
1631 1420 1727 1476 per
1759 1408 1924 1463 Deum
1954 1407 2056 1463 Pa-

454 1512 594 1557 trem
614 1541 629 1564 ,
655 1516 720 1555 ex
752 1499 916 1555 Maria
946 1500 1153 1571 virgine
1176 1542 1191 1568 ,
1225 1500 1294 1556 ad
1335 1500 1701 1556 Ostendendas
1744 1512 1800 1557 et
1830 1499 2056 1556 manife-

453 1595 681 1651 standas
706 1592 1091 1648 mandatorum
1113 1595 1248 1659 vias,
1276 1607 1306 1648 a
1331 1593 1535 1665 quibus
1553 1604 1692 1665 opus
1714 1592 1834 1661 Dei,
1866 1591 1918 1649 id
1947 1603 2053 1661 est,

454 1689 622 1743 homo
651 1687 1023 1742 aberravcrat.

531 1783 598 1838 Et
619 1797 735 1837 rant
746 1784 835 1837 aiat
854 1794 1067 1853 paream
1086 1780 1281 1836 stillant
1302 1781 1554 1836 scrutante
1578 1781 1692 1853 ομ.
1716 1779 2057 1836 audierimus.

2116 1132 2283 1205 ,νίκη
2329 1130 2489 1201 huius
2533 1131 2586 1186 in
2619 1144 2749 1187 me:
2794 1128 2848 1185 id
2899 1138 3005 1197 est,
3042 1136 3334 1202 antequam
3379 1129 3616 1196 moriar;
3655 1127 3740 1185 sed

2155 1222 2351 1294 donec,
2393 1236 2491 1296 pro
2525 1240 2727 1296 semper
2765 1234 2930 1296 atque
2966 1234 3213 1298 perpeftta
3258 1223 3363 1279 hoc
3392 1220 3516 1279 loco
3546 1223 3738 1280 dictum

2156 1330 2277 1374 esse
2308 1318 2642 1373 noverimus.
2671 1316 2828 1374 Sicut
2860 1319 2934 1372 ait
2960 1319 3076 1389 ipse
3108 1314 3368 1372 Dominus
3396 1316 3463 1371 ad
3493 1316 3740 1389 populum

2160 1420 2258 1482 per
2292 1408 2615 1483 prophetam
2643 1426 2665 1465 :
2693 1408 2807 1484 Ego
2835 1424 2967 1476 sum,
3004 1410 3078 1463 ait
3104 1403 3379 1472 Dominus,
3406 1412 3455 1463 et
3480 1407 3645 1463 donec
3668 1424 3743 1464 se.

2158 1506 2376 1562 nescatis
2401 1518 2497 1577 ego
2534 1518 2663 1559 sum.
2694 1502 2813 1560 Non
2857 1504 3004 1560 enim
3038 1510 3159 1574 post
3197 1510 3534 1559 senectutem
3569 1498 3740 1559 homi-

2160 1610 2287 1655 num
2324 1599 2465 1655 Deus
2503 1613 2610 1654 non
2643 1600 2770 1667 erit,
2802 1612 2927 1655 cum
2956 1597 3164 1655 eisdem
3197 1598 3379 1669 potius
3420 1599 3743 1655 senetenti-

2162 1692 2284 1759 lius,
2316 1690 2461 1747 Deus
2495 1699 2759 1763 perpetuo
2808 1698 3046 1747 maneat.
3082 1688 3162 1747 Ad
3199 1686 3336 1746 illud
3379 1698 3561 1747 autem
3611 1689 3744 1762 quod

2165 1786 2453 1842 Psalmisia
2503 1785 2789 1842 ait:Dl:cit
2833 1781 3088 1841 Dominus
3135 1784 3357 1839 Domino
3398 1796 3530 1852 meo,
3561 1785 3680 1839 sede
3715 1796 3744 1839 a

457 1876 688 1935 Parvum
720 1876 943 1944 stillam,
980 1874 1255 1931 hominem
1284 1880 1625 1945 nsstlmplllm
1668 1873 2054 1944 intelligamm.
2088 1865 2136 1927 Β
2162 1878 2359 1934 dextris
2397 1880 2543 1934 meis.
2589 1875 2766 1934 Donec
2793 1895 2985 1951 ponant
3031 1878 3270 1933 inimicos
3313 1887 3430 1933 tuos
3475 1877 3745 1933 scabellunt

455 1973 546 2039 qui
583 1972 635 2026 in
662 1969 878 2042 psalmo
902 1969 1224 2023 Hermonlm
1257 1978 1414 2023 mons
1447 1967 1691 2023 modicus
1726 1966 2052 2037 appellatur.

460 2065 601 2120 Etin
642 2062 867 2120 Daniele
898 2063 1037 2133 lapis
1072 2064 1329 2132 excisus,
1368 2072 1422 2117 et
1463 2056 1760 2117 tasciettlns
1804 2063 1969 2133 guttai
2003 2060 2055 2116 in

456 2159 687 2214 Cantico
716 2157 1095 2212 Canticorum.

534 2251 665 2318 Quis
696 2250 885 2323 poterit
922 2250 1172 2304 tonitrum
1217 2246 1600 2322 magnitudinis
1645 2247 1790 2302 illius
1834 2245 2060 2302 intueri?

458 2347 575 2401 lloe
603 2345 735 2400 dicit
772 2361 785 2397 :
817 2343 865 2398 si
893 2339 1200 2414 assumptio
1226 2341 1420 2397 tot-rate
1441 2340 1610 2409 servi,
1644 2352 1784 2412 pene
1810 2338 2063 2396 ineﬂ'alsia

458 2437 604 2492 libus
629 2436 906 2508 mysteriis
943 2435 1273 2502 continetur,
1306 2443 1362 2491 et
1383 2432 1450 2489 ad
1478 2433 1946 2504 comparationem
1974 2444 2062 2487 ap

458 2532 727 2586 sumentis
777 2527 874 2583 Dei
906 2527 1055 2582 stilla
1104 2526 1419 2598 permodica
1460 2534 1548 2583 est
1589 2542 1602 2580 ι
1640 2527 1847 2597 quanto
1890 2524 2063 2596 magis

457 2625 694 2694 quisque
719 2634 833 2677 non
861 2621 1065 2692 poterit
1092 2622 1352 2676 lonitrtIm
1381 2619 1777 2689 magnitudinis
1815 2618 2021 2674 intueri
2045 2634 2059 2673 ε

2157 1960 2348 2045 pedum
2377 1983 2619 2040 tuorum;
2650 1971 2781 2044 quid
2812 1969 3083 2029 dicimus?
3104 1972 3247 2044 quod
3274 1983 3625 2044 pustcaquam
3655 1971 3746 2029 ini-

2160 2065 2287 2122 mici
2322 2066 2550 2138 subjecti
2584 2066 2810 2135 fuerint,
2841 2064 3096 2123 Christus
3143 2078 3249 2122 nuli
3293 2080 3550 2122 sessurus
3590 2066 3658 2123 sit
3684 2065 3745 2123 ad

2159 2160 2443 2215 dexteram
2475 2161 2570 2216 Dei
2605 2160 2827 2216 Patris?
2856 2171 2912 2216 et
2940 2162 3028 2215 ubi
3052 2162 3157 2217 erit
3191 2161 3323 2216 illud
3362 2160 3507 2233 quod
3553 2162 3630 2215 ait
3661 2170 3746 2215 atl-

2160 2253 2315 2325 geltls
2340 2270 2351 2305 :
2389 2252 2456 2309 Et
2484 2253 2632 2327 regni
2661 2255 2775 2326 ejus
2804 2270 2907 2309 non
2937 2254 3033 2309 erit
3054 2251 3215 2325 ﬁft‘ii.’
3234 2250 3466 2324 Propter
3491 2246 3635 2325 quod
3663 2253 3748 2309 αο.

2163 2359 2275 2415 nec,
2314 2345 2372 2402 in
2412 2340 2614 2403 talibus
2652 2347 2818 2417 locis,
2857 2354 2916 2403 ttt
2954 2346 3090 2415 dixi,
3128 2360 3230 2419 pro
3270 2357 3521 2421 perpetuo
3566 2354 3647 2404 est
3676 2349 3749 2404 in-

2166 2441 2544 2514 telligendum.
2578 2441 2692 2498 Nec
2733 2451 2842 2498 non
2890 2449 2950 2499 ot
2996 2443 3129 2498 illud
3174 2459 3283 2513 quo
3330 2442 3400 2498 tle
3451 2440 3750 2514 Josepia,et

2164 2536 2320 2591 beata
2359 2536 2528 2592 Maria
2551 2537 2885 2608 evangelista
2933 2538 3029 2606 ait,
3054 2536 3178 2591 Non
3207 2537 3549 2610 cognoscebat
3591 2534 3744 2593 donec

2169 2629 2363 2701 peperit
2380 2629 2569 2700 ﬁlium.
2592 2630 2728 2699 Quis
2758 2629 2906 2686 enim
2935 2638 3019 2687 est
3040 2640 3206 2702 super
3234 2630 3562 2687 veneranda!
3589 2630 3749 2688 beata:

458 2715 512 2770 id
538 2724 644 2784 est,
676 2716 852 2785 ipsam
876 2712 1251 2778 divinitatem,
1282 2728 1407 2784 qua:
1436 2712 1561 2770 ideo
1583 2712 1808 2769 tonitrui
1840 2713 2065 2768 nomine

462 2811 607 2866 dicta
639 2819 726 2865 est
766 2824 778 2863 :
821 2809 949 2879 quia
973 2823 1098 2864 cum
1128 2807 1199 2863 de
1233 2807 1457 2863 excelso
1494 2807 1636 2863 tanta
1664 2807 1901 2862 nominis
1943 2806 2067 2877 ejus

466 2906 518 2957 in
542 2902 770 2959 Christo
796 2901 928 2959 testi
954 2901 1094 2958 Filio
1119 2916 1225 2956 suo
1257 2901 1424 2957 terris
1449 2900 1715 2967 insonuit,
1745 2911 1801 2956 et
1832 2898 2065 2955 homini-

2167 2723 2350 2779 Mariae
2398 2723 2713 2796 virginitate
2761 2724 2834 2780 ita
2889 2724 3271 2795 blasphemus,
3306 2733 3365 2780 ut
3414 2725 3516 2781 hoc
3565 2725 3745 2781 saltem

2167 2818 2364 2873 audeat
2404 2818 2667 2888 cogitare,
2701 2829 2759 2873 ut
2802 2826 2926 2886 post
2974 2817 3146 2874 Deum
3189 2817 3557 2888 Salmnorem,
3593 2817 3747 2874 ﬁlium

2167 2928 2348 2980 suum,
2406 2911 2496 2967 illa
2552 2913 2727 2967 virum
2770 2913 3127 2983 cognoverit?
3176 2912 3415 2968 Proinde
3463 2911 3747 2968 secundum

464 2997 565 3051 bus
589 2996 697 3051 bno
725 2995 944 3066 fragore
975 2993 1208 3050 terribili
1254 2994 1487 3049 innotuit
1520 3011 1533 3046 :
1564 3007 1728 3049 nemo
1751 3001 1936 3048 tamen
1964 3007 2055 3047 eoa

2169 3005 2454 3061 veritatem
2489 3001 2615 3060 lidei
2654 3004 2958 3070 catholicas,
2993 3003 3157 3059 donec
3196 3012 3247 3061 et
3292 3004 3379 3060 hic
3416 3004 3557 3060 sicut
3598 3017 3746 3077 supra

463 3106 585 3144 rum
618 3089 822 3160 poterit
854 3096 1025 3143 totam
1053 3086 1349 3164 divinitatis
1372 3088 1494 3155 ejns
1518 3085 1953 3158 magnitudinem
1982 3085 2055 3141 in-

2169 3098 2372 3161 dictum
2419 3107 2534 3168 est,
2570 3112 2668 3170 pro
2698 3108 2895 3172 semper
2928 3099 3322 3169 intelligamus.
3355 3099 3445 3154 Ait
3474 3106 3605 3172 ergo
3650 3100 3747 3155 Do-

464 3181 772 3253 teiiigentia
804 3180 1092 3236 contueri:
1128 3180 1183 3236 id
1211 3185 1330 3247 est,
1360 3179 1493 3235 illud
1513 3216 1527 3241 .
1562 3180 1628 3235 In
1656 3179 1915 3253 νήποὶρίο
1955 3189 2067 3234 ⁸⁷⁵⁸⁸
2097 3248 2139 3265 η
2172 3193 2353 3249 minus
2381 3192 2565 3259 tesus,
2598 3195 2725 3264 quia
2769 3204 2983 3265 semper
3014 3194 3213 3250 halitus
3245 3193 3546 3251 divinitatis
3589 3196 3640 3250 in
3671 3208 3747 3250 me

471 3272 727 3339 Verbum,
759 3286 807 3329 et
845 3272 1069 3329 Verbum
1107 3281 1217 3328 erat
1243 3274 1385 3342 apud
1432 3272 1639 3342 Deum,
1679 3280 1729 3327 et
1767 3271 1912 3328 Dens
1954 3288 2055 3330 erat

475 3368 716 3424 Verbum.

2170 3295 2274 3353 est,
2310 3286 2438 3356 quia
2468 3284 2769 3340 secundum
2810 3275 2863 3340 id
2900 3286 3043 3355 quod
3073 3285 3239 3341 homo
3266 3296 3408 3347 sum.
3438 3296 3491 3342 et
3547 3287 3597 3342 in
3646 3286 3746 3342 Deo

2166 3376 2417 3424 conditus
2466 3391 2585 3424 sum
2637 3387 2692 3424 nt
2747 3385 3003 3424 emittite:
3043 3378 3218 3424 bulum
3269 3378 3320 3424 in
3370 3389 3458 3424 me.
3511 3378 3742 3424 aniriturn

1018 3440 1248 3500 CAPUT
1289 3440 1506 3498 XXVII.

532 3557 751 3613 Addidit
771 3573 974 3630 quoque
996 3556 1098 3613 Job
1121 3601 1134 3627 ,
1163 3571 1434 3613 assumens
1469 3556 1773 3627 parabotam
1813 3571 1983 3622 suam,
2010 3562 2062 3610 et

461 3652 594 3706 dixit
622 3668 641 3706 :
668 3649 811 3706 Vivit
837 3651 999 3715 Deus,
1021 3652 1111 3721 qui
1137 3648 1350 3704 abstulit
1369 3649 1636 3722 judicium
1655 3662 1848 3714 meum,
1876 3657 1925 3702 et
1947 3664 2061 3703 am-

464 3745 702 3815 nipotens
730 3747 821 3815 qui
838 3744 907 3798 ad
932 3743 1335 3798 atttarittniinem
1361 3743 1588 3799 adduxit
1615 3743 1847 3797 animum
1865 3756 2054 3798 meam.

467 3840 604 3892 Dant
637 3852 759 3891 eum
801 3838 1150 3892 innocentem
1184 3846 1375 3906 pascas
1423 3836 1733 3907 iniquorum
1777 3836 1892 3906 pati
1936 3850 2060 3907 per-

464 3929 635 3986 mittit
668 3948 681 3983 ;
714 3928 1135 3984 amaritudinem
1174 3942 1393 3999 otioque
1426 3929 1627 3984 animae
1666 3928 1788 3999 ejus
1835 3928 2056 3984 miseria

458 4022 715 4092 presenti
748 4020 1001 4092 replevit.
1033 4020 1178 4076 Vivit
1206 4020 1350 4076 Deus
1389 4021 1481 4090 qui
1527 4021 1752 4074 abstulit
1790 4020 2056 4090 judicium

461 4128 668 4170 meum.
697 4112 1014 4169 Secundum
1058 4111 1293 4169 fortnam
1334 4112 1480 4168 servi
1524 4128 1684 4182 quant
1732 4114 2055 4183 assumpsit,

454 4205 728 4275 judicium
746 4205 1051 4262 voluntatis
1067 4204 1351 4261 buntanai:
1371 4214 1509 4262 eicit
1531 4214 1757 4275 persona
1786 4207 2060 4279 assumpti

464 4298 711 4353 hominis
727 4297 934 4354 dictum
956 4307 1043 4354 est
1075 4317 1087 4353 :
1120 4313 1229 4370 quo
1256 4313 1424 4355 orans
1444 4299 1663 4355 dicebat
1688 4299 1758 4356 ad
1789 4300 2007 4356 Patrem
2038 4317 2054 4356 :

462 4389 541 4445 lli
562 4389 746 4460 Pater,
771 4392 818 4446 si
844 4391 1090 4463 possibile
1109 4401 1210 4460 est,
1232 4400 1464 4447 transeat
1497 4410 1532 4447 ο
1556 4410 1636 4448 me
1671 4395 1813 4449 ostia;
1840 4395 1957 4449 iste.
1989 4393 2065 4451 Et

463 4488 588 4547 ideo
610 4488 880 4558 judicium
910 4496 1091 4546 atatim
1115 4489 1279 4556 dixit,
1308 4490 1437 4562 quia
1465 4489 1520 4545 in
1547 4504 1609 4545 se
1648 4491 1874 4551 humani
1894 4504 2061 4563 gene-

384 4576 393 4589 '
461 4581 538 4636 ris
587 4580 985 4646 inﬁrmitatem.
1009 4584 1064 4637 in
1114 4583 1351 4640 veritate
1393 4582 1642 4654 suscepti
1685 4583 1923 4639 hominis
1959 4583 2054 4640 dae

462 4673 825 4730 monstrabat.
872 4674 941 4731 Et
980 4675 1337 4746 Omnipotens
1379 4676 1471 4746 qui
1515 4676 1585 4732 ad
1631 4675 2054 4733 amaritudinem

456 4766 681 4822 adduxit
704 4767 943 4823 animam
966 4782 1167 4825 meum.
1200 4772 1463 4825 Amarum
1481 4779 1605 4826 erat
1630 4770 1880 4841 poculum
1903 4787 2051 4828 mor-

459 4862 554 4930 tis,
586 4860 657 4917 ad
683 4861 828 4933 quod
858 4861 1151 4920 bibendum
1182 4863 1437 4920 Salvator
1476 4875 1666 4922 noster
1700 4864 2003 4923 advenerat
2033 4885 2048 4924 :

456 4953 528 5011 de
556 4954 730 5025 ipsius
756 4967 992 5027 namque
1029 4956 1224 5013 oallcis
1246 4958 1615 5015 amaritudine
1631 4962 1772 5027 erat,
1801 4960 1949 5031 quod
1976 4961 2053 5017 ait

456 5044 742 5119 discipulis
766 5046 881 5103 suis
903 5065 919 5103 ι
945 5046 1140 5104 Tristis
1167 5053 1242 5104 est
1267 5050 1446 5106 animo
1468 5066 1586 5106 nteit
1612 5066 1775 5124 atque
1812 5052 1881 5107 ad
1907 5066 2051 5108 nter-

454 5147 575 5193 tsm.
610 5137 853 5197 Verbum
891 5149 1076 5201 autem
1115 5140 1357 5209 attriuit,
1395 5143 1698 5200 secundum
1724 5141 2049 5215 Apostolutn

457 5234 889 5307 intelligendum“
911 5243 997 5292 est
1029 5253 1046 5292 t
1076 5238 1169 5309 qui
1198 5237 1270 5294 tie
1320 5239 1436 5295 Deo
1461 5238 1629 5295 Patre
1671 5237 1744 5293 ita
1785 5240 1862 5295 ait
1896 5257 1908 5294 :
1941 5239 2047 5308 Qui

451 5327 664 5400 proprio
684 5325 834 5387 Filio
858 5345 956 5385 stis
977 5345 1087 5386 non
1113 5331 1341 5404 pepercit
1358 5347 1378 5386 :
1399 5331 1491 5387 sed
1513 5345 1612 5402 pro
1636 5330 1788 5386 nobis
1806 5332 2046 5389 amnibus

448 5421 668 5477 tradidit
693 5420 867 5479 illum.
905 5422 1030 5479 Non
1053 5426 1199 5480 snitu
1223 5424 1407 5480 solans
1434 5424 1667 5480 traditas
1709 5433 1787 5481 est
1819 5426 1874 5479 in
1900 5441 2044 5480 mor-

448 5526 571 5571 tem.
596 5513 723 5570 Alio
759 5517 889 5573 loco
915 5516 988 5573 sla
1026 5516 1313 5575 Saivalers
1356 5517 1503 5575 idem
1546 5518 1840 5589 Apostolus
1865 5518 2039 5575 dicit:

442 5605 547 5672 Qui
573 5623 627 5662 ss
652 5606 873 5663 tradidit
892 5625 990 5681 pro
1012 5611 1233 5679 peccatis
1256 5612 1469 5667 nostris.

2166 3376 2417 3433 conditus
2466 3391 2586 3433 sum
2637 3387 2692 3433 ct
2747 3385 3004 3435 creatus:
3043 3378 3218 3436 habeo
3269 3378 3321 3433 in
3370 3389 3458 3435 me
3511 3378 3742 3452 spiritum

2165 3470 2348 3526 Patris
2372 3471 2501 3541 mei,
2528 3484 2821 3543 meumque
2849 3471 3326 3528 substantialiler:
3354 3474 3600 3543 sequitur
3627 3485 3745 3542 ergo

2165 3564 2240 3620 ita
2272 3563 2459 3619 dicens
2489 3583 2503 3618 :
2542 3564 2734 3620 Donec
2763 3565 3013 3621 deliciam
3054 3580 3159 3621 non
3194 3563 3444 3621 recedam
3492 3567 3559 3620 ab
3603 3567 3743 3621 iuno-

2163 3661 2342 3715 centin
2376 3674 2517 3715 mea.
2548 3658 2683 3726 Quia
2713 3672 2846 3730 ergo
2872 3660 3245 3716 innocentiam
3288 3674 3396 3716 non
3441 3674 3642 3716 morum
3669 3660 3742 3713 iu-

2162 3750 2371 3806 dttstria
2402 3750 2689 3822 acquisivl,
2727 3753 2821 3808 sed
2869 3753 2920 3807 in
2960 3767 3023 3807 ea
3058 3760 3112 3807 ut
3155 3759 3318 3807 natus
3346 3764 3491 3817 sum,
3526 3751 3594 3808 ita
3630 3764 3737 3807 sum

2155 3846 2363 3915 justus,
2393 3854 2448 3899 et
2476 3845 2765 3900 innocens.

2235 3938 2412 3996 Donec
2459 3938 2720 4011 deﬁciant,
2746 3956 2849 3996 non
2892 3942 3127 3996 recedant
3168 3941 3231 3996 ab
3279 3939 3572 3997 innocentia
3616 3956 3734 3996 mea.

2161 4033 2278 4105 Ego
2305 4035 2452 4091 enim
2481 4037 2646 4090 etiam
2696 4036 2745 4090 si
2778 4035 2833 4089 in
2884 4034 2970 4091 bis
3020 4034 3357 4091 cruciatibus
3390 4035 3609 4101 moriar,
3640 4046 3737 4090 non

2160 4126 2415 4183 recedam
2446 4129 2516 4184 ab
2559 4128 2875 4184 innocentia
2910 4144 3053 4199 mea,
3077 4144 3240 4199 quam
3286 4144 3383 4185 vos
3411 4129 3562 4200 quasi
3603 4127 3730 4184 hius.

2159 4220 2419 4294 phemutn
2443 4223 2495 4277 in
2526 4222 2609 4277 eis
2641 4235 2728 4278 me
2750 4223 2999 4278 asseritis
3029 4221 3364 4294 perdidisse.

2228 4314 2664 4386 Jastiﬁcatianem
2695 4328 2860 4371 meant
2900 4326 3055 4386 quant
3102 4316 3233 4385 capi
3276 4324 3446 4371 tenere
3480 4331 3576 4370 non
3602 4316 3733 4369 dese-

2158 4424 2292 4464 ram.
2327 4408 2507 4465 Poniit
2546 4408 2649 4466 hoc
2676 4408 2932 4467 Salvator
2959 4410 3165 4475 dicere,
3194 4418 3252 4464 ut
3282 4409 3450 4469 homo
3480 4409 3530 4465 in
3580 4406 3727 4463 Deum

2157 4510 2494 4571 assumptus,
2528 4501 2683 4573 cuius
2712 4502 2928 4557 initium
2963 4512 3048 4557 est
3075 4502 3377 4557 secundum
3421 4514 3628 4558 carnem
3668 4515 3726 4555 es

2160 4593 2375 4666 virgine
2406 4595 2574 4651 Maria
2614 4613 2628 4651 :
2672 4604 2957 4668 peccatum
2990 4602 3174 4652 autem
3208 4596 3467 4661 hominis,
3497 4611 3590 4652 nec
3619 4608 3731 4650 nas-

2159 4686 2337 4743 cendo
2358 4686 2571 4755 habuit,
2598 4696 2697 4745 nec
2718 4688 3002 4759 operando
3022 4689 3301 4745 contraxit
3331 4707 3345 4744 :
3374 4696 3430 4746 et
3459 4689 3574 4745 ideo
3593 4687 3726 4743 solus

2160 4782 2435 4838 veraciter
2461 4781 2595 4838 dicit
2630 4794 2644 4837 :

2231 4874 2414 4947 Neque
2442 4875 2579 4929 enim
2600 4871 2930 4947 reprehendit
2962 4889 3041 4930 me
3069 4889 3161 4930 cor
3195 4884 3368 4929 meum
3390 4875 3444 4930 in
3475 4874 3607 4929 omni
3629 4873 3725 4927 vita

2154 4985 2290 5025 mea.
2322 4969 2471 5025 Sicut
2494 4970 2709 5041 impius,
2735 4970 2970 5026 inimicus
2991 4982 3154 5038 meus,
3179 4980 3226 5025 et
3246 4970 3564 5025 adversarius
3580 4984 3726 5033 meus,

2152 5064 2303 5136 quasi
2327 5063 2561 5135 iniquas.
2588 5063 2702 5120 Hoc
2729 5064 2850 5120 loco
2876 5065 3060 5118 omnis
3092 5063 3225 5131 vita,
3259 5076 3494 5134 praesens
3523 5062 3625 5119 vita
3652 5061 3726 5115 in-

2157 5156 2451 5227 telligenda
2481 5163 2588 5226 est,
2611 5171 2720 5227 quo
2750 5164 2998 5227 tempore
3031 5155 3145 5211 haec
3174 5154 3398 5212 dicebat
3425 5174 3439 5210 :
3472 5165 3722 5225 tamquam

2154 5256 2201 5309 si
2233 5254 2444 5311 diceret
2476 5271 2491 5310 :
2521 5253 2656 5308 Tota
2690 5262 2834 5309 nunc
2863 5253 3219 5309 conversatio
3247 5264 3363 5310 nica
3397 5251 3723 5323 irreprehen-

2151 5346 2330 5403 sibilis
2358 5353 2462 5402 est.
2495 5344 2612 5400 Non
2643 5344 2789 5400 enim
2821 5343 3178 5416 reprehendit
3218 5358 3306 5400 me
3345 5360 3443 5402 cor
3480 5358 3645 5401 meum
3677 5338 3723 5397 in

2150 5438 2302 5496 omni
2329 5440 2438 5494 vita
2476 5448 2595 5494 mea
2623 5455 2635 5492 :
2661 5434 2715 5493 id
2748 5447 2852 5502 est,
2886 5435 3028 5493 male
3064 5436 3442 5506 suadentibus,
3476 5446 3533 5493 ιιι
3559 5445 3608 5493 et
3637 5449 3720 5489 vos

2147 5532 2324 5586 tacitis
2364 5529 2434 5585 ad
2476 5529 2871 5601 blasphemiam
2908 5528 3255 5586 hortantibus
3301 5546 3407 5588 non
3438 5527 3716 5588 consensi:

2142 5624 2286 5697 quod
2335 5634 2391 5680 et
2437 5632 2577 5680 uxor
2607 5631 2665 5678 ut
2706 5623 2970 5688 tacerem,
3001 5620 3295 5679 suadebat.
3328 5622 3445 5680 Non
3476 5620 3609 5681 enim
3641 5635 3719 5675 re-

514 5697 657 5765 Quia
685 5699 850 5756 dom
871 5713 1107 5774 superest
1136 5704 1337 5761 halitus
1380 5705 1434 5760 in
1467 5720 1573 5773 tlte,
1602 5715 1651 5761 et
1693 5707 1911 5779 spiritus
1940 5705 2040 5763 Dei

2162 5714 2429 5773 trebettdit
2476 5729 2565 5771 me
2612 5722 2709 5770 cur
2752 5724 2936 5769 meum
2984 5714 3038 5768 in
3087 5713 3239 5769 omni
3272 5712 3383 5770 vita
3410 5726 3545 5770 mea.
3573 5708 3715 5768 Sicut

437 5790 494 5843 in
518 5792 732 5847 naribus
749 5794 899 5860 meis,
926 5810 1031 5850 non
1055 5795 1334 5869 loquentur
1359 5798 1503 5856 tabis
1530 5816 1646 5857 mea
1672 5802 2036 5874 iniquitatem:

2136 5808 2338 5879 impius
2382 5801 2639 5864 inimicus
2690 5818 2867 5877 meus,
2900 5814 2956 5862 et
2999 5806 3357 5864 adVersarius
3399 5820 3541 5864 meus
3573 5800 3712 5875 quasi

436 5897 525 5935 nec
573 5884 755 5955 lingua
794 5898 909 5941 titan
937 5888 1275 5949 MMitur
1315 5894 1665 5953 mendacium.
1695 5896 1841 5957 Absit
1870 5912 1904 5952 α
1950 5913 2034 5955 nte

2162 5898 2376 5973 niqntts.
2399 5896 2518 5957 Non
2546 5901 2694 5957 enim
2724 5906 2855 5956 voto
2884 5892 3182 5970 maledicit,
3209 5900 3307 5960 sed
3346 5892 3710 5978 prophetatum
